<!DOCTYPE html>
<meta charset="utf-8" />
<meta name="viewport" content="width=device-width" />

<title>[Gen 3] OU: green.9082 vs. happydayhouseboat - Replays - Pok&eacute;mon Showdown!</title>

<meta name="description" content="Watch a replay of a Pok&eacute;mon battle between green.9082 and happydayhouseboat! Format: [Gen 3] OU; Date: Oct 13, 2024" />
<!--

Hey, you! Looking in the source for the replay log?

You can find them in JSON format, just add `.json` at the end of a replay URL.

https://replay.pokemonshowdown.com/gen7randomdoublesbattle-865046831.json

Or, if you only need the log itself, add `.log` instead:

https://replay.pokemonshowdown.com/gen7randomdoublesbattle-865046831.log

-->

<link rel="stylesheet" href="//pokemonshowdown.com/style/global.css?0.023195364461161105" />
<link rel="stylesheet" href="//play.pokemonshowdown.com/style/font-awesome.css?0.13261647063804238" />
<link rel="stylesheet" href="//play.pokemonshowdown.com/style/battle.css?0.8753245789963631" />
<link rel="stylesheet" href="//play.pokemonshowdown.com/style/utilichart.css?0.8627959624976733" />

<!-- Global site tag (gtag.js) - Google Analytics -->
<script async src="https://www.googletagmanager.com/gtag/js?id=UA-26211653-1"></script>
<script>
  window.dataLayer = window.dataLayer || [];
  function gtag(){dataLayer.push(arguments);}
  gtag('js', new Date());

  gtag('config', 'UA-26211653-1');
</script>
<!-- End Google Analytics -->
<!-- Venatus Ad Manager - Install in <HEAD> of page -->
	<script src="https://hb.vntsm.com/v3/live/ad-manager.min.js" type="text/javascript" data-site-id="642aba63ec9a7b11c3c9c1be" data-mode="scan" async></script>
<!-- / Venatus Ad Manager -->

<style>
	@media (max-width:820px) {
		.battle {
			margin: 0 auto;
		}
		.battle-log {
			margin: 7px auto 0;
			max-width: 640px;
			height: 300px;
			position: static;
		}
	}
	.optgroup {
		display: inline-block;
		line-height: 22px;
		font-size: 10pt;
	}
	.optgroup .button {
		height: 25px;
		padding-top: 0;
		padding-bottom: 0;
	}
	.optgroup button.button {
		padding-left: 12px;
		padding-right: 12px;
	}
	.linklist {
		list-style: none;
		margin: 0.5em 0;
		padding: 0;
	}
	.linklist li {
		padding: 2px 0;
	}
	.sidebar {
		float: left;
		width: 320px;
	}
	.bar-wrapper {
		max-width: 1100px;
		margin: 0 auto;
	}
	.bar-wrapper.has-sidebar {
		max-width: 1430px;
	}
	.mainbar {
		margin: 0;
		padding-right: 1px;
	}
	.mainbar.has-sidebar {
		margin-left: 330px;
	}
	@media (min-width: 1511px) {
		.sidebar {
			width: 400px;
		}
		.bar-wrapper.has-sidebar {
			max-width: 1510px;
		}
		.mainbar.has-sidebar {
			margin-left: 410px;
		}
	}
	.section.first-section {
		margin-top: 9px;
	}
	.blocklink small {
		white-space: normal;
	}
	.button {
		vertical-align: middle;
	}
	.replay-controls {
		padding-top: 10px;
	}
	.replay-controls h1 {
		font-size: 16pt;
		font-weight: normal;
		color: #CCC;
	}
	.pagelink {
		text-align: center;
	}
	.pagelink a {
		width: 150px;
	}
	.textbox, .button {
		font-size: 11pt;
		vertical-align: middle;
	}
	@media (max-width: 450px) {
		.button {
			font-size: 9pt;
		}
	}
</style>

<div>

	<header>
		<div class="nav-wrapper"><ul class="nav">
			<li><a class="button nav-first" href="//pokemonshowdown.com/"><img src="//pokemonshowdown.com/images/pokemonshowdownbeta.png" srcset="//pokemonshowdown.com/images/pokemonshowdownbeta.png 1x, //pokemonshowdown.com/images/pokemonshowdownbeta@2x.png 2x" alt="Pok&eacute;mon Showdown" width="146" height="44" /> Home</a></li>
			<li><a class="button" href="//pokemonshowdown.com/dex/">Pok&eacute;dex</a></li>
			<li><a class="button cur" href="/">Replays</a></li>
			<li><a class="button" href="//pokemonshowdown.com/ladder/">Ladder</a></li>
			<li><a class="button nav-last" href="//pokemonshowdown.com/forums/">Forum</a></li>
			<li><a class="button greenbutton nav-first nav-last" href="//play.pokemonshowdown.com/">Play</a></li>
		</ul></div>
	</header>

	<div class="main" id="main">

		<noscript><section class="section">You need to enable JavaScript to use this page; sorry!</section></noscript>

	</div>

</div>

<script defer nomodule src="//play.pokemonshowdown.com/js/lib/ps-polyfill.js"></script>
<script defer src="//play.pokemonshowdown.com/js/lib/preact.min.js"></script>

<script defer src="//play.pokemonshowdown.com/config/config.js?2bddbc15"></script>
<script defer src="//play.pokemonshowdown.com/js/lib/jquery-1.11.0.min.js"></script>
<script defer src="//play.pokemonshowdown.com/js/lib/html-sanitizer-minified.js"></script>
<script defer src="//play.pokemonshowdown.com/js/battle-sound.js"></script>
<script defer src="//play.pokemonshowdown.com/js/battledata.js?0.7209276989879541"></script>
<script defer src="//play.pokemonshowdown.com/data/pokedex-mini.js?0.6111056340867951"></script>
<script defer src="//play.pokemonshowdown.com/data/pokedex-mini-bw.js?0.3532142036491459"></script>
<script defer src="//play.pokemonshowdown.com/data/graphics.js?0.24223875632456182"></script>
<script defer src="//play.pokemonshowdown.com/data/pokedex.js?0.38839984266356864"></script>
<script defer src="//play.pokemonshowdown.com/data/moves.js?0.21866028504024015"></script>
<script defer src="//play.pokemonshowdown.com/data/abilities.js?0.2005157953846628"></script>
<script defer src="//play.pokemonshowdown.com/data/items.js?0.9894211263848525"></script>
<script defer src="//play.pokemonshowdown.com/data/teambuilder-tables.js?0.6008791140282215"></script>
<script defer src="//play.pokemonshowdown.com/js/battle-tooltips.js?0.7580118955022959"></script>
<script defer src="//play.pokemonshowdown.com/js/battle.js?0.6057722274234274"></script>

<script defer src="js/utils.js?e31f9a17"></script>
<script defer src="js/replays-battle.js?7008c182"></script>

<!-- don't scrape this data! just add .json or .log after the URL!
Full API docs: https://github.com/smogon/pokemon-showdown-client/blob/master/WEB-API.md -->
<script type="text/plain" class="log" id="replaylog-smogtours-gen3ou-798516">
|inactive|Battle timer is ON: inactive players will automatically lose when time's up.
|t:|1728861311
|gametype|singles
|player|p1|green.9082|266|
|player|p2|happydayhouseboat|zinnia|
|teamsize|p1|6
|teamsize|p2|6
|gen|3
|tier|[Gen 3] OU
|rule|Sleep Clause Mod: Limit one foe put to sleep
|rule|Switch Priority Clause Mod: Faster Pokémon switch first
|rule|Species Clause: Limit one of each Pokémon
|rule|OHKO Clause: OHKO moves are banned
|rule|Evasion Items Clause: Evasion items are banned
|rule|Evasion Moves Clause: Evasion moves are banned
|rule|Endless Battle Clause: Forcing endless battles is banned
|rule|HP Percentage Mod: HP is shown in percentages
|rule|One Boost Passer Clause: Limit one Baton Passer that has a way to boost its stats
|rule|Freeze Clause Mod: Limit one foe frozen
|
|t:|1728861311
|start
|switch|p1a: Zapdos|Zapdos|100/100
|switch|p2a: Suicune|Suicune|100/100
|turn|1
|
|t:|1728861326
|move|p1a: Zapdos|Thunderbolt|p2a: Suicune
|-supereffective|p2a: Suicune
|-damage|p2a: Suicune|19/100
|move|p2a: Suicune|Ice Beam|p1a: Zapdos
|-supereffective|p1a: Zapdos
|-damage|p1a: Zapdos|30/100
|
|-heal|p1a: Zapdos|37/100|[from] item: Leftovers
|-heal|p2a: Suicune|25/100|[from] item: Leftovers
|upkeep
|turn|2
|
|t:|1728861336
|switch|p2a: Celebi|Celebi|100/100
|move|p1a: Zapdos|Thunderbolt|p2a: Celebi
|-resisted|p2a: Celebi
|-damage|p2a: Celebi|79/100
|
|-heal|p1a: Zapdos|43/100|[from] item: Leftovers
|-heal|p2a: Celebi|85/100|[from] item: Leftovers
|upkeep
|turn|3
|
|t:|1728861349
|move|p1a: Zapdos|Substitute|p1a: Zapdos
|-start|p1a: Zapdos|Substitute
|-damage|p1a: Zapdos|18/100
|move|p2a: Celebi|Calm Mind|p2a: Celebi
|-boost|p2a: Celebi|spa|1
|-boost|p2a: Celebi|spd|1
|
|-heal|p1a: Zapdos|24/100|[from] item: Leftovers
|-heal|p2a: Celebi|91/100|[from] item: Leftovers
|upkeep
|turn|4
|
|t:|1728861361
|move|p1a: Zapdos|Baton Pass|p1a: Zapdos
|
|t:|1728861363
|switch|p1a: Celebi|Celebi|100/100|[from] Baton Pass
|move|p2a: Celebi|Hidden Power|p1a: Celebi
|-supereffective|p1a: Celebi
|-end|p1a: Celebi|Substitute
|
|-heal|p2a: Celebi|98/100|[from] item: Leftovers
|upkeep
|turn|5
|
|t:|1728861378
|move|p1a: Celebi|Baton Pass|p1a: Celebi
|
|t:|1728861380
|switch|p1a: Blissey|Blissey, F|100/100|[from] Baton Pass
|move|p2a: Celebi|Hidden Power|p1a: Blissey
|-damage|p1a: Blissey|89/100
|
|-heal|p2a: Celebi|100/100|[from] item: Leftovers
|-heal|p1a: Blissey|95/100|[from] item: Leftovers
|upkeep
|turn|6
|
|t:|1728861390
|switch|p2a: Metagross|Metagross|100/100
|move|p1a: Blissey|Calm Mind|p1a: Blissey
|-boost|p1a: Blissey|spa|1
|-boost|p1a: Blissey|spd|1
|
|-heal|p1a: Blissey|100/100|[from] item: Leftovers
|upkeep
|turn|7
|
|t:|1728861403
|switch|p1a: Suicune|Suicune, shiny|100/100
|move|p2a: Metagross|Meteor Mash|p1a: Suicune|[miss]
|-miss|p2a: Metagross|p1a: Suicune
|
|upkeep
|turn|8
|
|t:|1728861412
|switch|p2a: Gengar|Gengar, M|100/100
|move|p1a: Suicune|Surf|p2a: Gengar
|-damage|p2a: Gengar|64/100
|
|-heal|p2a: Gengar|70/100|[from] item: Leftovers
|upkeep
|turn|9
|
|t:|1728861420
|move|p2a: Gengar|Taunt|p1a: Suicune
|-start|p1a: Suicune|move: Taunt
|cant|p1a: Suicune|move: Taunt|Calm Mind
|
|-heal|p2a: Gengar|76/100|[from] item: Leftovers
|upkeep
|turn|10
|
|t:|1728861430
|switch|p1a: Blissey|Blissey, F|100/100
|move|p2a: Gengar|Thunderbolt|p1a: Blissey
|-damage|p1a: Blissey|89/100
|
|-heal|p2a: Gengar|82/100|[from] item: Leftovers
|-heal|p1a: Blissey|95/100|[from] item: Leftovers
|upkeep
|turn|11
|
|t:|1728861440
|move|p2a: Gengar|Taunt|p1a: Blissey
|-start|p1a: Blissey|move: Taunt
|move|p1a: Blissey|Thunderbolt|p2a: Gengar
|-damage|p2a: Gengar|56/100
|
|-heal|p2a: Gengar|62/100|[from] item: Leftovers
|-heal|p1a: Blissey|100/100|[from] item: Leftovers
|upkeep
|turn|12
|
|t:|1728861459
|switch|p2a: Metagross|Metagross|100/100
|move|p1a: Blissey|Thunderbolt|p2a: Metagross
|-damage|p2a: Metagross|75/100
|
|-end|p1a: Blissey|move: Taunt|[silent]
|upkeep
|turn|13
|
|t:|1728861467
|switch|p1a: Suicune|Suicune, shiny|100/100
|move|p2a: Metagross|Earthquake|p1a: Suicune
|-damage|p1a: Suicune|65/100
|
|-heal|p1a: Suicune|71/100|[from] item: Leftovers
|upkeep
|turn|14
|
|t:|1728861478
|switch|p1a: Zapdos|Zapdos|24/100
|move|p2a: Metagross|Earthquake|p1a: Zapdos
|-immune|p1a: Zapdos
|
|-heal|p1a: Zapdos|30/100|[from] item: Leftovers
|upkeep
|turn|15
|
|t:|1728861487
|switch|p2a: Celebi|Celebi|100/100
|move|p1a: Zapdos|Thunderbolt|p2a: Celebi
|-resisted|p2a: Celebi
|-damage|p2a: Celebi|79/100
|
|-heal|p1a: Zapdos|37/100|[from] item: Leftovers
|-heal|p2a: Celebi|85/100|[from] item: Leftovers
|upkeep
|turn|16
|
|t:|1728861500
|move|p1a: Zapdos|Baton Pass|p1a: Zapdos
|
|t:|1728861503
|switch|p1a: Blissey|Blissey, F|100/100|[from] Baton Pass
|move|p2a: Celebi|Baton Pass|p2a: Celebi
|
|t:|1728861506
|switch|p2a: Metagross|Metagross|75/100|[from] Baton Pass
|
|upkeep
|turn|17
|
|t:|1728861512
|switch|p1a: Suicune|Suicune, shiny|71/100
|move|p2a: Metagross|Rock Slide|p1a: Suicune|[miss]
|-miss|p2a: Metagross|p1a: Suicune
|
|-heal|p1a: Suicune|77/100|[from] item: Leftovers
|upkeep
|turn|18
|
|t:|1728861523
|switch|p2a: Celebi|Celebi|85/100
|move|p1a: Suicune|Surf|p2a: Celebi
|-resisted|p2a: Celebi
|-damage|p2a: Celebi|73/100
|
|-heal|p2a: Celebi|79/100|[from] item: Leftovers
|-heal|p1a: Suicune|83/100|[from] item: Leftovers
|upkeep
|turn|19
|
|t:|1728861543
|switch|p1a: Zapdos|Zapdos|37/100
|move|p2a: Celebi|Giga Drain|p1a: Zapdos
|-resisted|p1a: Zapdos
|-damage|p1a: Zapdos|24/100
|-heal|p2a: Celebi|84/100|[from] drain|[of] p1a: Zapdos
|
|-heal|p1a: Zapdos|30/100|[from] item: Leftovers
|-heal|p2a: Celebi|90/100|[from] item: Leftovers
|upkeep
|turn|20
|
|t:|1728861554
|move|p1a: Zapdos|Baton Pass|p1a: Zapdos
|
|t:|1728861556
|switch|p1a: Blissey|Blissey, F|100/100|[from] Baton Pass
|move|p2a: Celebi|Calm Mind|p2a: Celebi
|-boost|p2a: Celebi|spa|1
|-boost|p2a: Celebi|spd|1
|
|-heal|p2a: Celebi|96/100|[from] item: Leftovers
|upkeep
|turn|21
|
|t:|1728861571
|move|p2a: Celebi|Giga Drain|p1a: Blissey
|-damage|p1a: Blissey|86/100
|-heal|p2a: Celebi|100/100|[from] drain|[of] p1a: Blissey
|move|p1a: Blissey|Calm Mind|p1a: Blissey
|-boost|p1a: Blissey|spa|1
|-boost|p1a: Blissey|spd|1
|
|-heal|p1a: Blissey|92/100|[from] item: Leftovers
|upkeep
|turn|22
|
|t:|1728861581
|switch|p2a: Gengar|Gengar, M|62/100
|move|p1a: Blissey|Calm Mind|p1a: Blissey
|-boost|p1a: Blissey|spa|1
|-boost|p1a: Blissey|spd|1
|
|-heal|p2a: Gengar|68/100|[from] item: Leftovers
|-heal|p1a: Blissey|98/100|[from] item: Leftovers
|upkeep
|turn|23
|
|t:|1728861590
|move|p2a: Gengar|Will-O-Wisp|p1a: Blissey|[miss]
|-miss|p2a: Gengar|p1a: Blissey
|move|p1a: Blissey|Thunderbolt|p2a: Gengar
|-damage|p2a: Gengar|15/100
|-status|p2a: Gengar|par
|
|-heal|p1a: Blissey|100/100|[from] item: Leftovers
|-heal|p2a: Gengar|22/100 par|[from] item: Leftovers
|upkeep
|turn|24
|
|t:|1728861604
|move|p1a: Blissey|Thunderbolt|p2a: Gengar
|-damage|p2a: Gengar|0 fnt
|faint|p2a: Gengar
|
|t:|1728861606
|switch|p2a: Metagross|Metagross|75/100
|
|upkeep
|turn|25
|
|t:|1728861616
|switch|p1a: Starmie|Starmie|100/100
|move|p2a: Metagross|Meteor Mash|p1a: Starmie|[miss]
|-miss|p2a: Metagross|p1a: Starmie
|
|upkeep
|turn|26
|
|t:|1728861624
|switch|p2a: Suicune|Suicune|25/100
|move|p1a: Starmie|Hydro Pump|p2a: Suicune
|-resisted|p2a: Suicune
|-damage|p2a: Suicune|2/100
|
|-heal|p2a: Suicune|8/100|[from] item: Leftovers
|upkeep
|turn|27
|
|t:|1728861632
|move|p1a: Starmie|Psychic|p2a: Suicune
|-damage|p2a: Suicune|0 fnt
|faint|p2a: Suicune
|
|t:|1728861634
|switch|p2a: Celebi|Celebi|100/100
|
|upkeep
|turn|28
|
|t:|1728861643
|switch|p2a: Metagross|Metagross|75/100
|switch|p1a: Blissey|Blissey, F|100/100
|
|upkeep
|turn|29
|
|t:|1728861650
|switch|p1a: Suicune|Suicune, shiny|83/100
|move|p2a: Metagross|Earthquake|p1a: Suicune
|-damage|p1a: Suicune|47/100
|
|-heal|p1a: Suicune|53/100|[from] item: Leftovers
|upkeep
|turn|30
|
|t:|1728861665
|switch|p2a: Celebi|Celebi|100/100
|move|p1a: Suicune|Calm Mind|p1a: Suicune
|-boost|p1a: Suicune|spa|1
|-boost|p1a: Suicune|spd|1
|
|-heal|p1a: Suicune|59/100|[from] item: Leftovers
|upkeep
|turn|31
|
|t:|1728861674
|move|p2a: Celebi|Calm Mind|p2a: Celebi
|-boost|p2a: Celebi|spa|1
|-boost|p2a: Celebi|spd|1
|move|p1a: Suicune|Calm Mind|p1a: Suicune
|-boost|p1a: Suicune|spa|1
|-boost|p1a: Suicune|spd|1
|
|-heal|p1a: Suicune|65/100|[from] item: Leftovers
|upkeep
|turn|32
|
|t:|1728861686
|switch|p1a: Blissey|Blissey, F|100/100
|move|p2a: Celebi|Giga Drain|p1a: Blissey
|-damage|p1a: Blissey|86/100
|
|-heal|p1a: Blissey|92/100|[from] item: Leftovers
|upkeep
|turn|33
|
|t:|1728861694
|switch|p2a: Salamence|Salamence, F|100/100
|-ability|p2a: Salamence|Intimidate|boost
|-unboost|p1a: Blissey|atk|1
|move|p1a: Blissey|Calm Mind|p1a: Blissey
|-boost|p1a: Blissey|spa|1
|-boost|p1a: Blissey|spd|1
|
|-heal|p1a: Blissey|98/100|[from] item: Leftovers
|upkeep
|turn|34
|
|t:|1728861704
|switch|p1a: Zapdos|Zapdos|30/100
|move|p2a: Salamence|Brick Break|p1a: Zapdos
|-resisted|p1a: Zapdos
|-damage|p1a: Zapdos|18/100
|
|-heal|p1a: Zapdos|24/100|[from] item: Leftovers
|upkeep
|turn|35
|
|t:|1728861715
|move|p1a: Zapdos|Thunderbolt|p2a: Salamence
|-crit|p2a: Salamence
|-damage|p2a: Salamence|0 fnt
|faint|p2a: Salamence
|
|t:|1728861720
|switch|p2a: Celebi|Celebi|100/100
|
|-heal|p1a: Zapdos|30/100|[from] item: Leftovers
|upkeep
|turn|36
|c|☆green.9082|Sry
|
|t:|1728861731
|move|p1a: Zapdos|Substitute|p1a: Zapdos
|-start|p1a: Zapdos|Substitute
|-damage|p1a: Zapdos|5/100
|move|p2a: Celebi|Calm Mind|p2a: Celebi
|-boost|p2a: Celebi|spa|1
|-boost|p2a: Celebi|spd|1
|
|-heal|p1a: Zapdos|12/100|[from] item: Leftovers
|upkeep
|turn|37
|c|☆happydayhouseboat|it be like that lol
|
|t:|1728861740
|move|p1a: Zapdos|Baton Pass|p1a: Zapdos
|
|t:|1728861742
|switch|p1a: Dugtrio|Dugtrio, M|100/100|[from] Baton Pass
|move|p2a: Celebi|Calm Mind|p2a: Celebi
|-boost|p2a: Celebi|spa|1
|-boost|p2a: Celebi|spd|1
|
|upkeep
|turn|38
|
|t:|1728861751
|move|p1a: Dugtrio|Hidden Power|p2a: Celebi
|-supereffective|p2a: Celebi
|-damage|p2a: Celebi|18/100
|move|p2a: Celebi|Giga Drain|p1a: Dugtrio
|-supereffective|p1a: Dugtrio
|-end|p1a: Dugtrio|Substitute
|-heal|p2a: Celebi|28/100|[from] drain|[of] p1a: Dugtrio
|
|-heal|p2a: Celebi|34/100|[from] item: Leftovers
|upkeep
|turn|39
|
|t:|1728861762
|move|p1a: Dugtrio|Hidden Power|p2a: Celebi
|-supereffective|p2a: Celebi
|-damage|p2a: Celebi|0 fnt
|faint|p2a: Celebi
|
|t:|1728861764
|switch|p2a: Charizard|Charizard, M|100/100
|
|upkeep
|turn|40
|
|t:|1728861771
|switch|p1a: Starmie|Starmie|100/100
|move|p2a: Charizard|Hidden Power|p1a: Starmie
|-supereffective|p1a: Starmie
|-damage|p1a: Starmie|47/100
|
|-heal|p1a: Starmie|54/100|[from] item: Leftovers
|upkeep
|turn|41
|
|t:|1728861781
|move|p2a: Charizard|Hidden Power|p1a: Starmie
|-supereffective|p1a: Starmie
|-damage|p1a: Starmie|0 fnt
|faint|p1a: Starmie
|
|t:|1728861786
|switch|p1a: Zapdos|Zapdos|12/100
|
|-heal|p1a: Zapdos|18/100|[from] item: Leftovers
|upkeep
|turn|42
|
|t:|1728861799
|switch|p2a: Metagross|Metagross|75/100
|move|p1a: Zapdos|Thunderbolt|p2a: Metagross
|-damage|p2a: Metagross|16/100
|
|-heal|p1a: Zapdos|24/100|[from] item: Leftovers
|upkeep
|turn|43
|
|t:|1728861809
|switch|p1a: Celebi|Celebi|100/100
|move|p2a: Metagross|Rock Slide|p1a: Celebi
|-damage|p1a: Celebi|61/100
|
|-heal|p1a: Celebi|67/100|[from] item: Leftovers
|upkeep
|turn|44
|
|t:|1728861819
|switch|p2a: Charizard|Charizard, M|100/100
|move|p1a: Celebi|Hidden Power|p2a: Charizard
|-resisted|p2a: Charizard
|-damage|p2a: Charizard|87/100
|
|-heal|p1a: Celebi|73/100|[from] item: Leftovers
|-heal|p2a: Charizard|93/100|[from] item: Leftovers
|upkeep
|turn|45
|
|t:|1728861829
|switch|p1a: Blissey|Blissey, F|98/100
|move|p2a: Charizard|Substitute|p2a: Charizard
|-start|p2a: Charizard|Substitute
|-damage|p2a: Charizard|68/100
|
|-heal|p2a: Charizard|74/100|[from] item: Leftovers
|-heal|p1a: Blissey|100/100|[from] item: Leftovers
|upkeep
|turn|46
|
|t:|1728861838
|-singleturn|p2a: Charizard|move: Focus Punch
|move|p1a: Blissey|Thunderbolt|p2a: Charizard
|-supereffective|p2a: Charizard
|-end|p2a: Charizard|Substitute
|move|p2a: Charizard|Focus Punch|p1a: Blissey
|-supereffective|p1a: Blissey
|-damage|p1a: Blissey|47/100
|
|-heal|p2a: Charizard|80/100|[from] item: Leftovers
|-heal|p1a: Blissey|53/100|[from] item: Leftovers
|upkeep
|turn|47
|
|t:|1728861850
|move|p2a: Charizard|Fire Blast|p1a: Blissey
|-damage|p1a: Blissey|29/100
|move|p1a: Blissey|Thunderbolt|p2a: Charizard
|-supereffective|p2a: Charizard
|-damage|p2a: Charizard|18/100
|
|-heal|p2a: Charizard|24/100|[from] item: Leftovers
|-heal|p1a: Blissey|35/100|[from] item: Leftovers
|upkeep
|turn|48
|
|t:|1728861860
|move|p2a: Charizard|Fire Blast|p1a: Blissey
|-damage|p1a: Blissey|0 fnt
|faint|p1a: Blissey
|
|t:|1728861867
|switch|p1a: Suicune|Suicune, shiny|65/100
|
|-heal|p2a: Charizard|30/100|[from] item: Leftovers
|-heal|p1a: Suicune|71/100|[from] item: Leftovers
|upkeep
|turn|49
|
|t:|1728861874
|move|p2a: Charizard|Hidden Power|p1a: Suicune
|-supereffective|p1a: Suicune
|-damage|p1a: Suicune|42/100
|move|p1a: Suicune|Surf|p2a: Charizard
|-supereffective|p2a: Charizard
|-damage|p2a: Charizard|0 fnt
|faint|p2a: Charizard
|
|t:|1728861877
|switch|p2a: Metagross|Metagross|16/100
|
|-heal|p1a: Suicune|48/100|[from] item: Leftovers
|upkeep
|turn|50
|c|☆happydayhouseboat|ggs
|
|t:|1728861886
|move|p2a: Metagross|Rock Slide|p1a: Suicune
|-damage|p1a: Suicune|23/100
|cant|p1a: Suicune|flinch
|
|-heal|p1a: Suicune|29/100|[from] item: Leftovers
|upkeep
|turn|51
|
|t:|1728861894
|move|p2a: Metagross|Rock Slide|p1a: Suicune
|-damage|p1a: Suicune|2/100
|move|p1a: Suicune|Surf|p2a: Metagross
|-damage|p2a: Metagross|0 fnt
|faint|p2a: Metagross
|
|win|green.9082
|c|☆green.9082|gg
|player|p2|
|player|p2|happydayhouseboat|zinnia|

</script>
<script type="application/json" class="data" id="replaydata-smogtours-gen3ou-798516">
{"id":"smogtours-gen3ou-798516","format":"[Gen 3] OU","players":["green.9082","happydayhouseboat"],"uploadtime":1728861894,"views":77,"formatid":"gen3ou","rating":null,"private":0,"password":null}
</script>

<script defer src="js/replays.js?9d40a366"></script>
