<!DOCTYPE html>
<meta charset="utf-8" />
<meta name="viewport" content="width=device-width" />

<title>[Gen 3] OU: Sotina vs. bugcondition - Replays - Pok&eacute;mon Showdown!</title>

<meta name="description" content="Watch a replay of a Pok&eacute;mon battle between Sotina and bugcondition! Format: [Gen 3] OU; Date: Oct 12, 2024" />
<!--

Hey, you! Looking in the source for the replay log?

You can find them in JSON format, just add `.json` at the end of a replay URL.

https://replay.pokemonshowdown.com/gen7randomdoublesbattle-865046831.json

Or, if you only need the log itself, add `.log` instead:

https://replay.pokemonshowdown.com/gen7randomdoublesbattle-865046831.log

-->

<link rel="stylesheet" href="//pokemonshowdown.com/style/global.css?0.023195364461161105" />
<link rel="stylesheet" href="//play.pokemonshowdown.com/style/font-awesome.css?0.13261647063804238" />
<link rel="stylesheet" href="//play.pokemonshowdown.com/style/battle.css?0.8753245789963631" />
<link rel="stylesheet" href="//play.pokemonshowdown.com/style/utilichart.css?0.8627959624976733" />

<!-- Global site tag (gtag.js) - Google Analytics -->
<script async src="https://www.googletagmanager.com/gtag/js?id=UA-26211653-1"></script>
<script>
  window.dataLayer = window.dataLayer || [];
  function gtag(){dataLayer.push(arguments);}
  gtag('js', new Date());

  gtag('config', 'UA-26211653-1');
</script>
<!-- End Google Analytics -->
<!-- Venatus Ad Manager - Install in <HEAD> of page -->
	<script src="https://hb.vntsm.com/v3/live/ad-manager.min.js" type="text/javascript" data-site-id="642aba63ec9a7b11c3c9c1be" data-mode="scan" async></script>
<!-- / Venatus Ad Manager -->

<style>
	@media (max-width:820px) {
		.battle {
			margin: 0 auto;
		}
		.battle-log {
			margin: 7px auto 0;
			max-width: 640px;
			height: 300px;
			position: static;
		}
	}
	.optgroup {
		display: inline-block;
		line-height: 22px;
		font-size: 10pt;
	}
	.optgroup .button {
		height: 25px;
		padding-top: 0;
		padding-bottom: 0;
	}
	.optgroup button.button {
		padding-left: 12px;
		padding-right: 12px;
	}
	.linklist {
		list-style: none;
		margin: 0.5em 0;
		padding: 0;
	}
	.linklist li {
		padding: 2px 0;
	}
	.sidebar {
		float: left;
		width: 320px;
	}
	.bar-wrapper {
		max-width: 1100px;
		margin: 0 auto;
	}
	.bar-wrapper.has-sidebar {
		max-width: 1430px;
	}
	.mainbar {
		margin: 0;
		padding-right: 1px;
	}
	.mainbar.has-sidebar {
		margin-left: 330px;
	}
	@media (min-width: 1511px) {
		.sidebar {
			width: 400px;
		}
		.bar-wrapper.has-sidebar {
			max-width: 1510px;
		}
		.mainbar.has-sidebar {
			margin-left: 410px;
		}
	}
	.section.first-section {
		margin-top: 9px;
	}
	.blocklink small {
		white-space: normal;
	}
	.button {
		vertical-align: middle;
	}
	.replay-controls {
		padding-top: 10px;
	}
	.replay-controls h1 {
		font-size: 16pt;
		font-weight: normal;
		color: #CCC;
	}
	.pagelink {
		text-align: center;
	}
	.pagelink a {
		width: 150px;
	}
	.textbox, .button {
		font-size: 11pt;
		vertical-align: middle;
	}
	@media (max-width: 450px) {
		.button {
			font-size: 9pt;
		}
	}
</style>

<div>

	<header>
		<div class="nav-wrapper"><ul class="nav">
			<li><a class="button nav-first" href="//pokemonshowdown.com/"><img src="//pokemonshowdown.com/images/pokemonshowdownbeta.png" srcset="//pokemonshowdown.com/images/pokemonshowdownbeta.png 1x, //pokemonshowdown.com/images/pokemonshowdownbeta@2x.png 2x" alt="Pok&eacute;mon Showdown" width="146" height="44" /> Home</a></li>
			<li><a class="button" href="//pokemonshowdown.com/dex/">Pok&eacute;dex</a></li>
			<li><a class="button cur" href="/">Replays</a></li>
			<li><a class="button" href="//pokemonshowdown.com/ladder/">Ladder</a></li>
			<li><a class="button nav-last" href="//pokemonshowdown.com/forums/">Forum</a></li>
			<li><a class="button greenbutton nav-first nav-last" href="//play.pokemonshowdown.com/">Play</a></li>
		</ul></div>
	</header>

	<div class="main" id="main">

		<noscript><section class="section">You need to enable JavaScript to use this page; sorry!</section></noscript>

	</div>

</div>

<script defer nomodule src="//play.pokemonshowdown.com/js/lib/ps-polyfill.js"></script>
<script defer src="//play.pokemonshowdown.com/js/lib/preact.min.js"></script>

<script defer src="//play.pokemonshowdown.com/config/config.js?2bddbc15"></script>
<script defer src="//play.pokemonshowdown.com/js/lib/jquery-1.11.0.min.js"></script>
<script defer src="//play.pokemonshowdown.com/js/lib/html-sanitizer-minified.js"></script>
<script defer src="//play.pokemonshowdown.com/js/battle-sound.js"></script>
<script defer src="//play.pokemonshowdown.com/js/battledata.js?0.7209276989879541"></script>
<script defer src="//play.pokemonshowdown.com/data/pokedex-mini.js?0.6111056340867951"></script>
<script defer src="//play.pokemonshowdown.com/data/pokedex-mini-bw.js?0.3532142036491459"></script>
<script defer src="//play.pokemonshowdown.com/data/graphics.js?0.24223875632456182"></script>
<script defer src="//play.pokemonshowdown.com/data/pokedex.js?0.38839984266356864"></script>
<script defer src="//play.pokemonshowdown.com/data/moves.js?0.21866028504024015"></script>
<script defer src="//play.pokemonshowdown.com/data/abilities.js?0.2005157953846628"></script>
<script defer src="//play.pokemonshowdown.com/data/items.js?0.9894211263848525"></script>
<script defer src="//play.pokemonshowdown.com/data/teambuilder-tables.js?0.6008791140282215"></script>
<script defer src="//play.pokemonshowdown.com/js/battle-tooltips.js?0.7580118955022959"></script>
<script defer src="//play.pokemonshowdown.com/js/battle.js?0.6057722274234274"></script>

<script defer src="js/utils.js?e31f9a17"></script>
<script defer src="js/replays-battle.js?7008c182"></script>

<!-- don't scrape this data! just add .json or .log after the URL!
Full API docs: https://github.com/smogon/pokemon-showdown-client/blob/master/WEB-API.md -->
<script type="text/plain" class="log" id="replaylog-smogtours-gen3ou-797416">
|inactive|Battle timer is ON: inactive players will automatically lose when time's up.
|t:|1728739194
|gametype|singles
|player|p1|Sotina|furisodegirl-black|
|player|p2|bugcondition|clair|
|teamsize|p1|6
|teamsize|p2|6
|gen|3
|tier|[Gen 3] OU
|rule|Sleep Clause Mod: Limit one foe put to sleep
|rule|Switch Priority Clause Mod: Faster Pokémon switch first
|rule|Species Clause: Limit one of each Pokémon
|rule|OHKO Clause: OHKO moves are banned
|rule|Evasion Items Clause: Evasion items are banned
|rule|Evasion Moves Clause: Evasion moves are banned
|rule|Endless Battle Clause: Forcing endless battles is banned
|rule|HP Percentage Mod: HP is shown in percentages
|rule|One Boost Passer Clause: Limit one Baton Passer that has a way to boost its stats
|rule|Freeze Clause Mod: Limit one foe frozen
|
|t:|1728739194
|start
|switch|p1a: Skarmory|Skarmory, M|100/100
|switch|p2a: Luna-T|Skarmory, F|100/100
|turn|1
|
|t:|1728739208
|switch|p1a: Claydol|Claydol|100/100
|move|p2a: Luna-T|Spikes|p1a: Claydol
|-sidestart|p1: Sotina|Spikes
|
|upkeep
|turn|2
|inactive|bugcondition has 270 seconds left.
|
|t:|1728739255
|move|p1a: Claydol|Rapid Spin|p2a: Luna-T
|-resisted|p2a: Luna-T
|-damage|p2a: Luna-T|98/100
|-sideend|p1: Sotina|Spikes|[from] move: Rapid Spin|[of] p1a: Claydol
|move|p2a: Luna-T|Roar|p1a: Claydol
|drag|p1a: Milotic|Milotic, F|100/100
|
|-heal|p2a: Luna-T|100/100|[from] item: Leftovers
|upkeep
|turn|3
|
|t:|1728739265
|switch|p1a: Claydol|Claydol|100/100
|move|p2a: Luna-T|Spikes|p1a: Claydol
|-sidestart|p1: Sotina|Spikes
|
|upkeep
|turn|4
|inactive|bugcondition has 270 seconds left.
|
|t:|1728739280
|move|p2a: Luna-T|Spikes|p1a: Claydol
|-sidestart|p1: Sotina|Spikes
|move|p1a: Claydol|Rapid Spin|p2a: Luna-T
|-resisted|p2a: Luna-T
|-damage|p2a: Luna-T|98/100
|-sideend|p1: Sotina|Spikes|[from] move: Rapid Spin|[of] p1a: Claydol
|
|-heal|p2a: Luna-T|100/100|[from] item: Leftovers
|upkeep
|turn|5
|
|t:|1728739286
|move|p2a: Luna-T|Spikes|p1a: Claydol
|-sidestart|p1: Sotina|Spikes
|move|p1a: Claydol|Psychic|p2a: Luna-T
|-resisted|p2a: Luna-T
|-damage|p2a: Luna-T|81/100
|
|-heal|p2a: Luna-T|87/100|[from] item: Leftovers
|upkeep
|turn|6
|inactive|bugcondition has 270 seconds left.
|
|t:|1728739302
|move|p1a: Claydol|Rapid Spin|p2a: Luna-T
|-resisted|p2a: Luna-T
|-damage|p2a: Luna-T|85/100
|-sideend|p1: Sotina|Spikes|[from] move: Rapid Spin|[of] p1a: Claydol
|move|p2a: Luna-T|Roar|p1a: Claydol
|drag|p1a: Celebi|Celebi|100/100
|
|-heal|p2a: Luna-T|91/100|[from] item: Leftovers
|upkeep
|turn|7
|
|t:|1728739310
|move|p1a: Celebi|Leech Seed|p2a: Luna-T
|-start|p2a: Luna-T|move: Leech Seed
|move|p2a: Luna-T|Spikes|p1a: Celebi
|-sidestart|p1: Sotina|Spikes
|
|-heal|p2a: Luna-T|98/100|[from] item: Leftovers
|-damage|p2a: Luna-T|85/100|[from] Leech Seed|[of] p1a: Celebi
|upkeep
|turn|8
|inactive|bugcondition has 270 seconds left.
|
|t:|1728739331
|switch|p1a: Claydol|Claydol|100/100
|switch|p2a: Psyche|Jirachi|100/100
|
|upkeep
|turn|9
|
|t:|1728739339
|move|p2a: Psyche|Substitute|p2a: Psyche
|-start|p2a: Psyche|Substitute
|-damage|p2a: Psyche|75/100
|move|p1a: Claydol|Earthquake|p2a: Psyche
|-supereffective|p2a: Psyche
|-end|p2a: Psyche|Substitute
|
|-heal|p2a: Psyche|82/100|[from] item: Leftovers
|upkeep
|turn|10
|
|t:|1728739353
|switch|p2a: Luna-T|Skarmory, F|85/100
|move|p1a: Claydol|Earthquake|p2a: Luna-T
|-immune|p2a: Luna-T
|
|-heal|p2a: Luna-T|91/100|[from] item: Leftovers
|upkeep
|turn|11
|
|t:|1728739358
|move|p2a: Luna-T|Spikes|p1a: Claydol
|-sidestart|p1: Sotina|Spikes
|move|p1a: Claydol|Rapid Spin|p2a: Luna-T
|-resisted|p2a: Luna-T
|-damage|p2a: Luna-T|89/100
|-sideend|p1: Sotina|Spikes|[from] move: Rapid Spin|[of] p1a: Claydol
|
|-heal|p2a: Luna-T|95/100|[from] item: Leftovers
|upkeep
|turn|12
|
|t:|1728739369
|move|p1a: Claydol|Rapid Spin|p2a: Luna-T
|-resisted|p2a: Luna-T
|-damage|p2a: Luna-T|93/100
|move|p2a: Luna-T|Roar|p1a: Claydol
|drag|p1a: Dugtrio|Dugtrio, M|100/100
|
|-heal|p2a: Luna-T|99/100|[from] item: Leftovers
|upkeep
|turn|13
|
|t:|1728739376
|switch|p1a: Claydol|Claydol|100/100
|move|p2a: Luna-T|Drill Peck|p1a: Claydol
|-damage|p1a: Claydol|65/100
|
|-heal|p2a: Luna-T|100/100|[from] item: Leftovers
|-heal|p1a: Claydol|71/100|[from] item: Leftovers
|upkeep
|turn|14
|
|t:|1728739385
|switch|p1a: Jirachi|Jirachi|100/100
|move|p2a: Luna-T|Drill Peck|p1a: Jirachi
|-resisted|p1a: Jirachi
|-damage|p1a: Jirachi|90/100
|
|-heal|p1a: Jirachi|96/100|[from] item: Leftovers
|upkeep
|turn|15
|
|t:|1728739392
|move|p1a: Jirachi|Wish|p1a: Jirachi
|move|p2a: Luna-T|Hidden Power|p1a: Jirachi
|-supereffective|p1a: Jirachi
|-damage|p1a: Jirachi|71/100
|
|-heal|p1a: Jirachi|77/100|[from] item: Leftovers
|upkeep
|turn|16
|
|t:|1728739402
|switch|p2a: Io|Magneton, shiny|100/100
|move|p1a: Jirachi|Thunder|p2a: Io|[miss]
|-miss|p1a: Jirachi|p2a: Io
|
|-heal|p1a: Jirachi|100/100|[from] move: Wish|[wisher] Jirachi
|upkeep
|turn|17
|
|t:|1728739411
|move|p2a: Io|Metal Sound|p1a: Jirachi
|-unboost|p1a: Jirachi|spd|2
|move|p1a: Jirachi|Wish|p1a: Jirachi
|
|upkeep
|turn|18
|
|t:|1728739420
|move|p2a: Io|Hidden Power|p1a: Jirachi
|-supereffective|p1a: Jirachi
|-damage|p1a: Jirachi|25/100
|move|p1a: Jirachi|Calm Mind|p1a: Jirachi
|-boost|p1a: Jirachi|spa|1
|-boost|p1a: Jirachi|spd|1
|
|-heal|p1a: Jirachi|75/100|[from] move: Wish|[wisher] Jirachi
|-heal|p1a: Jirachi|81/100|[from] item: Leftovers
|upkeep
|turn|19
|
|t:|1728739432
|move|p2a: Io|Hidden Power|p1a: Jirachi
|-supereffective|p1a: Jirachi
|-damage|p1a: Jirachi|20/100
|move|p1a: Jirachi|Ice Punch|p2a: Io
|-resisted|p2a: Io
|-damage|p2a: Io|78/100
|-status|p2a: Io|frz
|
|-heal|p1a: Jirachi|26/100|[from] item: Leftovers
|upkeep
|turn|20
|
|t:|1728739438
|cant|p2a: Io|frz
|move|p1a: Jirachi|Wish|p1a: Jirachi
|
|-heal|p1a: Jirachi|32/100|[from] item: Leftovers
|upkeep
|turn|21
|
|t:|1728739441
|cant|p2a: Io|frz
|move|p1a: Jirachi|Calm Mind|p1a: Jirachi
|-boost|p1a: Jirachi|spa|1
|-boost|p1a: Jirachi|spd|1
|
|-heal|p1a: Jirachi|82/100|[from] move: Wish|[wisher] Jirachi
|-heal|p1a: Jirachi|88/100|[from] item: Leftovers
|upkeep
|turn|22
|
|t:|1728739448
|switch|p2a: Luna-T|Skarmory, F|100/100
|move|p1a: Jirachi|Wish|p1a: Jirachi
|
|-heal|p1a: Jirachi|94/100|[from] item: Leftovers
|upkeep
|turn|23
|
|t:|1728739451
|move|p1a: Jirachi|Thunder|p2a: Luna-T
|-supereffective|p2a: Luna-T
|-damage|p2a: Luna-T|0 fnt
|faint|p2a: Luna-T
|
|t:|1728739456
|switch|p2a: Io|Magneton, shiny|78/100 frz
|
|-heal|p1a: Jirachi|100/100|[from] move: Wish|[wisher] Jirachi
|upkeep
|turn|24
|
|t:|1728739460
|-curestatus|p2a: Io|frz|[msg]
|move|p2a: Io|Metal Sound|p1a: Jirachi
|-unboost|p1a: Jirachi|spd|2
|move|p1a: Jirachi|Calm Mind|p1a: Jirachi
|-boost|p1a: Jirachi|spa|1
|-boost|p1a: Jirachi|spd|1
|
|upkeep
|turn|25
|
|t:|1728739465
|move|p2a: Io|Hidden Power|p1a: Jirachi
|-supereffective|p1a: Jirachi
|-damage|p1a: Jirachi|45/100
|move|p1a: Jirachi|Wish|p1a: Jirachi
|
|-heal|p1a: Jirachi|51/100|[from] item: Leftovers
|upkeep
|turn|26
|
|t:|1728739469
|move|p2a: Io|Metal Sound|p1a: Jirachi
|-unboost|p1a: Jirachi|spd|2
|move|p1a: Jirachi|Ice Punch|p2a: Io
|-resisted|p2a: Io
|-damage|p2a: Io|39/100
|-status|p2a: Io|frz
|
|-heal|p1a: Jirachi|100/100|[from] move: Wish|[wisher] Jirachi
|upkeep
|turn|27
|
|t:|1728739480
|switch|p2a: Callisto|Hariyama, F, shiny|100/100
|move|p1a: Jirachi|Ice Punch|p2a: Callisto
|-damage|p2a: Callisto|70/100
|
|-heal|p2a: Callisto|76/100|[from] item: Leftovers
|upkeep
|turn|28
|
|t:|1728739494
|switch|p1a: Milotic|Milotic, F|100/100
|move|p2a: Callisto|Hidden Power|p1a: Milotic
|-damage|p1a: Milotic|86/100
|
|-heal|p1a: Milotic|92/100|[from] item: Leftovers
|-heal|p2a: Callisto|83/100|[from] item: Leftovers
|upkeep
|turn|29
|
|t:|1728739506
|move|p1a: Milotic|Surf|p2a: Callisto
|-damage|p2a: Callisto|57/100
|move|p2a: Callisto|Cross Chop|p1a: Milotic
|-damage|p1a: Milotic|60/100
|
|-heal|p1a: Milotic|66/100|[from] item: Leftovers
|-heal|p2a: Callisto|64/100|[from] item: Leftovers
|upkeep
|turn|30
|
|t:|1728739513
|move|p1a: Milotic|Recover|p1a: Milotic
|-heal|p1a: Milotic|100/100
|move|p2a: Callisto|Cross Chop|p1a: Milotic
|-damage|p1a: Milotic|69/100
|
|-heal|p1a: Milotic|75/100|[from] item: Leftovers
|-heal|p2a: Callisto|70/100|[from] item: Leftovers
|upkeep
|turn|31
|
|t:|1728739521
|move|p1a: Milotic|Toxic|p2a: Callisto
|-status|p2a: Callisto|tox
|move|p2a: Callisto|Cross Chop|p1a: Milotic
|-damage|p1a: Milotic|30/100
|
|-heal|p1a: Milotic|36/100|[from] item: Leftovers
|-heal|p2a: Callisto|76/100 tox|[from] item: Leftovers
|-damage|p2a: Callisto|70/100 tox|[from] psn
|upkeep
|turn|32
|
|t:|1728739526
|move|p1a: Milotic|Recover|p1a: Milotic
|-heal|p1a: Milotic|86/100
|move|p2a: Callisto|Cross Chop|p1a: Milotic|[miss]
|-miss|p2a: Callisto|p1a: Milotic
|
|-heal|p1a: Milotic|92/100|[from] item: Leftovers
|-heal|p2a: Callisto|76/100 tox|[from] item: Leftovers
|-damage|p2a: Callisto|64/100 tox|[from] psn
|upkeep
|turn|33
|
|t:|1728739532
|move|p1a: Milotic|Surf|p2a: Callisto
|-damage|p2a: Callisto|40/100 tox
|move|p2a: Callisto|Cross Chop|p1a: Milotic
|-damage|p1a: Milotic|48/100
|
|-heal|p1a: Milotic|55/100|[from] item: Leftovers
|-heal|p2a: Callisto|47/100 tox|[from] item: Leftovers
|-damage|p2a: Callisto|28/100 tox|[from] psn
|upkeep
|turn|34
|
|t:|1728739538
|move|p1a: Milotic|Recover|p1a: Milotic
|-heal|p1a: Milotic|100/100
|move|p2a: Callisto|Rest|p2a: Callisto
|-status|p2a: Callisto|slp|[from] move: Rest
|-heal|p2a: Callisto|100/100 slp|[silent]
|
|upkeep
|turn|35
|
|t:|1728739551
|switch|p1a: Celebi|Celebi|100/100
|cant|p2a: Callisto|slp
|move|p2a: Callisto|Sleep Talk|p2a: Callisto
|move|p2a: Callisto|Hidden Power|p1a: Celebi|[from]Sleep Talk
|-supereffective|p1a: Celebi
|-damage|p1a: Celebi|56/100
|
|-heal|p1a: Celebi|63/100|[from] item: Leftovers
|upkeep
|turn|36
|
|t:|1728739561
|move|p1a: Celebi|Leech Seed|p2a: Callisto
|-start|p2a: Callisto|move: Leech Seed
|cant|p2a: Callisto|slp
|move|p2a: Callisto|Sleep Talk|p2a: Callisto
|move|p2a: Callisto|Cross Chop|p1a: Celebi|[from]Sleep Talk
|-resisted|p1a: Celebi
|-damage|p1a: Celebi|39/100
|
|-heal|p1a: Celebi|45/100|[from] item: Leftovers
|-damage|p2a: Callisto|88/100 slp|[from] Leech Seed|[of] p1a: Celebi
|-heal|p1a: Celebi|59/100|[silent]
|upkeep
|turn|37
|
|t:|1728739573
|move|p1a: Celebi|Recover|p1a: Celebi
|-heal|p1a: Celebi|100/100
|-curestatus|p2a: Callisto|slp|[msg]
|move|p2a: Callisto|Hidden Power|p1a: Celebi
|-supereffective|p1a: Celebi
|-damage|p1a: Celebi|69/100
|
|-heal|p1a: Celebi|75/100|[from] item: Leftovers
|-heal|p2a: Callisto|94/100|[from] item: Leftovers
|-damage|p2a: Callisto|82/100|[from] Leech Seed|[of] p1a: Celebi
|-heal|p1a: Celebi|89/100|[silent]
|upkeep
|turn|38
|
|t:|1728739597
|switch|p1a: Milotic|Milotic, F|100/100
|switch|p2a: Io|Magneton, shiny|39/100 frz
|
|upkeep
|turn|39
|
|t:|1728739603
|switch|p1a: Celebi|Celebi|89/100
|cant|p2a: Io|frz
|
|-heal|p1a: Celebi|96/100|[from] item: Leftovers
|upkeep
|turn|40
|
|t:|1728739607
|cant|p2a: Io|frz
|move|p1a: Celebi|Leech Seed|p2a: Io
|-start|p2a: Io|move: Leech Seed
|
|-damage|p2a: Io|27/100 frz|[from] Leech Seed|[of] p1a: Celebi
|-heal|p1a: Celebi|100/100|[silent]
|upkeep
|turn|41
|inactive|bugcondition has 270 seconds left.
|
|t:|1728739649
|switch|p2a: Ceres|Celebi|100/100
|move|p1a: Celebi|Hidden Power|p2a: Ceres
|-resisted|p2a: Ceres
|-damage|p2a: Ceres|92/100
|
|-heal|p2a: Ceres|98/100|[from] item: Leftovers
|upkeep
|turn|42
|inactive|bugcondition has 270 seconds left.
|
|t:|1728739655
|move|p2a: Ceres|Calm Mind|p2a: Ceres
|-boost|p2a: Ceres|spa|1
|-boost|p2a: Ceres|spd|1
|move|p1a: Celebi|Perish Song|p1a: Celebi
|-start|p1a: Celebi|perish3|[silent]
|-start|p2a: Ceres|perish3|[silent]
|-fieldactivate|move: Perish Song
|
|-heal|p2a: Ceres|100/100|[from] item: Leftovers
|-start|p2a: Ceres|perish3
|-start|p1a: Celebi|perish3
|upkeep
|turn|43
|inactive|bugcondition has 270 seconds left.
|
|t:|1728739670
|move|p2a: Ceres|Leech Seed|p1a: Celebi
|-immune|p1a: Celebi
|move|p1a: Celebi|Leech Seed|p2a: Ceres
|-immune|p2a: Ceres
|
|-start|p2a: Ceres|perish2
|-start|p1a: Celebi|perish2
|upkeep
|turn|44
|inactive|bugcondition has 270 seconds left.
|
|t:|1728739693
|switch|p2a: Callisto|Hariyama, F, shiny|82/100
|move|p1a: Celebi|Hidden Power|p2a: Callisto
|-damage|p2a: Callisto|62/100
|
|-heal|p2a: Callisto|68/100|[from] item: Leftovers
|-start|p1a: Celebi|perish1
|upkeep
|turn|45
|
|t:|1728739702
|switch|p1a: Milotic|Milotic, F|100/100
|switch|p2a: Ceres|Celebi|100/100
|
|upkeep
|turn|46
|
|t:|1728739712
|move|p2a: Ceres|Calm Mind|p2a: Ceres
|-boost|p2a: Ceres|spa|1
|-boost|p2a: Ceres|spd|1
|move|p1a: Milotic|Toxic|p2a: Ceres|[miss]
|-miss|p1a: Milotic|p2a: Ceres
|
|upkeep
|turn|47
|
|t:|1728739717
|switch|p1a: Jirachi|Jirachi|100/100
|move|p2a: Ceres|Leech Seed|p1a: Jirachi|[miss]
|-miss|p2a: Ceres|p1a: Jirachi
|
|upkeep
|turn|48
|
|t:|1728739725
|move|p2a: Ceres|Leech Seed|p1a: Jirachi|[miss]
|-miss|p2a: Ceres|p1a: Jirachi
|move|p1a: Jirachi|Ice Punch|p2a: Ceres
|-supereffective|p2a: Ceres
|-damage|p2a: Ceres|83/100
|-message|Freeze Clause activated.
|
|-heal|p2a: Ceres|89/100|[from] item: Leftovers
|upkeep
|turn|49
|
|t:|1728739728
|switch|p1a: Celebi|Celebi|100/100
|move|p2a: Ceres|Leech Seed|p1a: Celebi
|-immune|p1a: Celebi
|
|-heal|p2a: Ceres|95/100|[from] item: Leftovers
|upkeep
|turn|50
|
|t:|1728739748
|move|p2a: Ceres|Baton Pass|p2a: Ceres
|
|t:|1728739749
|switch|p2a: Io|Magneton, shiny|27/100 frz|[from] Baton Pass
|move|p1a: Celebi|Perish Song|p1a: Celebi
|-start|p1a: Celebi|perish3|[silent]
|-start|p2a: Io|perish3|[silent]
|-fieldactivate|move: Perish Song
|
|-start|p2a: Io|perish3
|-start|p1a: Celebi|perish3
|upkeep
|turn|51
|
|t:|1728739760
|switch|p1a: Dugtrio|Dugtrio, M|100/100
|cant|p2a: Io|frz
|
|-start|p2a: Io|perish2
|upkeep
|turn|52
|
|t:|1728739765
|move|p1a: Dugtrio|Earthquake|p2a: Io
|-supereffective|p2a: Io
|-damage|p2a: Io|0 fnt
|faint|p2a: Io
|
|t:|1728739766
|switch|p2a: Orcus|Porygon2, shiny|100/100
|-ability|p2a: Orcus|Arena Trap|[from] ability: Trace|[of] p1a: Dugtrio
|
|upkeep
|turn|53
|
|t:|1728739770
|move|p1a: Dugtrio|Earthquake|p2a: Orcus
|-damage|p2a: Orcus|59/100
|move|p2a: Orcus|Ice Beam|p1a: Dugtrio
|-supereffective|p1a: Dugtrio
|-damage|p1a: Dugtrio|0 fnt
|faint|p1a: Dugtrio
|
|t:|1728739779
|switch|p1a: Jirachi|Jirachi|100/100
|
|-heal|p2a: Orcus|65/100|[from] item: Leftovers
|upkeep
|turn|54
|
|t:|1728739786
|move|p1a: Jirachi|Calm Mind|p1a: Jirachi
|-boost|p1a: Jirachi|spa|1
|-boost|p1a: Jirachi|spd|1
|move|p2a: Orcus|Thunder Wave|p1a: Jirachi
|-status|p1a: Jirachi|par
|
|-heal|p2a: Orcus|72/100|[from] item: Leftovers
|upkeep
|turn|55
|
|t:|1728739802
|switch|p2a: Callisto|Hariyama, F, shiny|68/100
|move|p1a: Jirachi|Ice Punch|p2a: Callisto
|-damage|p2a: Callisto|49/100
|-status|p2a: Callisto|frz
|
|-heal|p2a: Callisto|55/100 frz|[from] item: Leftovers
|upkeep
|turn|56
|
|t:|1728739818
|cant|p2a: Callisto|frz
|cant|p1a: Jirachi|par
|
|-heal|p2a: Callisto|62/100 frz|[from] item: Leftovers
|upkeep
|turn|57
|
|t:|1728739824
|-curestatus|p2a: Callisto|frz|[msg]
|move|p2a: Callisto|Rest|p2a: Callisto
|-status|p2a: Callisto|slp|[from] move: Rest
|-heal|p2a: Callisto|100/100 slp|[silent]
|cant|p1a: Jirachi|par
|
|upkeep
|turn|58
|c|☆bugcondition|phew
|
|t:|1728739832
|cant|p2a: Callisto|slp
|move|p2a: Callisto|Sleep Talk|p2a: Callisto
|move|p2a: Callisto|Cross Chop|p1a: Jirachi|[from]Sleep Talk
|-damage|p1a: Jirachi|61/100 par
|move|p1a: Jirachi|Calm Mind|p1a: Jirachi
|-boost|p1a: Jirachi|spa|1
|-boost|p1a: Jirachi|spd|1
|
|-heal|p1a: Jirachi|67/100 par|[from] item: Leftovers
|upkeep
|turn|59
|
|t:|1728739838
|cant|p2a: Callisto|slp
|move|p2a: Callisto|Sleep Talk|p2a: Callisto
|move|p2a: Callisto|Hidden Power|p1a: Jirachi|[from]Sleep Talk
|-damage|p1a: Jirachi|50/100 par
|cant|p1a: Jirachi|par
|
|-heal|p1a: Jirachi|56/100 par|[from] item: Leftovers
|upkeep
|turn|60
|
|t:|1728739844
|-curestatus|p2a: Callisto|slp|[msg]
|move|p2a: Callisto|Cross Chop|p1a: Jirachi|[miss]
|-miss|p2a: Callisto|p1a: Jirachi
|move|p1a: Jirachi|Wish|p1a: Jirachi
|
|-heal|p1a: Jirachi|62/100 par|[from] item: Leftovers
|upkeep
|turn|61
|
|t:|1728739848
|move|p2a: Callisto|Cross Chop|p1a: Jirachi
|-damage|p1a: Jirachi|38/100 par
|move|p1a: Jirachi|Thunder|p2a: Callisto
|-damage|p2a: Callisto|58/100
|
|-heal|p1a: Jirachi|88/100 par|[from] move: Wish|[wisher] Jirachi
|-heal|p2a: Callisto|64/100|[from] item: Leftovers
|-heal|p1a: Jirachi|95/100 par|[from] item: Leftovers
|upkeep
|turn|62
|
|t:|1728739878
|switch|p2a: Ceres|Celebi|95/100
|move|p1a: Jirachi|Wish|p1a: Jirachi
|
|-heal|p2a: Ceres|100/100|[from] item: Leftovers
|-heal|p1a: Jirachi|100/100 par|[from] item: Leftovers
|upkeep
|turn|63
|
|t:|1728739881
|move|p2a: Ceres|Leech Seed|p1a: Jirachi|[miss]
|-miss|p2a: Ceres|p1a: Jirachi
|cant|p1a: Jirachi|par
|
|upkeep
|turn|64
|
|t:|1728739885
|move|p2a: Ceres|Leech Seed|p1a: Jirachi
|-start|p1a: Jirachi|move: Leech Seed
|move|p1a: Jirachi|Ice Punch|p2a: Ceres
|-supereffective|p2a: Ceres
|-damage|p2a: Ceres|49/100
|
|-heal|p2a: Ceres|55/100|[from] item: Leftovers
|-damage|p1a: Jirachi|88/100 par|[from] Leech Seed|[of] p2a: Ceres
|-heal|p2a: Ceres|68/100|[silent]
|upkeep
|turn|65
|
|t:|1728739897
|move|p2a: Ceres|Calm Mind|p2a: Ceres
|-boost|p2a: Ceres|spa|1
|-boost|p2a: Ceres|spd|1
|move|p1a: Jirachi|Ice Punch|p2a: Ceres
|-supereffective|p2a: Ceres
|-damage|p2a: Ceres|32/100
|
|-heal|p2a: Ceres|38/100|[from] item: Leftovers
|-heal|p1a: Jirachi|94/100 par|[from] item: Leftovers
|-damage|p1a: Jirachi|82/100 par|[from] Leech Seed|[of] p2a: Ceres
|-heal|p2a: Ceres|50/100|[silent]
|upkeep
|turn|66
|
|t:|1728739900
|move|p2a: Ceres|Calm Mind|p2a: Ceres
|-boost|p2a: Ceres|spa|1
|-boost|p2a: Ceres|spd|1
|move|p1a: Jirachi|Wish|p1a: Jirachi
|
|-heal|p2a: Ceres|57/100|[from] item: Leftovers
|-heal|p1a: Jirachi|88/100 par|[from] item: Leftovers
|-damage|p1a: Jirachi|76/100 par|[from] Leech Seed|[of] p2a: Ceres
|-heal|p2a: Ceres|69/100|[silent]
|upkeep
|turn|67
|
|t:|1728739902
|move|p2a: Ceres|Calm Mind|p2a: Ceres
|-boost|p2a: Ceres|spa|1
|-boost|p2a: Ceres|spd|1
|move|p1a: Jirachi|Calm Mind|p1a: Jirachi
|-boost|p1a: Jirachi|spa|1
|-boost|p1a: Jirachi|spd|1
|
|-heal|p1a: Jirachi|100/100 par|[from] move: Wish|[wisher] Jirachi
|-heal|p2a: Ceres|75/100|[from] item: Leftovers
|-damage|p1a: Jirachi|88/100 par|[from] Leech Seed|[of] p2a: Ceres
|-heal|p2a: Ceres|88/100|[silent]
|upkeep
|turn|68
|
|t:|1728739914
|move|p2a: Ceres|Calm Mind|p2a: Ceres
|-boost|p2a: Ceres|spa|1
|-boost|p2a: Ceres|spd|1
|move|p1a: Jirachi|Ice Punch|p2a: Ceres
|-supereffective|p2a: Ceres
|-damage|p2a: Ceres|63/100
|
|-heal|p2a: Ceres|70/100|[from] item: Leftovers
|-heal|p1a: Jirachi|94/100 par|[from] item: Leftovers
|-damage|p1a: Jirachi|82/100 par|[from] Leech Seed|[of] p2a: Ceres
|-heal|p2a: Ceres|82/100|[silent]
|upkeep
|turn|69
|
|t:|1728739935
|switch|p1a: Celebi|Celebi|100/100
|move|p2a: Ceres|Calm Mind|p2a: Ceres
|-boost|p2a: Ceres|spa|1
|-boost|p2a: Ceres|spd|1
|
|-heal|p2a: Ceres|88/100|[from] item: Leftovers
|upkeep
|turn|70
|inactive|bugcondition has 270 seconds left.
|
|t:|1728739973
|move|p2a: Ceres|Baton Pass|p2a: Ceres
|
|t:|1728739974
|switch|p2a: Orcus|Porygon2, shiny|72/100|[from] Baton Pass
|-ability|p2a: Orcus|Natural Cure|[from] ability: Trace|[of] p1a: Celebi
|move|p1a: Celebi|Perish Song|p1a: Celebi
|-start|p1a: Celebi|perish3|[silent]
|-start|p2a: Orcus|perish3|[silent]
|-fieldactivate|move: Perish Song
|
|-heal|p2a: Orcus|78/100|[from] item: Leftovers
|-start|p1a: Celebi|perish3
|-start|p2a: Orcus|perish3
|upkeep
|turn|71
|
|t:|1728739985
|move|p1a: Celebi|Recover||[still]
|-fail|p1a: Celebi|heal
|move|p2a: Orcus|Ice Beam|p1a: Celebi
|-supereffective|p1a: Celebi
|-damage|p1a: Celebi|0 fnt
|faint|p1a: Celebi
|
|t:|1728740001
|switch|p1a: Skarmory|Skarmory, M|100/100
|
|-heal|p2a: Orcus|84/100|[from] item: Leftovers
|-start|p2a: Orcus|perish2
|upkeep
|turn|72
|inactive|bugcondition has 270 seconds left.
|
|t:|1728740026
|move|p1a: Skarmory|Protect|p1a: Skarmory
|-singleturn|p1a: Skarmory|Protect
|move|p2a: Orcus|Recover|p2a: Orcus
|-heal|p2a: Orcus|100/100
|
|-start|p2a: Orcus|perish1
|upkeep
|turn|73
|inactive|bugcondition has 240 seconds left.
|
|t:|1728740068
|switch|p2a: Psyche|Jirachi|82/100
|move|p1a: Skarmory|Spikes|p2a: Psyche
|-sidestart|p2: bugcondition|Spikes
|
|-heal|p2a: Psyche|88/100|[from] item: Leftovers
|upkeep
|turn|74
|
|t:|1728740076
|switch|p1a: Claydol|Claydol|71/100
|move|p2a: Psyche|Substitute|p2a: Psyche
|-start|p2a: Psyche|Substitute
|-damage|p2a: Psyche|63/100
|
|-heal|p2a: Psyche|69/100|[from] item: Leftovers
|-heal|p1a: Claydol|77/100|[from] item: Leftovers
|upkeep
|turn|75
|inactive|bugcondition has 240 seconds left.
|
|t:|1728740093
|move|p2a: Psyche|Calm Mind|p2a: Psyche
|-boost|p2a: Psyche|spa|1
|-boost|p2a: Psyche|spd|1
|move|p1a: Claydol|Earthquake|p2a: Psyche
|-supereffective|p2a: Psyche
|-end|p2a: Psyche|Substitute
|
|-heal|p2a: Psyche|75/100|[from] item: Leftovers
|-heal|p1a: Claydol|83/100|[from] item: Leftovers
|upkeep
|turn|76
|
|t:|1728740100
|move|p2a: Psyche|Hidden Power|p1a: Claydol
|-supereffective|p1a: Claydol
|-damage|p1a: Claydol|27/100
|move|p1a: Claydol|Earthquake|p2a: Psyche
|-supereffective|p2a: Psyche
|-damage|p2a: Psyche|20/100
|
|-heal|p2a: Psyche|26/100|[from] item: Leftovers
|-heal|p1a: Claydol|34/100|[from] item: Leftovers
|upkeep
|turn|77
|inactive|Sotina has 270 seconds left.
|
|t:|1728740141
|move|p2a: Psyche|Hidden Power|p1a: Claydol
|-supereffective|p1a: Claydol
|-damage|p1a: Claydol|0 fnt
|faint|p1a: Claydol
|
|t:|1728740148
|switch|p1a: Skarmory|Skarmory, M|100/100
|
|-heal|p2a: Psyche|32/100|[from] item: Leftovers
|upkeep
|turn|78
|
|t:|1728740162
|move|p2a: Psyche|Psychic|p1a: Skarmory
|-resisted|p1a: Skarmory
|-damage|p1a: Skarmory|74/100
|move|p1a: Skarmory|Roar|p2a: Psyche
|drag|p2a: Orcus|Porygon2, shiny|100/100
|-damage|p2a: Orcus|88/100|[from] Spikes
|-ability|p2a: Orcus|Keen Eye|[from] ability: Trace|[of] p1a: Skarmory
|
|-heal|p1a: Skarmory|80/100|[from] item: Leftovers
|-heal|p2a: Orcus|94/100|[from] item: Leftovers
|upkeep
|turn|79
|inactive|Sotina has 270 seconds left.
|
|t:|1728740173
|move|p1a: Skarmory|Protect|p1a: Skarmory
|-singleturn|p1a: Skarmory|Protect
|move|p2a: Orcus|Thunder Wave|p1a: Skarmory
|-activate|p1a: Skarmory|Protect
|
|-heal|p1a: Skarmory|86/100|[from] item: Leftovers
|-heal|p2a: Orcus|100/100|[from] item: Leftovers
|upkeep
|turn|80
|
|t:|1728740177
|switch|p1a: Jirachi|Jirachi|82/100 par
|move|p2a: Orcus|Thunder Wave|p1a: Jirachi
|-fail|p1a: Jirachi|par
|
|-heal|p1a: Jirachi|88/100 par|[from] item: Leftovers
|upkeep
|turn|81
|inactive|bugcondition has 270 seconds left.
|
|t:|1728740189
|switch|p2a: Callisto|Hariyama, F, shiny|64/100
|-damage|p2a: Callisto|52/100|[from] Spikes
|move|p1a: Jirachi|Wish|p1a: Jirachi
|
|-heal|p2a: Callisto|58/100|[from] item: Leftovers
|-heal|p1a: Jirachi|94/100 par|[from] item: Leftovers
|upkeep
|turn|82
|
|t:|1728740198
|switch|p1a: Skarmory|Skarmory, M|86/100
|move|p2a: Callisto|Rest|p2a: Callisto
|-status|p2a: Callisto|slp|[from] move: Rest
|-heal|p2a: Callisto|100/100 slp|[silent]
|
|-heal|p1a: Skarmory|100/100|[from] move: Wish|[wisher] Jirachi
|upkeep
|turn|83
|
|t:|1728740211
|switch|p2a: Ceres|Celebi|88/100
|-damage|p2a: Ceres|76/100|[from] Spikes
|move|p1a: Skarmory|Spikes|p2a: Ceres
|-sidestart|p2: bugcondition|Spikes
|
|-heal|p2a: Ceres|82/100|[from] item: Leftovers
|upkeep
|turn|84
|
|t:|1728740215
|move|p2a: Ceres|Calm Mind|p2a: Ceres
|-boost|p2a: Ceres|spa|1
|-boost|p2a: Ceres|spd|1
|move|p1a: Skarmory|Drill Peck|p2a: Ceres
|-supereffective|p2a: Ceres
|-damage|p2a: Ceres|44/100
|
|-heal|p2a: Ceres|50/100|[from] item: Leftovers
|upkeep
|turn|85
|
|t:|1728740221
|move|p2a: Ceres|Baton Pass|p2a: Ceres
|
|t:|1728740227
|switch|p2a: Orcus|Porygon2, shiny|100/100|[from] Baton Pass
|-damage|p2a: Orcus|84/100|[from] Spikes
|-ability|p2a: Orcus|Keen Eye|[from] ability: Trace|[of] p1a: Skarmory
|move|p1a: Skarmory|Roar|p2a: Orcus
|drag|p2a: Psyche|Jirachi|32/100
|-damage|p2a: Psyche|16/100|[from] Spikes
|
|-heal|p2a: Psyche|22/100|[from] item: Leftovers
|upkeep
|turn|86
|
|t:|1728740242
|move|p2a: Psyche|Hidden Power|p1a: Skarmory
|-damage|p1a: Skarmory|85/100
|move|p1a: Skarmory|Roar|p2a: Psyche
|drag|p2a: Orcus|Porygon2, shiny|84/100
|-damage|p2a: Orcus|67/100|[from] Spikes
|-ability|p2a: Orcus|Keen Eye|[from] ability: Trace|[of] p1a: Skarmory
|
|-heal|p1a: Skarmory|91/100|[from] item: Leftovers
|-heal|p2a: Orcus|73/100|[from] item: Leftovers
|upkeep
|turn|87
|
|t:|1728740259
|switch|p1a: Jirachi|Jirachi|94/100 par
|move|p2a: Orcus|Recover|p2a: Orcus
|-heal|p2a: Orcus|100/100
|
|-heal|p1a: Jirachi|100/100 par|[from] item: Leftovers
|upkeep
|turn|88
|
|t:|1728740266
|switch|p2a: Callisto|Hariyama, F, shiny|100/100 slp
|-damage|p2a: Callisto|84/100 slp|[from] Spikes
|move|p1a: Jirachi|Ice Punch|p2a: Callisto
|-crit|p2a: Callisto
|-damage|p2a: Callisto|58/100 slp
|
|-heal|p2a: Callisto|64/100 slp|[from] item: Leftovers
|upkeep
|turn|89
|
|t:|1728740270
|switch|p1a: Skarmory|Skarmory, M|91/100
|cant|p2a: Callisto|slp
|move|p2a: Callisto|Sleep Talk|p2a: Callisto
|move|p2a: Callisto|Cross Chop|p1a: Skarmory|[from]Sleep Talk
|-damage|p1a: Skarmory|44/100
|
|-heal|p1a: Skarmory|50/100|[from] item: Leftovers
|-heal|p2a: Callisto|71/100 slp|[from] item: Leftovers
|upkeep
|turn|90
|
|t:|1728740281
|move|p1a: Skarmory|Protect|p1a: Skarmory
|-singleturn|p1a: Skarmory|Protect
|cant|p2a: Callisto|slp
|move|p2a: Callisto|Sleep Talk|p2a: Callisto
|move|p2a: Callisto|Rest|p2a: Callisto|[from]Sleep Talk
|
|-heal|p1a: Skarmory|56/100|[from] item: Leftovers
|-heal|p2a: Callisto|77/100 slp|[from] item: Leftovers
|upkeep
|turn|91
|
|t:|1728740301
|switch|p1a: Milotic|Milotic, F|100/100
|-curestatus|p2a: Callisto|slp|[msg]
|move|p2a: Callisto|Hidden Power|p1a: Milotic
|-damage|p1a: Milotic|86/100
|
|-heal|p1a: Milotic|92/100|[from] item: Leftovers
|-heal|p2a: Callisto|83/100|[from] item: Leftovers
|upkeep
|turn|92
|
|t:|1728740312
|switch|p2a: Ceres|Celebi|50/100
|-damage|p2a: Ceres|33/100|[from] Spikes
|move|p1a: Milotic|Toxic|p2a: Ceres
|-status|p2a: Ceres|tox
|
|-heal|p2a: Ceres|40/100 tox|[from] item: Leftovers
|-damage|p2a: Ceres|33/100 tox|[from] psn
|-heal|p1a: Milotic|98/100|[from] item: Leftovers
|upkeep
|turn|93
|
|t:|1728740318
|switch|p1a: Skarmory|Skarmory, M|56/100
|move|p2a: Ceres|Leech Seed|p1a: Skarmory
|-start|p1a: Skarmory|move: Leech Seed
|
|-heal|p2a: Ceres|40/100 tox|[from] item: Leftovers
|-damage|p2a: Ceres|27/100 tox|[from] psn
|-heal|p1a: Skarmory|62/100|[from] item: Leftovers
|-damage|p1a: Skarmory|49/100|[from] Leech Seed|[of] p2a: Ceres
|-heal|p2a: Ceres|37/100 tox|[silent]
|upkeep
|turn|94
|
|t:|1728740327
|-curestatus|p2a: Ceres|tox|[from] ability: Natural Cure
|switch|p2a: Orcus|Porygon2, shiny|100/100
|-damage|p2a: Orcus|84/100|[from] Spikes
|-ability|p2a: Orcus|Keen Eye|[from] ability: Trace|[of] p1a: Skarmory
|move|p1a: Skarmory|Roar|p2a: Orcus
|drag|p2a: Callisto|Hariyama, F, shiny|83/100
|-damage|p2a: Callisto|66/100|[from] Spikes
|
|-heal|p1a: Skarmory|55/100|[from] item: Leftovers
|-damage|p1a: Skarmory|43/100|[from] Leech Seed|[of] p2a: Callisto
|-heal|p2a: Callisto|76/100|[silent]
|-heal|p2a: Callisto|82/100|[from] item: Leftovers
|upkeep
|turn|95
|
|t:|1728740335
|switch|p1a: Milotic|Milotic, F|98/100
|move|p2a: Callisto|Hidden Power|p1a: Milotic
|-damage|p1a: Milotic|84/100
|
|-heal|p1a: Milotic|90/100|[from] item: Leftovers
|-heal|p2a: Callisto|88/100|[from] item: Leftovers
|upkeep
|turn|96
|
|t:|1728740343
|switch|p2a: Ceres|Celebi|37/100
|-damage|p2a: Ceres|21/100|[from] Spikes
|move|p1a: Milotic|Toxic|p2a: Ceres
|-status|p2a: Ceres|tox
|
|-heal|p2a: Ceres|27/100 tox|[from] item: Leftovers
|-damage|p2a: Ceres|21/100 tox|[from] psn
|-heal|p1a: Milotic|96/100|[from] item: Leftovers
|upkeep
|turn|97
|
|t:|1728740346
|move|p2a: Ceres|Leech Seed|p1a: Milotic
|-start|p1a: Milotic|move: Leech Seed
|move|p1a: Milotic|Surf|p2a: Ceres
|-resisted|p2a: Ceres
|-damage|p2a: Ceres|9/100 tox
|
|-heal|p2a: Ceres|15/100 tox|[from] item: Leftovers
|-damage|p2a: Ceres|3/100 tox|[from] psn
|-heal|p1a: Milotic|100/100|[from] item: Leftovers
|-damage|p1a: Milotic|88/100|[from] Leech Seed|[of] p2a: Ceres
|-heal|p2a: Ceres|15/100 tox|[silent]
|upkeep
|turn|98
|
|t:|1728740356
|-curestatus|p2a: Ceres|tox|[from] ability: Natural Cure
|switch|p2a: Orcus|Porygon2, shiny|84/100
|-damage|p2a: Orcus|67/100|[from] Spikes
|-ability|p2a: Orcus|Marvel Scale|[from] ability: Trace|[of] p1a: Milotic
|move|p1a: Milotic|Surf|p2a: Orcus
|-damage|p2a: Orcus|37/100
|
|-heal|p1a: Milotic|94/100|[from] item: Leftovers
|-damage|p1a: Milotic|82/100|[from] Leech Seed|[of] p2a: Orcus
|-heal|p2a: Orcus|50/100|[silent]
|-heal|p2a: Orcus|56/100|[from] item: Leftovers
|upkeep
|turn|99
|
|t:|1728740364
|switch|p1a: Jirachi|Jirachi|100/100 par
|move|p2a: Orcus|Thunder Wave|p1a: Jirachi
|-fail|p1a: Jirachi|par
|
|-heal|p2a: Orcus|62/100|[from] item: Leftovers
|upkeep
|turn|100
|
|t:|1728740369
|move|p2a: Orcus|Recover|p2a: Orcus
|-heal|p2a: Orcus|100/100
|cant|p1a: Jirachi|par
|
|upkeep
|turn|101
|
|t:|1728740376
|switch|p2a: Callisto|Hariyama, F, shiny|88/100
|-damage|p2a: Callisto|71/100|[from] Spikes
|move|p1a: Jirachi|Ice Punch|p2a: Callisto
|-damage|p2a: Callisto|58/100
|
|-heal|p2a: Callisto|64/100|[from] item: Leftovers
|upkeep
|turn|102
|
|t:|1728740386
|switch|p1a: Skarmory|Skarmory, M|43/100
|move|p2a: Callisto|Rest|p2a: Callisto
|-status|p2a: Callisto|slp|[from] move: Rest
|-heal|p2a: Callisto|100/100 slp|[silent]
|
|-heal|p1a: Skarmory|49/100|[from] item: Leftovers
|upkeep
|turn|103
|
|t:|1728740397
|switch|p1a: Milotic|Milotic, F|82/100
|cant|p2a: Callisto|slp
|move|p2a: Callisto|Sleep Talk|p2a: Callisto
|move|p2a: Callisto|Cross Chop|p1a: Milotic|[from]Sleep Talk
|-damage|p1a: Milotic|37/100
|
|-heal|p1a: Milotic|43/100|[from] item: Leftovers
|upkeep
|turn|104
|
|t:|1728740402
|move|p1a: Milotic|Recover|p1a: Milotic
|-heal|p1a: Milotic|93/100
|cant|p2a: Callisto|slp
|move|p2a: Callisto|Sleep Talk|p2a: Callisto
|move|p2a: Callisto|Cross Chop|p1a: Milotic|[from]Sleep Talk
|-damage|p1a: Milotic|48/100
|
|-heal|p1a: Milotic|54/100|[from] item: Leftovers
|upkeep
|turn|105
|
|t:|1728740416
|switch|p2a: Orcus|Porygon2, shiny|100/100
|-damage|p2a: Orcus|84/100|[from] Spikes
|-ability|p2a: Orcus|Marvel Scale|[from] ability: Trace|[of] p1a: Milotic
|move|p1a: Milotic|Recover|p1a: Milotic
|-heal|p1a: Milotic|100/100
|
|-heal|p2a: Orcus|90/100|[from] item: Leftovers
|upkeep
|turn|106
|
|t:|1728740425
|switch|p1a: Jirachi|Jirachi|100/100 par
|move|p2a: Orcus|Hidden Power|p1a: Jirachi
|-damage|p1a: Jirachi|92/100 par
|
|-heal|p2a: Orcus|96/100|[from] item: Leftovers
|-heal|p1a: Jirachi|98/100 par|[from] item: Leftovers
|upkeep
|turn|107
|
|t:|1728740429
|switch|p2a: Callisto|Hariyama, F, shiny|100/100 slp
|-damage|p2a: Callisto|84/100 slp|[from] Spikes
|move|p1a: Jirachi|Wish|p1a: Jirachi
|
|-heal|p2a: Callisto|90/100 slp|[from] item: Leftovers
|-heal|p1a: Jirachi|100/100 par|[from] item: Leftovers
|upkeep
|turn|108
|
|t:|1728740435
|switch|p1a: Skarmory|Skarmory, M|49/100
|cant|p2a: Callisto|slp
|move|p2a: Callisto|Sleep Talk|p2a: Callisto
|move|p2a: Callisto|Hidden Power|p1a: Skarmory|[from]Sleep Talk
|-resisted|p1a: Skarmory
|-damage|p1a: Skarmory|39/100
|
|-heal|p1a: Skarmory|89/100|[from] move: Wish|[wisher] Jirachi
|-heal|p1a: Skarmory|95/100|[from] item: Leftovers
|-heal|p2a: Callisto|96/100 slp|[from] item: Leftovers
|upkeep
|turn|109
|
|t:|1728740446
|switch|p1a: Milotic|Milotic, F|100/100
|cant|p2a: Callisto|slp
|move|p2a: Callisto|Sleep Talk|p2a: Callisto
|move|p2a: Callisto|Hidden Power|p1a: Milotic|[from]Sleep Talk
|-damage|p1a: Milotic|80/100
|
|-heal|p1a: Milotic|86/100|[from] item: Leftovers
|-heal|p2a: Callisto|100/100 slp|[from] item: Leftovers
|upkeep
|turn|110
|
|t:|1728740456
|switch|p2a: Orcus|Porygon2, shiny|96/100
|-damage|p2a: Orcus|80/100|[from] Spikes
|-ability|p2a: Orcus|Marvel Scale|[from] ability: Trace|[of] p1a: Milotic
|move|p1a: Milotic|Surf|p2a: Orcus
|-damage|p2a: Orcus|47/100
|
|-heal|p1a: Milotic|92/100|[from] item: Leftovers
|-heal|p2a: Orcus|53/100|[from] item: Leftovers
|upkeep
|turn|111
|
|t:|1728740463
|switch|p1a: Jirachi|Jirachi|100/100 par
|move|p2a: Orcus|Recover|p2a: Orcus
|-heal|p2a: Orcus|100/100
|
|upkeep
|turn|112
|
|t:|1728740470
|switch|p2a: Callisto|Hariyama, F, shiny|100/100 slp
|-damage|p2a: Callisto|84/100 slp|[from] Spikes
|move|p1a: Jirachi|Wish|p1a: Jirachi
|
|-heal|p2a: Callisto|90/100 slp|[from] item: Leftovers
|upkeep
|turn|113
|
|t:|1728740475
|cant|p2a: Callisto|slp
|move|p2a: Callisto|Sleep Talk|p2a: Callisto
|move|p2a: Callisto|Cross Chop|p1a: Jirachi|[from]Sleep Talk
|-damage|p1a: Jirachi|66/100 par
|move|p1a: Jirachi|Calm Mind|p1a: Jirachi
|-boost|p1a: Jirachi|spa|1
|-boost|p1a: Jirachi|spd|1
|
|-heal|p1a: Jirachi|100/100 par|[from] move: Wish|[wisher] Jirachi
|-heal|p2a: Callisto|96/100 slp|[from] item: Leftovers
|upkeep
|turn|114
|
|t:|1728740488
|cant|p2a: Callisto|slp
|move|p2a: Callisto|Sleep Talk|p2a: Callisto
|move|p2a: Callisto|Rest|p2a: Callisto|[from]Sleep Talk
|cant|p1a: Jirachi|par
|
|-heal|p2a: Callisto|100/100 slp|[from] item: Leftovers
|upkeep
|turn|115
|inactive|bugcondition has 270 seconds left.
|
|t:|1728740525
|-curestatus|p2a: Callisto|slp|[msg]
|move|p2a: Callisto|Hidden Power|p1a: Jirachi
|-damage|p1a: Jirachi|89/100 par
|move|p1a: Jirachi|Wish|p1a: Jirachi
|
|-heal|p1a: Jirachi|96/100 par|[from] item: Leftovers
|upkeep
|turn|116
|inactive|bugcondition has 270 seconds left.
|
|t:|1728740538
|switch|p2a: Psyche|Jirachi|22/100
|-damage|p2a: Psyche|5/100|[from] Spikes
|move|p1a: Jirachi|Calm Mind|p1a: Jirachi
|-boost|p1a: Jirachi|spa|1
|-boost|p1a: Jirachi|spd|1
|
|-heal|p1a: Jirachi|100/100 par|[from] move: Wish|[wisher] Jirachi
|-heal|p2a: Psyche|11/100|[from] item: Leftovers
|upkeep
|turn|117
|
|t:|1728740548
|switch|p1a: Skarmory|Skarmory, M|95/100
|move|p2a: Psyche|Calm Mind|p2a: Psyche
|-boost|p2a: Psyche|spa|1
|-boost|p2a: Psyche|spd|1
|
|-heal|p2a: Psyche|18/100|[from] item: Leftovers
|-heal|p1a: Skarmory|100/100|[from] item: Leftovers
|upkeep
|turn|118
|
|t:|1728740554
|move|p2a: Psyche|Hidden Power|p1a: Skarmory
|-crit|p1a: Skarmory
|-damage|p1a: Skarmory|45/100
|move|p1a: Skarmory|Roar|p2a: Psyche
|drag|p2a: Orcus|Porygon2, shiny|100/100
|-damage|p2a: Orcus|84/100|[from] Spikes
|-ability|p2a: Orcus|Keen Eye|[from] ability: Trace|[of] p1a: Skarmory
|
|-heal|p1a: Skarmory|51/100|[from] item: Leftovers
|-heal|p2a: Orcus|90/100|[from] item: Leftovers
|upkeep
|turn|119
|inactive|bugcondition has 270 seconds left.
|
|t:|1728740577
|switch|p2a: Callisto|Hariyama, F, shiny|100/100
|-damage|p2a: Callisto|84/100|[from] Spikes
|move|p1a: Skarmory|Protect||[still]
|-fail|p1a: Skarmory
|
|-heal|p1a: Skarmory|57/100|[from] item: Leftovers
|-heal|p2a: Callisto|90/100|[from] item: Leftovers
|upkeep
|turn|120
|
|t:|1728740582
|move|p1a: Skarmory|Protect|p1a: Skarmory
|-singleturn|p1a: Skarmory|Protect
|move|p2a: Callisto|Rest|p2a: Callisto
|-status|p2a: Callisto|slp|[from] move: Rest
|-heal|p2a: Callisto|100/100 slp|[silent]
|
|-heal|p1a: Skarmory|63/100|[from] item: Leftovers
|upkeep
|turn|121
|inactive|Sotina has 270 seconds left.
|
|t:|1728740618
|move|p1a: Skarmory|Spikes|p2a: Callisto
|-sidestart|p2: bugcondition|Spikes
|cant|p2a: Callisto|slp
|move|p2a: Callisto|Sleep Talk|p2a: Callisto
|move|p2a: Callisto|Rest|p2a: Callisto|[from]Sleep Talk
|
|-heal|p1a: Skarmory|69/100|[from] item: Leftovers
|upkeep
|turn|122
|inactive|Sotina has 270 seconds left.
|
|t:|1728740627
|move|p1a: Skarmory|Protect|p1a: Skarmory
|-singleturn|p1a: Skarmory|Protect
|cant|p2a: Callisto|slp
|move|p2a: Callisto|Sleep Talk|p2a: Callisto
|move|p2a: Callisto|Rest|p2a: Callisto|[from]Sleep Talk
|
|-heal|p1a: Skarmory|75/100|[from] item: Leftovers
|upkeep
|turn|123
|
|t:|1728740640
|switch|p2a: Orcus|Porygon2, shiny|90/100
|-damage|p2a: Orcus|65/100|[from] Spikes
|-ability|p2a: Orcus|Keen Eye|[from] ability: Trace|[of] p1a: Skarmory
|move|p1a: Skarmory|Drill Peck|p2a: Orcus
|-damage|p2a: Orcus|47/100
|
|-heal|p1a: Skarmory|81/100|[from] item: Leftovers
|-heal|p2a: Orcus|53/100|[from] item: Leftovers
|upkeep
|turn|124
|
|t:|1728740649
|move|p1a: Skarmory|Protect|p1a: Skarmory
|-singleturn|p1a: Skarmory|Protect
|move|p2a: Orcus|Recover|p2a: Orcus
|-heal|p2a: Orcus|100/100
|
|-heal|p1a: Skarmory|87/100|[from] item: Leftovers
|upkeep
|turn|125
|
|t:|1728740653
|switch|p1a: Jirachi|Jirachi|100/100 par
|move|p2a: Orcus|Thunder Wave|p1a: Jirachi
|-fail|p1a: Jirachi|par
|
|upkeep
|turn|126
|c|☆bugcondition|one day ill twave ya
|
|t:|1728740669
|switch|p2a: Psyche|Jirachi|18/100
|-damage|p2a: Psyche|0 fnt|[from] Spikes
|faint|p2a: Psyche
|
|t:|1728740672
|switch|p2a: Callisto|Hariyama, F, shiny|100/100 slp
|-damage|p2a: Callisto|76/100 slp|[from] Spikes
|
|-heal|p2a: Callisto|82/100 slp|[from] item: Leftovers
|upkeep
|turn|127
|
|t:|1728740677
|switch|p1a: Milotic|Milotic, F|92/100
|cant|p2a: Callisto|slp
|move|p2a: Callisto|Sleep Talk|p2a: Callisto
|move|p2a: Callisto|Rest|p2a: Callisto|[from]Sleep Talk
|
|-heal|p1a: Milotic|98/100|[from] item: Leftovers
|-heal|p2a: Callisto|88/100 slp|[from] item: Leftovers
|upkeep
|turn|128
|
|t:|1728740684
|move|p1a: Milotic|Surf|p2a: Callisto
|-damage|p2a: Callisto|61/100 slp
|cant|p2a: Callisto|slp
|move|p2a: Callisto|Sleep Talk|p2a: Callisto
|move|p2a: Callisto|Rest|p2a: Callisto|[from]Sleep Talk
|
|-heal|p1a: Milotic|100/100|[from] item: Leftovers
|-heal|p2a: Callisto|67/100 slp|[from] item: Leftovers
|upkeep
|turn|129
|
|t:|1728740694
|move|p1a: Milotic|Toxic||[still]
|-fail|p1a: Milotic
|-curestatus|p2a: Callisto|slp|[msg]
|move|p2a: Callisto|Cross Chop|p1a: Milotic
|-damage|p1a: Milotic|72/100
|
|-heal|p1a: Milotic|78/100|[from] item: Leftovers
|-heal|p2a: Callisto|74/100|[from] item: Leftovers
|upkeep
|turn|130
|
|t:|1728740723
|switch|p2a: Ceres|Celebi|15/100
|-damage|p2a: Ceres|0 fnt|[from] Spikes
|faint|p2a: Ceres
|
|t:|1728740726
|switch|p2a: Orcus|Porygon2, shiny|100/100
|-damage|p2a: Orcus|76/100|[from] Spikes
|-ability|p2a: Orcus|Marvel Scale|[from] ability: Trace|[of] p1a: Milotic
|
|-heal|p1a: Milotic|84/100|[from] item: Leftovers
|-heal|p2a: Orcus|82/100|[from] item: Leftovers
|upkeep
|turn|131
|
|t:|1728740728
|move|p1a: Milotic|Toxic|p2a: Orcus
|-status|p2a: Orcus|tox
|move|p2a: Orcus|Ice Beam|p1a: Milotic
|-resisted|p1a: Milotic
|-damage|p1a: Milotic|76/100
|-status|p1a: Milotic|frz
|
|-heal|p1a: Milotic|82/100 frz|[from] item: Leftovers
|-heal|p2a: Orcus|88/100 tox|[from] item: Leftovers
|-damage|p2a: Orcus|82/100 tox|[from] psn
|upkeep
|turn|132
|
|t:|1728740743
|switch|p2a: Callisto|Hariyama, F, shiny|74/100
|-damage|p2a: Callisto|49/100|[from] Spikes
|cant|p1a: Milotic|frz
|
|-heal|p1a: Milotic|88/100 frz|[from] item: Leftovers
|-heal|p2a: Callisto|55/100|[from] item: Leftovers
|upkeep
|turn|133
|
|t:|1728740748
|cant|p1a: Milotic|frz
|move|p2a: Callisto|Rest|p2a: Callisto
|-status|p2a: Callisto|slp|[from] move: Rest
|-heal|p2a: Callisto|100/100 slp|[silent]
|
|-heal|p1a: Milotic|94/100 frz|[from] item: Leftovers
|upkeep
|turn|134
|
|t:|1728740754
|-curestatus|p1a: Milotic|frz|[msg]
|move|p1a: Milotic|Surf|p2a: Callisto
|-damage|p2a: Callisto|75/100 slp
|cant|p2a: Callisto|slp
|
|-heal|p1a: Milotic|100/100|[from] item: Leftovers
|-heal|p2a: Callisto|81/100 slp|[from] item: Leftovers
|upkeep
|turn|135
|
|t:|1728740771
|switch|p1a: Skarmory|Skarmory, M|87/100
|cant|p2a: Callisto|slp
|
|-heal|p1a: Skarmory|93/100|[from] item: Leftovers
|-heal|p2a: Callisto|87/100 slp|[from] item: Leftovers
|upkeep
|turn|136
|
|t:|1728740775
|-curestatus|p2a: Callisto|slp|[msg]
|move|p2a: Callisto|Hidden Power|p1a: Skarmory
|-resisted|p1a: Skarmory
|-damage|p1a: Skarmory|86/100
|move|p1a: Skarmory|Roar|p2a: Callisto
|drag|p2a: Orcus|Porygon2, shiny|82/100 tox
|-damage|p2a: Orcus|57/100 tox|[from] Spikes
|-ability|p2a: Orcus|Keen Eye|[from] ability: Trace|[of] p1a: Skarmory
|
|-heal|p1a: Skarmory|92/100|[from] item: Leftovers
|-heal|p2a: Orcus|63/100 tox|[from] item: Leftovers
|-damage|p2a: Orcus|57/100 tox|[from] psn
|upkeep
|turn|137
|
|t:|1728740782
|switch|p1a: Milotic|Milotic, F|100/100
|move|p2a: Orcus|Thunder Wave|p1a: Milotic
|-status|p1a: Milotic|par
|
|-heal|p2a: Orcus|63/100 tox|[from] item: Leftovers
|-damage|p2a: Orcus|51/100 tox|[from] psn
|upkeep
|turn|138
|
|t:|1728740788
|move|p2a: Orcus|Recover|p2a: Orcus
|-heal|p2a: Orcus|100/100 tox
|move|p1a: Milotic|Surf|p2a: Orcus
|-damage|p2a: Orcus|66/100 tox
|
|-heal|p2a: Orcus|72/100 tox|[from] item: Leftovers
|-damage|p2a: Orcus|54/100 tox|[from] psn
|upkeep
|turn|139
|
|t:|1728740795
|move|p2a: Orcus|Recover|p2a: Orcus
|-heal|p2a: Orcus|100/100 tox
|move|p1a: Milotic|Surf|p2a: Orcus
|-damage|p2a: Orcus|68/100 tox
|
|-heal|p2a: Orcus|74/100 tox|[from] item: Leftovers
|-damage|p2a: Orcus|49/100 tox|[from] psn
|upkeep
|turn|140
|
|t:|1728740802
|switch|p2a: Callisto|Hariyama, F, shiny|87/100
|-damage|p2a: Callisto|62/100|[from] Spikes
|move|p1a: Milotic|Surf|p2a: Callisto
|-damage|p2a: Callisto|37/100
|
|-heal|p2a: Callisto|43/100|[from] item: Leftovers
|upkeep
|turn|141
|
|t:|1728740810
|switch|p1a: Skarmory|Skarmory, M|92/100
|move|p2a: Callisto|Rest|p2a: Callisto
|-status|p2a: Callisto|slp|[from] move: Rest
|-heal|p2a: Callisto|100/100 slp|[silent]
|
|-heal|p1a: Skarmory|98/100|[from] item: Leftovers
|upkeep
|turn|142
|
|t:|1728740814
|switch|p2a: Orcus|Porygon2, shiny|49/100 tox
|-damage|p2a: Orcus|24/100 tox|[from] Spikes
|-ability|p2a: Orcus|Keen Eye|[from] ability: Trace|[of] p1a: Skarmory
|move|p1a: Skarmory|Drill Peck|p2a: Orcus
|-damage|p2a: Orcus|7/100 tox
|
|-heal|p1a: Skarmory|100/100|[from] item: Leftovers
|-heal|p2a: Orcus|14/100 tox|[from] item: Leftovers
|-damage|p2a: Orcus|7/100 tox|[from] psn
|upkeep
|turn|143
|
|t:|1728740818
|move|p1a: Skarmory|Drill Peck|p2a: Orcus
|-damage|p2a: Orcus|0 fnt
|faint|p2a: Orcus
|
|t:|1728740820
|switch|p2a: Callisto|Hariyama, F, shiny|100/100 slp
|-damage|p2a: Callisto|76/100 slp|[from] Spikes
|
|-heal|p2a: Callisto|82/100 slp|[from] item: Leftovers
|upkeep
|turn|144
|
|t:|1728740824
|move|p1a: Skarmory|Drill Peck|p2a: Callisto
|-supereffective|p2a: Callisto
|-damage|p2a: Callisto|37/100 slp
|cant|p2a: Callisto|slp
|
|-heal|p2a: Callisto|43/100 slp|[from] item: Leftovers
|upkeep
|turn|145
|
|t:|1728740827
|move|p1a: Skarmory|Drill Peck|p2a: Callisto
|-supereffective|p2a: Callisto
|-damage|p2a: Callisto|0 fnt
|faint|p2a: Callisto
|
|win|Sotina
|c|☆bugcondition|gg wp
|c|☆Sotina|ggs 
|player|p1|

</script>
<script type="application/json" class="data" id="replaydata-smogtours-gen3ou-797416">
{"id":"smogtours-gen3ou-797416","format":"[Gen 3] OU","players":["Sotina","bugcondition"],"uploadtime":1728740827,"views":82,"formatid":"gen3ou","rating":null,"private":0,"password":null}
</script>

<script defer src="js/replays.js?9d40a366"></script>
