<!DOCTYPE html>
<meta charset="utf-8" />
<meta name="viewport" content="width=device-width" />

<title>[Gen 3] OU: AutumnWailord vs. CCGeek - Replays - Pok&eacute;mon Showdown!</title>

<meta name="description" content="Watch a replay of a Pok&eacute;mon battle between AutumnWailord and CCGeek! Format: [Gen 3] OU; Date: Nov 9, 2024" />
<!--

Hey, you! Looking in the source for the replay log?

You can find them in JSON format, just add `.json` at the end of a replay URL.

https://replay.pokemonshowdown.com/gen7randomdoublesbattle-865046831.json

Or, if you only need the log itself, add `.log` instead:

https://replay.pokemonshowdown.com/gen7randomdoublesbattle-865046831.log

-->

<link rel="stylesheet" href="//pokemonshowdown.com/style/global.css?0.023195364461161105" />
<link rel="stylesheet" href="//play.pokemonshowdown.com/style/font-awesome.css?0.13261647063804238" />
<link rel="stylesheet" href="//play.pokemonshowdown.com/style/battle.css?0.8753245789963631" />
<link rel="stylesheet" href="//play.pokemonshowdown.com/style/utilichart.css?0.8627959624976733" />

<!-- Global site tag (gtag.js) - Google Analytics -->
<script async src="https://www.googletagmanager.com/gtag/js?id=UA-26211653-1"></script>
<script>
  window.dataLayer = window.dataLayer || [];
  function gtag(){dataLayer.push(arguments);}
  gtag('js', new Date());

  gtag('config', 'UA-26211653-1');
</script>
<!-- End Google Analytics -->
<!-- Venatus Ad Manager - Install in <HEAD> of page -->
	<script src="https://hb.vntsm.com/v3/live/ad-manager.min.js" type="text/javascript" data-site-id="642aba63ec9a7b11c3c9c1be" data-mode="scan" async></script>
<!-- / Venatus Ad Manager -->

<style>
	@media (max-width:820px) {
		.battle {
			margin: 0 auto;
		}
		.battle-log {
			margin: 7px auto 0;
			max-width: 640px;
			height: 300px;
			position: static;
		}
	}
	.optgroup {
		display: inline-block;
		line-height: 22px;
		font-size: 10pt;
	}
	.optgroup .button {
		height: 25px;
		padding-top: 0;
		padding-bottom: 0;
	}
	.optgroup button.button {
		padding-left: 12px;
		padding-right: 12px;
	}
	.linklist {
		list-style: none;
		margin: 0.5em 0;
		padding: 0;
	}
	.linklist li {
		padding: 2px 0;
	}
	.sidebar {
		float: left;
		width: 320px;
	}
	.bar-wrapper {
		max-width: 1100px;
		margin: 0 auto;
	}
	.bar-wrapper.has-sidebar {
		max-width: 1430px;
	}
	.mainbar {
		margin: 0;
		padding-right: 1px;
	}
	.mainbar.has-sidebar {
		margin-left: 330px;
	}
	@media (min-width: 1511px) {
		.sidebar {
			width: 400px;
		}
		.bar-wrapper.has-sidebar {
			max-width: 1510px;
		}
		.mainbar.has-sidebar {
			margin-left: 410px;
		}
	}
	.section.first-section {
		margin-top: 9px;
	}
	.blocklink small {
		white-space: normal;
	}
	.button {
		vertical-align: middle;
	}
	.replay-controls {
		padding-top: 10px;
	}
	.replay-controls h1 {
		font-size: 16pt;
		font-weight: normal;
		color: #CCC;
	}
	.pagelink {
		text-align: center;
	}
	.pagelink a {
		width: 150px;
	}
	.textbox, .button {
		font-size: 11pt;
		vertical-align: middle;
	}
	@media (max-width: 450px) {
		.button {
			font-size: 9pt;
		}
	}
</style>

<div>

	<header>
		<div class="nav-wrapper"><ul class="nav">
			<li><a class="button nav-first" href="//pokemonshowdown.com/"><img src="//pokemonshowdown.com/images/pokemonshowdownbeta.png" srcset="//pokemonshowdown.com/images/pokemonshowdownbeta.png 1x, //pokemonshowdown.com/images/pokemonshowdownbeta@2x.png 2x" alt="Pok&eacute;mon Showdown" width="146" height="44" /> Home</a></li>
			<li><a class="button" href="//pokemonshowdown.com/dex/">Pok&eacute;dex</a></li>
			<li><a class="button cur" href="/">Replays</a></li>
			<li><a class="button" href="//pokemonshowdown.com/ladder/">Ladder</a></li>
			<li><a class="button nav-last" href="//pokemonshowdown.com/forums/">Forum</a></li>
			<li><a class="button greenbutton nav-first nav-last" href="//play.pokemonshowdown.com/">Play</a></li>
		</ul></div>
	</header>

	<div class="main" id="main">

		<noscript><section class="section">You need to enable JavaScript to use this page; sorry!</section></noscript>

	</div>

</div>

<script defer nomodule src="//play.pokemonshowdown.com/js/lib/ps-polyfill.js"></script>
<script defer src="//play.pokemonshowdown.com/js/lib/preact.min.js"></script>

<script defer src="//play.pokemonshowdown.com/config/config.js?2bddbc15"></script>
<script defer src="//play.pokemonshowdown.com/js/lib/jquery-1.11.0.min.js"></script>
<script defer src="//play.pokemonshowdown.com/js/lib/html-sanitizer-minified.js"></script>
<script defer src="//play.pokemonshowdown.com/js/battle-sound.js"></script>
<script defer src="//play.pokemonshowdown.com/js/battledata.js?0.7209276989879541"></script>
<script defer src="//play.pokemonshowdown.com/data/pokedex-mini.js?0.6111056340867951"></script>
<script defer src="//play.pokemonshowdown.com/data/pokedex-mini-bw.js?0.3532142036491459"></script>
<script defer src="//play.pokemonshowdown.com/data/graphics.js?0.24223875632456182"></script>
<script defer src="//play.pokemonshowdown.com/data/pokedex.js?0.38839984266356864"></script>
<script defer src="//play.pokemonshowdown.com/data/moves.js?0.21866028504024015"></script>
<script defer src="//play.pokemonshowdown.com/data/abilities.js?0.2005157953846628"></script>
<script defer src="//play.pokemonshowdown.com/data/items.js?0.9894211263848525"></script>
<script defer src="//play.pokemonshowdown.com/data/teambuilder-tables.js?0.6008791140282215"></script>
<script defer src="//play.pokemonshowdown.com/js/battle-tooltips.js?0.7580118955022959"></script>
<script defer src="//play.pokemonshowdown.com/js/battle.js?0.6057722274234274"></script>

<script defer src="js/utils.js?e31f9a17"></script>
<script defer src="js/replays-battle.js?7008c182"></script>

<!-- don't scrape this data! just add .json or .log after the URL!
Full API docs: https://github.com/smogon/pokemon-showdown-client/blob/master/WEB-API.md -->
<script type="text/plain" class="log" id="replaylog-smogtours-gen3ou-805442">
|inactive|Battle timer is ON: inactive players will automatically lose when time's up.
|t:|1731168755
|gametype|singles
|player|p1|AutumnWailord|skyla-masters2|
|player|p2|CCGeek|selene-usum|
|teamsize|p1|6
|teamsize|p2|6
|gen|3
|tier|[Gen 3] OU
|rule|Sleep Clause Mod: Limit one foe put to sleep
|rule|Switch Priority Clause Mod: Faster Pokémon switch first
|rule|Species Clause: Limit one of each Pokémon
|rule|OHKO Clause: OHKO moves are banned
|rule|Evasion Items Clause: Evasion items are banned
|rule|Evasion Moves Clause: Evasion moves are banned
|rule|Endless Battle Clause: Forcing endless battles is banned
|rule|HP Percentage Mod: HP is shown in percentages
|rule|One Boost Passer Clause: Limit one Baton Passer that has a way to boost its stats
|rule|Freeze Clause Mod: Limit one foe frozen
|
|t:|1731168755
|start
|switch|p1a: Salamence|Salamence, M|100/100
|switch|p2a: Salamence|Salamence, M|100/100
|-ability|p1a: Salamence|Intimidate|boost
|-unboost|p2a: Salamence|atk|1
|-ability|p2a: Salamence|Intimidate|boost
|-unboost|p1a: Salamence|atk|1
|turn|1
|c|☆CCGeek|glhf
|inactive|AutumnWailord has 270 seconds left.
|inactive|CCGeek has 270 seconds left.
|c|☆AutumnWailord|glhf
|inactive|AutumnWailord has 240 seconds left.
|inactive|CCGeek has 240 seconds left.
|inactive|CCGeek has 210 seconds left.
|inactive|AutumnWailord has 210 seconds left.
|inactive|CCGeek has 180 seconds left.
|inactive|CCGeek has 150 seconds left.
|
|t:|1731168911
|switch|p1a: Metagross|Metagross|100/100
|switch|p2a: Suicune|Suicune|100/100
|
|upkeep
|turn|2
|inactive|CCGeek has 210 seconds left.
|inactive|AutumnWailord has 270 seconds left.
|
|t:|1731168922
|switch|p2a: Magneton|Magneton|100/100
|move|p1a: Metagross|Toxic|p2a: Magneton
|-immune|p2a: Magneton
|
|upkeep
|turn|3
|
|t:|1731168931
|switch|p2a: Skarmory|Skarmory, F|100/100
|move|p1a: Metagross|Earthquake|p2a: Skarmory
|-immune|p2a: Skarmory
|
|upkeep
|turn|4
|
|t:|1731168936
|switch|p1a: Magneton|Magneton|100/100
|move|p2a: Skarmory|Spikes|p1a: Magneton
|-sidestart|p1: AutumnWailord|Spikes
|
|upkeep
|turn|5
|
|t:|1731168942
|move|p1a: Magneton|Thunderbolt|p2a: Skarmory
|-supereffective|p2a: Skarmory
|-damage|p2a: Skarmory|4/100
|move|p2a: Skarmory|Roar|p1a: Magneton
|drag|p1a: Metagross|Metagross|100/100
|-damage|p1a: Metagross|88/100|[from] Spikes
|
|-heal|p2a: Skarmory|10/100|[from] item: Leftovers
|-heal|p1a: Metagross|94/100|[from] item: Leftovers
|upkeep
|turn|6
|
|t:|1731168951
|switch|p1a: Magneton|Magneton|100/100
|-damage|p1a: Magneton|88/100|[from] Spikes
|move|p2a: Skarmory|Roar|p1a: Magneton
|drag|p1a: Blissey|Blissey, F, shiny|100/100
|-damage|p1a: Blissey|88/100|[from] Spikes
|
|-heal|p2a: Skarmory|16/100|[from] item: Leftovers
|-heal|p1a: Blissey|94/100|[from] item: Leftovers
|upkeep
|turn|7
|inactive|CCGeek has 240 seconds left.
|
|t:|1731168957
|switch|p1a: Magneton|Magneton|88/100
|-damage|p1a: Magneton|76/100|[from] Spikes
|move|p2a: Skarmory|Spikes|p1a: Magneton
|-sidestart|p1: AutumnWailord|Spikes
|
|-heal|p2a: Skarmory|22/100|[from] item: Leftovers
|upkeep
|turn|8
|
|t:|1731168961
|move|p1a: Magneton|Thunderbolt|p2a: Skarmory
|-supereffective|p2a: Skarmory
|-damage|p2a: Skarmory|0 fnt
|faint|p2a: Skarmory
|inactive|CCGeek has 240 seconds left.
|
|t:|1731169003
|switch|p2a: Blissey|Blissey, F|100/100
|
|upkeep
|turn|9
|
|t:|1731169007
|move|p1a: Magneton|Toxic|p2a: Blissey|[miss]
|-miss|p1a: Magneton|p2a: Blissey
|move|p2a: Blissey|Seismic Toss|p1a: Magneton
|-damage|p1a: Magneton|37/100
|
|upkeep
|turn|10
|inactive|CCGeek has 210 seconds left.
|
|t:|1731169043
|move|p1a: Magneton|Thunderbolt|p2a: Blissey
|-damage|p2a: Blissey|78/100
|move|p2a: Blissey|Seismic Toss|p1a: Magneton
|-damage|p1a: Magneton|0 fnt
|faint|p1a: Magneton
|inactive|AutumnWailord has 270 seconds left.
|
|t:|1731169069
|switch|p1a: Metagross|Metagross|94/100
|-damage|p1a: Metagross|78/100|[from] Spikes
|
|-heal|p1a: Metagross|84/100|[from] item: Leftovers
|-heal|p2a: Blissey|84/100|[from] item: Leftovers
|upkeep
|turn|11
|inactive|CCGeek has 210 seconds left.
|
|t:|1731169088
|switch|p2a: Suicune|Suicune|100/100
|move|p1a: Metagross|Earthquake|p2a: Suicune
|-damage|p2a: Suicune|80/100
|
|-heal|p2a: Suicune|87/100|[from] item: Leftovers
|-heal|p1a: Metagross|90/100|[from] item: Leftovers
|upkeep
|turn|12
|
|t:|1731169109
|switch|p2a: Salamence|Salamence, M|100/100
|-ability|p2a: Salamence|Intimidate|boost
|-fail|p1a: Metagross|unboost|[from] ability: Clear Body|[of] p1a: Metagross
|move|p1a: Metagross|Toxic|p2a: Salamence
|-status|p2a: Salamence|tox
|
|-damage|p2a: Salamence|94/100 tox|[from] psn
|-heal|p1a: Metagross|96/100|[from] item: Leftovers
|upkeep
|turn|13
|
|t:|1731169118
|switch|p2a: Suicune|Suicune|87/100
|move|p1a: Metagross|Protect||[still]
|-fail|p1a: Metagross
|
|-heal|p2a: Suicune|93/100|[from] item: Leftovers
|-heal|p1a: Metagross|100/100|[from] item: Leftovers
|upkeep
|turn|14
|
|t:|1731169122
|move|p2a: Suicune|Calm Mind|p2a: Suicune
|-boost|p2a: Suicune|spa|1
|-boost|p2a: Suicune|spd|1
|move|p1a: Metagross|Toxic|p2a: Suicune
|-status|p2a: Suicune|tox
|
|-heal|p2a: Suicune|99/100 tox|[from] item: Leftovers
|-damage|p2a: Suicune|93/100 tox|[from] psn
|upkeep
|turn|15
|
|t:|1731169130
|move|p1a: Metagross|Protect|p1a: Metagross
|-singleturn|p1a: Metagross|Protect
|move|p2a: Suicune|Calm Mind|p2a: Suicune
|-boost|p2a: Suicune|spa|1
|-boost|p2a: Suicune|spd|1
|
|-heal|p2a: Suicune|99/100 tox|[from] item: Leftovers
|-damage|p2a: Suicune|87/100 tox|[from] psn
|upkeep
|turn|16
|
|t:|1731169138
|switch|p1a: Blissey|Blissey, F, shiny|94/100
|-damage|p1a: Blissey|78/100|[from] Spikes
|move|p2a: Suicune|Surf|p1a: Blissey
|-damage|p1a: Blissey|53/100
|
|-heal|p2a: Suicune|93/100 tox|[from] item: Leftovers
|-damage|p2a: Suicune|74/100 tox|[from] psn
|-heal|p1a: Blissey|59/100|[from] item: Leftovers
|upkeep
|turn|17
|
|t:|1731169147
|move|p2a: Suicune|Calm Mind|p2a: Suicune
|-boost|p2a: Suicune|spa|1
|-boost|p2a: Suicune|spd|1
|move|p1a: Blissey|Soft-Boiled|p1a: Blissey
|-heal|p1a: Blissey|100/100
|
|-heal|p2a: Suicune|80/100 tox|[from] item: Leftovers
|-damage|p2a: Suicune|55/100 tox|[from] psn
|upkeep
|turn|18
|
|t:|1731169164
|move|p2a: Suicune|Rest|p2a: Suicune
|-status|p2a: Suicune|slp|[from] move: Rest
|-heal|p2a: Suicune|100/100 slp|[silent]
|move|p1a: Blissey|Seismic Toss|p2a: Suicune
|-damage|p2a: Suicune|76/100 slp
|
|-heal|p2a: Suicune|82/100 slp|[from] item: Leftovers
|upkeep
|turn|19
|
|t:|1731169187
|cant|p2a: Suicune|slp
|move|p1a: Blissey|Seismic Toss|p2a: Suicune
|-damage|p2a: Suicune|57/100 slp
|
|-heal|p2a: Suicune|63/100 slp|[from] item: Leftovers
|upkeep
|turn|20
|
|t:|1731169191
|cant|p2a: Suicune|slp
|move|p1a: Blissey|Seismic Toss|p2a: Suicune
|-damage|p2a: Suicune|38/100 slp
|
|-heal|p2a: Suicune|44/100 slp|[from] item: Leftovers
|upkeep
|turn|21
|
|t:|1731169196
|-curestatus|p2a: Suicune|slp|[msg]
|move|p2a: Suicune|Rest|p2a: Suicune
|-status|p2a: Suicune|slp|[from] move: Rest
|-heal|p2a: Suicune|100/100 slp|[silent]
|move|p1a: Blissey|Seismic Toss|p2a: Suicune
|-damage|p2a: Suicune|76/100 slp
|
|-heal|p2a: Suicune|82/100 slp|[from] item: Leftovers
|upkeep
|turn|22
|
|t:|1731169203
|switch|p1a: Moltres|Moltres|100/100
|cant|p2a: Suicune|slp
|
|-heal|p2a: Suicune|88/100 slp|[from] item: Leftovers
|upkeep
|turn|23
|
|t:|1731169207
|cant|p2a: Suicune|slp
|move|p1a: Moltres|Roar|p2a: Suicune
|drag|p2a: Magneton|Magneton|100/100
|
|upkeep
|turn|24
|
|t:|1731169215
|switch|p2a: Blissey|Blissey, F|84/100
|move|p1a: Moltres|Flamethrower|p2a: Blissey
|-damage|p2a: Blissey|62/100
|
|-heal|p2a: Blissey|68/100|[from] item: Leftovers
|upkeep
|turn|25
|inactive|CCGeek has 270 seconds left.
|
|t:|1731169237
|switch|p1a: Metagross|Metagross|100/100
|-damage|p1a: Metagross|84/100|[from] Spikes
|switch|p2a: Metagross|Metagross|100/100
|
|-heal|p1a: Metagross|90/100|[from] item: Leftovers
|upkeep
|turn|26
|inactive|CCGeek has 270 seconds left.
|
|t:|1731169245
|move|p1a: Metagross|Protect|p1a: Metagross
|-singleturn|p1a: Metagross|Protect
|move|p2a: Metagross|Earthquake|p1a: Metagross
|-activate|p1a: Metagross|Protect
|
|-heal|p1a: Metagross|96/100|[from] item: Leftovers
|upkeep
|turn|27
|
|t:|1731169266
|switch|p2a: Suicune|Suicune|88/100 slp
|switch|p1a: Moltres|Moltres|100/100
|
|-heal|p2a: Suicune|94/100 slp|[from] item: Leftovers
|upkeep
|turn|28
|
|t:|1731169274
|switch|p1a: Blissey|Blissey, F, shiny|100/100
|-damage|p1a: Blissey|84/100|[from] Spikes
|-curestatus|p2a: Suicune|slp|[msg]
|move|p2a: Suicune|Calm Mind|p2a: Suicune
|-boost|p2a: Suicune|spa|1
|-boost|p2a: Suicune|spd|1
|
|-heal|p2a: Suicune|100/100|[from] item: Leftovers
|-heal|p1a: Blissey|90/100|[from] item: Leftovers
|upkeep
|turn|29
|
|t:|1731169281
|move|p2a: Suicune|Calm Mind|p2a: Suicune
|-boost|p2a: Suicune|spa|1
|-boost|p2a: Suicune|spd|1
|move|p1a: Blissey|Seismic Toss|p2a: Suicune
|-damage|p2a: Suicune|76/100
|
|-heal|p2a: Suicune|82/100|[from] item: Leftovers
|-heal|p1a: Blissey|96/100|[from] item: Leftovers
|upkeep
|turn|30
|
|t:|1731169286
|move|p2a: Suicune|Calm Mind|p2a: Suicune
|-boost|p2a: Suicune|spa|1
|-boost|p2a: Suicune|spd|1
|move|p1a: Blissey|Seismic Toss|p2a: Suicune
|-damage|p2a: Suicune|57/100
|
|-heal|p2a: Suicune|63/100|[from] item: Leftovers
|-heal|p1a: Blissey|100/100|[from] item: Leftovers
|upkeep
|turn|31
|
|t:|1731169303
|move|p2a: Suicune|Calm Mind|p2a: Suicune
|-boost|p2a: Suicune|spa|1
|-boost|p2a: Suicune|spd|1
|move|p1a: Blissey|Seismic Toss|p2a: Suicune
|-damage|p2a: Suicune|38/100
|
|-heal|p2a: Suicune|44/100|[from] item: Leftovers
|upkeep
|turn|32
|
|t:|1731169309
|move|p2a: Suicune|Surf|p1a: Blissey
|-damage|p1a: Blissey|67/100
|move|p1a: Blissey|Seismic Toss|p2a: Suicune
|-damage|p2a: Suicune|19/100
|
|-heal|p2a: Suicune|26/100|[from] item: Leftovers
|-heal|p1a: Blissey|73/100|[from] item: Leftovers
|upkeep
|turn|33
|
|t:|1731169317
|move|p2a: Suicune|Rest|p2a: Suicune
|-status|p2a: Suicune|slp|[from] move: Rest
|-heal|p2a: Suicune|100/100 slp|[silent]
|move|p1a: Blissey|Seismic Toss|p2a: Suicune
|-damage|p2a: Suicune|76/100 slp
|
|-heal|p2a: Suicune|82/100 slp|[from] item: Leftovers
|-heal|p1a: Blissey|79/100|[from] item: Leftovers
|upkeep
|turn|34
|
|t:|1731169326
|switch|p2a: Salamence|Salamence, M|94/100 tox
|-ability|p2a: Salamence|Intimidate|boost
|-unboost|p1a: Blissey|atk|1
|switch|p1a: Moltres|Moltres|100/100
|
|-damage|p2a: Salamence|88/100 tox|[from] psn
|upkeep
|turn|35
|
|t:|1731169334
|switch|p1a: Skarmory|Skarmory, M, shiny|100/100
|move|p2a: Salamence|Earthquake|p1a: Skarmory
|-immune|p1a: Skarmory
|
|-damage|p2a: Salamence|76/100 tox|[from] psn
|upkeep
|turn|36
|
|t:|1731169362
|switch|p2a: Magneton|Magneton|100/100
|switch|p1a: Moltres|Moltres|100/100
|
|upkeep
|turn|37
|
|t:|1731169375
|switch|p2a: Blissey|Blissey, F|68/100
|move|p1a: Moltres|Flamethrower|p2a: Blissey
|-damage|p2a: Blissey|46/100
|
|-heal|p2a: Blissey|53/100|[from] item: Leftovers
|upkeep
|turn|38
|
|t:|1731169389
|move|p1a: Moltres|Will-O-Wisp|p2a: Blissey|[miss]
|-miss|p1a: Moltres|p2a: Blissey
|move|p2a: Blissey|Soft-Boiled|p2a: Blissey
|-heal|p2a: Blissey|100/100
|
|upkeep
|turn|39
|inactive|AutumnWailord has 270 seconds left.
|
|t:|1731169412
|switch|p1a: Metagross|Metagross|96/100
|-damage|p1a: Metagross|80/100|[from] Spikes
|move|p2a: Blissey|Seismic Toss|p1a: Metagross
|-damage|p1a: Metagross|52/100
|
|-heal|p1a: Metagross|58/100|[from] item: Leftovers
|upkeep
|turn|40
|
|t:|1731169434
|move|p1a: Metagross|Meteor Mash|p2a: Blissey
|-damage|p2a: Blissey|46/100
|-boost|p1a: Metagross|atk|1
|move|p2a: Blissey|Seismic Toss|p1a: Metagross
|-damage|p1a: Metagross|31/100
|
|-heal|p1a: Metagross|37/100|[from] item: Leftovers
|-heal|p2a: Blissey|52/100|[from] item: Leftovers
|upkeep
|turn|41
|
|t:|1731169445
|switch|p2a: Metagross|Metagross|100/100
|move|p1a: Metagross|Earthquake|p2a: Metagross
|-supereffective|p2a: Metagross
|-damage|p2a: Metagross|27/100
|
|-heal|p1a: Metagross|43/100|[from] item: Leftovers
|-heal|p2a: Metagross|33/100|[from] item: Leftovers
|upkeep
|turn|42
|
|t:|1731169460
|move|p1a: Metagross|Earthquake|p2a: Metagross
|-supereffective|p2a: Metagross
|-damage|p2a: Metagross|0 fnt
|faint|p2a: Metagross
|
|t:|1731169464
|switch|p2a: Magneton|Magneton|100/100
|
|-heal|p1a: Metagross|49/100|[from] item: Leftovers
|upkeep
|turn|43
|
|t:|1731169471
|move|p1a: Metagross|Protect|p1a: Metagross
|-singleturn|p1a: Metagross|Protect
|move|p2a: Magneton|Thunderbolt|p1a: Metagross
|-activate|p1a: Metagross|Protect
|
|-heal|p1a: Metagross|55/100|[from] item: Leftovers
|upkeep
|turn|44
|
|t:|1731169489
|move|p1a: Metagross|Protect|p1a: Metagross
|-singleturn|p1a: Metagross|Protect
|move|p2a: Magneton|Thunderbolt|p1a: Metagross
|-activate|p1a: Metagross|Protect
|
|-heal|p1a: Metagross|61/100|[from] item: Leftovers
|upkeep
|turn|45
|
|t:|1731169493
|move|p2a: Magneton|Thunderbolt|p1a: Metagross
|-damage|p1a: Metagross|0 fnt
|faint|p1a: Metagross
|
|t:|1731169505
|switch|p1a: Salamence|Salamence, M|100/100
|-ability|p1a: Salamence|Intimidate|boost
|-unboost|p2a: Magneton|atk|1
|
|upkeep
|turn|46
|inactive|AutumnWailord has 270 seconds left.
|
|t:|1731169537
|switch|p2a: Suicune|Suicune|82/100 slp
|move|p1a: Salamence|Brick Break|p2a: Suicune
|-damage|p2a: Suicune|56/100 slp
|
|-heal|p2a: Suicune|63/100 slp|[from] item: Leftovers
|upkeep
|turn|47
|inactive|AutumnWailord has 270 seconds left.
|
|t:|1731169573
|switch|p1a: Moltres|Moltres|100/100
|cant|p2a: Suicune|slp
|
|-heal|p2a: Suicune|69/100 slp|[from] item: Leftovers
|upkeep
|turn|48
|
|t:|1731169578
|switch|p2a: Blissey|Blissey, F|52/100
|move|p1a: Moltres|Hidden Power|p2a: Blissey
|-damage|p2a: Blissey|42/100
|
|-heal|p2a: Blissey|48/100|[from] item: Leftovers
|upkeep
|turn|49
|
|t:|1731169589
|switch|p2a: Magneton|Magneton|100/100
|move|p1a: Moltres|Will-O-Wisp|p2a: Magneton
|-status|p2a: Magneton|brn
|
|-damage|p2a: Magneton|88/100 brn|[from] brn
|upkeep
|turn|50
|inactive|AutumnWailord has 270 seconds left.
|
|t:|1731169595
|switch|p2a: Blissey|Blissey, F|48/100
|move|p1a: Moltres|Flamethrower|p2a: Blissey
|-damage|p2a: Blissey|27/100
|
|-heal|p2a: Blissey|33/100|[from] item: Leftovers
|upkeep
|turn|51
|
|t:|1731169601
|move|p1a: Moltres|Flamethrower|p2a: Blissey
|-crit|p2a: Blissey
|-damage|p2a: Blissey|0 fnt
|faint|p2a: Blissey
|
|t:|1731169609
|switch|p2a: Salamence|Salamence, M|76/100 tox
|-ability|p2a: Salamence|Intimidate|boost
|-unboost|p1a: Moltres|atk|1
|
|-damage|p2a: Salamence|70/100 tox|[from] psn
|upkeep
|turn|52
|inactive|AutumnWailord has 270 seconds left.
|
|t:|1731169633
|switch|p1a: Skarmory|Skarmory, M, shiny|100/100
|move|p2a: Salamence|Rock Slide|p1a: Skarmory
|-damage|p1a: Skarmory|66/100
|
|-damage|p2a: Salamence|58/100 tox|[from] psn
|-heal|p1a: Skarmory|72/100|[from] item: Leftovers
|upkeep
|turn|53
|inactive|AutumnWailord has 270 seconds left.
|
|t:|1731169646
|move|p2a: Salamence|Rock Slide|p1a: Skarmory
|-damage|p1a: Skarmory|36/100
|move|p1a: Skarmory|Spikes|p2a: Salamence
|-sidestart|p2: CCGeek|Spikes
|
|-damage|p2a: Salamence|40/100 tox|[from] psn
|-heal|p1a: Skarmory|42/100|[from] item: Leftovers
|upkeep
|turn|54
|
|t:|1731169653
|switch|p2a: Magneton|Magneton|88/100 brn
|-damage|p2a: Magneton|76/100 brn|[from] Spikes
|move|p1a: Skarmory|Spikes|p2a: Magneton
|-sidestart|p2: CCGeek|Spikes
|
|-damage|p2a: Magneton|63/100 brn|[from] brn
|-heal|p1a: Skarmory|48/100|[from] item: Leftovers
|upkeep
|turn|55
|
|t:|1731169658
|move|p1a: Skarmory|Protect|p1a: Skarmory
|-singleturn|p1a: Skarmory|Protect
|move|p2a: Magneton|Thunderbolt|p1a: Skarmory
|-activate|p1a: Skarmory|Protect
|
|-damage|p2a: Magneton|51/100 brn|[from] brn
|-heal|p1a: Skarmory|54/100|[from] item: Leftovers
|upkeep
|turn|56
|
|t:|1731169662
|move|p1a: Skarmory|Protect|p1a: Skarmory
|-singleturn|p1a: Skarmory|Protect
|move|p2a: Magneton|Thunderbolt|p1a: Skarmory
|-activate|p1a: Skarmory|Protect
|
|-damage|p2a: Magneton|39/100 brn|[from] brn
|-heal|p1a: Skarmory|60/100|[from] item: Leftovers
|upkeep
|turn|57
|
|t:|1731169666
|move|p1a: Skarmory|Protect|p1a: Skarmory
|-singleturn|p1a: Skarmory|Protect
|move|p2a: Magneton|Thunderbolt|p1a: Skarmory
|-activate|p1a: Skarmory|Protect
|
|-damage|p2a: Magneton|26/100 brn|[from] brn
|-heal|p1a: Skarmory|66/100|[from] item: Leftovers
|upkeep
|turn|58
|
|t:|1731169669
|move|p1a: Skarmory|Protect||[still]
|-fail|p1a: Skarmory
|move|p2a: Magneton|Thunderbolt|p1a: Skarmory
|-supereffective|p1a: Skarmory
|-damage|p1a: Skarmory|0 fnt
|faint|p1a: Skarmory
|
|t:|1731169692
|switch|p1a: Salamence|Salamence, M|100/100
|-ability|p1a: Salamence|Intimidate|boost
|-unboost|p2a: Magneton|atk|1
|
|-damage|p2a: Magneton|14/100 brn|[from] brn
|upkeep
|turn|59
|
|t:|1731169701
|move|p1a: Salamence|Hidden Power|p2a: Magneton
|-resisted|p2a: Magneton
|-damage|p2a: Magneton|0 fnt
|faint|p2a: Magneton
|
|t:|1731169725
|switch|p2a: Suicune|Suicune|69/100 slp
|-damage|p2a: Suicune|52/100 slp|[from] Spikes
|
|-heal|p2a: Suicune|59/100 slp|[from] item: Leftovers
|upkeep
|turn|60
|
|t:|1731169731
|move|p1a: Salamence|Hidden Power|p2a: Suicune
|-damage|p2a: Suicune|26/100 slp
|cant|p2a: Suicune|slp
|
|-heal|p2a: Suicune|32/100 slp|[from] item: Leftovers
|upkeep
|turn|61
|
|t:|1731169745
|move|p1a: Salamence|Hidden Power|p2a: Suicune
|-damage|p2a: Suicune|0 fnt
|faint|p2a: Suicune
|c|☆CCGeek|wait did i just throw
|
|t:|1731169757
|switch|p2a: Salamence|Salamence, M|40/100 tox
|-ability|p2a: Salamence|Intimidate|boost
|-unboost|p1a: Salamence|atk|1
|
|-damage|p2a: Salamence|34/100 tox|[from] psn
|upkeep
|turn|62
|
|t:|1731169767
|switch|p1a: Moltres|Moltres|100/100
|move|p2a: Salamence|Rock Slide|p1a: Moltres
|-supereffective|p1a: Moltres
|-damage|p1a: Moltres|0 fnt
|faint|p1a: Moltres
|
|t:|1731169771
|switch|p1a: Salamence|Salamence, M|100/100
|-ability|p1a: Salamence|Intimidate|boost
|-unboost|p2a: Salamence|atk|1
|
|-damage|p2a: Salamence|22/100 tox|[from] psn
|upkeep
|turn|63
|
|t:|1731169781
|switch|p1a: Blissey|Blissey, F, shiny|79/100
|-damage|p1a: Blissey|62/100|[from] Spikes
|move|p2a: Salamence|Rock Slide|p1a: Blissey
|-damage|p1a: Blissey|34/100
|
|-damage|p2a: Salamence|4/100 tox|[from] psn
|-heal|p1a: Blissey|40/100|[from] item: Leftovers
|upkeep
|turn|64
|
|t:|1731169789
|move|p2a: Salamence|Rock Slide|p1a: Blissey
|-damage|p1a: Blissey|13/100
|cant|p1a: Blissey|flinch
|
|-damage|p2a: Salamence|0 fnt|[from] psn
|faint|p2a: Salamence
|
|win|AutumnWailord
|upkeep
|c|☆AutumnWailord|wp
|c|☆CCGeek|gg
|player|p1|

</script>
<script type="application/json" class="data" id="replaydata-smogtours-gen3ou-805442">
{"id":"smogtours-gen3ou-805442","format":"[Gen 3] OU","players":["AutumnWailord","CCGeek"],"uploadtime":1731169789,"views":16,"formatid":"gen3ou","rating":null,"private":0,"password":null}
</script>

<script defer src="js/replays.js?9d40a366"></script>
