<!DOCTYPE html>
<meta charset="utf-8" />
<meta name="viewport" content="width=device-width" />

<title>[Gen 3] OU: garhamsandich vs. dunsparce_real - Replays - Pok&eacute;mon Showdown!</title>

<meta name="description" content="Watch a replay of a Pok&eacute;mon battle between garhamsandich and dunsparce_real! Format: [Gen 3] OU; Date: Oct 15, 2024" />
<!--

Hey, you! Looking in the source for the replay log?

You can find them in JSON format, just add `.json` at the end of a replay URL.

https://replay.pokemonshowdown.com/gen7randomdoublesbattle-865046831.json

Or, if you only need the log itself, add `.log` instead:

https://replay.pokemonshowdown.com/gen7randomdoublesbattle-865046831.log

-->

<link rel="stylesheet" href="//pokemonshowdown.com/style/global.css?0.023195364461161105" />
<link rel="stylesheet" href="//play.pokemonshowdown.com/style/font-awesome.css?0.13261647063804238" />
<link rel="stylesheet" href="//play.pokemonshowdown.com/style/battle.css?0.8753245789963631" />
<link rel="stylesheet" href="//play.pokemonshowdown.com/style/utilichart.css?0.8627959624976733" />

<!-- Global site tag (gtag.js) - Google Analytics -->
<script async src="https://www.googletagmanager.com/gtag/js?id=UA-26211653-1"></script>
<script>
  window.dataLayer = window.dataLayer || [];
  function gtag(){dataLayer.push(arguments);}
  gtag('js', new Date());

  gtag('config', 'UA-26211653-1');
</script>
<!-- End Google Analytics -->
<!-- Venatus Ad Manager - Install in <HEAD> of page -->
	<script src="https://hb.vntsm.com/v3/live/ad-manager.min.js" type="text/javascript" data-site-id="642aba63ec9a7b11c3c9c1be" data-mode="scan" async></script>
<!-- / Venatus Ad Manager -->

<style>
	@media (max-width:820px) {
		.battle {
			margin: 0 auto;
		}
		.battle-log {
			margin: 7px auto 0;
			max-width: 640px;
			height: 300px;
			position: static;
		}
	}
	.optgroup {
		display: inline-block;
		line-height: 22px;
		font-size: 10pt;
	}
	.optgroup .button {
		height: 25px;
		padding-top: 0;
		padding-bottom: 0;
	}
	.optgroup button.button {
		padding-left: 12px;
		padding-right: 12px;
	}
	.linklist {
		list-style: none;
		margin: 0.5em 0;
		padding: 0;
	}
	.linklist li {
		padding: 2px 0;
	}
	.sidebar {
		float: left;
		width: 320px;
	}
	.bar-wrapper {
		max-width: 1100px;
		margin: 0 auto;
	}
	.bar-wrapper.has-sidebar {
		max-width: 1430px;
	}
	.mainbar {
		margin: 0;
		padding-right: 1px;
	}
	.mainbar.has-sidebar {
		margin-left: 330px;
	}
	@media (min-width: 1511px) {
		.sidebar {
			width: 400px;
		}
		.bar-wrapper.has-sidebar {
			max-width: 1510px;
		}
		.mainbar.has-sidebar {
			margin-left: 410px;
		}
	}
	.section.first-section {
		margin-top: 9px;
	}
	.blocklink small {
		white-space: normal;
	}
	.button {
		vertical-align: middle;
	}
	.replay-controls {
		padding-top: 10px;
	}
	.replay-controls h1 {
		font-size: 16pt;
		font-weight: normal;
		color: #CCC;
	}
	.pagelink {
		text-align: center;
	}
	.pagelink a {
		width: 150px;
	}
	.textbox, .button {
		font-size: 11pt;
		vertical-align: middle;
	}
	@media (max-width: 450px) {
		.button {
			font-size: 9pt;
		}
	}
</style>

<div>

	<header>
		<div class="nav-wrapper"><ul class="nav">
			<li><a class="button nav-first" href="//pokemonshowdown.com/"><img src="//pokemonshowdown.com/images/pokemonshowdownbeta.png" srcset="//pokemonshowdown.com/images/pokemonshowdownbeta.png 1x, //pokemonshowdown.com/images/pokemonshowdownbeta@2x.png 2x" alt="Pok&eacute;mon Showdown" width="146" height="44" /> Home</a></li>
			<li><a class="button" href="//pokemonshowdown.com/dex/">Pok&eacute;dex</a></li>
			<li><a class="button cur" href="/">Replays</a></li>
			<li><a class="button" href="//pokemonshowdown.com/ladder/">Ladder</a></li>
			<li><a class="button nav-last" href="//pokemonshowdown.com/forums/">Forum</a></li>
			<li><a class="button greenbutton nav-first nav-last" href="//play.pokemonshowdown.com/">Play</a></li>
		</ul></div>
	</header>

	<div class="main" id="main">

		<noscript><section class="section">You need to enable JavaScript to use this page; sorry!</section></noscript>

	</div>

</div>

<script defer nomodule src="//play.pokemonshowdown.com/js/lib/ps-polyfill.js"></script>
<script defer src="//play.pokemonshowdown.com/js/lib/preact.min.js"></script>

<script defer src="//play.pokemonshowdown.com/config/config.js?2bddbc15"></script>
<script defer src="//play.pokemonshowdown.com/js/lib/jquery-1.11.0.min.js"></script>
<script defer src="//play.pokemonshowdown.com/js/lib/html-sanitizer-minified.js"></script>
<script defer src="//play.pokemonshowdown.com/js/battle-sound.js"></script>
<script defer src="//play.pokemonshowdown.com/js/battledata.js?0.7209276989879541"></script>
<script defer src="//play.pokemonshowdown.com/data/pokedex-mini.js?0.6111056340867951"></script>
<script defer src="//play.pokemonshowdown.com/data/pokedex-mini-bw.js?0.3532142036491459"></script>
<script defer src="//play.pokemonshowdown.com/data/graphics.js?0.24223875632456182"></script>
<script defer src="//play.pokemonshowdown.com/data/pokedex.js?0.38839984266356864"></script>
<script defer src="//play.pokemonshowdown.com/data/moves.js?0.21866028504024015"></script>
<script defer src="//play.pokemonshowdown.com/data/abilities.js?0.2005157953846628"></script>
<script defer src="//play.pokemonshowdown.com/data/items.js?0.9894211263848525"></script>
<script defer src="//play.pokemonshowdown.com/data/teambuilder-tables.js?0.6008791140282215"></script>
<script defer src="//play.pokemonshowdown.com/js/battle-tooltips.js?0.7580118955022959"></script>
<script defer src="//play.pokemonshowdown.com/js/battle.js?0.6057722274234274"></script>

<script defer src="js/utils.js?e31f9a17"></script>
<script defer src="js/replays-battle.js?7008c182"></script>

<!-- don't scrape this data! just add .json or .log after the URL!
Full API docs: https://github.com/smogon/pokemon-showdown-client/blob/master/WEB-API.md -->
<script type="text/plain" class="log" id="replaylog-smogtours-gen3ou-798865">
|inactive|Battle timer is ON: inactive players will automatically lose when time's up.
|t:|1728955964
|gametype|singles
|player|p1|garhamsandich|101|
|player|p2|dunsparce_real|guitarist|
|teamsize|p1|6
|teamsize|p2|6
|gen|3
|tier|[Gen 3] OU
|rule|Sleep Clause Mod: Limit one foe put to sleep
|rule|Switch Priority Clause Mod: Faster Pokémon switch first
|rule|Species Clause: Limit one of each Pokémon
|rule|OHKO Clause: OHKO moves are banned
|rule|Evasion Items Clause: Evasion items are banned
|rule|Evasion Moves Clause: Evasion moves are banned
|rule|Endless Battle Clause: Forcing endless battles is banned
|rule|HP Percentage Mod: HP is shown in percentages
|rule|One Boost Passer Clause: Limit one Baton Passer that has a way to boost its stats
|rule|Freeze Clause Mod: Limit one foe frozen
|
|t:|1728955964
|start
|switch|p1a: Tyranitar|Tyranitar, F|100/100
|switch|p2a: Stapler|Skarmory, M|100/100
|-weather|Sandstorm|[from] ability: Sand Stream|[of] p1a: Tyranitar
|turn|1
|c|☆dunsparce_real|glhf
|c|☆garhamsandich|u2
|
|t:|1728955972
|-singleturn|p1a: Tyranitar|move: Focus Punch
|move|p2a: Stapler|Spikes|p1a: Tyranitar
|-sidestart|p1: garhamsandich|Spikes
|move|p1a: Tyranitar|Focus Punch|p2a: Stapler
|-damage|p2a: Stapler|57/100
|
|-weather|Sandstorm|[upkeep]
|-heal|p2a: Stapler|63/100|[from] item: Leftovers
|upkeep
|turn|2
|
|t:|1728955981
|-singleturn|p1a: Tyranitar|move: Focus Punch
|move|p2a: Stapler|Toxic|p1a: Tyranitar
|-status|p1a: Tyranitar|tox
|move|p1a: Tyranitar|Focus Punch|p2a: Stapler
|-damage|p2a: Stapler|17/100
|
|-weather|Sandstorm|[upkeep]
|-heal|p2a: Stapler|23/100|[from] item: Leftovers
|-damage|p1a: Tyranitar|94/100 tox|[from] psn
|upkeep
|turn|3
|
|t:|1728955984
|switch|p1a: Skarmory|Skarmory, M|100/100
|move|p2a: Stapler|Protect||[still]
|-fail|p2a: Stapler
|
|-weather|Sandstorm|[upkeep]
|-heal|p2a: Stapler|29/100|[from] item: Leftovers
|upkeep
|turn|4
|
|t:|1728955988
|switch|p2a: The Geng|Gengar, M|100/100
|move|p1a: Skarmory|Taunt|p2a: The Geng
|-start|p2a: The Geng|move: Taunt
|
|-weather|Sandstorm|[upkeep]
|-damage|p2a: The Geng|94/100|[from] Sandstorm
|-heal|p2a: The Geng|100/100|[from] item: Leftovers
|upkeep
|turn|5
|
|t:|1728955993
|switch|p1a: Celebi|Celebi|100/100
|-damage|p1a: Celebi|88/100|[from] Spikes
|move|p2a: The Geng|Thunderbolt|p1a: Celebi
|-resisted|p1a: Celebi
|-damage|p1a: Celebi|76/100
|
|-weather|Sandstorm|[upkeep]
|-damage|p2a: The Geng|94/100|[from] Sandstorm
|-damage|p1a: Celebi|70/100|[from] Sandstorm
|-heal|p2a: The Geng|100/100|[from] item: Leftovers
|-end|p2a: The Geng|move: Taunt|[silent]
|-heal|p1a: Celebi|76/100|[from] item: Leftovers
|upkeep
|turn|6
|
|t:|1728956010
|switch|p2a: SUPERCOMPUTER|Metagross|100/100
|move|p1a: Celebi|Leech Seed|p2a: SUPERCOMPUTER
|-start|p2a: SUPERCOMPUTER|move: Leech Seed
|
|-weather|Sandstorm|[upkeep]
|-damage|p1a: Celebi|70/100|[from] Sandstorm
|-heal|p1a: Celebi|76/100|[from] item: Leftovers
|-damage|p2a: SUPERCOMPUTER|88/100|[from] Leech Seed|[of] p1a: Celebi
|-heal|p1a: Celebi|88/100|[silent]
|upkeep
|turn|7
|
|t:|1728956015
|switch|p1a: Skarmory|Skarmory, M|100/100
|move|p2a: SUPERCOMPUTER|Meteor Mash|p1a: Skarmory|[miss]
|-miss|p2a: SUPERCOMPUTER|p1a: Skarmory
|
|-weather|Sandstorm|[upkeep]
|-heal|p2a: SUPERCOMPUTER|94/100|[from] item: Leftovers
|-damage|p2a: SUPERCOMPUTER|82/100|[from] Leech Seed|[of] p1a: Skarmory
|upkeep
|turn|8
|
|t:|1728956021
|switch|p2a: The Geng|Gengar, M|100/100
|move|p1a: Skarmory|Spikes|p2a: The Geng
|-sidestart|p2: dunsparce_real|Spikes
|
|-weather|Sandstorm|[upkeep]
|-damage|p2a: The Geng|94/100|[from] Sandstorm
|-heal|p2a: The Geng|100/100|[from] item: Leftovers
|upkeep
|turn|9
|
|t:|1728956025
|switch|p1a: Celebi|Celebi|88/100
|-damage|p1a: Celebi|76/100|[from] Spikes
|move|p2a: The Geng|Will-O-Wisp|p1a: Celebi
|-status|p1a: Celebi|brn
|
|-weather|Sandstorm|[upkeep]
|-damage|p2a: The Geng|94/100|[from] Sandstorm
|-damage|p1a: Celebi|70/100 brn|[from] Sandstorm
|-heal|p2a: The Geng|100/100|[from] item: Leftovers
|-heal|p1a: Celebi|76/100 brn|[from] item: Leftovers
|-damage|p1a: Celebi|64/100 brn|[from] brn
|upkeep
|turn|10
|
|t:|1728956041
|move|p2a: The Geng|Ice Punch|p1a: Celebi
|-supereffective|p1a: Celebi
|-damage|p1a: Celebi|20/100 brn
|move|p1a: Celebi|Psychic|p2a: The Geng
|-supereffective|p2a: The Geng
|-damage|p2a: The Geng|0 fnt
|faint|p2a: The Geng
|
|t:|1728956052
|switch|p2a: Garlic|Jolteon, F|100/100
|-damage|p2a: Garlic|88/100|[from] Spikes
|
|-weather|Sandstorm|[upkeep]
|-damage|p2a: Garlic|82/100|[from] Sandstorm
|-damage|p1a: Celebi|14/100 brn|[from] Sandstorm
|-heal|p2a: Garlic|88/100|[from] item: Leftovers
|-heal|p1a: Celebi|20/100 brn|[from] item: Leftovers
|-damage|p1a: Celebi|8/100 brn|[from] brn
|upkeep
|turn|11
|
|t:|1728956055
|move|p2a: Garlic|Thunderbolt|p1a: Celebi
|-resisted|p1a: Celebi
|-damage|p1a: Celebi|0 fnt
|faint|p1a: Celebi
|
|t:|1728956059
|switch|p1a: Tyranitar|Tyranitar, F|94/100 tox
|-damage|p1a: Tyranitar|82/100 tox|[from] Spikes
|
|-weather|Sandstorm|[upkeep]
|-damage|p2a: Garlic|82/100|[from] Sandstorm
|-heal|p2a: Garlic|88/100|[from] item: Leftovers
|-heal|p1a: Tyranitar|88/100 tox|[from] item: Leftovers
|-damage|p1a: Tyranitar|82/100 tox|[from] psn
|upkeep
|turn|12
|
|t:|1728956064
|move|p2a: Garlic|Baton Pass|p2a: Garlic
|
|t:|1728956070
|switch|p2a: Stapler|Skarmory, M|29/100|[from] Baton Pass
|move|p1a: Tyranitar|Rock Slide|p2a: Stapler
|-damage|p2a: Stapler|0 fnt
|faint|p2a: Stapler
|
|t:|1728956074
|switch|p2a: Shrek 2|Swampert, F|100/100
|-damage|p2a: Shrek 2|88/100|[from] Spikes
|
|-weather|Sandstorm|[upkeep]
|-heal|p2a: Shrek 2|94/100|[from] item: Leftovers
|-heal|p1a: Tyranitar|88/100 tox|[from] item: Leftovers
|-damage|p1a: Tyranitar|76/100 tox|[from] psn
|upkeep
|turn|13
|
|t:|1728956082
|-singleturn|p2a: Shrek 2|move: Focus Punch
|switch|p1a: Gengar|Gengar, F|100/100
|move|p2a: Shrek 2|Focus Punch|p1a: Gengar
|-immune|p1a: Gengar
|
|-weather|Sandstorm|[upkeep]
|-damage|p1a: Gengar|94/100|[from] Sandstorm
|-heal|p1a: Gengar|100/100|[from] item: Leftovers
|-heal|p2a: Shrek 2|100/100|[from] item: Leftovers
|upkeep
|turn|14
|
|t:|1728956113
|switch|p2a: SUPERCOMPUTER|Metagross|82/100
|-damage|p2a: SUPERCOMPUTER|70/100|[from] Spikes
|move|p1a: Gengar|Ice Punch|p2a: SUPERCOMPUTER
|-resisted|p2a: SUPERCOMPUTER
|-damage|p2a: SUPERCOMPUTER|58/100
|
|-weather|Sandstorm|[upkeep]
|-damage|p1a: Gengar|94/100|[from] Sandstorm
|-heal|p1a: Gengar|100/100|[from] item: Leftovers
|-heal|p2a: SUPERCOMPUTER|64/100|[from] item: Leftovers
|upkeep
|turn|15
|
|t:|1728956122
|switch|p1a: Swampert|Swampert, M|100/100
|-damage|p1a: Swampert|88/100|[from] Spikes
|move|p2a: SUPERCOMPUTER|Agility|p2a: SUPERCOMPUTER
|-boost|p2a: SUPERCOMPUTER|spe|2
|
|-weather|Sandstorm|[upkeep]
|-heal|p2a: SUPERCOMPUTER|70/100|[from] item: Leftovers
|-heal|p1a: Swampert|94/100|[from] item: Leftovers
|upkeep
|turn|16
|
|t:|1728956142
|move|p2a: SUPERCOMPUTER|Meteor Mash|p1a: Swampert
|-resisted|p1a: Swampert
|-damage|p1a: Swampert|66/100
|move|p1a: Swampert|Earthquake|p2a: SUPERCOMPUTER
|-supereffective|p2a: SUPERCOMPUTER
|-damage|p2a: SUPERCOMPUTER|9/100
|
|-weather|Sandstorm|[upkeep]
|-heal|p2a: SUPERCOMPUTER|15/100|[from] item: Leftovers
|-heal|p1a: Swampert|72/100|[from] item: Leftovers
|upkeep
|turn|17
|inactive|dunsparce_real has 270 seconds left.
|
|t:|1728956168
|switch|p2a: Shrek 2|Swampert, F|100/100
|-damage|p2a: Shrek 2|88/100|[from] Spikes
|move|p1a: Swampert|Earthquake|p2a: Shrek 2
|-damage|p2a: Shrek 2|52/100
|
|-weather|Sandstorm|[upkeep]
|-heal|p1a: Swampert|78/100|[from] item: Leftovers
|-heal|p2a: Shrek 2|59/100|[from] item: Leftovers
|upkeep
|turn|18
|
|t:|1728956174
|switch|p1a: Gengar|Gengar, F|100/100
|move|p2a: Shrek 2|Hydro Pump|p1a: Gengar
|-damage|p1a: Gengar|37/100
|
|-weather|Sandstorm|[upkeep]
|-damage|p1a: Gengar|31/100|[from] Sandstorm
|-heal|p1a: Gengar|37/100|[from] item: Leftovers
|-heal|p2a: Shrek 2|65/100|[from] item: Leftovers
|upkeep
|turn|19
|
|t:|1728956186
|switch|p2a: SUPERCOMPUTER|Metagross|15/100
|-damage|p2a: SUPERCOMPUTER|3/100|[from] Spikes
|move|p1a: Gengar|Giga Drain|p2a: SUPERCOMPUTER
|-resisted|p2a: SUPERCOMPUTER
|-damage|p2a: SUPERCOMPUTER|0 fnt
|-heal|p1a: Gengar|38/100|[from] drain|[of] p2a: SUPERCOMPUTER
|faint|p2a: SUPERCOMPUTER
|
|t:|1728956192
|switch|p2a: Garlic|Jolteon, F|88/100
|-damage|p2a: Garlic|76/100|[from] Spikes
|
|-weather|Sandstorm|[upkeep]
|-damage|p2a: Garlic|70/100|[from] Sandstorm
|-damage|p1a: Gengar|32/100|[from] Sandstorm
|-heal|p2a: Garlic|76/100|[from] item: Leftovers
|-heal|p1a: Gengar|38/100|[from] item: Leftovers
|upkeep
|turn|20
|
|t:|1728956200
|switch|p1a: Swampert|Swampert, M|78/100
|-damage|p1a: Swampert|66/100|[from] Spikes
|move|p2a: Garlic|Thunderbolt|p1a: Swampert
|-immune|p1a: Swampert
|
|-weather|Sandstorm|[upkeep]
|-damage|p2a: Garlic|70/100|[from] Sandstorm
|-heal|p2a: Garlic|76/100|[from] item: Leftovers
|-heal|p1a: Swampert|72/100|[from] item: Leftovers
|upkeep
|turn|21
|
|t:|1728956203
|move|p2a: Garlic|Hidden Power|p1a: Swampert
|-supereffective|p1a: Swampert
|-damage|p1a: Swampert|0 fnt
|faint|p1a: Swampert
|
|t:|1728956207
|switch|p1a: Tyranitar|Tyranitar, F|76/100 tox
|-damage|p1a: Tyranitar|63/100 tox|[from] Spikes
|
|-weather|Sandstorm|[upkeep]
|-damage|p2a: Garlic|70/100|[from] Sandstorm
|-heal|p2a: Garlic|76/100|[from] item: Leftovers
|-heal|p1a: Tyranitar|69/100 tox|[from] item: Leftovers
|-damage|p1a: Tyranitar|63/100 tox|[from] psn
|upkeep
|turn|22
|
|t:|1728956215
|-singleturn|p1a: Tyranitar|move: Focus Punch
|move|p2a: Garlic|Baton Pass|p2a: Garlic
|
|t:|1728956237
|switch|p2a: Shrek 2|Swampert, F|65/100|[from] Baton Pass
|-damage|p2a: Shrek 2|52/100|[from] Spikes
|move|p1a: Tyranitar|Focus Punch|p2a: Shrek 2
|-damage|p2a: Shrek 2|0 fnt
|faint|p2a: Shrek 2
|
|t:|1728956239
|switch|p2a: King the Wildfire|Aerodactyl, F|100/100
|
|-weather|Sandstorm|[upkeep]
|-heal|p1a: Tyranitar|69/100 tox|[from] item: Leftovers
|-damage|p1a: Tyranitar|57/100 tox|[from] psn
|upkeep
|turn|23
|
|t:|1728956256
|move|p2a: King the Wildfire|Earthquake|p1a: Tyranitar
|-supereffective|p1a: Tyranitar
|-damage|p1a: Tyranitar|0 fnt
|faint|p1a: Tyranitar
|
|t:|1728956258
|switch|p1a: Aerodactyl|Aerodactyl, M|100/100
|
|-weather|Sandstorm|[upkeep]
|upkeep
|turn|24
|
|t:|1728956267
|switch|p2a: Garlic|Jolteon, F|76/100
|-damage|p2a: Garlic|64/100|[from] Spikes
|move|p1a: Aerodactyl|Rock Slide|p2a: Garlic
|-damage|p2a: Garlic|0 fnt
|faint|p2a: Garlic
|
|t:|1728956270
|switch|p2a: King the Wildfire|Aerodactyl, F|100/100
|
|-weather|Sandstorm|[upkeep]
|upkeep
|turn|25
|
|t:|1728956273
|move|p1a: Aerodactyl|Rock Slide|p2a: King the Wildfire
|-supereffective|p2a: King the Wildfire
|-damage|p2a: King the Wildfire|0 fnt
|faint|p2a: King the Wildfire
|
|win|garhamsandich
|c|☆garhamsandich|gg
|c|☆dunsparce_real|gg

</script>
<script type="application/json" class="data" id="replaydata-smogtours-gen3ou-798865">
{"id":"smogtours-gen3ou-798865","format":"[Gen 3] OU","players":["garhamsandich","dunsparce_real"],"uploadtime":1728956273,"views":90,"formatid":"gen3ou","rating":null,"private":0,"password":null}
</script>

<script defer src="js/replays.js?9d40a366"></script>
