<!DOCTYPE html>
<meta charset="utf-8" />
<meta name="viewport" content="width=device-width" />

<title>[Gen 3] OU: Bedal Roscoe vs. swordpeacead - Replays - Pok&eacute;mon Showdown!</title>

<meta name="description" content="Watch a replay of a Pok&eacute;mon battle between Bedal Roscoe and swordpeacead! Format: [Gen 3] OU; Date: Oct 8, 2024" />
<!--

Hey, you! Looking in the source for the replay log?

You can find them in JSON format, just add `.json` at the end of a replay URL.

https://replay.pokemonshowdown.com/gen7randomdoublesbattle-865046831.json

Or, if you only need the log itself, add `.log` instead:

https://replay.pokemonshowdown.com/gen7randomdoublesbattle-865046831.log

-->

<link rel="stylesheet" href="//pokemonshowdown.com/style/global.css?0.023195364461161105" />
<link rel="stylesheet" href="//play.pokemonshowdown.com/style/font-awesome.css?0.13261647063804238" />
<link rel="stylesheet" href="//play.pokemonshowdown.com/style/battle.css?0.8753245789963631" />
<link rel="stylesheet" href="//play.pokemonshowdown.com/style/utilichart.css?0.8627959624976733" />

<!-- Global site tag (gtag.js) - Google Analytics -->
<script async src="https://www.googletagmanager.com/gtag/js?id=UA-26211653-1"></script>
<script>
  window.dataLayer = window.dataLayer || [];
  function gtag(){dataLayer.push(arguments);}
  gtag('js', new Date());

  gtag('config', 'UA-26211653-1');
</script>
<!-- End Google Analytics -->
<!-- Venatus Ad Manager - Install in <HEAD> of page -->
	<script src="https://hb.vntsm.com/v3/live/ad-manager.min.js" type="text/javascript" data-site-id="642aba63ec9a7b11c3c9c1be" data-mode="scan" async></script>
<!-- / Venatus Ad Manager -->

<style>
	@media (max-width:820px) {
		.battle {
			margin: 0 auto;
		}
		.battle-log {
			margin: 7px auto 0;
			max-width: 640px;
			height: 300px;
			position: static;
		}
	}
	.optgroup {
		display: inline-block;
		line-height: 22px;
		font-size: 10pt;
	}
	.optgroup .button {
		height: 25px;
		padding-top: 0;
		padding-bottom: 0;
	}
	.optgroup button.button {
		padding-left: 12px;
		padding-right: 12px;
	}
	.linklist {
		list-style: none;
		margin: 0.5em 0;
		padding: 0;
	}
	.linklist li {
		padding: 2px 0;
	}
	.sidebar {
		float: left;
		width: 320px;
	}
	.bar-wrapper {
		max-width: 1100px;
		margin: 0 auto;
	}
	.bar-wrapper.has-sidebar {
		max-width: 1430px;
	}
	.mainbar {
		margin: 0;
		padding-right: 1px;
	}
	.mainbar.has-sidebar {
		margin-left: 330px;
	}
	@media (min-width: 1511px) {
		.sidebar {
			width: 400px;
		}
		.bar-wrapper.has-sidebar {
			max-width: 1510px;
		}
		.mainbar.has-sidebar {
			margin-left: 410px;
		}
	}
	.section.first-section {
		margin-top: 9px;
	}
	.blocklink small {
		white-space: normal;
	}
	.button {
		vertical-align: middle;
	}
	.replay-controls {
		padding-top: 10px;
	}
	.replay-controls h1 {
		font-size: 16pt;
		font-weight: normal;
		color: #CCC;
	}
	.pagelink {
		text-align: center;
	}
	.pagelink a {
		width: 150px;
	}
	.textbox, .button {
		font-size: 11pt;
		vertical-align: middle;
	}
	@media (max-width: 450px) {
		.button {
			font-size: 9pt;
		}
	}
</style>

<div>

	<header>
		<div class="nav-wrapper"><ul class="nav">
			<li><a class="button nav-first" href="//pokemonshowdown.com/"><img src="//pokemonshowdown.com/images/pokemonshowdownbeta.png" srcset="//pokemonshowdown.com/images/pokemonshowdownbeta.png 1x, //pokemonshowdown.com/images/pokemonshowdownbeta@2x.png 2x" alt="Pok&eacute;mon Showdown" width="146" height="44" /> Home</a></li>
			<li><a class="button" href="//pokemonshowdown.com/dex/">Pok&eacute;dex</a></li>
			<li><a class="button cur" href="/">Replays</a></li>
			<li><a class="button" href="//pokemonshowdown.com/ladder/">Ladder</a></li>
			<li><a class="button nav-last" href="//pokemonshowdown.com/forums/">Forum</a></li>
			<li><a class="button greenbutton nav-first nav-last" href="//play.pokemonshowdown.com/">Play</a></li>
		</ul></div>
	</header>

	<div class="main" id="main">

		<noscript><section class="section">You need to enable JavaScript to use this page; sorry!</section></noscript>

	</div>

</div>

<script defer nomodule src="//play.pokemonshowdown.com/js/lib/ps-polyfill.js"></script>
<script defer src="//play.pokemonshowdown.com/js/lib/preact.min.js"></script>

<script defer src="//play.pokemonshowdown.com/config/config.js?2bddbc15"></script>
<script defer src="//play.pokemonshowdown.com/js/lib/jquery-1.11.0.min.js"></script>
<script defer src="//play.pokemonshowdown.com/js/lib/html-sanitizer-minified.js"></script>
<script defer src="//play.pokemonshowdown.com/js/battle-sound.js"></script>
<script defer src="//play.pokemonshowdown.com/js/battledata.js?0.7209276989879541"></script>
<script defer src="//play.pokemonshowdown.com/data/pokedex-mini.js?0.6111056340867951"></script>
<script defer src="//play.pokemonshowdown.com/data/pokedex-mini-bw.js?0.3532142036491459"></script>
<script defer src="//play.pokemonshowdown.com/data/graphics.js?0.24223875632456182"></script>
<script defer src="//play.pokemonshowdown.com/data/pokedex.js?0.38839984266356864"></script>
<script defer src="//play.pokemonshowdown.com/data/moves.js?0.21866028504024015"></script>
<script defer src="//play.pokemonshowdown.com/data/abilities.js?0.2005157953846628"></script>
<script defer src="//play.pokemonshowdown.com/data/items.js?0.9894211263848525"></script>
<script defer src="//play.pokemonshowdown.com/data/teambuilder-tables.js?0.6008791140282215"></script>
<script defer src="//play.pokemonshowdown.com/js/battle-tooltips.js?0.7580118955022959"></script>
<script defer src="//play.pokemonshowdown.com/js/battle.js?0.6057722274234274"></script>

<script defer src="js/utils.js?e31f9a17"></script>
<script defer src="js/replays-battle.js?7008c182"></script>

<!-- don't scrape this data! just add .json or .log after the URL!
Full API docs: https://github.com/smogon/pokemon-showdown-client/blob/master/WEB-API.md -->
<script type="text/plain" class="log" id="replaylog-smogtours-gen3ou-796458">
|inactive|Battle timer is ON: inactive players will automatically lose when time's up.
|t:|1728415731
|gametype|singles
|player|p1|Bedal Roscoe|sabrina-gen1|
|player|p2|swordpeacead|ethan|
|teamsize|p1|6
|teamsize|p2|6
|gen|3
|tier|[Gen 3] OU
|rule|Sleep Clause Mod: Limit one foe put to sleep
|rule|Switch Priority Clause Mod: Faster Pokémon switch first
|rule|Species Clause: Limit one of each Pokémon
|rule|OHKO Clause: OHKO moves are banned
|rule|Evasion Items Clause: Evasion items are banned
|rule|Evasion Moves Clause: Evasion moves are banned
|rule|Endless Battle Clause: Forcing endless battles is banned
|rule|HP Percentage Mod: HP is shown in percentages
|rule|One Boost Passer Clause: Limit one Baton Passer that has a way to boost its stats
|rule|Freeze Clause Mod: Limit one foe frozen
|
|t:|1728415731
|start
|switch|p1a: Tyranitar|Tyranitar, F|100/100
|switch|p2a: Reginald|Regice|100/100
|-weather|Sandstorm|[from] ability: Sand Stream|[of] p1a: Tyranitar
|turn|1
|
|t:|1728415758
|switch|p2a: Gertrude|Miltank, F|100/100
|move|p1a: Tyranitar|Rock Slide|p2a: Gertrude
|-crit|p2a: Gertrude
|-damage|p2a: Gertrude|53/100
|
|-weather|Sandstorm|[upkeep]
|-damage|p2a: Gertrude|47/100|[from] Sandstorm
|-heal|p2a: Gertrude|53/100|[from] item: Leftovers
|upkeep
|turn|2
|inactive|Bedal Roscoe has 270 seconds left.
|
|t:|1728415810
|switch|p1a: Skarmory|Skarmory, M|100/100
|move|p2a: Gertrude|Milk Drink|p2a: Gertrude
|-heal|p2a: Gertrude|100/100
|
|-weather|Sandstorm|[upkeep]
|-damage|p2a: Gertrude|94/100|[from] Sandstorm
|-heal|p2a: Gertrude|100/100|[from] item: Leftovers
|upkeep
|turn|3
|inactive|swordpeacead has 270 seconds left.
|
|t:|1728415832
|switch|p2a: Ambrose|Forretress, M|100/100
|move|p1a: Skarmory|Spikes|p2a: Ambrose
|-sidestart|p2: swordpeacead|Spikes
|
|-weather|Sandstorm|[upkeep]
|upkeep
|turn|4
|
|t:|1728415847
|move|p1a: Skarmory|Spikes|p2a: Ambrose
|-sidestart|p2: swordpeacead|Spikes
|move|p2a: Ambrose|Spikes|p1a: Skarmory
|-sidestart|p1: Bedal Roscoe|Spikes
|
|-weather|Sandstorm|[upkeep]
|upkeep
|turn|5
|
|t:|1728415855
|move|p2a: Ambrose|Rapid Spin|p1a: Skarmory
|-resisted|p1a: Skarmory
|-damage|p1a: Skarmory|99/100
|-sideend|p2: swordpeacead|Spikes|[from] move: Rapid Spin|[of] p2a: Ambrose
|move|p1a: Skarmory|Roar|p2a: Ambrose
|drag|p2a: Reginald|Regice|100/100
|
|-weather|Sandstorm|[upkeep]
|-damage|p2a: Reginald|94/100|[from] Sandstorm
|-heal|p1a: Skarmory|100/100|[from] item: Leftovers
|-heal|p2a: Reginald|100/100|[from] item: Leftovers
|upkeep
|turn|6
|
|t:|1728415864
|move|p1a: Skarmory|Spikes|p2a: Reginald
|-sidestart|p2: swordpeacead|Spikes
|move|p2a: Reginald|Thunder Wave|p1a: Skarmory
|-status|p1a: Skarmory|par
|
|-weather|Sandstorm|[upkeep]
|-damage|p2a: Reginald|94/100|[from] Sandstorm
|-heal|p2a: Reginald|100/100|[from] item: Leftovers
|upkeep
|turn|7
|
|t:|1728415879
|move|p2a: Reginald|Thunderbolt|p1a: Skarmory
|-supereffective|p1a: Skarmory
|-damage|p1a: Skarmory|45/100 par
|move|p1a: Skarmory|Spikes|p2a: Reginald
|-sidestart|p2: swordpeacead|Spikes
|
|-weather|Sandstorm|[upkeep]
|-damage|p2a: Reginald|94/100|[from] Sandstorm
|-heal|p2a: Reginald|100/100|[from] item: Leftovers
|-heal|p1a: Skarmory|51/100 par|[from] item: Leftovers
|upkeep
|turn|8
|
|t:|1728415885
|switch|p2a: Ambrose|Forretress, M|100/100
|-damage|p2a: Ambrose|84/100|[from] Spikes
|switch|p1a: Tyranitar|Tyranitar, F|100/100
|-damage|p1a: Tyranitar|88/100|[from] Spikes
|
|-weather|Sandstorm|[upkeep]
|-heal|p2a: Ambrose|90/100|[from] item: Leftovers
|upkeep
|turn|9
|
|t:|1728415902
|switch|p1a: Gengar|Gengar, M|100/100
|move|p2a: Ambrose|Rapid Spin|p1a: Gengar
|-immune|p1a: Gengar
|
|-weather|Sandstorm|[upkeep]
|-damage|p1a: Gengar|94/100|[from] Sandstorm
|-heal|p1a: Gengar|100/100|[from] item: Leftovers
|-heal|p2a: Ambrose|96/100|[from] item: Leftovers
|upkeep
|turn|10
|
|t:|1728415918
|switch|p2a: Theodore|Tyranitar, M|100/100
|-damage|p2a: Theodore|84/100|[from] Spikes
|move|p1a: Gengar|Will-O-Wisp|p2a: Theodore
|-status|p2a: Theodore|brn
|
|-weather|Sandstorm|[upkeep]
|-damage|p1a: Gengar|94/100|[from] Sandstorm
|-heal|p1a: Gengar|100/100|[from] item: Leftovers
|-heal|p2a: Theodore|90/100 brn|[from] item: Leftovers
|-damage|p2a: Theodore|78/100 brn|[from] brn
|upkeep
|turn|11
|
|t:|1728415930
|move|p1a: Gengar|Giga Drain|p2a: Theodore
|-supereffective|p2a: Theodore
|-damage|p2a: Theodore|42/100 brn
|move|p2a: Theodore|Crunch|p1a: Gengar
|-supereffective|p1a: Gengar
|-crit|p1a: Gengar
|-damage|p1a: Gengar|0 fnt
|faint|p1a: Gengar
|inactive|Bedal Roscoe has 240 seconds left.
|
|t:|1728415980
|switch|p1a: Zapdos|Zapdos|100/100
|
|-weather|Sandstorm|[upkeep]
|-damage|p1a: Zapdos|94/100|[from] Sandstorm
|-heal|p1a: Zapdos|100/100|[from] item: Leftovers
|-heal|p2a: Theodore|48/100 brn|[from] item: Leftovers
|-damage|p2a: Theodore|36/100 brn|[from] brn
|upkeep
|turn|12
|inactive|Bedal Roscoe has 210 seconds left.
|inactive|swordpeacead has 270 seconds left.
|
|t:|1728416022
|switch|p2a: Reginald|Regice|100/100
|-damage|p2a: Reginald|84/100|[from] Spikes
|move|p1a: Zapdos|Protect||[still]
|-fail|p1a: Zapdos
|
|-weather|Sandstorm|[upkeep]
|-damage|p1a: Zapdos|94/100|[from] Sandstorm
|-damage|p2a: Reginald|78/100|[from] Sandstorm
|-heal|p1a: Zapdos|100/100|[from] item: Leftovers
|-heal|p2a: Reginald|84/100|[from] item: Leftovers
|upkeep
|turn|13
|inactive|Bedal Roscoe has 210 seconds left.
|
|t:|1728416038
|switch|p1a: Swampert|Swampert, M|100/100
|-damage|p1a: Swampert|88/100|[from] Spikes
|move|p2a: Reginald|Ice Beam|p1a: Swampert
|-damage|p1a: Swampert|51/100
|
|-weather|Sandstorm|[upkeep]
|-damage|p2a: Reginald|78/100|[from] Sandstorm
|-heal|p2a: Reginald|84/100|[from] item: Leftovers
|-heal|p1a: Swampert|57/100|[from] item: Leftovers
|upkeep
|turn|14
|inactive|swordpeacead has 270 seconds left.
|
|t:|1728416062
|move|p2a: Reginald|Ice Beam|p1a: Swampert
|-damage|p1a: Swampert|23/100
|move|p1a: Swampert|Surf|p2a: Reginald
|-damage|p2a: Reginald|63/100
|
|-weather|Sandstorm|[upkeep]
|-damage|p2a: Reginald|57/100|[from] Sandstorm
|-heal|p2a: Reginald|63/100|[from] item: Leftovers
|-heal|p1a: Swampert|29/100|[from] item: Leftovers
|upkeep
|turn|15
|inactive|Bedal Roscoe has 180 seconds left.
|
|t:|1728416084
|move|p2a: Reginald|Ice Beam|p1a: Swampert
|-damage|p1a: Swampert|0 fnt
|faint|p1a: Swampert
|
|t:|1728416088
|switch|p1a: Tyranitar|Tyranitar, F|88/100
|-damage|p1a: Tyranitar|76/100|[from] Spikes
|
|-weather|Sandstorm|[upkeep]
|-damage|p2a: Reginald|57/100|[from] Sandstorm
|-heal|p2a: Reginald|63/100|[from] item: Leftovers
|upkeep
|turn|16
|inactive|swordpeacead has 270 seconds left.
|
|t:|1728416104
|switch|p2a: Ambrose|Forretress, M|96/100
|-damage|p2a: Ambrose|80/100|[from] Spikes
|move|p1a: Tyranitar|Dragon Dance|p1a: Tyranitar
|-boost|p1a: Tyranitar|atk|1
|-boost|p1a: Tyranitar|spe|1
|
|-weather|Sandstorm|[upkeep]
|-heal|p2a: Ambrose|86/100|[from] item: Leftovers
|upkeep
|turn|17
|inactive|swordpeacead has 270 seconds left.
|inactive|Bedal Roscoe has 180 seconds left.
|
|t:|1728416126
|move|p1a: Tyranitar|Rock Slide|p2a: Ambrose|[miss]
|-miss|p1a: Tyranitar|p2a: Ambrose
|move|p2a: Ambrose|Hidden Power|p1a: Tyranitar
|-supereffective|p1a: Tyranitar
|-damage|p1a: Tyranitar|36/100
|
|-weather|Sandstorm|[upkeep]
|-heal|p2a: Ambrose|92/100|[from] item: Leftovers
|upkeep
|turn|18
|c|☆swordpeacead|:/
|inactive|Bedal Roscoe has 180 seconds left.
|c|☆swordpeacead|sry
|inactive|swordpeacead has 270 seconds left.
|
|t:|1728416141
|move|p1a: Tyranitar|Rock Slide|p2a: Ambrose
|-damage|p2a: Ambrose|48/100
|cant|p2a: Ambrose|flinch
|
|-weather|Sandstorm|[upkeep]
|-heal|p2a: Ambrose|54/100|[from] item: Leftovers
|upkeep
|turn|19
|inactive|Bedal Roscoe has 180 seconds left.
|
|t:|1728416155
|move|p1a: Tyranitar|Rock Slide|p2a: Ambrose
|-damage|p2a: Ambrose|11/100
|move|p2a: Ambrose|Hidden Power|p1a: Tyranitar
|-supereffective|p1a: Tyranitar
|-damage|p1a: Tyranitar|2/100
|
|-weather|Sandstorm|[upkeep]
|-heal|p2a: Ambrose|17/100|[from] item: Leftovers
|upkeep
|turn|20
|inactive|Bedal Roscoe has 180 seconds left.
|inactive|swordpeacead has 270 seconds left.
|
|t:|1728416188
|move|p1a: Tyranitar|Earthquake|p2a: Ambrose
|-damage|p2a: Ambrose|0 fnt
|faint|p2a: Ambrose
|
|t:|1728416194
|switch|p2a: Remington|Aerodactyl, M|100/100
|
|-weather|Sandstorm|[upkeep]
|upkeep
|turn|21
|
|t:|1728416202
|move|p2a: Remington|Rock Slide|p1a: Tyranitar
|-damage|p1a: Tyranitar|0 fnt
|faint|p1a: Tyranitar
|inactive|Bedal Roscoe has 180 seconds left.
|
|t:|1728416239
|switch|p1a: Aerodactyl|Aerodactyl, F|100/100
|
|-weather|Sandstorm|[upkeep]
|upkeep
|turn|22
|inactive|swordpeacead has 270 seconds left.
|
|t:|1728416271
|switch|p2a: Theodore|Tyranitar, M|36/100 brn
|-damage|p2a: Theodore|19/100 brn|[from] Spikes
|move|p1a: Aerodactyl|Rock Slide|p2a: Theodore
|-damage|p2a: Theodore|0 fnt
|faint|p2a: Theodore
|inactive|swordpeacead has 240 seconds left.
|
|t:|1728416284
|switch|p2a: Gertrude|Miltank, F|100/100
|-damage|p2a: Gertrude|84/100|[from] Spikes
|
|-weather|Sandstorm|[upkeep]
|-damage|p2a: Gertrude|78/100|[from] Sandstorm
|-heal|p2a: Gertrude|84/100|[from] item: Leftovers
|upkeep
|turn|23
|
|t:|1728416304
|switch|p1a: Skarmory|Skarmory, M|51/100 par
|move|p2a: Gertrude|Body Slam|p1a: Skarmory
|-resisted|p1a: Skarmory
|-damage|p1a: Skarmory|42/100 par
|
|-weather|Sandstorm|[upkeep]
|-damage|p2a: Gertrude|78/100|[from] Sandstorm
|-heal|p2a: Gertrude|84/100|[from] item: Leftovers
|-heal|p1a: Skarmory|48/100 par|[from] item: Leftovers
|upkeep
|turn|24
|
|t:|1728416311
|move|p2a: Gertrude|Body Slam|p1a: Skarmory
|-resisted|p1a: Skarmory
|-damage|p1a: Skarmory|38/100 par
|move|p1a: Skarmory|Spikes|p2a: Gertrude
|-sidestart|p2: swordpeacead|Spikes
|
|-weather|Sandstorm|[upkeep]
|-damage|p2a: Gertrude|78/100|[from] Sandstorm
|-heal|p2a: Gertrude|84/100|[from] item: Leftovers
|-heal|p1a: Skarmory|44/100 par|[from] item: Leftovers
|upkeep
|turn|25
|
|t:|1728416325
|switch|p2a: Remington|Aerodactyl, M|100/100
|move|p1a: Skarmory|Roar|p2a: Remington
|drag|p2a: Reginald|Regice|63/100
|-damage|p2a: Reginald|38/100|[from] Spikes
|
|-weather|Sandstorm|[upkeep]
|-damage|p2a: Reginald|32/100|[from] Sandstorm
|-heal|p2a: Reginald|38/100|[from] item: Leftovers
|-heal|p1a: Skarmory|50/100 par|[from] item: Leftovers
|upkeep
|turn|26
|
|t:|1728416337
|move|p2a: Reginald|Thunderbolt|p1a: Skarmory
|-supereffective|p1a: Skarmory
|-damage|p1a: Skarmory|0 fnt
|faint|p1a: Skarmory
|inactive|Bedal Roscoe has 150 seconds left.
|
|t:|1728416360
|switch|p1a: Zapdos|Zapdos|100/100
|
|-weather|Sandstorm|[upkeep]
|-damage|p1a: Zapdos|94/100|[from] Sandstorm
|-damage|p2a: Reginald|32/100|[from] Sandstorm
|-heal|p1a: Zapdos|100/100|[from] item: Leftovers
|-heal|p2a: Reginald|38/100|[from] item: Leftovers
|upkeep
|turn|27
|inactive|Bedal Roscoe has 150 seconds left.
|inactive|swordpeacead has 270 seconds left.
|
|t:|1728416373
|move|p1a: Zapdos|Thunderbolt|p2a: Reginald
|-damage|p2a: Reginald|15/100
|move|p2a: Reginald|Ice Beam|p1a: Zapdos
|-supereffective|p1a: Zapdos
|-damage|p1a: Zapdos|22/100
|
|-weather|Sandstorm|[upkeep]
|-damage|p1a: Zapdos|16/100|[from] Sandstorm
|-damage|p2a: Reginald|9/100|[from] Sandstorm
|-heal|p1a: Zapdos|22/100|[from] item: Leftovers
|-heal|p2a: Reginald|15/100|[from] item: Leftovers
|upkeep
|turn|28
|inactive|swordpeacead has 270 seconds left.
|
|t:|1728416386
|move|p1a: Zapdos|Thunderbolt|p2a: Reginald
|-damage|p2a: Reginald|0 fnt
|faint|p2a: Reginald
|inactive|swordpeacead has 270 seconds left.
|
|t:|1728416400
|switch|p2a: Remington|Aerodactyl, M|100/100
|
|-weather|Sandstorm|[upkeep]
|-damage|p1a: Zapdos|16/100|[from] Sandstorm
|-heal|p1a: Zapdos|22/100|[from] item: Leftovers
|upkeep
|turn|29
|
|t:|1728416404
|move|p2a: Remington|Rock Slide|p1a: Zapdos
|-supereffective|p1a: Zapdos
|-damage|p1a: Zapdos|0 fnt
|faint|p1a: Zapdos
|
|t:|1728416407
|switch|p1a: Aerodactyl|Aerodactyl, F|100/100
|
|-weather|Sandstorm|[upkeep]
|upkeep
|turn|30
|inactive|swordpeacead has 270 seconds left.
|inactive|swordpeacead has 240 seconds left.
|inactive|swordpeacead has 210 seconds left.
|inactive|swordpeacead has 180 seconds left.
|inactive|swordpeacead has 150 seconds left.
|inactive|swordpeacead has 120 seconds left.
|
|t:|1728416594
|switch|p2a: Bartholomew|Salamence, M|100/100
|-ability|p2a: Bartholomew|Intimidate|boost
|-unboost|p1a: Aerodactyl|atk|1
|move|p1a: Aerodactyl|Rock Slide|p2a: Bartholomew
|-supereffective|p2a: Bartholomew
|-damage|p2a: Bartholomew|27/100
|
|-weather|Sandstorm|[upkeep]
|-damage|p2a: Bartholomew|21/100|[from] Sandstorm
|-heal|p2a: Bartholomew|27/100|[from] item: Leftovers
|upkeep
|turn|31
|inactive|swordpeacead has 90 seconds left.
|
|t:|1728416629
|switch|p2a: Gertrude|Miltank, F|84/100
|-damage|p2a: Gertrude|59/100|[from] Spikes
|move|p1a: Aerodactyl|Rock Slide|p2a: Gertrude
|-damage|p2a: Gertrude|39/100
|
|-weather|Sandstorm|[upkeep]
|-damage|p2a: Gertrude|33/100|[from] Sandstorm
|-heal|p2a: Gertrude|39/100|[from] item: Leftovers
|upkeep
|turn|32
|
|t:|1728416641
|move|p1a: Aerodactyl|Rock Slide|p2a: Gertrude
|-damage|p2a: Gertrude|18/100
|move|p2a: Gertrude|Milk Drink|p2a: Gertrude
|-heal|p2a: Gertrude|68/100
|
|-weather|Sandstorm|[upkeep]
|-damage|p2a: Gertrude|62/100|[from] Sandstorm
|-heal|p2a: Gertrude|68/100|[from] item: Leftovers
|upkeep
|turn|33
|inactive|swordpeacead has 90 seconds left.
|inactive|Bedal Roscoe has 180 seconds left.
|
|t:|1728416658
|move|p1a: Aerodactyl|Rock Slide|p2a: Gertrude
|-damage|p2a: Gertrude|49/100
|move|p2a: Gertrude|Milk Drink|p2a: Gertrude
|-heal|p2a: Gertrude|99/100
|
|-weather|Sandstorm|[upkeep]
|-damage|p2a: Gertrude|93/100|[from] Sandstorm
|-heal|p2a: Gertrude|99/100|[from] item: Leftovers
|upkeep
|turn|34
|c|☆Bedal Roscoe|gg ig
|inactive|Bedal Roscoe has 180 seconds left.
|
|t:|1728416684
|move|p1a: Aerodactyl|Rock Slide|p2a: Gertrude
|-damage|p2a: Gertrude|79/100
|move|p2a: Gertrude|Body Slam|p1a: Aerodactyl
|-resisted|p1a: Aerodactyl
|-damage|p1a: Aerodactyl|82/100
|
|-weather|Sandstorm|[upkeep]
|-damage|p2a: Gertrude|73/100|[from] Sandstorm
|-heal|p2a: Gertrude|79/100|[from] item: Leftovers
|upkeep
|turn|35
|
|t:|1728416695
|move|p1a: Aerodactyl|Rock Slide|p2a: Gertrude
|-damage|p2a: Gertrude|57/100
|move|p2a: Gertrude|Body Slam|p1a: Aerodactyl
|-resisted|p1a: Aerodactyl
|-damage|p1a: Aerodactyl|61/100
|
|-weather|Sandstorm|[upkeep]
|-damage|p2a: Gertrude|51/100|[from] Sandstorm
|-heal|p2a: Gertrude|57/100|[from] item: Leftovers
|upkeep
|turn|36
|
|t:|1728416703
|move|p1a: Aerodactyl|Rock Slide|p2a: Gertrude
|-damage|p2a: Gertrude|37/100
|cant|p2a: Gertrude|flinch
|
|-weather|Sandstorm|[upkeep]
|-damage|p2a: Gertrude|31/100|[from] Sandstorm
|-heal|p2a: Gertrude|37/100|[from] item: Leftovers
|upkeep
|turn|37
|
|t:|1728416709
|move|p1a: Aerodactyl|Rock Slide|p2a: Gertrude
|-damage|p2a: Gertrude|17/100
|move|p2a: Gertrude|Milk Drink|p2a: Gertrude
|-heal|p2a: Gertrude|67/100
|
|-weather|Sandstorm|[upkeep]
|-damage|p2a: Gertrude|61/100|[from] Sandstorm
|-heal|p2a: Gertrude|67/100|[from] item: Leftovers
|upkeep
|turn|38
|inactive|Bedal Roscoe has 180 seconds left.
|
|t:|1728416717
|move|p1a: Aerodactyl|Rock Slide|p2a: Gertrude
|-damage|p2a: Gertrude|45/100
|move|p2a: Gertrude|Milk Drink|p2a: Gertrude
|-heal|p2a: Gertrude|95/100
|
|-weather|Sandstorm|[upkeep]
|-damage|p2a: Gertrude|89/100|[from] Sandstorm
|-heal|p2a: Gertrude|95/100|[from] item: Leftovers
|upkeep
|turn|39
|
|t:|1728416722
|move|p1a: Aerodactyl|Rock Slide|p2a: Gertrude
|-damage|p2a: Gertrude|75/100
|cant|p2a: Gertrude|flinch
|
|-weather|Sandstorm|[upkeep]
|-damage|p2a: Gertrude|69/100|[from] Sandstorm
|-heal|p2a: Gertrude|75/100|[from] item: Leftovers
|upkeep
|turn|40
|
|t:|1728416730
|move|p1a: Aerodactyl|Rock Slide|p2a: Gertrude
|-damage|p2a: Gertrude|53/100
|cant|p2a: Gertrude|flinch
|
|-weather|Sandstorm|[upkeep]
|-damage|p2a: Gertrude|47/100|[from] Sandstorm
|-heal|p2a: Gertrude|53/100|[from] item: Leftovers
|upkeep
|turn|41
|
|t:|1728416738
|move|p1a: Aerodactyl|Rock Slide|p2a: Gertrude
|-damage|p2a: Gertrude|33/100
|move|p2a: Gertrude|Milk Drink|p2a: Gertrude
|-heal|p2a: Gertrude|83/100
|
|-weather|Sandstorm|[upkeep]
|-damage|p2a: Gertrude|77/100|[from] Sandstorm
|-heal|p2a: Gertrude|83/100|[from] item: Leftovers
|upkeep
|turn|42
|-message|Bedal Roscoe forfeited.
|
|win|swordpeacead

</script>
<script type="application/json" class="data" id="replaydata-smogtours-gen3ou-796458">
{"id":"smogtours-gen3ou-796458","format":"[Gen 3] OU","players":["Bedal Roscoe","swordpeacead"],"uploadtime":1728416749,"views":90,"formatid":"gen3ou","rating":null,"private":0,"password":null}
</script>

<script defer src="js/replays.js?9d40a366"></script>
