<!DOCTYPE html>
<meta charset="utf-8" />
<meta name="viewport" content="width=device-width" />

<title>[Gen 3] OU: RetiredBohrier vs. kalarse - Replays - Pok&eacute;mon Showdown!</title>

<meta name="description" content="Watch a replay of a Pok&eacute;mon battle between RetiredBohrier and kalarse! Format: [Gen 3] OU; Date: Oct 20, 2024" />
<!--

Hey, you! Looking in the source for the replay log?

You can find them in JSON format, just add `.json` at the end of a replay URL.

https://replay.pokemonshowdown.com/gen7randomdoublesbattle-865046831.json

Or, if you only need the log itself, add `.log` instead:

https://replay.pokemonshowdown.com/gen7randomdoublesbattle-865046831.log

-->

<link rel="stylesheet" href="//pokemonshowdown.com/style/global.css?0.767286132409787" />
<link rel="stylesheet" href="//play.pokemonshowdown.com/style/font-awesome.css?0.9266228007934947" />
<link rel="stylesheet" href="//play.pokemonshowdown.com/style/battle.css?0.7924700842790926" />
<link rel="stylesheet" href="//play.pokemonshowdown.com/style/utilichart.css?0.8777417872839479" />

<!-- Global site tag (gtag.js) - Google Analytics -->
<script async src="https://www.googletagmanager.com/gtag/js?id=UA-26211653-1"></script>
<script>
  window.dataLayer = window.dataLayer || [];
  function gtag(){dataLayer.push(arguments);}
  gtag('js', new Date());

  gtag('config', 'UA-26211653-1');
</script>
<!-- End Google Analytics -->
<!-- Venatus Ad Manager - Install in <HEAD> of page -->
	<script src="https://hb.vntsm.com/v3/live/ad-manager.min.js" type="text/javascript" data-site-id="642aba63ec9a7b11c3c9c1be" data-mode="scan" async></script>
<!-- / Venatus Ad Manager -->

<style>
	@media (max-width:820px) {
		.battle {
			margin: 0 auto;
		}
		.battle-log {
			margin: 7px auto 0;
			max-width: 640px;
			height: 300px;
			position: static;
		}
	}
	.optgroup {
		display: inline-block;
		line-height: 22px;
		font-size: 10pt;
	}
	.optgroup .button {
		height: 25px;
		padding-top: 0;
		padding-bottom: 0;
	}
	.optgroup button.button {
		padding-left: 12px;
		padding-right: 12px;
	}
	.linklist {
		list-style: none;
		margin: 0.5em 0;
		padding: 0;
	}
	.linklist li {
		padding: 2px 0;
	}
	.sidebar {
		float: left;
		width: 320px;
	}
	.bar-wrapper {
		max-width: 1100px;
		margin: 0 auto;
	}
	.bar-wrapper.has-sidebar {
		max-width: 1430px;
	}
	.mainbar {
		margin: 0;
		padding-right: 1px;
	}
	.mainbar.has-sidebar {
		margin-left: 330px;
	}
	@media (min-width: 1511px) {
		.sidebar {
			width: 400px;
		}
		.bar-wrapper.has-sidebar {
			max-width: 1510px;
		}
		.mainbar.has-sidebar {
			margin-left: 410px;
		}
	}
	.section.first-section {
		margin-top: 9px;
	}
	.blocklink small {
		white-space: normal;
	}
	.button {
		vertical-align: middle;
	}
	.replay-controls {
		padding-top: 10px;
	}
	.replay-controls h1 {
		font-size: 16pt;
		font-weight: normal;
		color: #CCC;
	}
	.pagelink {
		text-align: center;
	}
	.pagelink a {
		width: 150px;
	}
	.textbox, .button {
		font-size: 11pt;
		vertical-align: middle;
	}
	@media (max-width: 450px) {
		.button {
			font-size: 9pt;
		}
	}
</style>

<div>

	<header>
		<div class="nav-wrapper"><ul class="nav">
			<li><a class="button nav-first" href="//pokemonshowdown.com/"><img src="//pokemonshowdown.com/images/pokemonshowdownbeta.png" srcset="//pokemonshowdown.com/images/pokemonshowdownbeta.png 1x, //pokemonshowdown.com/images/pokemonshowdownbeta@2x.png 2x" alt="Pok&eacute;mon Showdown" width="146" height="44" /> Home</a></li>
			<li><a class="button" href="//pokemonshowdown.com/dex/">Pok&eacute;dex</a></li>
			<li><a class="button cur" href="/">Replays</a></li>
			<li><a class="button" href="//pokemonshowdown.com/ladder/">Ladder</a></li>
			<li><a class="button nav-last" href="//pokemonshowdown.com/forums/">Forum</a></li>
			<li><a class="button greenbutton nav-first nav-last" href="//play.pokemonshowdown.com/">Play</a></li>
		</ul></div>
	</header>

	<div class="main" id="main">

		<noscript><section class="section">You need to enable JavaScript to use this page; sorry!</section></noscript>

	</div>

</div>

<script defer nomodule src="//play.pokemonshowdown.com/js/lib/ps-polyfill.js"></script>
<script defer src="//play.pokemonshowdown.com/js/lib/preact.min.js"></script>

<script defer src="//play.pokemonshowdown.com/config/config.js?6dec07f6"></script>
<script defer src="//play.pokemonshowdown.com/js/lib/jquery-1.11.0.min.js"></script>
<script defer src="//play.pokemonshowdown.com/js/lib/html-sanitizer-minified.js"></script>
<script defer src="//play.pokemonshowdown.com/js/battle-sound.js"></script>
<script defer src="//play.pokemonshowdown.com/js/battledata.js?0.6315294753075389"></script>
<script defer src="//play.pokemonshowdown.com/data/pokedex-mini.js?0.7603743185311358"></script>
<script defer src="//play.pokemonshowdown.com/data/pokedex-mini-bw.js?0.030888842834281283"></script>
<script defer src="//play.pokemonshowdown.com/data/graphics.js?0.05593094747507488"></script>
<script defer src="//play.pokemonshowdown.com/data/pokedex.js?0.47064822249611904"></script>
<script defer src="//play.pokemonshowdown.com/data/moves.js?0.8583693120512459"></script>
<script defer src="//play.pokemonshowdown.com/data/abilities.js?0.16017181182386842"></script>
<script defer src="//play.pokemonshowdown.com/data/items.js?0.4163379185673943"></script>
<script defer src="//play.pokemonshowdown.com/data/teambuilder-tables.js?0.31075597372830477"></script>
<script defer src="//play.pokemonshowdown.com/js/battle-tooltips.js?0.6536193500708172"></script>
<script defer src="//play.pokemonshowdown.com/js/battle.js?0.1916591943277901"></script>

<script defer src="js/utils.js?e31f9a17"></script>
<script defer src="js/replays-battle.js?7008c182"></script>

<!-- don't scrape this data! just add .json or .log after the URL!
Full API docs: https://github.com/smogon/pokemon-showdown-client/blob/master/WEB-API.md -->
<script type="text/plain" class="log" id="replaylog-smogtours-gen3ou-800362">
|inactive|Battle timer is ON: inactive players will automatically lose when time's up.
|t:|1729432164
|gametype|singles
|player|p1|RetiredBohrier|265|
|player|p2|kalarse|fantina|
|teamsize|p1|6
|teamsize|p2|6
|gen|3
|tier|[Gen 3] OU
|rule|Sleep Clause Mod: Limit one foe put to sleep
|rule|Switch Priority Clause Mod: Faster Pokémon switch first
|rule|Species Clause: Limit one of each Pokémon
|rule|OHKO Clause: OHKO moves are banned
|rule|Evasion Items Clause: Evasion items are banned
|rule|Evasion Moves Clause: Evasion moves are banned
|rule|Endless Battle Clause: Forcing endless battles is banned
|rule|HP Percentage Mod: HP is shown in percentages
|rule|One Boost Passer Clause: Limit one Baton Passer that has a way to boost its stats
|rule|Freeze Clause Mod: Limit one foe frozen
|
|t:|1729432164
|start
|switch|p1a: Metagross|Metagross|100/100
|switch|p2a: Zapdos|Zapdos|100/100
|turn|1
|
|t:|1729432175
|switch|p2a: Metagross|Metagross|100/100
|switch|p1a: Blissey|Blissey, F|100/100
|
|upkeep
|turn|2
|
|t:|1729432186
|switch|p1a: Skarmory|Skarmory, M|100/100
|move|p2a: Metagross|Meteor Mash|p1a: Skarmory
|-resisted|p1a: Skarmory
|-damage|p1a: Skarmory|77/100
|
|-heal|p1a: Skarmory|83/100|[from] item: Leftovers
|upkeep
|turn|3
|
|t:|1729432198
|switch|p2a: Zapdos|Zapdos|100/100
|move|p1a: Skarmory|Spikes|p2a: Zapdos
|-sidestart|p2: kalarse|Spikes
|
|-heal|p1a: Skarmory|89/100|[from] item: Leftovers
|upkeep
|turn|4
|
|t:|1729432208
|switch|p1a: Claydol|Claydol|100/100
|move|p2a: Zapdos|Rain Dance|p2a: Zapdos
|-weather|RainDance
|
|-weather|RainDance|[upkeep]
|upkeep
|turn|5
|
|t:|1729432218
|switch|p1a: Blissey|Blissey, F|100/100
|move|p2a: Zapdos|Toxic|p1a: Blissey
|-status|p1a: Blissey|tox
|
|-weather|RainDance|[upkeep]
|-damage|p1a: Blissey|94/100 tox|[from] psn
|upkeep
|turn|6
|
|t:|1729432232
|switch|p2a: Metagross|Metagross|100/100
|-damage|p2a: Metagross|88/100|[from] Spikes
|move|p1a: Blissey|Seismic Toss|p2a: Metagross
|-damage|p2a: Metagross|61/100
|
|-weather|RainDance|[upkeep]
|-heal|p2a: Metagross|67/100|[from] item: Leftovers
|-heal|p1a: Blissey|100/100 tox|[from] item: Leftovers
|-damage|p1a: Blissey|88/100 tox|[from] psn
|upkeep
|turn|7
|inactive|kalarse has 270 seconds left.
|
|t:|1729432263
|-curestatus|p1a: Blissey|tox|[from] ability: Natural Cure
|switch|p1a: Skarmory|Skarmory, M|89/100
|move|p2a: Metagross|Explosion|p1a: Skarmory
|-resisted|p1a: Skarmory
|-crit|p1a: Skarmory
|-damage|p1a: Skarmory|0 fnt
|faint|p2a: Metagross
|faint|p1a: Skarmory
|inactive|kalarse has 270 seconds left.
|inactive|RetiredBohrier has 270 seconds left.
|c|☆RetiredBohrier|252+ Atk Metagross Explosion vs. 252 HP / 0 Def Skarmory: 229-270 (68.5 - 80.8%) -- guaranteed 2HKO after Leftovers recovery not tryna be salty but still
|
|t:|1729432316
|switch|p1a: Magneton|Magneton|100/100
|switch|p2a: Dugtrio|Dugtrio, M|100/100
|-damage|p2a: Dugtrio|88/100|[from] Spikes
|
|-weather|RainDance|[upkeep]
|upkeep
|turn|8
|c|☆RetiredBohrier|Lmao
|inactive|kalarse has 270 seconds left.
|c|☆kalarse|oops 
|c|☆RetiredBohrier|Nah this is funny
|
|t:|1729432342
|move|p2a: Dugtrio|Earthquake|p1a: Magneton
|-supereffective|p1a: Magneton
|-damage|p1a: Magneton|0 fnt
|faint|p1a: Magneton
|c|☆RetiredBohrier|I'm laughing my ass off 
|
|t:|1729432350
|switch|p1a: Claydol|Claydol|100/100
|
|-weather|none
|upkeep
|turn|9
|
|t:|1729432358
|switch|p2a: Zapdos|Zapdos|100/100
|move|p1a: Claydol|Psychic|p2a: Zapdos
|-damage|p2a: Zapdos|84/100
|
|-heal|p2a: Zapdos|91/100|[from] item: Leftovers
|upkeep
|turn|10
|inactive|kalarse has 270 seconds left.
|
|t:|1729432371
|switch|p1a: Blissey|Blissey, F|88/100
|move|p2a: Zapdos|Rain Dance|p2a: Zapdos
|-weather|RainDance
|
|-weather|RainDance|[upkeep]
|-heal|p2a: Zapdos|97/100|[from] item: Leftovers
|-heal|p1a: Blissey|94/100|[from] item: Leftovers
|upkeep
|turn|11
|inactive|kalarse has 270 seconds left.
|inactive|RetiredBohrier has 270 seconds left.
|
|t:|1729432385
|move|p2a: Zapdos|Toxic|p1a: Blissey
|-status|p1a: Blissey|tox
|move|p1a: Blissey|Seismic Toss|p2a: Zapdos
|-damage|p2a: Zapdos|71/100
|
|-weather|RainDance|[upkeep]
|-heal|p2a: Zapdos|77/100|[from] item: Leftovers
|-heal|p1a: Blissey|100/100 tox|[from] item: Leftovers
|-damage|p1a: Blissey|94/100 tox|[from] psn
|upkeep
|turn|12
|inactive|kalarse has 270 seconds left.
|
|t:|1729432399
|move|p2a: Zapdos|Thunderbolt|p1a: Blissey
|-damage|p1a: Blissey|78/100 tox
|move|p1a: Blissey|Ice Beam|p2a: Zapdos
|-supereffective|p2a: Zapdos
|-damage|p2a: Zapdos|47/100
|
|-weather|RainDance|[upkeep]
|-heal|p2a: Zapdos|53/100|[from] item: Leftovers
|-heal|p1a: Blissey|85/100 tox|[from] item: Leftovers
|-damage|p1a: Blissey|72/100 tox|[from] psn
|upkeep
|turn|13
|inactive|kalarse has 270 seconds left.
|
|t:|1729432414
|switch|p2a: Heracross|Heracross, M|100/100
|-damage|p2a: Heracross|88/100|[from] Spikes
|-curestatus|p1a: Blissey|tox|[from] ability: Natural Cure
|switch|p1a: Claydol|Claydol|100/100
|
|-weather|RainDance|[upkeep]
|upkeep
|turn|14
|inactive|kalarse has 270 seconds left.
|c|☆RetiredBohrier|Oh god
|c|☆RetiredBohrier|I'm kicking myself for not recognising Pete rain
|inactive|RetiredBohrier has 270 seconds left.
|
|t:|1729432457
|switch|p1a: Suicune|Suicune|100/100
|move|p2a: Heracross|Megahorn|p1a: Suicune
|-damage|p1a: Suicune|65/100
|
|-weather|none
|-heal|p1a: Suicune|72/100|[from] item: Leftovers
|upkeep
|turn|15
|inactive|kalarse has 270 seconds left.
|
|t:|1729432469
|switch|p2a: Suicune|Suicune|100/100
|-damage|p2a: Suicune|88/100|[from] Spikes
|move|p1a: Suicune|Surf|p2a: Suicune
|-resisted|p2a: Suicune
|-damage|p2a: Suicune|77/100
|
|-heal|p1a: Suicune|78/100|[from] item: Leftovers
|-heal|p2a: Suicune|83/100|[from] item: Leftovers
|upkeep
|turn|16
|inactive|kalarse has 270 seconds left.
|inactive|RetiredBohrier has 270 seconds left.
|
|t:|1729432504
|switch|p2a: Dugtrio|Dugtrio, M|88/100
|-damage|p2a: Dugtrio|76/100|[from] Spikes
|move|p1a: Suicune|Roar|p2a: Dugtrio
|drag|p2a: Suicune|Suicune|83/100
|-damage|p2a: Suicune|71/100|[from] Spikes
|
|-heal|p1a: Suicune|84/100|[from] item: Leftovers
|-heal|p2a: Suicune|77/100|[from] item: Leftovers
|upkeep
|turn|17
|
|t:|1729432520
|move|p2a: Suicune|Surf|p1a: Suicune
|-resisted|p1a: Suicune
|-damage|p1a: Suicune|73/100
|move|p1a: Suicune|Roar|p2a: Suicune
|drag|p2a: Heracross|Heracross, M|88/100
|-damage|p2a: Heracross|76/100|[from] Spikes
|
|-heal|p1a: Suicune|79/100|[from] item: Leftovers
|upkeep
|turn|18
|
|t:|1729432535
|move|p2a: Heracross|Megahorn|p1a: Suicune
|-damage|p1a: Suicune|45/100
|move|p1a: Suicune|Surf|p2a: Heracross
|-damage|p2a: Heracross|42/100
|
|-heal|p1a: Suicune|51/100|[from] item: Leftovers
|upkeep
|turn|19
|inactive|RetiredBohrier has 270 seconds left.
|
|t:|1729432569
|switch|p1a: Metagross|Metagross|100/100
|move|p2a: Heracross|Swords Dance|p2a: Heracross
|-boost|p2a: Heracross|atk|2
|
|upkeep
|turn|20
|inactive|RetiredBohrier has 240 seconds left.
|
|t:|1729432608
|move|p2a: Heracross|Megahorn|p1a: Metagross
|-damage|p1a: Metagross|33/100
|move|p1a: Metagross|Meteor Mash|p2a: Heracross
|-crit|p2a: Heracross
|-damage|p2a: Heracross|0 fnt
|faint|p2a: Heracross
|inactive|kalarse has 240 seconds left.
|
|t:|1729432622
|switch|p2a: Dugtrio|Dugtrio, M|76/100
|-damage|p2a: Dugtrio|64/100|[from] Spikes
|
|-heal|p1a: Metagross|39/100|[from] item: Leftovers
|upkeep
|turn|21
|inactive|kalarse has 240 seconds left.
|
|t:|1729432632
|move|p1a: Metagross|Protect|p1a: Metagross
|-singleturn|p1a: Metagross|Protect
|move|p2a: Dugtrio|Earthquake|p1a: Metagross
|-activate|p1a: Metagross|Protect
|
|-heal|p1a: Metagross|45/100|[from] item: Leftovers
|upkeep
|turn|22
|inactive|kalarse has 240 seconds left.
|inactive|RetiredBohrier has 240 seconds left.
|
|t:|1729432659
|move|p2a: Dugtrio|Earthquake|p1a: Metagross
|-supereffective|p1a: Metagross
|-damage|p1a: Metagross|0 fnt
|faint|p1a: Metagross
|
|t:|1729432661
|switch|p1a: Claydol|Claydol|100/100
|
|upkeep
|turn|23
|inactive|RetiredBohrier has 240 seconds left.
|
|t:|1729432673
|switch|p2a: Zapdos|Zapdos|53/100
|move|p1a: Claydol|Psychic|p2a: Zapdos
|-damage|p2a: Zapdos|38/100
|
|-heal|p2a: Zapdos|45/100|[from] item: Leftovers
|upkeep
|turn|24
|
|t:|1729432685
|switch|p1a: Blissey|Blissey, F|72/100
|move|p2a: Zapdos|Rain Dance|p2a: Zapdos
|-weather|RainDance
|
|-weather|RainDance|[upkeep]
|-heal|p2a: Zapdos|51/100|[from] item: Leftovers
|-heal|p1a: Blissey|78/100|[from] item: Leftovers
|upkeep
|turn|25
|
|t:|1729432697
|move|p2a: Zapdos|Toxic|p1a: Blissey
|-status|p1a: Blissey|tox
|move|p1a: Blissey|Ice Beam|p2a: Zapdos
|-supereffective|p2a: Zapdos
|-damage|p2a: Zapdos|19/100
|
|-weather|RainDance|[upkeep]
|-heal|p2a: Zapdos|25/100|[from] item: Leftovers
|-heal|p1a: Blissey|85/100 tox|[from] item: Leftovers
|-damage|p1a: Blissey|78/100 tox|[from] psn
|upkeep
|turn|26
|inactive|kalarse has 240 seconds left.
|
|t:|1729432714
|move|p2a: Zapdos|Thunderbolt|p1a: Blissey
|-crit|p1a: Blissey
|-damage|p1a: Blissey|46/100 tox
|move|p1a: Blissey|Wish|p1a: Blissey
|
|-weather|RainDance|[upkeep]
|-heal|p2a: Zapdos|31/100|[from] item: Leftovers
|-heal|p1a: Blissey|52/100 tox|[from] item: Leftovers
|-damage|p1a: Blissey|40/100 tox|[from] psn
|upkeep
|turn|27
|inactive|kalarse has 240 seconds left.
|
|t:|1729432727
|move|p2a: Zapdos|Thunderbolt|p1a: Blissey
|-damage|p1a: Blissey|24/100 tox
|move|p1a: Blissey|Soft-Boiled|p1a: Blissey
|-heal|p1a: Blissey|74/100 tox
|
|-heal|p1a: Blissey|100/100 tox|[from] move: Wish|[wisher] Blissey
|-weather|RainDance|[upkeep]
|-heal|p2a: Zapdos|38/100|[from] item: Leftovers
|-damage|p1a: Blissey|82/100 tox|[from] psn
|upkeep
|turn|28
|inactive|kalarse has 240 seconds left.
|
|t:|1729432743
|-curestatus|p1a: Blissey|tox|[from] ability: Natural Cure
|switch|p1a: Claydol|Claydol|100/100
|move|p2a: Zapdos|Thunderbolt|p1a: Claydol
|-immune|p1a: Claydol
|
|-weather|none
|-heal|p2a: Zapdos|44/100|[from] item: Leftovers
|upkeep
|turn|29
|inactive|RetiredBohrier has 270 seconds left.
|inactive|kalarse has 240 seconds left.
|
|t:|1729432766
|move|p2a: Zapdos|Toxic|p1a: Claydol
|-status|p1a: Claydol|tox
|move|p1a: Claydol|Psychic|p2a: Zapdos
|-damage|p2a: Zapdos|28/100
|-unboost|p2a: Zapdos|spd|1
|
|-heal|p2a: Zapdos|34/100|[from] item: Leftovers
|-damage|p1a: Claydol|94/100 tox|[from] psn
|upkeep
|turn|30
|inactive|kalarse has 210 seconds left.
|
|t:|1729432791
|switch|p2a: Dugtrio|Dugtrio, M|64/100
|-damage|p2a: Dugtrio|51/100|[from] Spikes
|move|p1a: Claydol|Psychic|p2a: Dugtrio
|-damage|p2a: Dugtrio|1/100
|
|-heal|p1a: Claydol|100/100 tox|[from] item: Leftovers
|-damage|p1a: Claydol|88/100 tox|[from] psn
|upkeep
|turn|31
|c|☆RetiredBohrier|lmao
|inactive|kalarse has 210 seconds left.
|c|☆kalarse|lets go gambling 
|
|t:|1729432810
|move|p2a: Dugtrio|Hidden Power|p1a: Claydol
|-supereffective|p1a: Claydol
|-damage|p1a: Claydol|39/100 tox
|move|p1a: Claydol|Psychic|p2a: Dugtrio
|-damage|p2a: Dugtrio|0 fnt
|faint|p2a: Dugtrio
|
|t:|1729432825
|switch|p2a: Kingdra|Kingdra, F|100/100
|-damage|p2a: Kingdra|88/100|[from] Spikes
|
|-heal|p2a: Kingdra|94/100|[from] item: Leftovers
|-heal|p1a: Claydol|46/100 tox|[from] item: Leftovers
|-damage|p1a: Claydol|27/100 tox|[from] psn
|upkeep
|turn|32
|
|t:|1729432839
|move|p2a: Kingdra|Toxic|p1a: Claydol
|-fail|p1a: Claydol|tox
|move|p1a: Claydol|Explosion|p2a: Kingdra
|-damage|p2a: Kingdra|4/100
|faint|p1a: Claydol
|
|t:|1729432843
|switch|p1a: Blissey|Blissey, F|82/100
|
|-heal|p2a: Kingdra|10/100|[from] item: Leftovers
|-heal|p1a: Blissey|88/100|[from] item: Leftovers
|upkeep
|turn|33
|c|☆RetiredBohrier|Let's go blissey
|
|t:|1729432856
|move|p2a: Kingdra|Toxic|p1a: Blissey
|-status|p1a: Blissey|tox
|move|p1a: Blissey|Seismic Toss|p2a: Kingdra
|-damage|p2a: Kingdra|0 fnt
|faint|p2a: Kingdra
|
|t:|1729432864
|switch|p2a: Suicune|Suicune|77/100
|-damage|p2a: Suicune|64/100|[from] Spikes
|
|-heal|p2a: Suicune|71/100|[from] item: Leftovers
|-heal|p1a: Blissey|94/100 tox|[from] item: Leftovers
|-damage|p1a: Blissey|88/100 tox|[from] psn
|upkeep
|turn|34
|
|t:|1729432877
|-curestatus|p1a: Blissey|tox|[from] ability: Natural Cure
|switch|p1a: Suicune|Suicune|51/100
|move|p2a: Suicune|Calm Mind|p2a: Suicune
|-boost|p2a: Suicune|spa|1
|-boost|p2a: Suicune|spd|1
|
|-heal|p1a: Suicune|58/100|[from] item: Leftovers
|-heal|p2a: Suicune|77/100|[from] item: Leftovers
|upkeep
|turn|35
|
|t:|1729432890
|move|p2a: Suicune|Surf|p1a: Suicune
|-resisted|p1a: Suicune
|-damage|p1a: Suicune|41/100
|move|p1a: Suicune|Calm Mind|p1a: Suicune
|-boost|p1a: Suicune|spa|1
|-boost|p1a: Suicune|spd|1
|
|-heal|p2a: Suicune|83/100|[from] item: Leftovers
|-heal|p1a: Suicune|47/100|[from] item: Leftovers
|upkeep
|turn|36
|
|t:|1729432905
|move|p1a: Suicune|Calm Mind|p1a: Suicune
|-boost|p1a: Suicune|spa|1
|-boost|p1a: Suicune|spd|1
|move|p2a: Suicune|Roar|p1a: Suicune
|drag|p1a: Blissey|Blissey, F|88/100
|
|-heal|p2a: Suicune|89/100|[from] item: Leftovers
|-heal|p1a: Blissey|94/100|[from] item: Leftovers
|upkeep
|turn|37
|
|t:|1729432918
|move|p2a: Suicune|Calm Mind|p2a: Suicune
|-boost|p2a: Suicune|spa|1
|-boost|p2a: Suicune|spd|1
|move|p1a: Blissey|Wish|p1a: Blissey
|
|-heal|p2a: Suicune|96/100|[from] item: Leftovers
|-heal|p1a: Blissey|100/100|[from] item: Leftovers
|upkeep
|turn|38
|
|t:|1729432933
|switch|p1a: Suicune|Suicune|47/100
|move|p2a: Suicune|Surf|p1a: Suicune
|-resisted|p1a: Suicune
|-damage|p1a: Suicune|24/100
|
|-heal|p1a: Suicune|74/100|[from] move: Wish|[wisher] Blissey
|-heal|p1a: Suicune|80/100|[from] item: Leftovers
|-heal|p2a: Suicune|100/100|[from] item: Leftovers
|upkeep
|turn|39
|
|t:|1729432947
|move|p1a: Suicune|Roar|p2a: Suicune
|drag|p2a: Zapdos|Zapdos|34/100
|
|-heal|p2a: Zapdos|40/100|[from] item: Leftovers
|-heal|p1a: Suicune|87/100|[from] item: Leftovers
|upkeep
|turn|40
|
|t:|1729432961
|switch|p1a: Blissey|Blissey, F|100/100
|move|p2a: Zapdos|Thunderbolt|p1a: Blissey
|-damage|p1a: Blissey|85/100
|
|-heal|p2a: Zapdos|46/100|[from] item: Leftovers
|-heal|p1a: Blissey|91/100|[from] item: Leftovers
|upkeep
|turn|41
|
|t:|1729432974
|switch|p2a: Suicune|Suicune|100/100
|-damage|p2a: Suicune|88/100|[from] Spikes
|move|p1a: Blissey|Seismic Toss|p2a: Suicune
|-damage|p2a: Suicune|63/100
|
|-heal|p2a: Suicune|69/100|[from] item: Leftovers
|-heal|p1a: Blissey|97/100|[from] item: Leftovers
|upkeep
|turn|42
|
|t:|1729432989
|switch|p1a: Suicune|Suicune|87/100
|move|p2a: Suicune|Calm Mind|p2a: Suicune
|-boost|p2a: Suicune|spa|1
|-boost|p2a: Suicune|spd|1
|
|-heal|p2a: Suicune|76/100|[from] item: Leftovers
|-heal|p1a: Suicune|93/100|[from] item: Leftovers
|upkeep
|turn|43
|
|t:|1729433003
|move|p2a: Suicune|Roar|p1a: Suicune
|drag|p1a: Blissey|Blissey, F|97/100
|
|-heal|p2a: Suicune|82/100|[from] item: Leftovers
|-heal|p1a: Blissey|100/100|[from] item: Leftovers
|upkeep
|turn|44
|
|t:|1729433014
|switch|p1a: Suicune|Suicune|93/100
|move|p2a: Suicune|Calm Mind|p2a: Suicune
|-boost|p2a: Suicune|spa|1
|-boost|p2a: Suicune|spd|1
|
|-heal|p2a: Suicune|88/100|[from] item: Leftovers
|-heal|p1a: Suicune|99/100|[from] item: Leftovers
|upkeep
|turn|45
|
|t:|1729433033
|move|p2a: Suicune|Roar|p1a: Suicune
|drag|p1a: Blissey|Blissey, F|100/100
|
|-heal|p2a: Suicune|94/100|[from] item: Leftovers
|upkeep
|turn|46
|c|☆RetiredBohrier|Me when there are 2 speed tied roarcunes: Oh boy, here we go again
|c|☆kalarse|it's gonna be so fun
|
|t:|1729433052
|switch|p1a: Suicune|Suicune|99/100
|move|p2a: Suicune|Calm Mind|p2a: Suicune
|-boost|p2a: Suicune|spa|1
|-boost|p2a: Suicune|spd|1
|
|-heal|p1a: Suicune|100/100|[from] item: Leftovers
|-heal|p2a: Suicune|100/100|[from] item: Leftovers
|upkeep
|turn|47
|c|☆RetiredBohrier|ikr
|c|☆RetiredBohrier|(who made this mon)
|inactive|kalarse has 180 seconds left.
|
|t:|1729433068
|move|p2a: Suicune|Surf|p1a: Suicune
|-resisted|p1a: Suicune
|-damage|p1a: Suicune|72/100
|move|p1a: Suicune|Roar|p2a: Suicune
|drag|p2a: Zapdos|Zapdos|46/100
|
|-heal|p2a: Zapdos|53/100|[from] item: Leftovers
|-heal|p1a: Suicune|78/100|[from] item: Leftovers
|upkeep
|turn|48
|c|☆kalarse|some drunk lad in game freak
|inactive|kalarse has 180 seconds left.
|
|t:|1729433082
|switch|p1a: Blissey|Blissey, F|100/100
|move|p2a: Zapdos|Toxic|p1a: Blissey
|-status|p1a: Blissey|tox
|
|-heal|p2a: Zapdos|59/100|[from] item: Leftovers
|-damage|p1a: Blissey|94/100 tox|[from] psn
|upkeep
|turn|49
|c|☆RetiredBohrier|probably 
|inactive|kalarse has 180 seconds left.
|
|t:|1729433095
|switch|p2a: Suicune|Suicune|100/100
|-damage|p2a: Suicune|88/100|[from] Spikes
|-curestatus|p1a: Blissey|tox|[from] ability: Natural Cure
|switch|p1a: Suicune|Suicune|78/100
|
|-heal|p1a: Suicune|84/100|[from] item: Leftovers
|-heal|p2a: Suicune|94/100|[from] item: Leftovers
|upkeep
|turn|50
|inactive|kalarse has 180 seconds left.
|
|t:|1729433109
|switch|p1a: Blissey|Blissey, F|94/100
|move|p2a: Suicune|Roar|p1a: Blissey
|drag|p1a: Suicune|Suicune|84/100
|
|-heal|p1a: Suicune|91/100|[from] item: Leftovers
|-heal|p2a: Suicune|100/100|[from] item: Leftovers
|upkeep
|turn|51
|inactive|kalarse has 180 seconds left.
|
|t:|1729433121
|switch|p1a: Blissey|Blissey, F|94/100
|move|p2a: Suicune|Roar|p1a: Blissey
|drag|p1a: Suicune|Suicune|91/100
|
|-heal|p1a: Suicune|97/100|[from] item: Leftovers
|upkeep
|turn|52
|inactive|kalarse has 180 seconds left.
|
|t:|1729433133
|switch|p1a: Blissey|Blissey, F|94/100
|move|p2a: Suicune|Calm Mind|p2a: Suicune
|-boost|p2a: Suicune|spa|1
|-boost|p2a: Suicune|spd|1
|
|-heal|p1a: Blissey|100/100|[from] item: Leftovers
|upkeep
|turn|53
|inactive|kalarse has 180 seconds left.
|
|t:|1729433145
|switch|p1a: Suicune|Suicune|97/100
|move|p2a: Suicune|Calm Mind|p2a: Suicune
|-boost|p2a: Suicune|spa|1
|-boost|p2a: Suicune|spd|1
|
|-heal|p1a: Suicune|100/100|[from] item: Leftovers
|upkeep
|turn|54
|inactive|kalarse has 180 seconds left.
|
|t:|1729433160
|move|p2a: Suicune|Roar|p1a: Suicune
|drag|p1a: Blissey|Blissey, F|100/100
|
|upkeep
|turn|55
|inactive|kalarse has 180 seconds left.
|
|t:|1729433171
|switch|p1a: Suicune|Suicune|100/100
|move|p2a: Suicune|Calm Mind|p2a: Suicune
|-boost|p2a: Suicune|spa|1
|-boost|p2a: Suicune|spd|1
|
|upkeep
|turn|56
|inactive|kalarse has 180 seconds left.
|
|t:|1729433182
|move|p2a: Suicune|Roar|p1a: Suicune
|drag|p1a: Blissey|Blissey, F|100/100
|
|upkeep
|turn|57
|inactive|kalarse has 180 seconds left.
|
|t:|1729433190
|switch|p1a: Suicune|Suicune|100/100
|move|p2a: Suicune|Calm Mind|p2a: Suicune
|-boost|p2a: Suicune|spa|1
|-boost|p2a: Suicune|spd|1
|
|upkeep
|turn|58
|inactive|kalarse has 180 seconds left.
|
|t:|1729433202
|move|p2a: Suicune|Roar|p1a: Suicune
|drag|p1a: Blissey|Blissey, F|100/100
|
|upkeep
|turn|59
|inactive|kalarse has 180 seconds left.
|c|☆RetiredBohrier|I swear to god I won a speed tie didn't I 
|
|t:|1729433215
|switch|p1a: Suicune|Suicune|100/100
|move|p2a: Suicune|Calm Mind|p2a: Suicune
|-boost|p2a: Suicune|spa|1
|-boost|p2a: Suicune|spd|1
|
|upkeep
|turn|60
|inactive|kalarse has 180 seconds left.
|c|☆kalarse|u did yes
|
|t:|1729433233
|move|p2a: Suicune|Surf|p1a: Suicune
|-resisted|p1a: Suicune
|-damage|p1a: Suicune|64/100
|move|p1a: Suicune|Roar|p2a: Suicune
|drag|p2a: Zapdos|Zapdos|59/100
|
|-heal|p2a: Zapdos|65/100|[from] item: Leftovers
|-heal|p1a: Suicune|70/100|[from] item: Leftovers
|upkeep
|turn|61
|inactive|kalarse has 180 seconds left.
|c|☆RetiredBohrier|Then coin just hates me 
|
|t:|1729433247
|move|p2a: Zapdos|Toxic|p1a: Suicune
|-status|p1a: Suicune|tox
|move|p1a: Suicune|Surf|p2a: Zapdos
|-damage|p2a: Zapdos|46/100
|
|-heal|p2a: Zapdos|52/100|[from] item: Leftovers
|-heal|p1a: Suicune|76/100 tox|[from] item: Leftovers
|-damage|p1a: Suicune|70/100 tox|[from] psn
|upkeep
|turn|62
|inactive|kalarse has 180 seconds left.
|c|☆RetiredBohrier|misclicks 
|c|☆RetiredBohrier|rip 
|
|t:|1729433263
|switch|p1a: Blissey|Blissey, F|100/100
|move|p2a: Zapdos|Thunderbolt|p1a: Blissey
|-damage|p1a: Blissey|83/100
|
|-heal|p2a: Zapdos|58/100|[from] item: Leftovers
|-heal|p1a: Blissey|89/100|[from] item: Leftovers
|upkeep
|turn|63
|
|t:|1729433275
|move|p2a: Zapdos|Toxic|p1a: Blissey
|-status|p1a: Blissey|tox
|move|p1a: Blissey|Wish|p1a: Blissey
|
|-heal|p2a: Zapdos|64/100|[from] item: Leftovers
|-heal|p1a: Blissey|95/100 tox|[from] item: Leftovers
|-damage|p1a: Blissey|89/100 tox|[from] psn
|upkeep
|turn|64
|
|t:|1729433288
|move|p2a: Zapdos|Thunderbolt|p1a: Blissey
|-damage|p1a: Blissey|72/100 tox
|move|p1a: Blissey|Seismic Toss|p2a: Zapdos
|-damage|p2a: Zapdos|38/100
|
|-heal|p1a: Blissey|100/100 tox|[from] move: Wish|[wisher] Blissey
|-heal|p2a: Zapdos|45/100|[from] item: Leftovers
|-damage|p1a: Blissey|88/100 tox|[from] psn
|upkeep
|turn|65
|
|t:|1729433303
|switch|p2a: Suicune|Suicune|100/100
|-damage|p2a: Suicune|88/100|[from] Spikes
|-curestatus|p1a: Blissey|tox|[from] ability: Natural Cure
|switch|p1a: Suicune|Suicune|70/100 tox
|
|-heal|p1a: Suicune|76/100 tox|[from] item: Leftovers
|-heal|p2a: Suicune|94/100|[from] item: Leftovers
|-damage|p1a: Suicune|70/100 tox|[from] psn
|upkeep
|turn|66
|
|t:|1729433323
|move|p1a: Suicune|Rest|p1a: Suicune
|-status|p1a: Suicune|slp|[from] move: Rest
|-heal|p1a: Suicune|100/100 slp|[silent]
|move|p2a: Suicune|Roar|p1a: Suicune
|drag|p1a: Blissey|Blissey, F|88/100
|
|-heal|p2a: Suicune|100/100|[from] item: Leftovers
|-heal|p1a: Blissey|94/100|[from] item: Leftovers
|upkeep
|turn|67
|
|t:|1729433337
|switch|p1a: Suicune|Suicune|100/100 slp
|move|p2a: Suicune|Calm Mind|p2a: Suicune
|-boost|p2a: Suicune|spa|1
|-boost|p2a: Suicune|spd|1
|
|upkeep
|turn|68
|
|t:|1729433348
|move|p2a: Suicune|Calm Mind|p2a: Suicune
|-boost|p2a: Suicune|spa|1
|-boost|p2a: Suicune|spd|1
|cant|p1a: Suicune|slp
|
|upkeep
|turn|69
|
|t:|1729433358
|move|p2a: Suicune|Calm Mind|p2a: Suicune
|-boost|p2a: Suicune|spa|1
|-boost|p2a: Suicune|spd|1
|cant|p1a: Suicune|slp
|
|upkeep
|turn|70
|
|t:|1729433368
|move|p2a: Suicune|Roar|p1a: Suicune
|drag|p1a: Blissey|Blissey, F|94/100
|
|-heal|p1a: Blissey|100/100|[from] item: Leftovers
|upkeep
|turn|71
|c|☆RetiredBohrier|Plz win tie broskis
|c|☆RetiredBohrier|Why do u hate winning cointosses cune
|inactive|kalarse has 150 seconds left.
|
|t:|1729433391
|switch|p1a: Suicune|Suicune|100/100 slp
|move|p2a: Suicune|Calm Mind|p2a: Suicune
|-boost|p2a: Suicune|spa|1
|-boost|p2a: Suicune|spd|1
|
|upkeep
|turn|72
|inactive|kalarse has 150 seconds left.
|c|☆kalarse|i'm starting to believe we're not speed tying
|
|t:|1729433412
|move|p2a: Suicune|Roar|p1a: Suicune
|drag|p1a: Blissey|Blissey, F|100/100
|
|upkeep
|turn|73
|c|☆RetiredBohrier|BRUH
|
|t:|1729433423
|switch|p1a: Suicune|Suicune|100/100 slp
|move|p2a: Suicune|Calm Mind|p2a: Suicune
|-boost|p2a: Suicune|spa|1
|-boost|p2a: Suicune|spd|1
|
|upkeep
|turn|74
|inactive|kalarse has 150 seconds left.
|
|t:|1729433440
|move|p2a: Suicune|Surf|p1a: Suicune
|-resisted|p1a: Suicune
|-damage|p1a: Suicune|64/100 slp
|-curestatus|p1a: Suicune|slp|[msg]
|move|p1a: Suicune|Roar|p2a: Suicune
|drag|p2a: Zapdos|Zapdos|45/100
|
|-heal|p2a: Zapdos|51/100|[from] item: Leftovers
|-heal|p1a: Suicune|70/100|[from] item: Leftovers
|upkeep
|turn|75
|
|t:|1729433454
|switch|p1a: Blissey|Blissey, F|100/100
|move|p2a: Zapdos|Toxic|p1a: Blissey|[miss]
|-miss|p2a: Zapdos|p1a: Blissey
|
|-heal|p2a: Zapdos|57/100|[from] item: Leftovers
|upkeep
|turn|76
|c|☆RetiredBohrier|surely u would have won had u attempted the tie
|
|t:|1729433467
|move|p2a: Zapdos|Toxic|p1a: Blissey
|-status|p1a: Blissey|tox
|move|p1a: Blissey|Ice Beam|p2a: Zapdos
|-supereffective|p2a: Zapdos
|-damage|p2a: Zapdos|28/100
|
|-heal|p2a: Zapdos|34/100|[from] item: Leftovers
|-damage|p1a: Blissey|94/100 tox|[from] psn
|upkeep
|turn|77
|c|☆kalarse|probably, but also mismanagement of my side
|inactive|kalarse has 120 seconds left.
|c|☆RetiredBohrier|Idk what that means
|c|☆RetiredBohrier|I suck at this game
|
|t:|1729433523
|switch|p2a: Suicune|Suicune|100/100
|-damage|p2a: Suicune|88/100|[from] Spikes
|move|p1a: Blissey|Seismic Toss|p2a: Suicune
|-damage|p2a: Suicune|63/100
|
|-heal|p2a: Suicune|69/100|[from] item: Leftovers
|-heal|p1a: Blissey|100/100 tox|[from] item: Leftovers
|-damage|p1a: Blissey|88/100 tox|[from] psn
|upkeep
|turn|78
|inactive|kalarse has 90 seconds left.
|c|☆kalarse|mostly should've endured heracross vs metagross
|c|☆RetiredBohrier|Oh u were endsalac
|c|☆kalarse|at +2 would probably killed with reversal
|c|☆RetiredBohrier|Nah u still didn't kill methinks
|inactive|kalarse has 60 seconds left.
|c|☆kalarse|then didn't save properly dug vs bliss
|c|☆kalarse|so this stalemate is killing my resources
|
|t:|1729433580
|-curestatus|p1a: Blissey|tox|[from] ability: Natural Cure
|switch|p1a: Suicune|Suicune|70/100
|move|p2a: Suicune|Calm Mind|p2a: Suicune
|-boost|p2a: Suicune|spa|1
|-boost|p2a: Suicune|spd|1
|
|-heal|p2a: Suicune|76/100|[from] item: Leftovers
|-heal|p1a: Suicune|76/100|[from] item: Leftovers
|upkeep
|turn|79
|
|t:|1729433600
|move|p2a: Suicune|Surf|p1a: Suicune
|-resisted|p1a: Suicune
|-damage|p1a: Suicune|59/100
|move|p1a: Suicune|Calm Mind|p1a: Suicune
|-boost|p1a: Suicune|spa|1
|-boost|p1a: Suicune|spd|1
|
|-heal|p2a: Suicune|82/100|[from] item: Leftovers
|-heal|p1a: Suicune|65/100|[from] item: Leftovers
|upkeep
|turn|80
|c|☆RetiredBohrier|Oh u did
|
|t:|1729433613
|move|p2a: Suicune|Roar|p1a: Suicune
|drag|p1a: Blissey|Blissey, F|88/100
|
|-heal|p2a: Suicune|88/100|[from] item: Leftovers
|-heal|p1a: Blissey|94/100|[from] item: Leftovers
|upkeep
|turn|81
|
|t:|1729433624
|switch|p1a: Suicune|Suicune|65/100
|move|p2a: Suicune|Calm Mind|p2a: Suicune
|-boost|p2a: Suicune|spa|1
|-boost|p2a: Suicune|spd|1
|
|-heal|p1a: Suicune|71/100|[from] item: Leftovers
|-heal|p2a: Suicune|94/100|[from] item: Leftovers
|upkeep
|turn|82
|
|t:|1729433637
|move|p2a: Suicune|Surf|p1a: Suicune
|-resisted|p1a: Suicune
|-damage|p1a: Suicune|49/100
|move|p1a: Suicune|Roar|p2a: Suicune
|drag|p2a: Zapdos|Zapdos|34/100
|
|-heal|p2a: Zapdos|40/100|[from] item: Leftovers
|-heal|p1a: Suicune|55/100|[from] item: Leftovers
|upkeep
|turn|83
|
|t:|1729433651
|switch|p1a: Blissey|Blissey, F|94/100
|move|p2a: Zapdos|Toxic|p1a: Blissey
|-status|p1a: Blissey|tox
|
|-heal|p2a: Zapdos|47/100|[from] item: Leftovers
|-heal|p1a: Blissey|100/100 tox|[from] item: Leftovers
|-damage|p1a: Blissey|94/100 tox|[from] psn
|upkeep
|turn|84
|
|t:|1729433664
|move|p2a: Zapdos|Rain Dance|p2a: Zapdos
|-weather|RainDance
|move|p1a: Blissey|Wish|p1a: Blissey
|
|-weather|RainDance|[upkeep]
|-heal|p2a: Zapdos|53/100|[from] item: Leftovers
|-heal|p1a: Blissey|100/100 tox|[from] item: Leftovers
|-damage|p1a: Blissey|88/100 tox|[from] psn
|upkeep
|turn|85
|
|t:|1729433676
|move|p2a: Zapdos|Thunderbolt|p1a: Blissey
|-damage|p1a: Blissey|72/100 tox
|move|p1a: Blissey|Seismic Toss|p2a: Zapdos
|-damage|p2a: Zapdos|27/100
|
|-heal|p1a: Blissey|100/100 tox|[from] move: Wish|[wisher] Blissey
|-weather|RainDance|[upkeep]
|-heal|p2a: Zapdos|33/100|[from] item: Leftovers
|-damage|p1a: Blissey|82/100 tox|[from] psn
|upkeep
|turn|86
|
|t:|1729433691
|switch|p2a: Suicune|Suicune|94/100
|-damage|p2a: Suicune|82/100|[from] Spikes
|move|p1a: Blissey|Ice Beam|p2a: Suicune
|-resisted|p2a: Suicune
|-damage|p2a: Suicune|73/100
|
|-weather|RainDance|[upkeep]
|-heal|p2a: Suicune|80/100|[from] item: Leftovers
|-heal|p1a: Blissey|88/100 tox|[from] item: Leftovers
|-damage|p1a: Blissey|64/100 tox|[from] psn
|upkeep
|turn|87
|
|t:|1729433707
|-curestatus|p1a: Blissey|tox|[from] ability: Natural Cure
|switch|p1a: Suicune|Suicune|55/100
|move|p2a: Suicune|Calm Mind|p2a: Suicune
|-boost|p2a: Suicune|spa|1
|-boost|p2a: Suicune|spd|1
|
|-weather|RainDance|[upkeep]
|-heal|p2a: Suicune|86/100|[from] item: Leftovers
|-heal|p1a: Suicune|61/100|[from] item: Leftovers
|upkeep
|turn|88
|
|t:|1729433721
|move|p2a: Suicune|Surf|p1a: Suicune
|-resisted|p1a: Suicune
|-damage|p1a: Suicune|38/100
|move|p1a: Suicune|Calm Mind|p1a: Suicune
|-boost|p1a: Suicune|spa|1
|-boost|p1a: Suicune|spd|1
|
|-weather|none
|-heal|p1a: Suicune|44/100|[from] item: Leftovers
|-heal|p2a: Suicune|92/100|[from] item: Leftovers
|upkeep
|turn|89
|
|t:|1729433734
|move|p1a: Suicune|Rest|p1a: Suicune
|-status|p1a: Suicune|slp|[from] move: Rest
|-heal|p1a: Suicune|100/100 slp|[silent]
|move|p2a: Suicune|Roar|p1a: Suicune
|drag|p1a: Blissey|Blissey, F|64/100
|
|-heal|p2a: Suicune|98/100|[from] item: Leftovers
|-heal|p1a: Blissey|70/100|[from] item: Leftovers
|upkeep
|turn|90
|
|t:|1729433748
|switch|p1a: Suicune|Suicune|100/100 slp
|move|p2a: Suicune|Calm Mind|p2a: Suicune
|-boost|p2a: Suicune|spa|1
|-boost|p2a: Suicune|spd|1
|
|-heal|p2a: Suicune|100/100|[from] item: Leftovers
|upkeep
|turn|91
|
|t:|1729433759
|move|p2a: Suicune|Calm Mind|p2a: Suicune
|-boost|p2a: Suicune|spa|1
|-boost|p2a: Suicune|spd|1
|cant|p1a: Suicune|slp
|
|upkeep
|turn|92
|
|t:|1729433769
|move|p2a: Suicune|Calm Mind|p2a: Suicune
|-boost|p2a: Suicune|spa|1
|-boost|p2a: Suicune|spd|1
|cant|p1a: Suicune|slp
|
|upkeep
|turn|93
|
|t:|1729433795
|-curestatus|p1a: Suicune|slp|[msg]
|move|p1a: Suicune|Roar|p2a: Suicune
|drag|p2a: Zapdos|Zapdos|33/100
|
|-heal|p2a: Zapdos|39/100|[from] item: Leftovers
|upkeep
|turn|94
|c|☆RetiredBohrier|I WON A TIE
|
|t:|1729433807
|switch|p1a: Blissey|Blissey, F|70/100
|move|p2a: Zapdos|Thunderbolt|p1a: Blissey
|-damage|p1a: Blissey|54/100
|
|-heal|p2a: Zapdos|46/100|[from] item: Leftovers
|-heal|p1a: Blissey|61/100|[from] item: Leftovers
|upkeep
|turn|95
|
|t:|1729433819
|move|p2a: Zapdos|Toxic|p1a: Blissey
|-status|p1a: Blissey|tox
|move|p1a: Blissey|Ice Beam|p2a: Zapdos
|-supereffective|p2a: Zapdos
|-damage|p2a: Zapdos|16/100
|
|-heal|p2a: Zapdos|23/100|[from] item: Leftovers
|-heal|p1a: Blissey|67/100 tox|[from] item: Leftovers
|-damage|p1a: Blissey|61/100 tox|[from] psn
|upkeep
|turn|96
|c|☆RetiredBohrier|MOM I DID IT
|inactive|kalarse has 30 seconds left.
|
|t:|1729433857
|-curestatus|p1a: Blissey|tox|[from] ability: Natural Cure
|switch|p1a: Suicune|Suicune|100/100
|move|p2a: Zapdos|Rain Dance|p2a: Zapdos
|-weather|RainDance
|
|-weather|RainDance|[upkeep]
|-heal|p2a: Zapdos|29/100|[from] item: Leftovers
|upkeep
|turn|97
|inactive|kalarse has 30 seconds left.
|c|☆RetiredBohrier|Bro ur gonna time out if u don't click
|
|t:|1729433868
|switch|p1a: Blissey|Blissey, F|61/100
|move|p2a: Zapdos|Toxic|p1a: Blissey
|-status|p1a: Blissey|tox
|
|-weather|RainDance|[upkeep]
|-heal|p2a: Zapdos|35/100|[from] item: Leftovers
|-heal|p1a: Blissey|67/100 tox|[from] item: Leftovers
|-damage|p1a: Blissey|61/100 tox|[from] psn
|upkeep
|turn|98
|c|☆RetiredBohrier|Click fast
|c|☆kalarse|i know
|inactive|kalarse has 30 seconds left.
|inactive|kalarse has 20 seconds left.
|
|t:|1729433886
|move|p2a: Zapdos|Thunderbolt|p1a: Blissey
|-damage|p1a: Blissey|44/100 tox
|move|p1a: Blissey|Soft-Boiled|p1a: Blissey
|-heal|p1a: Blissey|94/100 tox
|
|-weather|RainDance|[upkeep]
|-heal|p2a: Zapdos|41/100|[from] item: Leftovers
|-heal|p1a: Blissey|99/100 tox|[from] item: Leftovers
|-damage|p1a: Blissey|88/100 tox|[from] psn
|upkeep
|turn|99
|inactive|kalarse has 30 seconds left this turn.
|inactive|kalarse has 20 seconds left.
|
|t:|1729433897
|move|p2a: Zapdos|Thunderbolt|p1a: Blissey
|-crit|p1a: Blissey
|-damage|p1a: Blissey|57/100 tox
|move|p1a: Blissey|Seismic Toss|p2a: Zapdos
|-damage|p2a: Zapdos|15/100
|
|-weather|RainDance|[upkeep]
|-heal|p2a: Zapdos|22/100|[from] item: Leftovers
|-heal|p1a: Blissey|63/100 tox|[from] item: Leftovers
|-damage|p1a: Blissey|45/100 tox|[from] psn
|upkeep
|turn|100
|inactive|kalarse has 30 seconds left this turn.
|inactive|kalarse has 20 seconds left.
|
|t:|1729433907
|move|p2a: Zapdos|Thunderbolt|p1a: Blissey
|-damage|p1a: Blissey|28/100 tox
|move|p1a: Blissey|Seismic Toss|p2a: Zapdos
|-damage|p2a: Zapdos|0 fnt
|faint|p2a: Zapdos
|inactive|kalarse has 25 seconds left this turn.
|inactive|kalarse has 20 seconds left.
|
|t:|1729433914
|switch|p2a: Suicune|Suicune|100/100
|-damage|p2a: Suicune|88/100|[from] Spikes
|
|-weather|none
|-heal|p2a: Suicune|94/100|[from] item: Leftovers
|-heal|p1a: Blissey|34/100 tox|[from] item: Leftovers
|-damage|p1a: Blissey|10/100 tox|[from] psn
|upkeep
|turn|101
|inactive|kalarse has 30 seconds left this turn.
|
|t:|1729433921
|move|p2a: Suicune|Surf|p1a: Blissey
|-damage|p1a: Blissey|0 fnt
|faint|p1a: Blissey
|inactive|kalarse has 30 seconds left this turn.
|
|t:|1729433924
|switch|p1a: Suicune|Suicune|100/100
|
|-heal|p2a: Suicune|100/100|[from] item: Leftovers
|upkeep
|turn|102
|
|t:|1729433928
|move|p1a: Suicune|Calm Mind|p1a: Suicune
|-boost|p1a: Suicune|spa|1
|-boost|p1a: Suicune|spd|1
|move|p2a: Suicune|Calm Mind|p2a: Suicune
|-boost|p2a: Suicune|spa|1
|-boost|p2a: Suicune|spd|1
|
|upkeep
|turn|103
|c|☆RetiredBohrier|Aight gg finally
|c|☆RetiredBohrier|Unless u crit ofc
|c|☆RetiredBohrier|Which I'm not putting off the table
|c|☆kalarse|crit for the win or else xD
|c|☆RetiredBohrier|Since u alr did that like 69 times
|
|t:|1729433949
|move|p2a: Suicune|Calm Mind|p2a: Suicune
|-boost|p2a: Suicune|spa|1
|-boost|p2a: Suicune|spd|1
|move|p1a: Suicune|Calm Mind|p1a: Suicune
|-boost|p1a: Suicune|spa|1
|-boost|p1a: Suicune|spd|1
|
|upkeep
|turn|104
|
|t:|1729433954
|move|p2a: Suicune|Calm Mind|p2a: Suicune
|-boost|p2a: Suicune|spa|1
|-boost|p2a: Suicune|spd|1
|move|p1a: Suicune|Calm Mind|p1a: Suicune
|-boost|p1a: Suicune|spa|1
|-boost|p1a: Suicune|spd|1
|
|upkeep
|turn|105
|
|t:|1729433957
|move|p2a: Suicune|Calm Mind|p2a: Suicune
|-boost|p2a: Suicune|spa|1
|-boost|p2a: Suicune|spd|1
|move|p1a: Suicune|Surf|p2a: Suicune
|-resisted|p2a: Suicune
|-damage|p2a: Suicune|91/100
|
|-heal|p2a: Suicune|98/100|[from] item: Leftovers
|upkeep
|turn|106
|
|t:|1729433959
|move|p1a: Suicune|Calm Mind|p1a: Suicune
|-boost|p1a: Suicune|spa|1
|-boost|p1a: Suicune|spd|1
|move|p2a: Suicune|Calm Mind|p2a: Suicune
|-boost|p2a: Suicune|spa|1
|-boost|p2a: Suicune|spd|1
|
|-heal|p2a: Suicune|100/100|[from] item: Leftovers
|upkeep
|turn|107
|
|t:|1729433961
|move|p2a: Suicune|Calm Mind|p2a: Suicune
|-boost|p2a: Suicune|spa|1
|-boost|p2a: Suicune|spd|1
|move|p1a: Suicune|Calm Mind|p1a: Suicune
|-boost|p1a: Suicune|spa|1
|-boost|p1a: Suicune|spd|1
|
|upkeep
|turn|108
|inactive|kalarse has 90 seconds left.
|
|t:|1729433968
|move|p2a: Suicune|Surf|p1a: Suicune
|-resisted|p1a: Suicune
|-damage|p1a: Suicune|89/100
|move|p1a: Suicune|Calm Mind|p1a: Suicune
|-boost|p1a: Suicune|spa|1
|-boost|p1a: Suicune|spd|1
|
|-heal|p1a: Suicune|95/100|[from] item: Leftovers
|upkeep
|turn|109
|
|t:|1729433976
|move|p2a: Suicune|Surf|p1a: Suicune
|-resisted|p1a: Suicune
|-damage|p1a: Suicune|83/100
|move|p1a: Suicune|Surf|p2a: Suicune
|-resisted|p2a: Suicune
|-crit|p2a: Suicune
|-damage|p2a: Suicune|11/100
|
|-heal|p2a: Suicune|17/100|[from] item: Leftovers
|-heal|p1a: Suicune|89/100|[from] item: Leftovers
|upkeep
|turn|110
|c|☆RetiredBohrier|Oh I crit instead
|
|t:|1729433986
|move|p1a: Suicune|Rest|p1a: Suicune
|-status|p1a: Suicune|slp|[from] move: Rest
|-heal|p1a: Suicune|100/100 slp|[silent]
|move|p2a: Suicune|Surf|p1a: Suicune
|-resisted|p1a: Suicune
|-damage|p1a: Suicune|90/100 slp
|
|-heal|p1a: Suicune|96/100 slp|[from] item: Leftovers
|-heal|p2a: Suicune|23/100|[from] item: Leftovers
|upkeep
|turn|111
|c|☆kalarse|there was a crit
|c|☆RetiredBohrier|Gg
|c|☆kalarse|and welp
|c|☆kalarse|i ran out of surf
|c|☆kalarse|gg
|-message|kalarse forfeited.
|
|win|RetiredBohrier
|c|☆RetiredBohrier|Yeah
|c|☆RetiredBohrier|Gg

</script>
<script type="application/json" class="data" id="replaydata-smogtours-gen3ou-800362">
{"id":"smogtours-gen3ou-800362","format":"[Gen 3] OU","players":["RetiredBohrier","kalarse"],"uploadtime":1729434001,"views":104,"formatid":"gen3ou","rating":null,"private":0,"password":null}
</script>

<script defer src="js/replays.js?9d40a366"></script>
