<!DOCTYPE html>
<meta charset="utf-8" />
<meta name="viewport" content="width=device-width" />

<title>[Gen 3] OU: LTG vs. Please ban rachi - Replays - Pok&eacute;mon Showdown!</title>

<meta name="description" content="Watch a replay of a Pok&eacute;mon battle between LTG and Please ban rachi! Format: [Gen 3] OU; Date: Oct 17, 2024" />
<!--

Hey, you! Looking in the source for the replay log?

You can find them in JSON format, just add `.json` at the end of a replay URL.

https://replay.pokemonshowdown.com/gen7randomdoublesbattle-865046831.json

Or, if you only need the log itself, add `.log` instead:

https://replay.pokemonshowdown.com/gen7randomdoublesbattle-865046831.log

-->

<link rel="stylesheet" href="//pokemonshowdown.com/style/global.css?0.023195364461161105" />
<link rel="stylesheet" href="//play.pokemonshowdown.com/style/font-awesome.css?0.13261647063804238" />
<link rel="stylesheet" href="//play.pokemonshowdown.com/style/battle.css?0.8753245789963631" />
<link rel="stylesheet" href="//play.pokemonshowdown.com/style/utilichart.css?0.8627959624976733" />

<!-- Global site tag (gtag.js) - Google Analytics -->
<script async src="https://www.googletagmanager.com/gtag/js?id=UA-26211653-1"></script>
<script>
  window.dataLayer = window.dataLayer || [];
  function gtag(){dataLayer.push(arguments);}
  gtag('js', new Date());

  gtag('config', 'UA-26211653-1');
</script>
<!-- End Google Analytics -->
<!-- Venatus Ad Manager - Install in <HEAD> of page -->
	<script src="https://hb.vntsm.com/v3/live/ad-manager.min.js" type="text/javascript" data-site-id="642aba63ec9a7b11c3c9c1be" data-mode="scan" async></script>
<!-- / Venatus Ad Manager -->

<style>
	@media (max-width:820px) {
		.battle {
			margin: 0 auto;
		}
		.battle-log {
			margin: 7px auto 0;
			max-width: 640px;
			height: 300px;
			position: static;
		}
	}
	.optgroup {
		display: inline-block;
		line-height: 22px;
		font-size: 10pt;
	}
	.optgroup .button {
		height: 25px;
		padding-top: 0;
		padding-bottom: 0;
	}
	.optgroup button.button {
		padding-left: 12px;
		padding-right: 12px;
	}
	.linklist {
		list-style: none;
		margin: 0.5em 0;
		padding: 0;
	}
	.linklist li {
		padding: 2px 0;
	}
	.sidebar {
		float: left;
		width: 320px;
	}
	.bar-wrapper {
		max-width: 1100px;
		margin: 0 auto;
	}
	.bar-wrapper.has-sidebar {
		max-width: 1430px;
	}
	.mainbar {
		margin: 0;
		padding-right: 1px;
	}
	.mainbar.has-sidebar {
		margin-left: 330px;
	}
	@media (min-width: 1511px) {
		.sidebar {
			width: 400px;
		}
		.bar-wrapper.has-sidebar {
			max-width: 1510px;
		}
		.mainbar.has-sidebar {
			margin-left: 410px;
		}
	}
	.section.first-section {
		margin-top: 9px;
	}
	.blocklink small {
		white-space: normal;
	}
	.button {
		vertical-align: middle;
	}
	.replay-controls {
		padding-top: 10px;
	}
	.replay-controls h1 {
		font-size: 16pt;
		font-weight: normal;
		color: #CCC;
	}
	.pagelink {
		text-align: center;
	}
	.pagelink a {
		width: 150px;
	}
	.textbox, .button {
		font-size: 11pt;
		vertical-align: middle;
	}
	@media (max-width: 450px) {
		.button {
			font-size: 9pt;
		}
	}
</style>

<div>

	<header>
		<div class="nav-wrapper"><ul class="nav">
			<li><a class="button nav-first" href="//pokemonshowdown.com/"><img src="//pokemonshowdown.com/images/pokemonshowdownbeta.png" srcset="//pokemonshowdown.com/images/pokemonshowdownbeta.png 1x, //pokemonshowdown.com/images/pokemonshowdownbeta@2x.png 2x" alt="Pok&eacute;mon Showdown" width="146" height="44" /> Home</a></li>
			<li><a class="button" href="//pokemonshowdown.com/dex/">Pok&eacute;dex</a></li>
			<li><a class="button cur" href="/">Replays</a></li>
			<li><a class="button" href="//pokemonshowdown.com/ladder/">Ladder</a></li>
			<li><a class="button nav-last" href="//pokemonshowdown.com/forums/">Forum</a></li>
			<li><a class="button greenbutton nav-first nav-last" href="//play.pokemonshowdown.com/">Play</a></li>
		</ul></div>
	</header>

	<div class="main" id="main">

		<noscript><section class="section">You need to enable JavaScript to use this page; sorry!</section></noscript>

	</div>

</div>

<script defer nomodule src="//play.pokemonshowdown.com/js/lib/ps-polyfill.js"></script>
<script defer src="//play.pokemonshowdown.com/js/lib/preact.min.js"></script>

<script defer src="//play.pokemonshowdown.com/config/config.js?2bddbc15"></script>
<script defer src="//play.pokemonshowdown.com/js/lib/jquery-1.11.0.min.js"></script>
<script defer src="//play.pokemonshowdown.com/js/lib/html-sanitizer-minified.js"></script>
<script defer src="//play.pokemonshowdown.com/js/battle-sound.js"></script>
<script defer src="//play.pokemonshowdown.com/js/battledata.js?0.7209276989879541"></script>
<script defer src="//play.pokemonshowdown.com/data/pokedex-mini.js?0.6111056340867951"></script>
<script defer src="//play.pokemonshowdown.com/data/pokedex-mini-bw.js?0.3532142036491459"></script>
<script defer src="//play.pokemonshowdown.com/data/graphics.js?0.24223875632456182"></script>
<script defer src="//play.pokemonshowdown.com/data/pokedex.js?0.38839984266356864"></script>
<script defer src="//play.pokemonshowdown.com/data/moves.js?0.21866028504024015"></script>
<script defer src="//play.pokemonshowdown.com/data/abilities.js?0.2005157953846628"></script>
<script defer src="//play.pokemonshowdown.com/data/items.js?0.9894211263848525"></script>
<script defer src="//play.pokemonshowdown.com/data/teambuilder-tables.js?0.6008791140282215"></script>
<script defer src="//play.pokemonshowdown.com/js/battle-tooltips.js?0.7580118955022959"></script>
<script defer src="//play.pokemonshowdown.com/js/battle.js?0.6057722274234274"></script>

<script defer src="js/utils.js?e31f9a17"></script>
<script defer src="js/replays-battle.js?7008c182"></script>

<!-- don't scrape this data! just add .json or .log after the URL!
Full API docs: https://github.com/smogon/pokemon-showdown-client/blob/master/WEB-API.md -->
<script type="text/plain" class="log" id="replaylog-smogtours-gen3ou-799257">
|inactive|Battle timer is ON: inactive players will automatically lose when time's up.
|t:|1729170529
|gametype|singles
|player|p1|LTG|#ltg|
|player|p2|Please ban rachi|101|
|teamsize|p1|6
|teamsize|p2|6
|gen|3
|tier|[Gen 3] OU
|rule|Sleep Clause Mod: Limit one foe put to sleep
|rule|Switch Priority Clause Mod: Faster Pokémon switch first
|rule|Species Clause: Limit one of each Pokémon
|rule|OHKO Clause: OHKO moves are banned
|rule|Evasion Items Clause: Evasion items are banned
|rule|Evasion Moves Clause: Evasion moves are banned
|rule|Endless Battle Clause: Forcing endless battles is banned
|rule|HP Percentage Mod: HP is shown in percentages
|rule|One Boost Passer Clause: Limit one Baton Passer that has a way to boost its stats
|rule|Freeze Clause Mod: Limit one foe frozen
|
|t:|1729170529
|start
|switch|p1a: Forretress|Forretress, M|100/100
|switch|p2a: Tyranitar|Tyranitar, M|100/100
|-weather|Sandstorm|[from] ability: Sand Stream|[of] p2a: Tyranitar
|turn|1
|
|t:|1729170545
|switch|p1a: Swampert|Swampert, M|100/100
|move|p2a: Tyranitar|Rock Slide|p1a: Swampert
|-resisted|p1a: Swampert
|-damage|p1a: Swampert|85/100
|
|-weather|Sandstorm|[upkeep]
|-heal|p1a: Swampert|91/100|[from] item: Leftovers
|upkeep
|turn|2
|
|t:|1729170556
|switch|p2a: Swampert|Swampert, M|100/100
|move|p1a: Swampert|Earthquake|p2a: Swampert
|-damage|p2a: Swampert|74/100
|
|-weather|Sandstorm|[upkeep]
|-heal|p2a: Swampert|80/100|[from] item: Leftovers
|-heal|p1a: Swampert|98/100|[from] item: Leftovers
|upkeep
|turn|3
|
|t:|1729170565
|switch|p1a: Forretress|Forretress, M|100/100
|move|p2a: Swampert|Hydro Pump|p1a: Forretress
|-crit|p1a: Forretress
|-damage|p1a: Forretress|27/100
|
|-weather|Sandstorm|[upkeep]
|-heal|p2a: Swampert|87/100|[from] item: Leftovers
|-heal|p1a: Forretress|33/100|[from] item: Leftovers
|upkeep
|turn|4
|
|t:|1729170578
|switch|p1a: Swampert|Swampert, M|98/100
|move|p2a: Swampert|Hydro Pump|p1a: Swampert
|-damage|p1a: Swampert|63/100
|
|-weather|Sandstorm|[upkeep]
|-heal|p1a: Swampert|69/100|[from] item: Leftovers
|-heal|p2a: Swampert|93/100|[from] item: Leftovers
|upkeep
|turn|5
|
|t:|1729170584
|switch|p2a: Skarmory|Skarmory, M|100/100
|move|p1a: Swampert|Earthquake|p2a: Skarmory
|-immune|p2a: Skarmory
|
|-weather|Sandstorm|[upkeep]
|-heal|p1a: Swampert|75/100|[from] item: Leftovers
|upkeep
|turn|6
|
|t:|1729170593
|move|p2a: Skarmory|Spikes|p1a: Swampert
|-sidestart|p1: LTG|Spikes
|move|p1a: Swampert|Hydro Pump|p2a: Skarmory|[miss]
|-miss|p1a: Swampert|p2a: Skarmory
|
|-weather|Sandstorm|[upkeep]
|-heal|p1a: Swampert|82/100|[from] item: Leftovers
|upkeep
|turn|7
|
|t:|1729170597
|switch|p1a: Forretress|Forretress, M|33/100
|-damage|p1a: Forretress|21/100|[from] Spikes
|move|p2a: Skarmory|Spikes|p1a: Forretress
|-sidestart|p1: LTG|Spikes
|
|-weather|Sandstorm|[upkeep]
|-heal|p1a: Forretress|27/100|[from] item: Leftovers
|upkeep
|turn|8
|
|t:|1729170601
|switch|p2a: Gengar|Gengar, M|100/100
|move|p1a: Forretress|Rapid Spin|p2a: Gengar
|-immune|p2a: Gengar
|
|-weather|Sandstorm|[upkeep]
|-damage|p2a: Gengar|94/100|[from] Sandstorm
|-heal|p2a: Gengar|100/100|[from] item: Leftovers
|-heal|p1a: Forretress|33/100|[from] item: Leftovers
|upkeep
|turn|9
|
|t:|1729170610
|switch|p1a: Camerupt|Camerupt, F|100/100
|-damage|p1a: Camerupt|84/100|[from] Spikes
|move|p2a: Gengar|Fire Punch|p1a: Camerupt
|-resisted|p1a: Camerupt
|-damage|p1a: Camerupt|73/100
|
|-weather|Sandstorm|[upkeep]
|-damage|p2a: Gengar|94/100|[from] Sandstorm
|-heal|p2a: Gengar|100/100|[from] item: Leftovers
|-heal|p1a: Camerupt|79/100|[from] item: Leftovers
|upkeep
|turn|10
|
|t:|1729170620
|switch|p2a: Swampert|Swampert, M|93/100
|move|p1a: Camerupt|Flamethrower|p2a: Swampert
|-resisted|p2a: Swampert
|-damage|p2a: Swampert|78/100
|
|-weather|Sandstorm|[upkeep]
|-heal|p2a: Swampert|84/100|[from] item: Leftovers
|-heal|p1a: Camerupt|86/100|[from] item: Leftovers
|upkeep
|turn|11
|
|t:|1729170629
|switch|p1a: Swampert|Swampert, M|82/100
|-damage|p1a: Swampert|65/100|[from] Spikes
|move|p2a: Swampert|Hydro Pump|p1a: Swampert
|-damage|p1a: Swampert|32/100
|
|-weather|Sandstorm|[upkeep]
|-heal|p2a: Swampert|90/100|[from] item: Leftovers
|-heal|p1a: Swampert|38/100|[from] item: Leftovers
|upkeep
|turn|12
|
|t:|1729170638
|move|p2a: Swampert|Hydro Pump|p1a: Swampert|[miss]
|-miss|p2a: Swampert|p1a: Swampert
|move|p1a: Swampert|Hydro Pump|p2a: Swampert
|-damage|p2a: Swampert|58/100
|
|-weather|Sandstorm|[upkeep]
|-heal|p1a: Swampert|44/100|[from] item: Leftovers
|-heal|p2a: Swampert|65/100|[from] item: Leftovers
|upkeep
|turn|13
|
|t:|1729170648
|move|p2a: Swampert|Hydro Pump|p1a: Swampert
|-damage|p1a: Swampert|13/100
|move|p1a: Swampert|Hydro Pump|p2a: Swampert
|-damage|p2a: Swampert|19/100
|
|-weather|Sandstorm|[upkeep]
|-heal|p2a: Swampert|25/100|[from] item: Leftovers
|-heal|p1a: Swampert|19/100|[from] item: Leftovers
|upkeep
|turn|14
|
|t:|1729170660
|move|p2a: Swampert|Hydro Pump|p1a: Swampert
|-damage|p1a: Swampert|0 fnt
|faint|p1a: Swampert
|
|t:|1729170669
|switch|p1a: Zapdos|Zapdos|100/100
|
|-weather|Sandstorm|[upkeep]
|-damage|p1a: Zapdos|94/100|[from] Sandstorm
|-heal|p1a: Zapdos|100/100|[from] item: Leftovers
|-heal|p2a: Swampert|31/100|[from] item: Leftovers
|upkeep
|turn|15
|
|t:|1729170673
|move|p2a: Swampert|Protect|p2a: Swampert
|-singleturn|p2a: Swampert|Protect
|move|p1a: Zapdos|Hidden Power|p2a: Swampert
|-activate|p2a: Swampert|Protect
|
|-weather|Sandstorm|[upkeep]
|-damage|p1a: Zapdos|94/100|[from] Sandstorm
|-heal|p1a: Zapdos|100/100|[from] item: Leftovers
|-heal|p2a: Swampert|37/100|[from] item: Leftovers
|upkeep
|turn|16
|
|t:|1729170677
|switch|p2a: Blissey|Blissey, F|100/100
|move|p1a: Zapdos|Agility|p1a: Zapdos
|-boost|p1a: Zapdos|spe|2
|
|-weather|Sandstorm|[upkeep]
|-damage|p1a: Zapdos|94/100|[from] Sandstorm
|-damage|p2a: Blissey|94/100|[from] Sandstorm
|-heal|p1a: Zapdos|100/100|[from] item: Leftovers
|-heal|p2a: Blissey|100/100|[from] item: Leftovers
|upkeep
|turn|17
|
|t:|1729170685
|move|p1a: Zapdos|Baton Pass|p1a: Zapdos
|
|t:|1729170688
|switch|p1a: Blaziken|Blaziken, M|100/100|[from] Baton Pass
|-damage|p1a: Blaziken|84/100|[from] Spikes
|move|p2a: Blissey|Thunder Wave|p1a: Blaziken
|-status|p1a: Blaziken|par
|
|-weather|Sandstorm|[upkeep]
|-damage|p2a: Blissey|94/100|[from] Sandstorm
|-damage|p1a: Blaziken|78/100 par|[from] Sandstorm
|-heal|p2a: Blissey|100/100|[from] item: Leftovers
|-heal|p1a: Blaziken|84/100 par|[from] item: Leftovers
|upkeep
|turn|18
|
|t:|1729170699
|switch|p2a: Moltres|Moltres|100/100
|move|p1a: Blaziken|Sky Uppercut|p2a: Moltres
|-resisted|p2a: Moltres
|-damage|p2a: Moltres|79/100
|
|-weather|Sandstorm|[upkeep]
|-damage|p2a: Moltres|73/100|[from] Sandstorm
|-damage|p1a: Blaziken|78/100 par|[from] Sandstorm
|-heal|p2a: Moltres|79/100|[from] item: Leftovers
|-heal|p1a: Blaziken|84/100 par|[from] item: Leftovers
|upkeep
|turn|19
|
|t:|1729170710
|switch|p1a: Zapdos|Zapdos|100/100
|move|p2a: Moltres|Roar|p1a: Zapdos
|drag|p1a: Blaziken|Blaziken, M|84/100 par
|-damage|p1a: Blaziken|68/100 par|[from] Spikes
|
|-weather|Sandstorm|[upkeep]
|-damage|p2a: Moltres|73/100|[from] Sandstorm
|-damage|p1a: Blaziken|61/100 par|[from] Sandstorm
|-heal|p2a: Moltres|79/100|[from] item: Leftovers
|-heal|p1a: Blaziken|68/100 par|[from] item: Leftovers
|upkeep
|turn|20
|
|t:|1729170728
|switch|p2a: Tyranitar|Tyranitar, M|100/100
|move|p1a: Blaziken|Thunder Punch|p2a: Tyranitar
|-damage|p2a: Tyranitar|78/100
|
|-weather|Sandstorm|[upkeep]
|-damage|p1a: Blaziken|61/100 par|[from] Sandstorm
|-heal|p2a: Tyranitar|84/100|[from] item: Leftovers
|-heal|p1a: Blaziken|68/100 par|[from] item: Leftovers
|upkeep
|turn|21
|
|t:|1729170737
|-singleturn|p2a: Tyranitar|move: Focus Punch
|move|p1a: Blaziken|Sky Uppercut|p2a: Tyranitar
|-supereffective|p2a: Tyranitar
|-damage|p2a: Tyranitar|0 fnt
|faint|p2a: Tyranitar
|
|t:|1729170751
|switch|p2a: Gengar|Gengar, M|100/100
|
|-weather|Sandstorm|[upkeep]
|-damage|p2a: Gengar|94/100|[from] Sandstorm
|-damage|p1a: Blaziken|61/100 par|[from] Sandstorm
|-heal|p2a: Gengar|100/100|[from] item: Leftovers
|-heal|p1a: Blaziken|68/100 par|[from] item: Leftovers
|upkeep
|turn|22
|
|t:|1729170765
|switch|p1a: Camerupt|Camerupt, F|86/100
|-damage|p1a: Camerupt|69/100|[from] Spikes
|move|p2a: Gengar|Thunderbolt|p1a: Camerupt
|-immune|p1a: Camerupt
|
|-weather|Sandstorm|[upkeep]
|-damage|p2a: Gengar|94/100|[from] Sandstorm
|-heal|p2a: Gengar|100/100|[from] item: Leftovers
|-heal|p1a: Camerupt|75/100|[from] item: Leftovers
|upkeep
|turn|23
|
|t:|1729170777
|switch|p2a: Swampert|Swampert, M|37/100
|move|p1a: Camerupt|Earthquake|p2a: Swampert
|-damage|p2a: Swampert|7/100
|
|-weather|Sandstorm|[upkeep]
|-heal|p2a: Swampert|13/100|[from] item: Leftovers
|-heal|p1a: Camerupt|82/100|[from] item: Leftovers
|upkeep
|turn|24
|
|t:|1729170790
|switch|p1a: Salamence|Salamence, F|100/100
|-ability|p1a: Salamence|Intimidate|boost
|-unboost|p2a: Swampert|atk|1
|move|p2a: Swampert|Hydro Pump|p1a: Salamence
|-resisted|p1a: Salamence
|-damage|p1a: Salamence|70/100
|
|-weather|Sandstorm|[upkeep]
|-damage|p1a: Salamence|64/100|[from] Sandstorm
|-heal|p1a: Salamence|70/100|[from] item: Leftovers
|-heal|p2a: Swampert|19/100|[from] item: Leftovers
|upkeep
|turn|25
|
|t:|1729170801
|move|p1a: Salamence|Hidden Power|p2a: Swampert
|-damage|p2a: Swampert|0 fnt
|faint|p2a: Swampert
|
|t:|1729170811
|switch|p2a: Skarmory|Skarmory, M|100/100
|
|-weather|Sandstorm|[upkeep]
|-damage|p1a: Salamence|64/100|[from] Sandstorm
|-heal|p1a: Salamence|70/100|[from] item: Leftovers
|upkeep
|turn|26
|
|t:|1729170816
|switch|p1a: Forretress|Forretress, M|33/100
|-damage|p1a: Forretress|16/100|[from] Spikes
|move|p2a: Skarmory|Toxic|p1a: Forretress
|-immune|p1a: Forretress
|
|-weather|Sandstorm|[upkeep]
|-heal|p1a: Forretress|23/100|[from] item: Leftovers
|upkeep
|turn|27
|
|t:|1729170826
|switch|p2a: Moltres|Moltres|79/100
|switch|p1a: Camerupt|Camerupt, F|82/100
|-damage|p1a: Camerupt|65/100|[from] Spikes
|
|-weather|Sandstorm|[upkeep]
|-damage|p2a: Moltres|73/100|[from] Sandstorm
|-heal|p2a: Moltres|79/100|[from] item: Leftovers
|-heal|p1a: Camerupt|72/100|[from] item: Leftovers
|upkeep
|turn|28
|
|t:|1729170833
|move|p1a: Camerupt|Flamethrower|p2a: Moltres
|-resisted|p2a: Moltres
|-crit|p2a: Moltres
|-damage|p2a: Moltres|36/100
|move|p2a: Moltres|Roar|p1a: Camerupt
|drag|p1a: Forretress|Forretress, M|23/100
|-damage|p1a: Forretress|6/100|[from] Spikes
|
|-weather|Sandstorm|[upkeep]
|-damage|p2a: Moltres|30/100|[from] Sandstorm
|-heal|p2a: Moltres|36/100|[from] item: Leftovers
|-heal|p1a: Forretress|12/100|[from] item: Leftovers
|upkeep
|turn|29
|
|t:|1729170847
|move|p2a: Moltres|Flamethrower|p1a: Forretress
|-supereffective|p1a: Forretress
|-damage|p1a: Forretress|0 fnt
|faint|p1a: Forretress
|
|t:|1729170856
|switch|p1a: Zapdos|Zapdos|100/100
|
|-weather|Sandstorm|[upkeep]
|-damage|p1a: Zapdos|94/100|[from] Sandstorm
|-damage|p2a: Moltres|30/100|[from] Sandstorm
|-heal|p1a: Zapdos|100/100|[from] item: Leftovers
|-heal|p2a: Moltres|36/100|[from] item: Leftovers
|upkeep
|turn|30
|
|t:|1729170861
|switch|p2a: Blissey|Blissey, F|100/100
|move|p1a: Zapdos|Agility|p1a: Zapdos
|-boost|p1a: Zapdos|spe|2
|
|-weather|Sandstorm|[upkeep]
|-damage|p1a: Zapdos|94/100|[from] Sandstorm
|-damage|p2a: Blissey|94/100|[from] Sandstorm
|-heal|p1a: Zapdos|100/100|[from] item: Leftovers
|-heal|p2a: Blissey|100/100|[from] item: Leftovers
|upkeep
|turn|31
|
|t:|1729170865
|move|p1a: Zapdos|Baton Pass|p1a: Zapdos
|
|t:|1729170866
|switch|p1a: Camerupt|Camerupt, F|72/100|[from] Baton Pass
|-damage|p1a: Camerupt|55/100|[from] Spikes
|move|p2a: Blissey|Ice Beam|p1a: Camerupt
|-damage|p1a: Camerupt|26/100
|
|-weather|Sandstorm|[upkeep]
|-damage|p2a: Blissey|94/100|[from] Sandstorm
|-heal|p1a: Camerupt|32/100|[from] item: Leftovers
|-heal|p2a: Blissey|100/100|[from] item: Leftovers
|upkeep
|turn|32
|
|t:|1729170877
|switch|p2a: Moltres|Moltres|36/100
|move|p1a: Camerupt|Rest|p1a: Camerupt
|-status|p1a: Camerupt|slp|[from] move: Rest
|-heal|p1a: Camerupt|100/100 slp|[silent]
|
|-weather|Sandstorm|[upkeep]
|-damage|p2a: Moltres|30/100|[from] Sandstorm
|-heal|p2a: Moltres|36/100|[from] item: Leftovers
|upkeep
|turn|33
|
|t:|1729170887
|cant|p1a: Camerupt|slp
|move|p1a: Camerupt|Sleep Talk|p1a: Camerupt
|move|p1a: Camerupt|Flamethrower|p2a: Moltres|[from]Sleep Talk
|-resisted|p2a: Moltres
|-damage|p2a: Moltres|16/100
|move|p2a: Moltres|Roar|p1a: Camerupt
|drag|p1a: Blaziken|Blaziken, M|68/100 par
|-damage|p1a: Blaziken|51/100 par|[from] Spikes
|
|-weather|Sandstorm|[upkeep]
|-damage|p2a: Moltres|10/100|[from] Sandstorm
|-damage|p1a: Blaziken|45/100 par|[from] Sandstorm
|-heal|p2a: Moltres|16/100|[from] item: Leftovers
|-heal|p1a: Blaziken|51/100 par|[from] item: Leftovers
|upkeep
|turn|34
|
|t:|1729170900
|move|p2a: Moltres|Flamethrower|p1a: Blaziken
|-resisted|p1a: Blaziken
|-damage|p1a: Blaziken|5/100 par
|cant|p1a: Blaziken|par
|
|-weather|Sandstorm|[upkeep]
|-damage|p2a: Moltres|10/100|[from] Sandstorm
|-damage|p1a: Blaziken|0 fnt|[from] Sandstorm
|faint|p1a: Blaziken
|-heal|p2a: Moltres|16/100|[from] item: Leftovers
|upkeep
|
|t:|1729170913
|switch|p1a: Salamence|Salamence, F|70/100
|-ability|p1a: Salamence|Intimidate|boost
|-unboost|p2a: Moltres|atk|1
|turn|35
|inactive|LTG disconnected and has 300 seconds to reconnect!
|player|p1|
|inactive|LTG has 270 seconds to reconnect!
|inactive|LTG reconnected and has 285 seconds left.
|player|p1|LTG|#ltg|
|c|☆LTG|mb
|inactive|LTG has 270 seconds left.
|
|t:|1729170970
|move|p2a: Moltres|Will-O-Wisp|p1a: Salamence
|-status|p1a: Salamence|brn
|move|p1a: Salamence|Dragon Dance|p1a: Salamence
|-boost|p1a: Salamence|atk|1
|-boost|p1a: Salamence|spe|1
|
|-weather|Sandstorm|[upkeep]
|-damage|p1a: Salamence|64/100 brn|[from] Sandstorm
|-damage|p2a: Moltres|10/100|[from] Sandstorm
|-heal|p1a: Salamence|70/100 brn|[from] item: Leftovers
|-damage|p1a: Salamence|58/100 brn|[from] brn
|-heal|p2a: Moltres|16/100|[from] item: Leftovers
|upkeep
|turn|36
|
|t:|1729170979
|move|p1a: Salamence|Rock Slide|p2a: Moltres
|-supereffective|p2a: Moltres
|-crit|p2a: Moltres
|-damage|p2a: Moltres|0 fnt
|faint|p2a: Moltres
|
|t:|1729170983
|switch|p2a: Skarmory|Skarmory, M|100/100
|
|-weather|Sandstorm|[upkeep]
|-damage|p1a: Salamence|52/100 brn|[from] Sandstorm
|-heal|p1a: Salamence|58/100 brn|[from] item: Leftovers
|-damage|p1a: Salamence|45/100 brn|[from] brn
|upkeep
|turn|37
|inactive|LTG disconnected and has 270 seconds to reconnect!
|player|p1|
|inactive|LTG has 240 seconds to reconnect!
|inactive|LTG reconnected and has 285 seconds left.
|player|p1|LTG|#ltg|
|
|t:|1729171026
|move|p1a: Salamence|Rock Slide|p2a: Skarmory
|-damage|p2a: Skarmory|85/100
|move|p2a: Skarmory|Roar|p1a: Salamence
|drag|p1a: Zapdos|Zapdos|100/100
|
|-weather|Sandstorm|[upkeep]
|-damage|p1a: Zapdos|94/100|[from] Sandstorm
|-heal|p1a: Zapdos|100/100|[from] item: Leftovers
|-heal|p2a: Skarmory|91/100|[from] item: Leftovers
|upkeep
|turn|38
|
|t:|1729171052
|switch|p2a: Blissey|Blissey, F|100/100
|move|p1a: Zapdos|Thunderbolt|p2a: Blissey
|-damage|p2a: Blissey|78/100
|
|-weather|Sandstorm|[upkeep]
|-damage|p1a: Zapdos|94/100|[from] Sandstorm
|-damage|p2a: Blissey|71/100|[from] Sandstorm
|-heal|p1a: Zapdos|100/100|[from] item: Leftovers
|-heal|p2a: Blissey|78/100|[from] item: Leftovers
|upkeep
|turn|39
|
|t:|1729171060
|move|p1a: Zapdos|Baton Pass|p1a: Zapdos
|
|t:|1729171062
|switch|p1a: Camerupt|Camerupt, F|100/100 slp|[from] Baton Pass
|-damage|p1a: Camerupt|84/100 slp|[from] Spikes
|move|p2a: Blissey|Ice Beam|p1a: Camerupt
|-damage|p1a: Camerupt|56/100 slp
|
|-weather|Sandstorm|[upkeep]
|-damage|p2a: Blissey|71/100|[from] Sandstorm
|-heal|p2a: Blissey|78/100|[from] item: Leftovers
|-heal|p1a: Camerupt|63/100 slp|[from] item: Leftovers
|upkeep
|turn|40
|
|t:|1729171076
|switch|p2a: Gengar|Gengar, M|100/100
|cant|p1a: Camerupt|slp
|move|p1a: Camerupt|Sleep Talk|p1a: Camerupt
|move|p1a: Camerupt|Flamethrower|p2a: Gengar|[from]Sleep Talk
|-damage|p2a: Gengar|63/100
|
|-weather|Sandstorm|[upkeep]
|-damage|p2a: Gengar|57/100|[from] Sandstorm
|-heal|p2a: Gengar|63/100|[from] item: Leftovers
|-heal|p1a: Camerupt|69/100 slp|[from] item: Leftovers
|upkeep
|turn|41
|
|t:|1729171090
|move|p2a: Gengar|Ice Punch|p1a: Camerupt
|-damage|p1a: Camerupt|46/100 slp
|cant|p1a: Camerupt|slp
|
|-weather|Sandstorm|[upkeep]
|-damage|p2a: Gengar|57/100|[from] Sandstorm
|-heal|p2a: Gengar|63/100|[from] item: Leftovers
|-heal|p1a: Camerupt|52/100 slp|[from] item: Leftovers
|upkeep
|turn|42
|
|t:|1729171104
|move|p2a: Gengar|Ice Punch|p1a: Camerupt
|-damage|p1a: Camerupt|27/100 slp
|-curestatus|p1a: Camerupt|slp|[msg]
|move|p1a: Camerupt|Flamethrower|p2a: Gengar
|-damage|p2a: Gengar|21/100
|
|-weather|Sandstorm|[upkeep]
|-damage|p2a: Gengar|15/100|[from] Sandstorm
|-heal|p2a: Gengar|21/100|[from] item: Leftovers
|-heal|p1a: Camerupt|34/100|[from] item: Leftovers
|upkeep
|turn|43
|
|t:|1729171112
|move|p2a: Gengar|Ice Punch|p1a: Camerupt
|-crit|p1a: Camerupt
|-damage|p1a: Camerupt|0 fnt
|faint|p1a: Camerupt
|c|☆LTG|unfortunate
|c|☆LTG|gg
|c|☆Please ban rachi|gg
|-message|LTG forfeited.
|
|win|Please ban rachi
|player|p1|

</script>
<script type="application/json" class="data" id="replaydata-smogtours-gen3ou-799257">
{"id":"smogtours-gen3ou-799257","format":"[Gen 3] OU","players":["LTG","Please ban rachi"],"uploadtime":1729171126,"views":76,"formatid":"gen3ou","rating":null,"private":0,"password":null}
</script>

<script defer src="js/replays.js?9d40a366"></script>
