<!DOCTYPE html>
<meta charset="utf-8" />
<meta name="viewport" content="width=device-width" />

<title>[Gen 3] OU: Svejk97 vs. ali.gnome - Replays - Pok&eacute;mon Showdown!</title>

<meta name="description" content="Watch a replay of a Pok&eacute;mon battle between Svejk97 and ali.gnome! Format: [Gen 3] OU; Date: Oct 30, 2024" />
<!--

Hey, you! Looking in the source for the replay log?

You can find them in JSON format, just add `.json` at the end of a replay URL.

https://replay.pokemonshowdown.com/gen7randomdoublesbattle-865046831.json

Or, if you only need the log itself, add `.log` instead:

https://replay.pokemonshowdown.com/gen7randomdoublesbattle-865046831.log

-->

<link rel="stylesheet" href="//pokemonshowdown.com/style/global.css?0.023195364461161105" />
<link rel="stylesheet" href="//play.pokemonshowdown.com/style/font-awesome.css?0.13261647063804238" />
<link rel="stylesheet" href="//play.pokemonshowdown.com/style/battle.css?0.8753245789963631" />
<link rel="stylesheet" href="//play.pokemonshowdown.com/style/utilichart.css?0.8627959624976733" />

<!-- Global site tag (gtag.js) - Google Analytics -->
<script async src="https://www.googletagmanager.com/gtag/js?id=UA-26211653-1"></script>
<script>
  window.dataLayer = window.dataLayer || [];
  function gtag(){dataLayer.push(arguments);}
  gtag('js', new Date());

  gtag('config', 'UA-26211653-1');
</script>
<!-- End Google Analytics -->
<!-- Venatus Ad Manager - Install in <HEAD> of page -->
	<script src="https://hb.vntsm.com/v3/live/ad-manager.min.js" type="text/javascript" data-site-id="642aba63ec9a7b11c3c9c1be" data-mode="scan" async></script>
<!-- / Venatus Ad Manager -->

<style>
	@media (max-width:820px) {
		.battle {
			margin: 0 auto;
		}
		.battle-log {
			margin: 7px auto 0;
			max-width: 640px;
			height: 300px;
			position: static;
		}
	}
	.optgroup {
		display: inline-block;
		line-height: 22px;
		font-size: 10pt;
	}
	.optgroup .button {
		height: 25px;
		padding-top: 0;
		padding-bottom: 0;
	}
	.optgroup button.button {
		padding-left: 12px;
		padding-right: 12px;
	}
	.linklist {
		list-style: none;
		margin: 0.5em 0;
		padding: 0;
	}
	.linklist li {
		padding: 2px 0;
	}
	.sidebar {
		float: left;
		width: 320px;
	}
	.bar-wrapper {
		max-width: 1100px;
		margin: 0 auto;
	}
	.bar-wrapper.has-sidebar {
		max-width: 1430px;
	}
	.mainbar {
		margin: 0;
		padding-right: 1px;
	}
	.mainbar.has-sidebar {
		margin-left: 330px;
	}
	@media (min-width: 1511px) {
		.sidebar {
			width: 400px;
		}
		.bar-wrapper.has-sidebar {
			max-width: 1510px;
		}
		.mainbar.has-sidebar {
			margin-left: 410px;
		}
	}
	.section.first-section {
		margin-top: 9px;
	}
	.blocklink small {
		white-space: normal;
	}
	.button {
		vertical-align: middle;
	}
	.replay-controls {
		padding-top: 10px;
	}
	.replay-controls h1 {
		font-size: 16pt;
		font-weight: normal;
		color: #CCC;
	}
	.pagelink {
		text-align: center;
	}
	.pagelink a {
		width: 150px;
	}
	.textbox, .button {
		font-size: 11pt;
		vertical-align: middle;
	}
	@media (max-width: 450px) {
		.button {
			font-size: 9pt;
		}
	}
</style>

<div>

	<header>
		<div class="nav-wrapper"><ul class="nav">
			<li><a class="button nav-first" href="//pokemonshowdown.com/"><img src="//pokemonshowdown.com/images/pokemonshowdownbeta.png" srcset="//pokemonshowdown.com/images/pokemonshowdownbeta.png 1x, //pokemonshowdown.com/images/pokemonshowdownbeta@2x.png 2x" alt="Pok&eacute;mon Showdown" width="146" height="44" /> Home</a></li>
			<li><a class="button" href="//pokemonshowdown.com/dex/">Pok&eacute;dex</a></li>
			<li><a class="button cur" href="/">Replays</a></li>
			<li><a class="button" href="//pokemonshowdown.com/ladder/">Ladder</a></li>
			<li><a class="button nav-last" href="//pokemonshowdown.com/forums/">Forum</a></li>
			<li><a class="button greenbutton nav-first nav-last" href="//play.pokemonshowdown.com/">Play</a></li>
		</ul></div>
	</header>

	<div class="main" id="main">

		<noscript><section class="section">You need to enable JavaScript to use this page; sorry!</section></noscript>

	</div>

</div>

<script defer nomodule src="//play.pokemonshowdown.com/js/lib/ps-polyfill.js"></script>
<script defer src="//play.pokemonshowdown.com/js/lib/preact.min.js"></script>

<script defer src="//play.pokemonshowdown.com/config/config.js?2bddbc15"></script>
<script defer src="//play.pokemonshowdown.com/js/lib/jquery-1.11.0.min.js"></script>
<script defer src="//play.pokemonshowdown.com/js/lib/html-sanitizer-minified.js"></script>
<script defer src="//play.pokemonshowdown.com/js/battle-sound.js"></script>
<script defer src="//play.pokemonshowdown.com/js/battledata.js?0.7209276989879541"></script>
<script defer src="//play.pokemonshowdown.com/data/pokedex-mini.js?0.6111056340867951"></script>
<script defer src="//play.pokemonshowdown.com/data/pokedex-mini-bw.js?0.3532142036491459"></script>
<script defer src="//play.pokemonshowdown.com/data/graphics.js?0.24223875632456182"></script>
<script defer src="//play.pokemonshowdown.com/data/pokedex.js?0.38839984266356864"></script>
<script defer src="//play.pokemonshowdown.com/data/moves.js?0.21866028504024015"></script>
<script defer src="//play.pokemonshowdown.com/data/abilities.js?0.2005157953846628"></script>
<script defer src="//play.pokemonshowdown.com/data/items.js?0.9894211263848525"></script>
<script defer src="//play.pokemonshowdown.com/data/teambuilder-tables.js?0.6008791140282215"></script>
<script defer src="//play.pokemonshowdown.com/js/battle-tooltips.js?0.7580118955022959"></script>
<script defer src="//play.pokemonshowdown.com/js/battle.js?0.6057722274234274"></script>

<script defer src="js/utils.js?e31f9a17"></script>
<script defer src="js/replays-battle.js?7008c182"></script>

<!-- don't scrape this data! just add .json or .log after the URL!
Full API docs: https://github.com/smogon/pokemon-showdown-client/blob/master/WEB-API.md -->
<script type="text/plain" class="log" id="replaylog-smogtours-gen3ou-803475">
|inactive|Battle timer is ON: inactive players will automatically lose when time's up.
|t:|1730322260
|gametype|singles
|player|p1|Svejk97|hugh|
|player|p2|ali.gnome|sage|
|teamsize|p1|6
|teamsize|p2|6
|gen|3
|tier|[Gen 3] OU
|rule|Sleep Clause Mod: Limit one foe put to sleep
|rule|Switch Priority Clause Mod: Faster Pokémon switch first
|rule|Species Clause: Limit one of each Pokémon
|rule|OHKO Clause: OHKO moves are banned
|rule|Evasion Items Clause: Evasion items are banned
|rule|Evasion Moves Clause: Evasion moves are banned
|rule|Endless Battle Clause: Forcing endless battles is banned
|rule|HP Percentage Mod: HP is shown in percentages
|rule|One Boost Passer Clause: Limit one Baton Passer that has a way to boost its stats
|rule|Freeze Clause Mod: Limit one foe frozen
|
|t:|1730322260
|start
|switch|p1a: Magic Dog|Smeargle, F, shiny|100/100
|switch|p2a: Zapdos|Zapdos|100/100
|turn|1
|
|t:|1730322287
|switch|p1a: Minato Namikaze|Jolteon, F|100/100
|move|p2a: Zapdos|Thunderbolt|p1a: Minato Namikaze
|-immune|p1a: Minato Namikaze|[from] ability: Volt Absorb
|
|upkeep
|turn|2
|
|t:|1730322297
|switch|p2a: Celebi|Celebi|100/100
|move|p1a: Minato Namikaze|Substitute|p1a: Minato Namikaze
|-start|p1a: Minato Namikaze|Substitute
|-damage|p1a: Minato Namikaze|76/100
|
|-heal|p1a: Minato Namikaze|82/100|[from] item: Leftovers
|upkeep
|turn|3
|
|t:|1730322305
|move|p1a: Minato Namikaze|Baton Pass|p1a: Minato Namikaze
|
|t:|1730322307
|switch|p1a: G.O.A.T.|Tyranitar, F|100/100|[from] Baton Pass
|-weather|Sandstorm|[from] ability: Sand Stream|[of] p1a: G.O.A.T.
|move|p2a: Celebi|Calm Mind|p2a: Celebi
|-boost|p2a: Celebi|spa|1
|-boost|p2a: Celebi|spd|1
|
|-weather|Sandstorm|[upkeep]
|-damage|p2a: Celebi|94/100|[from] Sandstorm
|-heal|p2a: Celebi|100/100|[from] item: Leftovers
|upkeep
|turn|4
|
|t:|1730322319
|move|p2a: Celebi|Baton Pass|p2a: Celebi
|
|t:|1730322323
|switch|p2a: Swampert|Swampert, M|100/100|[from] Baton Pass
|move|p1a: G.O.A.T.|Ice Beam|p2a: Swampert
|-damage|p2a: Swampert|85/100
|-status|p2a: Swampert|frz
|
|-weather|Sandstorm|[upkeep]
|-heal|p2a: Swampert|91/100 frz|[from] item: Leftovers
|upkeep
|turn|5
|c|☆Svejk97|Oh wow
|c|☆Svejk97|sr mate
|c|☆ali.gnome|oof
|
|t:|1730322345
|move|p1a: G.O.A.T.|Pursuit|p2a: Swampert
|-damage|p2a: Swampert|79/100 frz
|cant|p2a: Swampert|frz
|
|-weather|Sandstorm|[upkeep]
|-heal|p2a: Swampert|86/100 frz|[from] item: Leftovers
|upkeep
|turn|6
|c|☆ali.gnome|really unfortunate
|
|t:|1730322354
|move|p1a: G.O.A.T.|Ice Beam|p2a: Swampert
|-damage|p2a: Swampert|68/100 frz
|-curestatus|p2a: Swampert|frz|[msg]
|move|p2a: Swampert|Earthquake|p1a: G.O.A.T.
|-supereffective|p1a: G.O.A.T.
|-end|p1a: G.O.A.T.|Substitute
|
|-weather|Sandstorm|[upkeep]
|-heal|p2a: Swampert|74/100|[from] item: Leftovers
|upkeep
|turn|7
|
|t:|1730322370
|switch|p1a: Bruteroot|Venusaur, M|100/100
|move|p2a: Swampert|Hydro Pump|p1a: Bruteroot
|-resisted|p1a: Bruteroot
|-damage|p1a: Bruteroot|76/100
|
|-weather|Sandstorm|[upkeep]
|-damage|p1a: Bruteroot|70/100|[from] Sandstorm
|-heal|p1a: Bruteroot|76/100|[from] item: Leftovers
|-heal|p2a: Swampert|80/100|[from] item: Leftovers
|upkeep
|turn|8
|
|t:|1730322383
|move|p2a: Swampert|Protect|p2a: Swampert
|-singleturn|p2a: Swampert|Protect
|move|p1a: Bruteroot|Sleep Powder|p2a: Swampert
|-activate|p2a: Swampert|Protect
|
|-weather|Sandstorm|[upkeep]
|-damage|p1a: Bruteroot|70/100|[from] Sandstorm
|-heal|p1a: Bruteroot|76/100|[from] item: Leftovers
|-heal|p2a: Swampert|87/100|[from] item: Leftovers
|upkeep
|turn|9
|
|t:|1730322399
|switch|p2a: Celebi|Celebi|100/100
|move|p1a: Bruteroot|Sludge Bomb|p2a: Celebi
|-supereffective|p2a: Celebi
|-damage|p2a: Celebi|59/100
|
|-weather|Sandstorm|[upkeep]
|-damage|p1a: Bruteroot|70/100|[from] Sandstorm
|-damage|p2a: Celebi|53/100|[from] Sandstorm
|-heal|p1a: Bruteroot|76/100|[from] item: Leftovers
|-heal|p2a: Celebi|59/100|[from] item: Leftovers
|upkeep
|turn|10
|inactive|Svejk97 has 270 seconds left.
|
|t:|1730322421
|move|p1a: Bruteroot|Sludge Bomb|p2a: Celebi
|-supereffective|p2a: Celebi
|-damage|p2a: Celebi|20/100
|move|p2a: Celebi|Psychic|p1a: Bruteroot
|-supereffective|p1a: Bruteroot
|-damage|p1a: Bruteroot|21/100
|
|-weather|Sandstorm|[upkeep]
|-damage|p1a: Bruteroot|15/100|[from] Sandstorm
|-damage|p2a: Celebi|14/100|[from] Sandstorm
|-heal|p1a: Bruteroot|21/100|[from] item: Leftovers
|-heal|p2a: Celebi|20/100|[from] item: Leftovers
|upkeep
|turn|11
|inactive|Svejk97 has 270 seconds left.
|
|t:|1730322437
|switch|p2a: Dugtrio|Dugtrio, M|100/100
|move|p1a: Bruteroot|Sleep Powder|p2a: Dugtrio
|-status|p2a: Dugtrio|slp|[from] move: Sleep Powder
|
|-weather|Sandstorm|[upkeep]
|-damage|p1a: Bruteroot|15/100|[from] Sandstorm
|-heal|p1a: Bruteroot|21/100|[from] item: Leftovers
|upkeep
|turn|12
|inactive|Svejk97 has 270 seconds left.
|
|t:|1730322452
|switch|p2a: Starmie|Starmie|100/100
|move|p1a: Bruteroot|Leech Seed|p2a: Starmie
|-start|p2a: Starmie|move: Leech Seed
|
|-weather|Sandstorm|[upkeep]
|-damage|p2a: Starmie|94/100|[from] Sandstorm
|-damage|p1a: Bruteroot|15/100|[from] Sandstorm
|-heal|p2a: Starmie|100/100|[from] item: Leftovers
|-damage|p2a: Starmie|88/100|[from] Leech Seed|[of] p1a: Bruteroot
|-heal|p1a: Bruteroot|24/100|[silent]
|-heal|p1a: Bruteroot|30/100|[from] item: Leftovers
|upkeep
|turn|13
|inactive|Svejk97 has 270 seconds left.
|inactive|ali.gnome has 270 seconds left.
|
|t:|1730322485
|switch|p1a: Minato Namikaze|Jolteon, F|82/100
|move|p2a: Starmie|Ice Beam|p1a: Minato Namikaze
|-crit|p1a: Minato Namikaze
|-damage|p1a: Minato Namikaze|8/100
|
|-weather|Sandstorm|[upkeep]
|-damage|p1a: Minato Namikaze|2/100|[from] Sandstorm
|-damage|p2a: Starmie|82/100|[from] Sandstorm
|-heal|p1a: Minato Namikaze|8/100|[from] item: Leftovers
|-heal|p2a: Starmie|88/100|[from] item: Leftovers
|-damage|p2a: Starmie|76/100|[from] Leech Seed|[of] p1a: Minato Namikaze
|-heal|p1a: Minato Namikaze|20/100|[silent]
|upkeep
|turn|14
|inactive|Svejk97 has 270 seconds left.
|inactive|ali.gnome has 270 seconds left.
|
|t:|1730322505
|switch|p2a: Celebi|Celebi|20/100
|move|p1a: Minato Namikaze|Baton Pass|p1a: Minato Namikaze
|
|t:|1730322519
|switch|p1a: Bruteroot|Venusaur, M|30/100|[from] Baton Pass
|
|-weather|Sandstorm|[upkeep]
|-damage|p1a: Bruteroot|24/100|[from] Sandstorm
|-damage|p2a: Celebi|14/100|[from] Sandstorm
|-heal|p1a: Bruteroot|30/100|[from] item: Leftovers
|-heal|p2a: Celebi|20/100|[from] item: Leftovers
|upkeep
|turn|15
|inactive|ali.gnome has 270 seconds left.
|
|t:|1730322547
|move|p1a: Bruteroot|Sludge Bomb|p2a: Celebi
|-supereffective|p2a: Celebi
|-damage|p2a: Celebi|0 fnt
|faint|p2a: Celebi
|inactive|ali.gnome has 240 seconds left.
|
|t:|1730322562
|switch|p2a: Starmie|Starmie|76/100
|
|-weather|Sandstorm|[upkeep]
|-damage|p2a: Starmie|70/100|[from] Sandstorm
|-damage|p1a: Bruteroot|24/100|[from] Sandstorm
|-heal|p2a: Starmie|76/100|[from] item: Leftovers
|-heal|p1a: Bruteroot|30/100|[from] item: Leftovers
|upkeep
|turn|16
|inactive|Svejk97 has 270 seconds left.
|
|t:|1730322578
|switch|p1a: G.O.A.T.|Tyranitar, F|100/100
|move|p2a: Starmie|Ice Beam|p1a: G.O.A.T.
|-damage|p1a: G.O.A.T.|77/100
|
|-weather|Sandstorm|[upkeep]
|-damage|p2a: Starmie|70/100|[from] Sandstorm
|-heal|p2a: Starmie|76/100|[from] item: Leftovers
|-heal|p1a: G.O.A.T.|83/100|[from] item: Leftovers
|upkeep
|turn|17
|
|t:|1730322589
|move|p2a: Starmie|Hydro Pump|p1a: G.O.A.T.
|-supereffective|p1a: G.O.A.T.
|-damage|p1a: G.O.A.T.|0 fnt
|faint|p1a: G.O.A.T.
|
|t:|1730322597
|switch|p1a: Ma boy Dom Toretto|Aerodactyl, M|100/100
|
|-weather|Sandstorm|[upkeep]
|-damage|p2a: Starmie|70/100|[from] Sandstorm
|-heal|p2a: Starmie|76/100|[from] item: Leftovers
|upkeep
|turn|18
|inactive|ali.gnome has 270 seconds left.
|inactive|ali.gnome has 240 seconds left.
|
|t:|1730322632
|switch|p2a: Tyranitar|Tyranitar, M|100/100
|move|p1a: Ma boy Dom Toretto|Hidden Power|p2a: Tyranitar
|-resisted|p2a: Tyranitar
|-damage|p2a: Tyranitar|83/100
|
|-weather|Sandstorm|[upkeep]
|upkeep
|turn|19
|inactive|ali.gnome has 240 seconds left.
|
|t:|1730322647
|switch|p1a: Beyblayd|Forretress, M, shiny|100/100
|move|p2a: Tyranitar|Rock Slide|p1a: Beyblayd
|-damage|p1a: Beyblayd|73/100
|
|-weather|Sandstorm|[upkeep]
|-heal|p1a: Beyblayd|79/100|[from] item: Leftovers
|upkeep
|turn|20
|inactive|Svejk97 has 270 seconds left.
|inactive|ali.gnome has 240 seconds left.
|
|t:|1730322659
|move|p2a: Tyranitar|Dragon Dance|p2a: Tyranitar
|-boost|p2a: Tyranitar|atk|1
|-boost|p2a: Tyranitar|spe|1
|move|p1a: Beyblayd|Hidden Power|p2a: Tyranitar
|-resisted|p2a: Tyranitar
|-damage|p2a: Tyranitar|78/100
|
|-weather|Sandstorm|[upkeep]
|-heal|p1a: Beyblayd|85/100|[from] item: Leftovers
|upkeep
|turn|21
|inactive|Svejk97 has 270 seconds left.
|
|t:|1730322669
|move|p2a: Tyranitar|Dragon Dance|p2a: Tyranitar
|-boost|p2a: Tyranitar|atk|1
|-boost|p2a: Tyranitar|spe|1
|move|p1a: Beyblayd|Explosion|p2a: Tyranitar
|-resisted|p2a: Tyranitar
|-damage|p2a: Tyranitar|36/100
|faint|p1a: Beyblayd
|inactive|Svejk97 has 270 seconds left.
|c|☆Svejk97|Oh well
|
|t:|1730322695
|switch|p1a: Ma boy Dom Toretto|Aerodactyl, M|100/100
|
|-weather|Sandstorm|[upkeep]
|upkeep
|turn|22
|
|t:|1730322705
|move|p1a: Ma boy Dom Toretto|Earthquake|p2a: Tyranitar
|-supereffective|p2a: Tyranitar
|-damage|p2a: Tyranitar|0 fnt
|faint|p2a: Tyranitar
|inactive|ali.gnome has 240 seconds left.
|c|☆Svejk97|I didnt think i will outspeed u 
|inactive|ali.gnome has 210 seconds left.
|
|t:|1730322772
|switch|p2a: Swampert|Swampert, M|87/100
|
|-weather|Sandstorm|[upkeep]
|-heal|p2a: Swampert|93/100|[from] item: Leftovers
|upkeep
|turn|23
|c|☆Svejk97|i just sent him and hope for rock slide miss 😄
|c|☆ali.gnome|yeah its bulky
|
|t:|1730322793
|move|p1a: Ma boy Dom Toretto|Earthquake|p2a: Swampert
|-damage|p2a: Swampert|62/100
|move|p2a: Swampert|Ice Beam|p1a: Ma boy Dom Toretto
|-supereffective|p1a: Ma boy Dom Toretto
|-damage|p1a: Ma boy Dom Toretto|44/100
|
|-weather|Sandstorm|[upkeep]
|-heal|p2a: Swampert|69/100|[from] item: Leftovers
|upkeep
|turn|24
|inactive|ali.gnome has 210 seconds left.
|
|t:|1730322807
|move|p1a: Ma boy Dom Toretto|Earthquake|p2a: Swampert
|-damage|p2a: Swampert|40/100
|move|p2a: Swampert|Ice Beam|p1a: Ma boy Dom Toretto
|-supereffective|p1a: Ma boy Dom Toretto
|-crit|p1a: Ma boy Dom Toretto
|-damage|p1a: Ma boy Dom Toretto|0 fnt
|faint|p1a: Ma boy Dom Toretto
|inactive|Svejk97 has 240 seconds left.
|
|t:|1730322828
|switch|p1a: Minato Namikaze|Jolteon, F|20/100
|
|-weather|Sandstorm|[upkeep]
|-damage|p1a: Minato Namikaze|14/100|[from] Sandstorm
|-heal|p1a: Minato Namikaze|20/100|[from] item: Leftovers
|-heal|p2a: Swampert|47/100|[from] item: Leftovers
|upkeep
|turn|25
|inactive|ali.gnome has 210 seconds left.
|
|t:|1730322845
|move|p1a: Minato Namikaze|Baton Pass|p1a: Minato Namikaze
|
|t:|1730322851
|switch|p1a: Magic Dog|Smeargle, F, shiny|100/100|[from] Baton Pass
|move|p2a: Swampert|Earthquake|p1a: Magic Dog
|-damage|p1a: Magic Dog|0 fnt
|faint|p1a: Magic Dog
|
|t:|1730322859
|switch|p1a: Minato Namikaze|Jolteon, F|20/100
|
|-weather|Sandstorm|[upkeep]
|-damage|p1a: Minato Namikaze|14/100|[from] Sandstorm
|-heal|p1a: Minato Namikaze|20/100|[from] item: Leftovers
|-heal|p2a: Swampert|53/100|[from] item: Leftovers
|upkeep
|turn|26
|
|t:|1730322867
|move|p1a: Minato Namikaze|Hidden Power|p2a: Swampert
|-supereffective|p2a: Swampert
|-damage|p2a: Swampert|0 fnt
|faint|p2a: Swampert
|
|t:|1730322870
|switch|p2a: Zapdos|Zapdos|100/100
|
|-weather|Sandstorm|[upkeep]
|-damage|p1a: Minato Namikaze|14/100|[from] Sandstorm
|-damage|p2a: Zapdos|94/100|[from] Sandstorm
|-heal|p1a: Minato Namikaze|20/100|[from] item: Leftovers
|-heal|p2a: Zapdos|100/100|[from] item: Leftovers
|upkeep
|turn|27
|
|t:|1730322894
|move|p1a: Minato Namikaze|Thunderbolt|p2a: Zapdos
|-damage|p2a: Zapdos|48/100
|move|p2a: Zapdos|Hidden Power|p1a: Minato Namikaze
|-damage|p1a: Minato Namikaze|0 fnt
|faint|p1a: Minato Namikaze
|
|t:|1730322901
|switch|p1a: Bruteroot|Venusaur, M|30/100
|
|-weather|Sandstorm|[upkeep]
|-damage|p2a: Zapdos|42/100|[from] Sandstorm
|-damage|p1a: Bruteroot|24/100|[from] Sandstorm
|-heal|p2a: Zapdos|48/100|[from] item: Leftovers
|-heal|p1a: Bruteroot|30/100|[from] item: Leftovers
|upkeep
|turn|28
|
|t:|1730322911
|move|p2a: Zapdos|Thunderbolt|p1a: Bruteroot
|-resisted|p1a: Bruteroot
|-damage|p1a: Bruteroot|9/100
|move|p1a: Bruteroot|Leech Seed|p2a: Zapdos
|-start|p2a: Zapdos|move: Leech Seed
|
|-weather|Sandstorm|[upkeep]
|-damage|p2a: Zapdos|42/100|[from] Sandstorm
|-damage|p1a: Bruteroot|3/100|[from] Sandstorm
|-heal|p2a: Zapdos|48/100|[from] item: Leftovers
|-damage|p2a: Zapdos|36/100|[from] Leech Seed|[of] p1a: Bruteroot
|-heal|p1a: Bruteroot|14/100|[silent]
|-heal|p1a: Bruteroot|20/100|[from] item: Leftovers
|upkeep
|turn|29
|
|t:|1730322923
|move|p2a: Zapdos|Thunderbolt|p1a: Bruteroot
|-resisted|p1a: Bruteroot
|-damage|p1a: Bruteroot|0 fnt
|faint|p1a: Bruteroot
|
|win|ali.gnome

</script>
<script type="application/json" class="data" id="replaydata-smogtours-gen3ou-803475">
{"id":"smogtours-gen3ou-803475","format":"[Gen 3] OU","players":["Svejk97","ali.gnome"],"uploadtime":1730322923,"views":83,"formatid":"gen3ou","rating":null,"private":0,"password":null}
</script>

<script defer src="js/replays.js?9d40a366"></script>
