<!DOCTYPE html>
<meta charset="utf-8" />
<meta name="viewport" content="width=device-width" />

<title>[Gen 3] OU: spfunkm vs. Firecracker1195 - Replays - Pok&eacute;mon Showdown!</title>

<meta name="description" content="Watch a replay of a Pok&eacute;mon battle between spfunkm and Firecracker1195! Format: [Gen 3] OU; Date: Oct 6, 2024" />
<!--

Hey, you! Looking in the source for the replay log?

You can find them in JSON format, just add `.json` at the end of a replay URL.

https://replay.pokemonshowdown.com/gen7randomdoublesbattle-865046831.json

Or, if you only need the log itself, add `.log` instead:

https://replay.pokemonshowdown.com/gen7randomdoublesbattle-865046831.log

-->

<link rel="stylesheet" href="//pokemonshowdown.com/style/global.css?0.023195364461161105" />
<link rel="stylesheet" href="//play.pokemonshowdown.com/style/font-awesome.css?0.13261647063804238" />
<link rel="stylesheet" href="//play.pokemonshowdown.com/style/battle.css?0.8753245789963631" />
<link rel="stylesheet" href="//play.pokemonshowdown.com/style/utilichart.css?0.8627959624976733" />

<!-- Global site tag (gtag.js) - Google Analytics -->
<script async src="https://www.googletagmanager.com/gtag/js?id=UA-26211653-1"></script>
<script>
  window.dataLayer = window.dataLayer || [];
  function gtag(){dataLayer.push(arguments);}
  gtag('js', new Date());

  gtag('config', 'UA-26211653-1');
</script>
<!-- End Google Analytics -->
<!-- Venatus Ad Manager - Install in <HEAD> of page -->
	<script src="https://hb.vntsm.com/v3/live/ad-manager.min.js" type="text/javascript" data-site-id="642aba63ec9a7b11c3c9c1be" data-mode="scan" async></script>
<!-- / Venatus Ad Manager -->

<style>
	@media (max-width:820px) {
		.battle {
			margin: 0 auto;
		}
		.battle-log {
			margin: 7px auto 0;
			max-width: 640px;
			height: 300px;
			position: static;
		}
	}
	.optgroup {
		display: inline-block;
		line-height: 22px;
		font-size: 10pt;
	}
	.optgroup .button {
		height: 25px;
		padding-top: 0;
		padding-bottom: 0;
	}
	.optgroup button.button {
		padding-left: 12px;
		padding-right: 12px;
	}
	.linklist {
		list-style: none;
		margin: 0.5em 0;
		padding: 0;
	}
	.linklist li {
		padding: 2px 0;
	}
	.sidebar {
		float: left;
		width: 320px;
	}
	.bar-wrapper {
		max-width: 1100px;
		margin: 0 auto;
	}
	.bar-wrapper.has-sidebar {
		max-width: 1430px;
	}
	.mainbar {
		margin: 0;
		padding-right: 1px;
	}
	.mainbar.has-sidebar {
		margin-left: 330px;
	}
	@media (min-width: 1511px) {
		.sidebar {
			width: 400px;
		}
		.bar-wrapper.has-sidebar {
			max-width: 1510px;
		}
		.mainbar.has-sidebar {
			margin-left: 410px;
		}
	}
	.section.first-section {
		margin-top: 9px;
	}
	.blocklink small {
		white-space: normal;
	}
	.button {
		vertical-align: middle;
	}
	.replay-controls {
		padding-top: 10px;
	}
	.replay-controls h1 {
		font-size: 16pt;
		font-weight: normal;
		color: #CCC;
	}
	.pagelink {
		text-align: center;
	}
	.pagelink a {
		width: 150px;
	}
	.textbox, .button {
		font-size: 11pt;
		vertical-align: middle;
	}
	@media (max-width: 450px) {
		.button {
			font-size: 9pt;
		}
	}
</style>

<div>

	<header>
		<div class="nav-wrapper"><ul class="nav">
			<li><a class="button nav-first" href="//pokemonshowdown.com/"><img src="//pokemonshowdown.com/images/pokemonshowdownbeta.png" srcset="//pokemonshowdown.com/images/pokemonshowdownbeta.png 1x, //pokemonshowdown.com/images/pokemonshowdownbeta@2x.png 2x" alt="Pok&eacute;mon Showdown" width="146" height="44" /> Home</a></li>
			<li><a class="button" href="//pokemonshowdown.com/dex/">Pok&eacute;dex</a></li>
			<li><a class="button cur" href="/">Replays</a></li>
			<li><a class="button" href="//pokemonshowdown.com/ladder/">Ladder</a></li>
			<li><a class="button nav-last" href="//pokemonshowdown.com/forums/">Forum</a></li>
			<li><a class="button greenbutton nav-first nav-last" href="//play.pokemonshowdown.com/">Play</a></li>
		</ul></div>
	</header>

	<div class="main" id="main">

		<noscript><section class="section">You need to enable JavaScript to use this page; sorry!</section></noscript>

	</div>

</div>

<script defer nomodule src="//play.pokemonshowdown.com/js/lib/ps-polyfill.js"></script>
<script defer src="//play.pokemonshowdown.com/js/lib/preact.min.js"></script>

<script defer src="//play.pokemonshowdown.com/config/config.js?2bddbc15"></script>
<script defer src="//play.pokemonshowdown.com/js/lib/jquery-1.11.0.min.js"></script>
<script defer src="//play.pokemonshowdown.com/js/lib/html-sanitizer-minified.js"></script>
<script defer src="//play.pokemonshowdown.com/js/battle-sound.js"></script>
<script defer src="//play.pokemonshowdown.com/js/battledata.js?0.7209276989879541"></script>
<script defer src="//play.pokemonshowdown.com/data/pokedex-mini.js?0.6111056340867951"></script>
<script defer src="//play.pokemonshowdown.com/data/pokedex-mini-bw.js?0.3532142036491459"></script>
<script defer src="//play.pokemonshowdown.com/data/graphics.js?0.24223875632456182"></script>
<script defer src="//play.pokemonshowdown.com/data/pokedex.js?0.38839984266356864"></script>
<script defer src="//play.pokemonshowdown.com/data/moves.js?0.21866028504024015"></script>
<script defer src="//play.pokemonshowdown.com/data/abilities.js?0.2005157953846628"></script>
<script defer src="//play.pokemonshowdown.com/data/items.js?0.9894211263848525"></script>
<script defer src="//play.pokemonshowdown.com/data/teambuilder-tables.js?0.6008791140282215"></script>
<script defer src="//play.pokemonshowdown.com/js/battle-tooltips.js?0.7580118955022959"></script>
<script defer src="//play.pokemonshowdown.com/js/battle.js?0.6057722274234274"></script>

<script defer src="js/utils.js?e31f9a17"></script>
<script defer src="js/replays-battle.js?7008c182"></script>

<!-- don't scrape this data! just add .json or .log after the URL!
Full API docs: https://github.com/smogon/pokemon-showdown-client/blob/master/WEB-API.md -->
<script type="text/plain" class="log" id="replaylog-smogtours-gen3ou-795509">
|inactive|Battle timer is ON: inactive players will automatically lose when time's up.
|t:|1728221846
|gametype|singles
|player|p1|spfunkm|lady-gen4|
|player|p2|Firecracker1195|266|
|teamsize|p1|6
|teamsize|p2|6
|gen|3
|tier|[Gen 3] OU
|rule|Sleep Clause Mod: Limit one foe put to sleep
|rule|Switch Priority Clause Mod: Faster Pokémon switch first
|rule|Species Clause: Limit one of each Pokémon
|rule|OHKO Clause: OHKO moves are banned
|rule|Evasion Items Clause: Evasion items are banned
|rule|Evasion Moves Clause: Evasion moves are banned
|rule|Endless Battle Clause: Forcing endless battles is banned
|rule|HP Percentage Mod: HP is shown in percentages
|rule|One Boost Passer Clause: Limit one Baton Passer that has a way to boost its stats
|rule|Freeze Clause Mod: Limit one foe frozen
|
|t:|1728221846
|start
|switch|p1a: Zapdos|Zapdos|100/100
|switch|p2a: Salamence|Salamence, M|100/100
|-ability|p2a: Salamence|Intimidate|boost
|-unboost|p1a: Zapdos|atk|1
|turn|1
|
|t:|1728221868
|switch|p2a: Snorlax|Snorlax, M|100/100
|move|p1a: Zapdos|Hidden Power|p2a: Snorlax
|-damage|p2a: Snorlax|89/100
|
|-heal|p2a: Snorlax|95/100|[from] item: Leftovers
|upkeep
|turn|2
|
|t:|1728221878
|switch|p1a: Metagross|Metagross|100/100
|move|p2a: Snorlax|Return|p1a: Metagross
|-resisted|p1a: Metagross
|-damage|p1a: Metagross|86/100
|
|-heal|p1a: Metagross|92/100|[from] item: Leftovers
|-heal|p2a: Snorlax|100/100|[from] item: Leftovers
|upkeep
|turn|3
|
|t:|1728221892
|switch|p2a: Swampert|Swampert, M|100/100
|move|p1a: Metagross|Meteor Mash|p2a: Swampert
|-resisted|p2a: Swampert
|-damage|p2a: Swampert|76/100
|
|-heal|p2a: Swampert|82/100|[from] item: Leftovers
|-heal|p1a: Metagross|98/100|[from] item: Leftovers
|upkeep
|turn|4
|
|t:|1728221903
|move|p2a: Swampert|Earthquake|p1a: Metagross
|-supereffective|p1a: Metagross
|-damage|p1a: Metagross|37/100
|move|p1a: Metagross|Psychic|p2a: Swampert
|-damage|p2a: Swampert|32/100
|
|-heal|p2a: Swampert|39/100|[from] item: Leftovers
|-heal|p1a: Metagross|43/100|[from] item: Leftovers
|upkeep
|turn|5
|inactive|spfunkm has 270 seconds left.
|
|t:|1728221935
|switch|p1a: Zapdos|Zapdos|100/100
|move|p2a: Swampert|Earthquake|p1a: Zapdos
|-immune|p1a: Zapdos
|
|-heal|p2a: Swampert|45/100|[from] item: Leftovers
|upkeep
|turn|6
|
|t:|1728221941
|move|p1a: Zapdos|Hidden Power|p2a: Swampert
|-damage|p2a: Swampert|17/100
|move|p2a: Swampert|Ice Beam|p1a: Zapdos
|-supereffective|p1a: Zapdos
|-damage|p1a: Zapdos|51/100
|
|-heal|p1a: Zapdos|57/100|[from] item: Leftovers
|-heal|p2a: Swampert|23/100|[from] item: Leftovers
|upkeep
|turn|7
|
|t:|1728221951
|switch|p2a: Snorlax|Snorlax, M|100/100
|move|p1a: Zapdos|Hidden Power|p2a: Snorlax
|-damage|p2a: Snorlax|89/100
|
|-heal|p1a: Zapdos|63/100|[from] item: Leftovers
|-heal|p2a: Snorlax|95/100|[from] item: Leftovers
|upkeep
|turn|8
|
|t:|1728221953
|switch|p1a: Metagross|Metagross|43/100
|move|p2a: Snorlax|Curse|p2a: Snorlax
|-unboost|p2a: Snorlax|spe|1
|-boost|p2a: Snorlax|atk|1
|-boost|p2a: Snorlax|def|1
|
|-heal|p1a: Metagross|49/100|[from] item: Leftovers
|-heal|p2a: Snorlax|100/100|[from] item: Leftovers
|upkeep
|turn|9
|
|t:|1728221966
|move|p1a: Metagross|Explosion|p2a: Snorlax
|-damage|p2a: Snorlax|14/100
|faint|p1a: Metagross
|
|t:|1728221970
|switch|p1a: Zapdos|Zapdos|63/100
|
|-heal|p1a: Zapdos|69/100|[from] item: Leftovers
|-heal|p2a: Snorlax|20/100|[from] item: Leftovers
|upkeep
|turn|10
|
|t:|1728221973
|move|p1a: Zapdos|Thunderbolt|p2a: Snorlax
|-damage|p2a: Snorlax|0 fnt
|faint|p2a: Snorlax
|
|t:|1728221988
|switch|p2a: Tyranitar|Tyranitar, F|100/100
|-weather|Sandstorm|[from] ability: Sand Stream|[of] p2a: Tyranitar
|
|-weather|Sandstorm|[upkeep]
|-damage|p1a: Zapdos|63/100|[from] Sandstorm
|-heal|p1a: Zapdos|69/100|[from] item: Leftovers
|upkeep
|turn|11
|
|t:|1728222004
|switch|p1a: Swampert|Swampert, M|100/100
|move|p2a: Tyranitar|Dragon Dance|p2a: Tyranitar
|-boost|p2a: Tyranitar|atk|1
|-boost|p2a: Tyranitar|spe|1
|
|-weather|Sandstorm|[upkeep]
|upkeep
|turn|12
|
|t:|1728222021
|switch|p2a: Salamence|Salamence, M|100/100
|-ability|p2a: Salamence|Intimidate|boost
|-unboost|p1a: Swampert|atk|1
|move|p1a: Swampert|Earthquake|p2a: Salamence
|-immune|p2a: Salamence
|
|-weather|Sandstorm|[upkeep]
|-damage|p2a: Salamence|94/100|[from] Sandstorm
|-heal|p2a: Salamence|100/100|[from] item: Leftovers
|upkeep
|turn|13
|
|t:|1728222038
|switch|p2a: Metagross|Metagross|100/100
|move|p1a: Swampert|Ice Beam|p2a: Metagross
|-resisted|p2a: Metagross
|-damage|p2a: Metagross|81/100
|
|-weather|Sandstorm|[upkeep]
|-heal|p2a: Metagross|87/100|[from] item: Leftovers
|upkeep
|turn|14
|
|t:|1728222045
|switch|p1a: Suicune|Suicune|100/100
|move|p2a: Metagross|Psychic|p1a: Suicune
|-damage|p1a: Suicune|71/100
|
|-weather|Sandstorm|[upkeep]
|-damage|p1a: Suicune|65/100|[from] Sandstorm
|-heal|p2a: Metagross|93/100|[from] item: Leftovers
|-heal|p1a: Suicune|71/100|[from] item: Leftovers
|upkeep
|turn|15
|inactive|Firecracker1195 has 270 seconds left.
|
|t:|1728222070
|switch|p2a: Zapdos|Zapdos|100/100
|move|p1a: Suicune|Ice Beam|p2a: Zapdos
|-supereffective|p2a: Zapdos
|-damage|p2a: Zapdos|42/100
|-status|p2a: Zapdos|frz
|
|-weather|Sandstorm|[upkeep]
|-damage|p2a: Zapdos|36/100 frz|[from] Sandstorm
|-damage|p1a: Suicune|65/100|[from] Sandstorm
|-heal|p2a: Zapdos|42/100 frz|[from] item: Leftovers
|-heal|p1a: Suicune|71/100|[from] item: Leftovers
|upkeep
|turn|16
|inactive|Firecracker1195 has 270 seconds left.
|
|t:|1728222082
|switch|p2a: Metagross|Metagross|93/100
|move|p1a: Suicune|Ice Beam|p2a: Metagross
|-resisted|p2a: Metagross
|-damage|p2a: Metagross|74/100
|
|-weather|Sandstorm|[upkeep]
|-damage|p1a: Suicune|65/100|[from] Sandstorm
|-heal|p2a: Metagross|80/100|[from] item: Leftovers
|-heal|p1a: Suicune|71/100|[from] item: Leftovers
|upkeep
|turn|17
|
|t:|1728222089
|move|p2a: Metagross|Psychic|p1a: Suicune
|-damage|p1a: Suicune|39/100
|move|p1a: Suicune|Calm Mind|p1a: Suicune
|-boost|p1a: Suicune|spa|1
|-boost|p1a: Suicune|spd|1
|
|-weather|Sandstorm|[upkeep]
|-damage|p1a: Suicune|32/100|[from] Sandstorm
|-heal|p2a: Metagross|86/100|[from] item: Leftovers
|-heal|p1a: Suicune|39/100|[from] item: Leftovers
|upkeep
|turn|18
|
|t:|1728222095
|move|p2a: Metagross|Psychic|p1a: Suicune
|-damage|p1a: Suicune|18/100
|-unboost|p1a: Suicune|spd|1
|move|p1a: Suicune|Surf|p2a: Metagross
|-damage|p2a: Metagross|2/100
|
|-weather|Sandstorm|[upkeep]
|-damage|p1a: Suicune|11/100|[from] Sandstorm
|-heal|p2a: Metagross|8/100|[from] item: Leftovers
|-heal|p1a: Suicune|18/100|[from] item: Leftovers
|upkeep
|turn|19
|
|t:|1728222101
|move|p2a: Metagross|Psychic|p1a: Suicune
|-damage|p1a: Suicune|0 fnt
|faint|p1a: Suicune
|
|t:|1728222102
|switch|p1a: Zapdos|Zapdos|69/100
|
|-weather|Sandstorm|[upkeep]
|-damage|p1a: Zapdos|63/100|[from] Sandstorm
|-heal|p1a: Zapdos|69/100|[from] item: Leftovers
|-heal|p2a: Metagross|14/100|[from] item: Leftovers
|upkeep
|turn|20
|
|t:|1728222113
|move|p1a: Zapdos|Thunderbolt|p2a: Metagross
|-damage|p2a: Metagross|0 fnt
|faint|p2a: Metagross
|
|t:|1728222126
|switch|p2a: Tyranitar|Tyranitar, F|100/100
|
|-weather|Sandstorm|[upkeep]
|-damage|p1a: Zapdos|63/100|[from] Sandstorm
|-heal|p1a: Zapdos|69/100|[from] item: Leftovers
|upkeep
|turn|21
|
|t:|1728222139
|switch|p1a: Swampert|Swampert, M|100/100
|move|p2a: Tyranitar|Rock Slide|p1a: Swampert
|-resisted|p1a: Swampert
|-damage|p1a: Swampert|83/100
|
|-weather|Sandstorm|[upkeep]
|-heal|p1a: Swampert|89/100|[from] item: Leftovers
|upkeep
|turn|22
|
|t:|1728222151
|switch|p2a: Zapdos|Zapdos|42/100 frz
|move|p1a: Swampert|Ice Beam|p2a: Zapdos
|-supereffective|p2a: Zapdos
|-damage|p2a: Zapdos|0 fnt
|faint|p2a: Zapdos
|inactive|Firecracker1195 has 270 seconds left.
|
|t:|1728222182
|switch|p2a: Swampert|Swampert, M|23/100
|
|-weather|Sandstorm|[upkeep]
|-heal|p2a: Swampert|30/100|[from] item: Leftovers
|-heal|p1a: Swampert|96/100|[from] item: Leftovers
|upkeep
|turn|23
|inactive|Firecracker1195 has 270 seconds left.
|
|t:|1728222189
|switch|p1a: Salamence|Salamence, F|100/100
|-ability|p1a: Salamence|Intimidate|boost
|-unboost|p2a: Swampert|atk|1
|move|p2a: Swampert|Hydro Pump|p1a: Salamence
|-resisted|p1a: Salamence
|-damage|p1a: Salamence|58/100
|
|-weather|Sandstorm|[upkeep]
|-damage|p1a: Salamence|52/100|[from] Sandstorm
|-heal|p1a: Salamence|58/100|[from] item: Leftovers
|-heal|p2a: Swampert|36/100|[from] item: Leftovers
|upkeep
|turn|24
|
|t:|1728222201
|move|p1a: Salamence|Hidden Power|p2a: Swampert
|-damage|p2a: Swampert|0 fnt
|faint|p2a: Swampert
|
|t:|1728222204
|switch|p2a: Tyranitar|Tyranitar, F|100/100
|
|-weather|Sandstorm|[upkeep]
|-damage|p1a: Salamence|52/100|[from] Sandstorm
|-heal|p1a: Salamence|58/100|[from] item: Leftovers
|upkeep
|turn|25
|
|t:|1728222220
|switch|p2a: Salamence|Salamence, M|100/100
|-ability|p2a: Salamence|Intimidate|boost
|-unboost|p1a: Salamence|atk|1
|move|p1a: Salamence|Dragon Dance|p1a: Salamence
|-boost|p1a: Salamence|atk|1
|-boost|p1a: Salamence|spe|1
|
|-weather|Sandstorm|[upkeep]
|-damage|p1a: Salamence|52/100|[from] Sandstorm
|-damage|p2a: Salamence|94/100|[from] Sandstorm
|-heal|p1a: Salamence|58/100|[from] item: Leftovers
|-heal|p2a: Salamence|100/100|[from] item: Leftovers
|upkeep
|turn|26
|
|t:|1728222226
|move|p1a: Salamence|Rock Slide|p2a: Salamence
|-supereffective|p2a: Salamence
|-damage|p2a: Salamence|31/100
|cant|p2a: Salamence|flinch
|
|-weather|Sandstorm|[upkeep]
|-damage|p1a: Salamence|52/100|[from] Sandstorm
|-damage|p2a: Salamence|25/100|[from] Sandstorm
|-heal|p1a: Salamence|58/100|[from] item: Leftovers
|-heal|p2a: Salamence|31/100|[from] item: Leftovers
|upkeep
|turn|27
|
|t:|1728222235
|move|p1a: Salamence|Hidden Power|p2a: Salamence
|-damage|p2a: Salamence|0 fnt
|faint|p2a: Salamence
|
|t:|1728222239
|switch|p2a: Tyranitar|Tyranitar, F|100/100
|
|-weather|Sandstorm|[upkeep]
|-damage|p1a: Salamence|52/100|[from] Sandstorm
|-heal|p1a: Salamence|58/100|[from] item: Leftovers
|upkeep
|turn|28
|
|t:|1728222245
|move|p1a: Salamence|Earthquake|p2a: Tyranitar
|-supereffective|p2a: Tyranitar
|-damage|p2a: Tyranitar|27/100
|move|p2a: Tyranitar|Rock Slide|p1a: Salamence
|-supereffective|p1a: Salamence
|-damage|p1a: Salamence|0 fnt
|faint|p1a: Salamence
|
|t:|1728222248
|switch|p1a: Swampert|Swampert, M|96/100
|
|-weather|Sandstorm|[upkeep]
|-heal|p1a: Swampert|100/100|[from] item: Leftovers
|upkeep
|turn|29
|c|☆spfunkm|gg
|c|☆Firecracker1195|Gg
|
|t:|1728222255
|move|p2a: Tyranitar|Rock Slide|p1a: Swampert
|-resisted|p1a: Swampert
|-damage|p1a: Swampert|82/100
|move|p1a: Swampert|Earthquake|p2a: Tyranitar
|-supereffective|p2a: Tyranitar
|-damage|p2a: Tyranitar|0 fnt
|faint|p2a: Tyranitar
|
|win|spfunkm

</script>
<script type="application/json" class="data" id="replaydata-smogtours-gen3ou-795509">
{"id":"smogtours-gen3ou-795509","format":"[Gen 3] OU","players":["spfunkm","Firecracker1195"],"uploadtime":1728222255,"views":117,"formatid":"gen3ou","rating":null,"private":0,"password":null}
</script>

<script defer src="js/replays.js?9d40a366"></script>
