<!DOCTYPE html>
<meta charset="utf-8" />
<meta name="viewport" content="width=device-width" />

<title>[Gen 3] OU: unzipscrogre vs. ViciousCricket - Replays - Pok&eacute;mon Showdown!</title>

<meta name="description" content="Watch a replay of a Pok&eacute;mon battle between unzipscrogre and ViciousCricket! Format: [Gen 3] OU; Date: Oct 16, 2024" />
<!--

Hey, you! Looking in the source for the replay log?

You can find them in JSON format, just add `.json` at the end of a replay URL.

https://replay.pokemonshowdown.com/gen7randomdoublesbattle-865046831.json

Or, if you only need the log itself, add `.log` instead:

https://replay.pokemonshowdown.com/gen7randomdoublesbattle-865046831.log

-->

<link rel="stylesheet" href="//pokemonshowdown.com/style/global.css?0.767286132409787" />
<link rel="stylesheet" href="//play.pokemonshowdown.com/style/font-awesome.css?0.9266228007934947" />
<link rel="stylesheet" href="//play.pokemonshowdown.com/style/battle.css?0.7924700842790926" />
<link rel="stylesheet" href="//play.pokemonshowdown.com/style/utilichart.css?0.8777417872839479" />

<!-- Global site tag (gtag.js) - Google Analytics -->
<script async src="https://www.googletagmanager.com/gtag/js?id=UA-26211653-1"></script>
<script>
  window.dataLayer = window.dataLayer || [];
  function gtag(){dataLayer.push(arguments);}
  gtag('js', new Date());

  gtag('config', 'UA-26211653-1');
</script>
<!-- End Google Analytics -->
<!-- Venatus Ad Manager - Install in <HEAD> of page -->
	<script src="https://hb.vntsm.com/v3/live/ad-manager.min.js" type="text/javascript" data-site-id="642aba63ec9a7b11c3c9c1be" data-mode="scan" async></script>
<!-- / Venatus Ad Manager -->

<style>
	@media (max-width:820px) {
		.battle {
			margin: 0 auto;
		}
		.battle-log {
			margin: 7px auto 0;
			max-width: 640px;
			height: 300px;
			position: static;
		}
	}
	.optgroup {
		display: inline-block;
		line-height: 22px;
		font-size: 10pt;
	}
	.optgroup .button {
		height: 25px;
		padding-top: 0;
		padding-bottom: 0;
	}
	.optgroup button.button {
		padding-left: 12px;
		padding-right: 12px;
	}
	.linklist {
		list-style: none;
		margin: 0.5em 0;
		padding: 0;
	}
	.linklist li {
		padding: 2px 0;
	}
	.sidebar {
		float: left;
		width: 320px;
	}
	.bar-wrapper {
		max-width: 1100px;
		margin: 0 auto;
	}
	.bar-wrapper.has-sidebar {
		max-width: 1430px;
	}
	.mainbar {
		margin: 0;
		padding-right: 1px;
	}
	.mainbar.has-sidebar {
		margin-left: 330px;
	}
	@media (min-width: 1511px) {
		.sidebar {
			width: 400px;
		}
		.bar-wrapper.has-sidebar {
			max-width: 1510px;
		}
		.mainbar.has-sidebar {
			margin-left: 410px;
		}
	}
	.section.first-section {
		margin-top: 9px;
	}
	.blocklink small {
		white-space: normal;
	}
	.button {
		vertical-align: middle;
	}
	.replay-controls {
		padding-top: 10px;
	}
	.replay-controls h1 {
		font-size: 16pt;
		font-weight: normal;
		color: #CCC;
	}
	.pagelink {
		text-align: center;
	}
	.pagelink a {
		width: 150px;
	}
	.textbox, .button {
		font-size: 11pt;
		vertical-align: middle;
	}
	@media (max-width: 450px) {
		.button {
			font-size: 9pt;
		}
	}
</style>

<div>

	<header>
		<div class="nav-wrapper"><ul class="nav">
			<li><a class="button nav-first" href="//pokemonshowdown.com/"><img src="//pokemonshowdown.com/images/pokemonshowdownbeta.png" srcset="//pokemonshowdown.com/images/pokemonshowdownbeta.png 1x, //pokemonshowdown.com/images/pokemonshowdownbeta@2x.png 2x" alt="Pok&eacute;mon Showdown" width="146" height="44" /> Home</a></li>
			<li><a class="button" href="//pokemonshowdown.com/dex/">Pok&eacute;dex</a></li>
			<li><a class="button cur" href="/">Replays</a></li>
			<li><a class="button" href="//pokemonshowdown.com/ladder/">Ladder</a></li>
			<li><a class="button nav-last" href="//pokemonshowdown.com/forums/">Forum</a></li>
			<li><a class="button greenbutton nav-first nav-last" href="//play.pokemonshowdown.com/">Play</a></li>
		</ul></div>
	</header>

	<div class="main" id="main">

		<noscript><section class="section">You need to enable JavaScript to use this page; sorry!</section></noscript>

	</div>

</div>

<script defer nomodule src="//play.pokemonshowdown.com/js/lib/ps-polyfill.js"></script>
<script defer src="//play.pokemonshowdown.com/js/lib/preact.min.js"></script>

<script defer src="//play.pokemonshowdown.com/config/config.js?6dec07f6"></script>
<script defer src="//play.pokemonshowdown.com/js/lib/jquery-1.11.0.min.js"></script>
<script defer src="//play.pokemonshowdown.com/js/lib/html-sanitizer-minified.js"></script>
<script defer src="//play.pokemonshowdown.com/js/battle-sound.js"></script>
<script defer src="//play.pokemonshowdown.com/js/battledata.js?0.6315294753075389"></script>
<script defer src="//play.pokemonshowdown.com/data/pokedex-mini.js?0.7603743185311358"></script>
<script defer src="//play.pokemonshowdown.com/data/pokedex-mini-bw.js?0.030888842834281283"></script>
<script defer src="//play.pokemonshowdown.com/data/graphics.js?0.05593094747507488"></script>
<script defer src="//play.pokemonshowdown.com/data/pokedex.js?0.47064822249611904"></script>
<script defer src="//play.pokemonshowdown.com/data/moves.js?0.8583693120512459"></script>
<script defer src="//play.pokemonshowdown.com/data/abilities.js?0.16017181182386842"></script>
<script defer src="//play.pokemonshowdown.com/data/items.js?0.4163379185673943"></script>
<script defer src="//play.pokemonshowdown.com/data/teambuilder-tables.js?0.31075597372830477"></script>
<script defer src="//play.pokemonshowdown.com/js/battle-tooltips.js?0.6536193500708172"></script>
<script defer src="//play.pokemonshowdown.com/js/battle.js?0.1916591943277901"></script>

<script defer src="js/utils.js?e31f9a17"></script>
<script defer src="js/replays-battle.js?7008c182"></script>

<!-- don't scrape this data! just add .json or .log after the URL!
Full API docs: https://github.com/smogon/pokemon-showdown-client/blob/master/WEB-API.md -->
<script type="text/plain" class="log" id="replaylog-smogtours-gen3ou-799113">
|inactive|Battle timer is ON: inactive players will automatically lose when time's up.
|t:|1729094996
|gametype|singles
|player|p1|unzipscrogre|unknown|
|player|p2|ViciousCricket|101|
|teamsize|p1|6
|teamsize|p2|6
|gen|3
|tier|[Gen 3] OU
|rule|Sleep Clause Mod: Limit one foe put to sleep
|rule|Switch Priority Clause Mod: Faster Pokémon switch first
|rule|Species Clause: Limit one of each Pokémon
|rule|OHKO Clause: OHKO moves are banned
|rule|Evasion Items Clause: Evasion items are banned
|rule|Evasion Moves Clause: Evasion moves are banned
|rule|Endless Battle Clause: Forcing endless battles is banned
|rule|HP Percentage Mod: HP is shown in percentages
|rule|One Boost Passer Clause: Limit one Baton Passer that has a way to boost its stats
|rule|Freeze Clause Mod: Limit one foe frozen
|
|t:|1729094996
|start
|switch|p1a: Zapdos|Zapdos|100/100
|switch|p2a: Flygon|Flygon, M|100/100
|turn|1
|inactive|unzipscrogre also wants the timer to be on.
|c|☆ViciousCricket|gl hf !
|c|☆unzipscrogre|yt
|inactive|unzipscrogre has 270 seconds left.
|
|t:|1729095029
|switch|p2a: Regice|Regice, shiny|100/100
|move|p1a: Zapdos|Substitute|p1a: Zapdos
|-start|p1a: Zapdos|Substitute
|-damage|p1a: Zapdos|76/100
|
|-heal|p1a: Zapdos|82/100|[from] item: Leftovers
|upkeep
|turn|2
|
|t:|1729095038
|move|p1a: Zapdos|Baton Pass|p1a: Zapdos
|
|t:|1729095047
|switch|p1a: Jirachi|Jirachi|100/100|[from] Baton Pass
|move|p2a: Regice|Ice Beam|p1a: Jirachi
|-resisted|p1a: Jirachi
|-activate|p1a: Jirachi|Substitute|[damage]
|
|upkeep
|turn|3
|
|t:|1729095054
|move|p1a: Jirachi|Calm Mind|p1a: Jirachi
|-boost|p1a: Jirachi|spa|1
|-boost|p1a: Jirachi|spd|1
|move|p2a: Regice|Thunderbolt|p1a: Jirachi
|-end|p1a: Jirachi|Substitute
|
|upkeep
|turn|4
|
|t:|1729095065
|move|p1a: Jirachi|Fire Punch|p2a: Regice
|-supereffective|p2a: Regice
|-crit|p2a: Regice
|-damage|p2a: Regice|31/100
|move|p2a: Regice|Thunder Wave|p1a: Jirachi
|-status|p1a: Jirachi|par
|
|-heal|p2a: Regice|37/100|[from] item: Leftovers
|upkeep
|turn|5
|
|t:|1729095070
|switch|p2a: Flygon|Flygon, M|100/100
|move|p1a: Jirachi|Psychic|p2a: Flygon
|-damage|p2a: Flygon|17/100
|-unboost|p2a: Flygon|spd|1
|
|-heal|p2a: Flygon|23/100|[from] item: Leftovers
|upkeep
|turn|6
|
|t:|1729095074
|move|p2a: Flygon|Earthquake|p1a: Jirachi
|-supereffective|p1a: Jirachi
|-damage|p1a: Jirachi|18/100 par
|move|p1a: Jirachi|Fire Punch|p2a: Flygon
|-resisted|p2a: Flygon
|-damage|p2a: Flygon|0 fnt
|faint|p2a: Flygon
|
|t:|1729095076
|switch|p2a: Dugtrio|Dugtrio, F|100/100
|
|-heal|p1a: Jirachi|24/100 par|[from] item: Leftovers
|upkeep
|turn|7
|
|t:|1729095078
|move|p2a: Dugtrio|Earthquake|p1a: Jirachi
|-supereffective|p1a: Jirachi
|-damage|p1a: Jirachi|0 fnt
|faint|p1a: Jirachi
|
|t:|1729095086
|switch|p1a: Zapdos|Zapdos|82/100
|
|-heal|p1a: Zapdos|88/100|[from] item: Leftovers
|upkeep
|turn|8
|
|t:|1729095090
|switch|p2a: Snorlax|Snorlax, M|100/100
|move|p1a: Zapdos|Substitute|p1a: Zapdos
|-start|p1a: Zapdos|Substitute
|-damage|p1a: Zapdos|63/100
|
|-heal|p1a: Zapdos|69/100|[from] item: Leftovers
|upkeep
|turn|9
|
|t:|1729095110
|-singleturn|p2a: Snorlax|move: Focus Punch
|move|p1a: Zapdos|Baton Pass|p1a: Zapdos
|
|t:|1729095113
|switch|p1a: Gengar|Gengar, M|100/100|[from] Baton Pass
|move|p2a: Snorlax|Focus Punch|p1a: Gengar
|-immune|p1a: Gengar
|
|upkeep
|turn|10
|
|t:|1729095134
|move|p1a: Gengar|Will-O-Wisp|p2a: Snorlax
|-status|p2a: Snorlax|brn
|move|p2a: Snorlax|Shadow Ball|p1a: Gengar
|-supereffective|p1a: Gengar
|-end|p1a: Gengar|Substitute
|
|-damage|p2a: Snorlax|88/100 brn|[from] brn
|upkeep
|turn|11
|
|t:|1729095152
|switch|p1a: Dugtrio|Dugtrio, M|100/100
|move|p2a: Snorlax|Shadow Ball|p1a: Dugtrio
|-damage|p1a: Dugtrio|70/100
|
|-heal|p2a: Snorlax|94/100 brn|[from] item: Leftovers
|-damage|p2a: Snorlax|82/100 brn|[from] brn
|upkeep
|turn|12
|
|t:|1729095158
|move|p1a: Dugtrio|Earthquake|p2a: Snorlax
|-damage|p2a: Snorlax|42/100 brn
|move|p2a: Snorlax|Counter|p1a: Dugtrio
|-damage|p1a: Dugtrio|0 fnt
|faint|p1a: Dugtrio
|inactive|unzipscrogre has 270 seconds left.
|
|t:|1729095194
|switch|p1a: Zapdos|Zapdos|69/100
|
|-heal|p1a: Zapdos|75/100|[from] item: Leftovers
|-heal|p2a: Snorlax|48/100 brn|[from] item: Leftovers
|-damage|p2a: Snorlax|35/100 brn|[from] brn
|upkeep
|turn|13
|
|t:|1729095198
|move|p1a: Zapdos|Substitute|p1a: Zapdos
|-start|p1a: Zapdos|Substitute
|-damage|p1a: Zapdos|50/100
|move|p2a: Snorlax|Self-Destruct|p1a: Zapdos
|-end|p1a: Zapdos|Substitute
|faint|p2a: Snorlax
|
|t:|1729095206
|switch|p2a: Regice|Regice, shiny|37/100
|
|-heal|p1a: Zapdos|56/100|[from] item: Leftovers
|-heal|p2a: Regice|43/100|[from] item: Leftovers
|upkeep
|turn|14
|inactive|unzipscrogre has 270 seconds left.
|
|t:|1729095225
|switch|p2a: Dugtrio|Dugtrio, F|100/100
|move|p1a: Zapdos|Substitute|p1a: Zapdos
|-start|p1a: Zapdos|Substitute
|-damage|p1a: Zapdos|31/100
|
|-heal|p1a: Zapdos|37/100|[from] item: Leftovers
|upkeep
|turn|15
|inactive|unzipscrogre has 270 seconds left.
|
|t:|1729095238
|move|p2a: Dugtrio|Rock Slide|p1a: Zapdos
|-supereffective|p1a: Zapdos
|-end|p1a: Zapdos|Substitute
|move|p1a: Zapdos|Hidden Power|p2a: Dugtrio
|-supereffective|p2a: Dugtrio
|-crit|p2a: Dugtrio
|-damage|p2a: Dugtrio|0 fnt
|faint|p2a: Dugtrio
|
|t:|1729095243
|switch|p2a: Starmie|Starmie|100/100
|
|-heal|p1a: Zapdos|43/100|[from] item: Leftovers
|upkeep
|turn|16
|
|t:|1729095247
|move|p2a: Starmie|Ice Beam|p1a: Zapdos
|-supereffective|p1a: Zapdos
|-damage|p1a: Zapdos|0 fnt
|faint|p1a: Zapdos
|
|t:|1729095260
|switch|p1a: Celebi|Celebi|100/100
|
|upkeep
|turn|17
|
|t:|1729095265
|move|p2a: Starmie|Ice Beam|p1a: Celebi
|-supereffective|p1a: Celebi
|-damage|p1a: Celebi|53/100
|move|p1a: Celebi|Giga Drain|p2a: Starmie
|-supereffective|p2a: Starmie
|-damage|p2a: Starmie|22/100
|-heal|p1a: Celebi|78/100|[from] drain|[of] p2a: Starmie
|
|-heal|p2a: Starmie|28/100|[from] item: Leftovers
|-heal|p1a: Celebi|84/100|[from] item: Leftovers
|upkeep
|turn|18
|
|t:|1729095272
|move|p2a: Starmie|Ice Beam|p1a: Celebi
|-supereffective|p1a: Celebi
|-damage|p1a: Celebi|38/100
|move|p1a: Celebi|Giga Drain|p2a: Starmie
|-supereffective|p2a: Starmie
|-damage|p2a: Starmie|0 fnt
|-heal|p1a: Celebi|47/100|[from] drain|[of] p2a: Starmie
|faint|p2a: Starmie
|
|t:|1729095275
|switch|p2a: Regice|Regice, shiny|43/100
|
|-heal|p1a: Celebi|53/100|[from] item: Leftovers
|-heal|p2a: Regice|49/100|[from] item: Leftovers
|upkeep
|turn|19
|
|t:|1729095281
|move|p1a: Celebi|Hidden Power|p2a: Regice
|-supereffective|p2a: Regice
|-damage|p2a: Regice|31/100
|move|p2a: Regice|Thunder Wave|p1a: Celebi
|-status|p1a: Celebi|par
|
|-heal|p2a: Regice|37/100|[from] item: Leftovers
|-heal|p1a: Celebi|59/100 par|[from] item: Leftovers
|upkeep
|turn|20
|
|t:|1729095292
|move|p2a: Regice|Ice Beam|p1a: Celebi
|-supereffective|p1a: Celebi
|-damage|p1a: Celebi|0 fnt
|faint|p1a: Celebi
|
|t:|1729095303
|switch|p1a: Gengar|Gengar, M|100/100
|
|-heal|p2a: Regice|43/100|[from] item: Leftovers
|upkeep
|turn|21
|c|☆ViciousCricket|your last is suicune isn't it
|
|t:|1729095309
|move|p1a: Gengar|Explosion|p2a: Regice
|-damage|p2a: Regice|0 fnt
|faint|p1a: Gengar
|faint|p2a: Regice
|
|t:|1729095311
|switch|p1a: Suicune|Suicune|100/100
|switch|p2a: Suicune|Suicune|100/100
|
|upkeep
|turn|22
|c|☆ViciousCricket|bahahaha
|c|☆ViciousCricket|my god, what are the regulation on ties ? x)
|
|t:|1729095336
|move|p1a: Suicune|Calm Mind|p1a: Suicune
|-boost|p1a: Suicune|spa|1
|-boost|p1a: Suicune|spd|1
|move|p2a: Suicune|Calm Mind|p2a: Suicune
|-boost|p2a: Suicune|spa|1
|-boost|p2a: Suicune|spd|1
|
|upkeep
|turn|23
|
|t:|1729095342
|move|p1a: Suicune|Calm Mind|p1a: Suicune
|-boost|p1a: Suicune|spa|1
|-boost|p1a: Suicune|spd|1
|move|p2a: Suicune|Calm Mind|p2a: Suicune
|-boost|p2a: Suicune|spa|1
|-boost|p2a: Suicune|spd|1
|
|upkeep
|turn|24
|
|t:|1729095344
|move|p1a: Suicune|Calm Mind|p1a: Suicune
|-boost|p1a: Suicune|spa|1
|-boost|p1a: Suicune|spd|1
|move|p2a: Suicune|Calm Mind|p2a: Suicune
|-boost|p2a: Suicune|spa|1
|-boost|p2a: Suicune|spd|1
|
|upkeep
|turn|25
|
|t:|1729095345
|move|p1a: Suicune|Calm Mind|p1a: Suicune
|-boost|p1a: Suicune|spa|1
|-boost|p1a: Suicune|spd|1
|move|p2a: Suicune|Calm Mind|p2a: Suicune
|-boost|p2a: Suicune|spa|1
|-boost|p2a: Suicune|spd|1
|
|upkeep
|turn|26
|
|t:|1729095347
|move|p1a: Suicune|Calm Mind|p1a: Suicune
|-boost|p1a: Suicune|spa|1
|-boost|p1a: Suicune|spd|1
|move|p2a: Suicune|Calm Mind|p2a: Suicune
|-boost|p2a: Suicune|spa|1
|-boost|p2a: Suicune|spd|1
|
|upkeep
|turn|27
|
|t:|1729095352
|move|p1a: Suicune|Hidden Power|p2a: Suicune
|-supereffective|p2a: Suicune
|-damage|p2a: Suicune|73/100
|move|p2a: Suicune|Calm Mind|p2a: Suicune
|-boost|p2a: Suicune|spa|1
|-boost|p2a: Suicune|spd|1
|
|-heal|p2a: Suicune|79/100|[from] item: Leftovers
|upkeep
|turn|28
|
|t:|1729095357
|move|p1a: Suicune|Calm Mind|p1a: Suicune
|-boost|p1a: Suicune|spa|1
|-boost|p1a: Suicune|spd|1
|move|p2a: Suicune|Surf|p1a: Suicune
|-resisted|p1a: Suicune
|-damage|p1a: Suicune|89/100
|
|-heal|p1a: Suicune|95/100|[from] item: Leftovers
|-heal|p2a: Suicune|85/100|[from] item: Leftovers
|upkeep
|turn|29
|
|t:|1729095361
|move|p1a: Suicune|Hidden Power|p2a: Suicune
|-supereffective|p2a: Suicune
|-damage|p2a: Suicune|58/100
|move|p2a: Suicune|Rest|p2a: Suicune
|-status|p2a: Suicune|slp|[from] move: Rest
|-heal|p2a: Suicune|100/100 slp|[silent]
|
|-heal|p1a: Suicune|100/100|[from] item: Leftovers
|upkeep
|turn|30
|
|t:|1729095370
|move|p1a: Suicune|Surf|p2a: Suicune
|-resisted|p2a: Suicune
|-damage|p2a: Suicune|85/100 slp
|cant|p2a: Suicune|slp
|
|-heal|p2a: Suicune|92/100 slp|[from] item: Leftovers
|upkeep
|turn|31
|
|t:|1729095372
|move|p1a: Suicune|Surf|p2a: Suicune
|-resisted|p2a: Suicune
|-damage|p2a: Suicune|77/100 slp
|cant|p2a: Suicune|slp
|
|-heal|p2a: Suicune|83/100 slp|[from] item: Leftovers
|upkeep
|turn|32
|c|☆ViciousCricket|o
|c|☆ViciousCricket|oh
|c|☆ViciousCricket|you have 2 attacks :(
|
|t:|1729095384
|move|p1a: Suicune|Hidden Power|p2a: Suicune
|-supereffective|p2a: Suicune
|-damage|p2a: Suicune|53/100 slp
|-curestatus|p2a: Suicune|slp|[msg]
|move|p2a: Suicune|Surf|p1a: Suicune
|-resisted|p1a: Suicune
|-damage|p1a: Suicune|88/100
|
|-heal|p1a: Suicune|94/100|[from] item: Leftovers
|-heal|p2a: Suicune|59/100|[from] item: Leftovers
|upkeep
|turn|33
|
|t:|1729095391
|move|p1a: Suicune|Hidden Power|p2a: Suicune
|-supereffective|p2a: Suicune
|-damage|p2a: Suicune|31/100
|move|p2a: Suicune|Rest|p2a: Suicune
|-status|p2a: Suicune|slp|[from] move: Rest
|-heal|p2a: Suicune|100/100 slp|[silent]
|
|-heal|p1a: Suicune|99/100|[from] item: Leftovers
|upkeep
|turn|34
|
|t:|1729095395
|move|p1a: Suicune|Ice Beam|p2a: Suicune
|-resisted|p2a: Suicune
|-crit|p2a: Suicune
|-damage|p2a: Suicune|18/100 slp
|cant|p2a: Suicune|slp
|
|-heal|p1a: Suicune|100/100|[from] item: Leftovers
|-heal|p2a: Suicune|24/100 slp|[from] item: Leftovers
|upkeep
|turn|35
|
|t:|1729095398
|move|p1a: Suicune|Hidden Power|p2a: Suicune
|-supereffective|p2a: Suicune
|-damage|p2a: Suicune|0 fnt
|faint|p2a: Suicune
|
|win|unzipscrogre
|c|☆ViciousCricket|gg
|c|☆ViciousCricket|damn
|c|☆unzipscrogre|gg

</script>
<script type="application/json" class="data" id="replaydata-smogtours-gen3ou-799113">
{"id":"smogtours-gen3ou-799113","format":"[Gen 3] OU","players":["unzipscrogre","ViciousCricket"],"uploadtime":1729095398,"views":89,"formatid":"gen3ou","rating":null,"private":0,"password":null}
</script>

<script defer src="js/replays.js?9d40a366"></script>
