<!DOCTYPE html>
<meta charset="utf-8" />
<meta name="viewport" content="width=device-width" />

<title>[Gen 3] OU: Ivoire vs. witgiz - Replays - Pok&eacute;mon Showdown!</title>

<meta name="description" content="Watch a replay of a Pok&eacute;mon battle between Ivoire and witgiz! Format: [Gen 3] OU; Date: Oct 10, 2024" />
<!--

Hey, you! Looking in the source for the replay log?

You can find them in JSON format, just add `.json` at the end of a replay URL.

https://replay.pokemonshowdown.com/gen7randomdoublesbattle-865046831.json

Or, if you only need the log itself, add `.log` instead:

https://replay.pokemonshowdown.com/gen7randomdoublesbattle-865046831.log

-->

<link rel="stylesheet" href="//pokemonshowdown.com/style/global.css?0.767286132409787" />
<link rel="stylesheet" href="//play.pokemonshowdown.com/style/font-awesome.css?0.9266228007934947" />
<link rel="stylesheet" href="//play.pokemonshowdown.com/style/battle.css?0.7924700842790926" />
<link rel="stylesheet" href="//play.pokemonshowdown.com/style/utilichart.css?0.8777417872839479" />

<!-- Global site tag (gtag.js) - Google Analytics -->
<script async src="https://www.googletagmanager.com/gtag/js?id=UA-26211653-1"></script>
<script>
  window.dataLayer = window.dataLayer || [];
  function gtag(){dataLayer.push(arguments);}
  gtag('js', new Date());

  gtag('config', 'UA-26211653-1');
</script>
<!-- End Google Analytics -->
<!-- Venatus Ad Manager - Install in <HEAD> of page -->
	<script src="https://hb.vntsm.com/v3/live/ad-manager.min.js" type="text/javascript" data-site-id="642aba63ec9a7b11c3c9c1be" data-mode="scan" async></script>
<!-- / Venatus Ad Manager -->

<style>
	@media (max-width:820px) {
		.battle {
			margin: 0 auto;
		}
		.battle-log {
			margin: 7px auto 0;
			max-width: 640px;
			height: 300px;
			position: static;
		}
	}
	.optgroup {
		display: inline-block;
		line-height: 22px;
		font-size: 10pt;
	}
	.optgroup .button {
		height: 25px;
		padding-top: 0;
		padding-bottom: 0;
	}
	.optgroup button.button {
		padding-left: 12px;
		padding-right: 12px;
	}
	.linklist {
		list-style: none;
		margin: 0.5em 0;
		padding: 0;
	}
	.linklist li {
		padding: 2px 0;
	}
	.sidebar {
		float: left;
		width: 320px;
	}
	.bar-wrapper {
		max-width: 1100px;
		margin: 0 auto;
	}
	.bar-wrapper.has-sidebar {
		max-width: 1430px;
	}
	.mainbar {
		margin: 0;
		padding-right: 1px;
	}
	.mainbar.has-sidebar {
		margin-left: 330px;
	}
	@media (min-width: 1511px) {
		.sidebar {
			width: 400px;
		}
		.bar-wrapper.has-sidebar {
			max-width: 1510px;
		}
		.mainbar.has-sidebar {
			margin-left: 410px;
		}
	}
	.section.first-section {
		margin-top: 9px;
	}
	.blocklink small {
		white-space: normal;
	}
	.button {
		vertical-align: middle;
	}
	.replay-controls {
		padding-top: 10px;
	}
	.replay-controls h1 {
		font-size: 16pt;
		font-weight: normal;
		color: #CCC;
	}
	.pagelink {
		text-align: center;
	}
	.pagelink a {
		width: 150px;
	}
	.textbox, .button {
		font-size: 11pt;
		vertical-align: middle;
	}
	@media (max-width: 450px) {
		.button {
			font-size: 9pt;
		}
	}
</style>

<div>

	<header>
		<div class="nav-wrapper"><ul class="nav">
			<li><a class="button nav-first" href="//pokemonshowdown.com/"><img src="//pokemonshowdown.com/images/pokemonshowdownbeta.png" srcset="//pokemonshowdown.com/images/pokemonshowdownbeta.png 1x, //pokemonshowdown.com/images/pokemonshowdownbeta@2x.png 2x" alt="Pok&eacute;mon Showdown" width="146" height="44" /> Home</a></li>
			<li><a class="button" href="//pokemonshowdown.com/dex/">Pok&eacute;dex</a></li>
			<li><a class="button cur" href="/">Replays</a></li>
			<li><a class="button" href="//pokemonshowdown.com/ladder/">Ladder</a></li>
			<li><a class="button nav-last" href="//pokemonshowdown.com/forums/">Forum</a></li>
			<li><a class="button greenbutton nav-first nav-last" href="//play.pokemonshowdown.com/">Play</a></li>
		</ul></div>
	</header>

	<div class="main" id="main">

		<noscript><section class="section">You need to enable JavaScript to use this page; sorry!</section></noscript>

	</div>

</div>

<script defer nomodule src="//play.pokemonshowdown.com/js/lib/ps-polyfill.js"></script>
<script defer src="//play.pokemonshowdown.com/js/lib/preact.min.js"></script>

<script defer src="//play.pokemonshowdown.com/config/config.js?6dec07f6"></script>
<script defer src="//play.pokemonshowdown.com/js/lib/jquery-1.11.0.min.js"></script>
<script defer src="//play.pokemonshowdown.com/js/lib/html-sanitizer-minified.js"></script>
<script defer src="//play.pokemonshowdown.com/js/battle-sound.js"></script>
<script defer src="//play.pokemonshowdown.com/js/battledata.js?0.6315294753075389"></script>
<script defer src="//play.pokemonshowdown.com/data/pokedex-mini.js?0.7603743185311358"></script>
<script defer src="//play.pokemonshowdown.com/data/pokedex-mini-bw.js?0.030888842834281283"></script>
<script defer src="//play.pokemonshowdown.com/data/graphics.js?0.05593094747507488"></script>
<script defer src="//play.pokemonshowdown.com/data/pokedex.js?0.47064822249611904"></script>
<script defer src="//play.pokemonshowdown.com/data/moves.js?0.8583693120512459"></script>
<script defer src="//play.pokemonshowdown.com/data/abilities.js?0.16017181182386842"></script>
<script defer src="//play.pokemonshowdown.com/data/items.js?0.4163379185673943"></script>
<script defer src="//play.pokemonshowdown.com/data/teambuilder-tables.js?0.31075597372830477"></script>
<script defer src="//play.pokemonshowdown.com/js/battle-tooltips.js?0.6536193500708172"></script>
<script defer src="//play.pokemonshowdown.com/js/battle.js?0.1916591943277901"></script>

<script defer src="js/utils.js?e31f9a17"></script>
<script defer src="js/replays-battle.js?7008c182"></script>

<!-- don't scrape this data! just add .json or .log after the URL!
Full API docs: https://github.com/smogon/pokemon-showdown-client/blob/master/WEB-API.md -->
<script type="text/plain" class="log" id="replaylog-smogtours-gen3ou-796970">
|inactive|Battle timer is ON: inactive players will automatically lose when time's up.
|t:|1728586966
|gametype|singles
|player|p1|Ivoire|volkner-masters|
|player|p2|witgiz|linebacker|
|teamsize|p1|6
|teamsize|p2|6
|gen|3
|tier|[Gen 3] OU
|rule|Sleep Clause Mod: Limit one foe put to sleep
|rule|Switch Priority Clause Mod: Faster Pokémon switch first
|rule|Species Clause: Limit one of each Pokémon
|rule|OHKO Clause: OHKO moves are banned
|rule|Evasion Items Clause: Evasion items are banned
|rule|Evasion Moves Clause: Evasion moves are banned
|rule|Endless Battle Clause: Forcing endless battles is banned
|rule|HP Percentage Mod: HP is shown in percentages
|rule|One Boost Passer Clause: Limit one Baton Passer that has a way to boost its stats
|rule|Freeze Clause Mod: Limit one foe frozen
|
|t:|1728586966
|start
|switch|p1a: Suicune|Suicune|100/100
|switch|p2a: cheekibreekiow|Suicune|100/100
|turn|1
|c|☆witgiz|hf
|
|t:|1728586981
|move|p2a: cheekibreekiow|Calm Mind|p2a: cheekibreekiow
|-boost|p2a: cheekibreekiow|spa|1
|-boost|p2a: cheekibreekiow|spd|1
|move|p1a: Suicune|Roar|p2a: cheekibreekiow
|drag|p2a: tmr6|Metagross|100/100
|
|upkeep
|turn|2
|c|☆Ivoire|h_f
|
|t:|1728586987
|switch|p2a: NoOneAtAII|Zapdos|100/100
|move|p1a: Suicune|Surf|p2a: NoOneAtAII
|-damage|p2a: NoOneAtAII|64/100
|
|-heal|p2a: NoOneAtAII|70/100|[from] item: Leftovers
|upkeep
|turn|3
|
|t:|1728586992
|switch|p1a: Blissey|Blissey, F|100/100
|move|p2a: NoOneAtAII|Thunderbolt|p1a: Blissey
|-damage|p1a: Blissey|80/100
|
|-heal|p2a: NoOneAtAII|76/100|[from] item: Leftovers
|-heal|p1a: Blissey|86/100|[from] item: Leftovers
|upkeep
|turn|4
|
|t:|1728587001
|move|p2a: NoOneAtAII|Baton Pass|p2a: NoOneAtAII
|
|t:|1728587007
|switch|p2a: cheekibreekiow|Suicune|100/100|[from] Baton Pass
|move|p1a: Blissey|Thunder Wave|p2a: cheekibreekiow
|-status|p2a: cheekibreekiow|par
|
|-heal|p1a: Blissey|92/100|[from] item: Leftovers
|upkeep
|turn|5
|
|t:|1728587010
|switch|p1a: Skarmory|Skarmory, M, shiny|100/100
|move|p2a: cheekibreekiow|Calm Mind|p2a: cheekibreekiow
|-boost|p2a: cheekibreekiow|spa|1
|-boost|p2a: cheekibreekiow|spd|1
|
|upkeep
|turn|6
|
|t:|1728587015
|move|p1a: Skarmory|Spikes|p2a: cheekibreekiow
|-sidestart|p2: witgiz|Spikes
|move|p2a: cheekibreekiow|Hydro Pump|p1a: Skarmory
|-damage|p1a: Skarmory|32/100
|
|-heal|p1a: Skarmory|38/100|[from] item: Leftovers
|upkeep
|turn|7
|
|t:|1728587019
|move|p1a: Skarmory|Protect|p1a: Skarmory
|-singleturn|p1a: Skarmory|Protect
|move|p2a: cheekibreekiow|Ice Beam|p1a: Skarmory
|-activate|p1a: Skarmory|Protect
|
|-heal|p1a: Skarmory|44/100|[from] item: Leftovers
|upkeep
|turn|8
|
|t:|1728587022
|switch|p1a: Suicune|Suicune|100/100
|cant|p2a: cheekibreekiow|par
|
|upkeep
|turn|9
|
|t:|1728587029
|move|p1a: Suicune|Calm Mind|p1a: Suicune
|-boost|p1a: Suicune|spa|1
|-boost|p1a: Suicune|spd|1
|move|p2a: cheekibreekiow|Roar|p1a: Suicune
|drag|p1a: Magneton|Magneton|100/100
|
|upkeep
|turn|10
|
|t:|1728587034
|switch|p1a: Suicune|Suicune|100/100
|cant|p2a: cheekibreekiow|par
|
|upkeep
|turn|11
|
|t:|1728587038
|move|p1a: Suicune|Roar|p2a: cheekibreekiow
|drag|p2a: 354Hamtaro|Dugtrio, F|100/100
|-damage|p2a: 354Hamtaro|88/100|[from] Spikes
|
|upkeep
|turn|12
|
|t:|1728587047
|switch|p2a: TheGoatWhisperer61|Celebi|100/100
|-damage|p2a: TheGoatWhisperer61|88/100|[from] Spikes
|move|p1a: Suicune|Roar|p2a: TheGoatWhisperer61
|drag|p2a: mahnemsjef|Gengar, M|100/100
|
|upkeep
|turn|13
|
|t:|1728587061
|switch|p2a: 354Hamtaro|Dugtrio, F|88/100
|-damage|p2a: 354Hamtaro|76/100|[from] Spikes
|move|p1a: Suicune|Surf|p2a: 354Hamtaro
|-supereffective|p2a: 354Hamtaro
|-damage|p2a: 354Hamtaro|0 fnt
|faint|p2a: 354Hamtaro
|
|t:|1728587066
|switch|p2a: TheGoatWhisperer61|Celebi|88/100
|-damage|p2a: TheGoatWhisperer61|76/100|[from] Spikes
|
|-heal|p2a: TheGoatWhisperer61|82/100|[from] item: Leftovers
|upkeep
|turn|14
|
|t:|1728587074
|switch|p1a: Snorlax|Snorlax, M|100/100
|move|p2a: TheGoatWhisperer61|Calm Mind|p2a: TheGoatWhisperer61
|-boost|p2a: TheGoatWhisperer61|spa|1
|-boost|p2a: TheGoatWhisperer61|spd|1
|
|-heal|p2a: TheGoatWhisperer61|88/100|[from] item: Leftovers
|upkeep
|turn|15
|
|t:|1728587084
|move|p2a: TheGoatWhisperer61|Baton Pass|p2a: TheGoatWhisperer61
|
|t:|1728587085
|switch|p2a: tmr6|Metagross|100/100|[from] Baton Pass
|-damage|p2a: tmr6|88/100|[from] Spikes
|move|p1a: Snorlax|Curse|p1a: Snorlax
|-unboost|p1a: Snorlax|spe|1
|-boost|p1a: Snorlax|atk|1
|-boost|p1a: Snorlax|def|1
|
|upkeep
|turn|16
|
|t:|1728587097
|switch|p1a: Magneton|Magneton|100/100
|move|p2a: tmr6|Earthquake|p1a: Magneton
|-supereffective|p1a: Magneton
|-damage|p1a: Magneton|0 fnt
|faint|p1a: Magneton
|
|t:|1728587100
|switch|p1a: Skarmory|Skarmory, M, shiny|44/100
|
|-heal|p1a: Skarmory|50/100|[from] item: Leftovers
|upkeep
|turn|17
|
|t:|1728587103
|switch|p2a: NoOneAtAII|Zapdos|76/100
|move|p1a: Skarmory|Protect||[still]
|-fail|p1a: Skarmory
|
|-heal|p2a: NoOneAtAII|82/100|[from] item: Leftovers
|-heal|p1a: Skarmory|56/100|[from] item: Leftovers
|upkeep
|turn|18
|
|t:|1728587109
|move|p1a: Skarmory|Protect|p1a: Skarmory
|-singleturn|p1a: Skarmory|Protect
|move|p2a: NoOneAtAII|Baton Pass|p2a: NoOneAtAII
|
|t:|1728587114
|switch|p2a: tmr6|Metagross|88/100|[from] Baton Pass
|-damage|p2a: tmr6|76/100|[from] Spikes
|
|-heal|p1a: Skarmory|62/100|[from] item: Leftovers
|upkeep
|turn|19
|
|t:|1728587122
|move|p2a: tmr6|Meteor Mash|p1a: Skarmory|[miss]
|-miss|p2a: tmr6|p1a: Skarmory
|move|p1a: Skarmory|Spikes|p2a: tmr6
|-sidestart|p2: witgiz|Spikes
|
|-heal|p1a: Skarmory|68/100|[from] item: Leftovers
|upkeep
|turn|20
|
|t:|1728587125
|move|p1a: Skarmory|Protect|p1a: Skarmory
|-singleturn|p1a: Skarmory|Protect
|move|p2a: tmr6|Meteor Mash|p1a: Skarmory
|-activate|p1a: Skarmory|Protect
|
|-heal|p1a: Skarmory|74/100|[from] item: Leftovers
|upkeep
|turn|21
|
|t:|1728587130
|move|p2a: tmr6|Meteor Mash|p1a: Skarmory|[miss]
|-miss|p2a: tmr6|p1a: Skarmory
|move|p1a: Skarmory|Spikes|p2a: tmr6
|-sidestart|p2: witgiz|Spikes
|
|-heal|p1a: Skarmory|80/100|[from] item: Leftovers
|upkeep
|turn|22
|
|t:|1728587132
|move|p1a: Skarmory|Protect|p1a: Skarmory
|-singleturn|p1a: Skarmory|Protect
|move|p2a: tmr6|Meteor Mash|p1a: Skarmory
|-activate|p1a: Skarmory|Protect
|
|-heal|p1a: Skarmory|86/100|[from] item: Leftovers
|upkeep
|turn|23
|
|t:|1728587136
|move|p2a: tmr6|Meteor Mash|p1a: Skarmory
|-resisted|p1a: Skarmory
|-damage|p1a: Skarmory|51/100
|move|p1a: Skarmory|Roar|p2a: tmr6
|drag|p2a: cheekibreekiow|Suicune|100/100 par
|-damage|p2a: cheekibreekiow|76/100 par|[from] Spikes
|
|-heal|p1a: Skarmory|57/100|[from] item: Leftovers
|upkeep
|turn|24
|
|t:|1728587142
|move|p1a: Skarmory|Protect|p1a: Skarmory
|-singleturn|p1a: Skarmory|Protect
|move|p2a: cheekibreekiow|Calm Mind|p2a: cheekibreekiow
|-boost|p2a: cheekibreekiow|spa|1
|-boost|p2a: cheekibreekiow|spd|1
|
|-heal|p1a: Skarmory|63/100|[from] item: Leftovers
|upkeep
|turn|25
|
|t:|1728587144
|switch|p1a: Suicune|Suicune|100/100
|move|p2a: cheekibreekiow|Hydro Pump|p1a: Suicune
|-resisted|p1a: Suicune
|-damage|p1a: Suicune|68/100
|
|-heal|p1a: Suicune|74/100|[from] item: Leftovers
|upkeep
|turn|26
|
|t:|1728587151
|move|p1a: Suicune|Calm Mind|p1a: Suicune
|-boost|p1a: Suicune|spa|1
|-boost|p1a: Suicune|spd|1
|move|p2a: cheekibreekiow|Ice Beam|p1a: Suicune
|-resisted|p1a: Suicune
|-damage|p1a: Suicune|64/100
|
|-heal|p1a: Suicune|70/100|[from] item: Leftovers
|upkeep
|turn|27
|
|t:|1728587153
|move|p1a: Suicune|Roar|p2a: cheekibreekiow
|drag|p2a: tmr6|Metagross|76/100
|-damage|p2a: tmr6|51/100|[from] Spikes
|
|-heal|p1a: Suicune|76/100|[from] item: Leftovers
|upkeep
|turn|28
|
|t:|1728587159
|switch|p1a: Skarmory|Skarmory, M, shiny|63/100
|move|p2a: tmr6|Explosion|p1a: Skarmory
|-resisted|p1a: Skarmory
|-damage|p1a: Skarmory|0 fnt
|faint|p2a: tmr6
|faint|p1a: Skarmory
|
|t:|1728587168
|switch|p2a: TheGoatWhisperer61|Celebi|88/100
|switch|p1a: Blissey|Blissey, F|92/100
|-damage|p2a: TheGoatWhisperer61|63/100|[from] Spikes
|
|-heal|p2a: TheGoatWhisperer61|69/100|[from] item: Leftovers
|-heal|p1a: Blissey|98/100|[from] item: Leftovers
|upkeep
|turn|29
|
|t:|1728587174
|move|p2a: TheGoatWhisperer61|Calm Mind|p2a: TheGoatWhisperer61
|-boost|p2a: TheGoatWhisperer61|spa|1
|-boost|p2a: TheGoatWhisperer61|spd|1
|move|p1a: Blissey|Thunder Wave|p2a: TheGoatWhisperer61
|-status|p2a: TheGoatWhisperer61|par
|
|-heal|p1a: Blissey|100/100|[from] item: Leftovers
|-heal|p2a: TheGoatWhisperer61|75/100 par|[from] item: Leftovers
|upkeep
|turn|30
|
|t:|1728587178
|move|p1a: Blissey|Ice Beam|p2a: TheGoatWhisperer61
|-supereffective|p2a: TheGoatWhisperer61
|-damage|p2a: TheGoatWhisperer61|52/100 par
|cant|p2a: TheGoatWhisperer61|par
|
|-heal|p2a: TheGoatWhisperer61|58/100 par|[from] item: Leftovers
|upkeep
|turn|31
|
|t:|1728587183
|move|p1a: Blissey|Seismic Toss|p2a: TheGoatWhisperer61
|-damage|p2a: TheGoatWhisperer61|33/100 par
|move|p2a: TheGoatWhisperer61|Calm Mind|p2a: TheGoatWhisperer61
|-boost|p2a: TheGoatWhisperer61|spa|1
|-boost|p2a: TheGoatWhisperer61|spd|1
|
|-heal|p2a: TheGoatWhisperer61|39/100 par|[from] item: Leftovers
|upkeep
|turn|32
|
|t:|1728587186
|move|p1a: Blissey|Seismic Toss|p2a: TheGoatWhisperer61
|-damage|p2a: TheGoatWhisperer61|15/100 par
|move|p2a: TheGoatWhisperer61|Baton Pass|p2a: TheGoatWhisperer61
|
|t:|1728587196
|-curestatus|p2a: TheGoatWhisperer61|par|[from] ability: Natural Cure
|switch|p2a: mahnemsjef|Gengar, M|100/100|[from] Baton Pass
|
|upkeep
|turn|33
|
|t:|1728587200
|move|p2a: mahnemsjef|Thunderbolt|p1a: Blissey
|-damage|p1a: Blissey|74/100
|move|p1a: Blissey|Thunder Wave|p2a: mahnemsjef
|-status|p2a: mahnemsjef|par
|
|-heal|p1a: Blissey|80/100|[from] item: Leftovers
|upkeep
|turn|34
|
|t:|1728587208
|move|p1a: Blissey|Ice Beam|p2a: mahnemsjef
|-damage|p2a: mahnemsjef|81/100 par
|cant|p2a: mahnemsjef|par
|
|-heal|p1a: Blissey|86/100|[from] item: Leftovers
|-heal|p2a: mahnemsjef|87/100 par|[from] item: Leftovers
|upkeep
|turn|35
|
|t:|1728587211
|move|p1a: Blissey|Ice Beam|p2a: mahnemsjef
|-damage|p2a: mahnemsjef|70/100 par
|move|p2a: mahnemsjef|Explosion|p1a: Blissey
|-damage|p1a: Blissey|18/100
|faint|p2a: mahnemsjef
|
|t:|1728587216
|switch|p2a: NoOneAtAII|Zapdos|82/100
|
|-heal|p2a: NoOneAtAII|88/100|[from] item: Leftovers
|-heal|p1a: Blissey|24/100|[from] item: Leftovers
|upkeep
|turn|36
|
|t:|1728587220
|switch|p1a: Claydol|Claydol|100/100
|move|p2a: NoOneAtAII|Thunderbolt|p1a: Claydol
|-immune|p1a: Claydol
|
|-heal|p2a: NoOneAtAII|95/100|[from] item: Leftovers
|upkeep
|turn|37
|
|t:|1728587224
|switch|p2a: TheGoatWhisperer61|Celebi|15/100
|-damage|p2a: TheGoatWhisperer61|0 fnt|[from] Spikes
|faint|p2a: TheGoatWhisperer61
|
|t:|1728587225
|switch|p2a: cheekibreekiow|Suicune|76/100 par
|-damage|p2a: cheekibreekiow|51/100 par|[from] Spikes
|
|upkeep
|turn|38
|
|t:|1728587229
|move|p1a: Claydol|Explosion|p2a: cheekibreekiow
|-damage|p2a: cheekibreekiow|0 fnt
|faint|p1a: Claydol
|faint|p2a: cheekibreekiow
|
|t:|1728587233
|switch|p2a: NoOneAtAII|Zapdos|95/100
|switch|p1a: Blissey|Blissey, F|24/100
|
|-heal|p2a: NoOneAtAII|100/100|[from] item: Leftovers
|-heal|p1a: Blissey|30/100|[from] item: Leftovers
|upkeep
|turn|39
|
|t:|1728587236
|move|p2a: NoOneAtAII|Thunderbolt|p1a: Blissey
|-damage|p1a: Blissey|10/100
|move|p1a: Blissey|Soft-Boiled|p1a: Blissey
|-heal|p1a: Blissey|60/100
|
|-heal|p1a: Blissey|66/100|[from] item: Leftovers
|upkeep
|turn|40
|
|t:|1728587239
|move|p2a: NoOneAtAII|Thunderbolt|p1a: Blissey
|-damage|p1a: Blissey|48/100
|move|p1a: Blissey|Thunder Wave|p2a: NoOneAtAII
|-status|p2a: NoOneAtAII|par
|
|-heal|p1a: Blissey|54/100|[from] item: Leftovers
|upkeep
|turn|41
|
|t:|1728587241
|move|p1a: Blissey|Ice Beam|p2a: NoOneAtAII
|-supereffective|p2a: NoOneAtAII
|-damage|p2a: NoOneAtAII|45/100 par
|cant|p2a: NoOneAtAII|par
|
|-heal|p1a: Blissey|60/100|[from] item: Leftovers
|-heal|p2a: NoOneAtAII|51/100 par|[from] item: Leftovers
|upkeep
|turn|42
|
|t:|1728587244
|move|p1a: Blissey|Ice Beam|p2a: NoOneAtAII
|-supereffective|p2a: NoOneAtAII
|-damage|p2a: NoOneAtAII|0 fnt
|faint|p2a: NoOneAtAII
|
|win|Ivoire
|c|☆witgiz|gg

</script>
<script type="application/json" class="data" id="replaydata-smogtours-gen3ou-796970">
{"id":"smogtours-gen3ou-796970","format":"[Gen 3] OU","players":["Ivoire","witgiz"],"uploadtime":1728587244,"views":137,"formatid":"gen3ou","rating":null,"private":1,"password":null}
</script>

<script defer src="js/replays.js?9d40a366"></script>
