<!DOCTYPE html>
<meta charset="utf-8" />
<meta name="viewport" content="width=device-width" />

<title>[Gen 3] OU: pkleech vs. Gonzasaurio 50 - Replays - Pok&eacute;mon Showdown!</title>

<meta name="description" content="Watch a replay of a Pok&eacute;mon battle between pkleech and Gonzasaurio 50! Format: [Gen 3] OU; Date: Oct 15, 2024" />
<!--

Hey, you! Looking in the source for the replay log?

You can find them in JSON format, just add `.json` at the end of a replay URL.

https://replay.pokemonshowdown.com/gen7randomdoublesbattle-865046831.json

Or, if you only need the log itself, add `.log` instead:

https://replay.pokemonshowdown.com/gen7randomdoublesbattle-865046831.log

-->

<link rel="stylesheet" href="//pokemonshowdown.com/style/global.css?0.767286132409787" />
<link rel="stylesheet" href="//play.pokemonshowdown.com/style/font-awesome.css?0.9266228007934947" />
<link rel="stylesheet" href="//play.pokemonshowdown.com/style/battle.css?0.7924700842790926" />
<link rel="stylesheet" href="//play.pokemonshowdown.com/style/utilichart.css?0.8777417872839479" />

<!-- Global site tag (gtag.js) - Google Analytics -->
<script async src="https://www.googletagmanager.com/gtag/js?id=UA-26211653-1"></script>
<script>
  window.dataLayer = window.dataLayer || [];
  function gtag(){dataLayer.push(arguments);}
  gtag('js', new Date());

  gtag('config', 'UA-26211653-1');
</script>
<!-- End Google Analytics -->
<!-- Venatus Ad Manager - Install in <HEAD> of page -->
	<script src="https://hb.vntsm.com/v3/live/ad-manager.min.js" type="text/javascript" data-site-id="642aba63ec9a7b11c3c9c1be" data-mode="scan" async></script>
<!-- / Venatus Ad Manager -->

<style>
	@media (max-width:820px) {
		.battle {
			margin: 0 auto;
		}
		.battle-log {
			margin: 7px auto 0;
			max-width: 640px;
			height: 300px;
			position: static;
		}
	}
	.optgroup {
		display: inline-block;
		line-height: 22px;
		font-size: 10pt;
	}
	.optgroup .button {
		height: 25px;
		padding-top: 0;
		padding-bottom: 0;
	}
	.optgroup button.button {
		padding-left: 12px;
		padding-right: 12px;
	}
	.linklist {
		list-style: none;
		margin: 0.5em 0;
		padding: 0;
	}
	.linklist li {
		padding: 2px 0;
	}
	.sidebar {
		float: left;
		width: 320px;
	}
	.bar-wrapper {
		max-width: 1100px;
		margin: 0 auto;
	}
	.bar-wrapper.has-sidebar {
		max-width: 1430px;
	}
	.mainbar {
		margin: 0;
		padding-right: 1px;
	}
	.mainbar.has-sidebar {
		margin-left: 330px;
	}
	@media (min-width: 1511px) {
		.sidebar {
			width: 400px;
		}
		.bar-wrapper.has-sidebar {
			max-width: 1510px;
		}
		.mainbar.has-sidebar {
			margin-left: 410px;
		}
	}
	.section.first-section {
		margin-top: 9px;
	}
	.blocklink small {
		white-space: normal;
	}
	.button {
		vertical-align: middle;
	}
	.replay-controls {
		padding-top: 10px;
	}
	.replay-controls h1 {
		font-size: 16pt;
		font-weight: normal;
		color: #CCC;
	}
	.pagelink {
		text-align: center;
	}
	.pagelink a {
		width: 150px;
	}
	.textbox, .button {
		font-size: 11pt;
		vertical-align: middle;
	}
	@media (max-width: 450px) {
		.button {
			font-size: 9pt;
		}
	}
</style>

<div>

	<header>
		<div class="nav-wrapper"><ul class="nav">
			<li><a class="button nav-first" href="//pokemonshowdown.com/"><img src="//pokemonshowdown.com/images/pokemonshowdownbeta.png" srcset="//pokemonshowdown.com/images/pokemonshowdownbeta.png 1x, //pokemonshowdown.com/images/pokemonshowdownbeta@2x.png 2x" alt="Pok&eacute;mon Showdown" width="146" height="44" /> Home</a></li>
			<li><a class="button" href="//pokemonshowdown.com/dex/">Pok&eacute;dex</a></li>
			<li><a class="button cur" href="/">Replays</a></li>
			<li><a class="button" href="//pokemonshowdown.com/ladder/">Ladder</a></li>
			<li><a class="button nav-last" href="//pokemonshowdown.com/forums/">Forum</a></li>
			<li><a class="button greenbutton nav-first nav-last" href="//play.pokemonshowdown.com/">Play</a></li>
		</ul></div>
	</header>

	<div class="main" id="main">

		<noscript><section class="section">You need to enable JavaScript to use this page; sorry!</section></noscript>

	</div>

</div>

<script defer nomodule src="//play.pokemonshowdown.com/js/lib/ps-polyfill.js"></script>
<script defer src="//play.pokemonshowdown.com/js/lib/preact.min.js"></script>

<script defer src="//play.pokemonshowdown.com/config/config.js?6dec07f6"></script>
<script defer src="//play.pokemonshowdown.com/js/lib/jquery-1.11.0.min.js"></script>
<script defer src="//play.pokemonshowdown.com/js/lib/html-sanitizer-minified.js"></script>
<script defer src="//play.pokemonshowdown.com/js/battle-sound.js"></script>
<script defer src="//play.pokemonshowdown.com/js/battledata.js?0.6315294753075389"></script>
<script defer src="//play.pokemonshowdown.com/data/pokedex-mini.js?0.7603743185311358"></script>
<script defer src="//play.pokemonshowdown.com/data/pokedex-mini-bw.js?0.030888842834281283"></script>
<script defer src="//play.pokemonshowdown.com/data/graphics.js?0.05593094747507488"></script>
<script defer src="//play.pokemonshowdown.com/data/pokedex.js?0.47064822249611904"></script>
<script defer src="//play.pokemonshowdown.com/data/moves.js?0.8583693120512459"></script>
<script defer src="//play.pokemonshowdown.com/data/abilities.js?0.16017181182386842"></script>
<script defer src="//play.pokemonshowdown.com/data/items.js?0.4163379185673943"></script>
<script defer src="//play.pokemonshowdown.com/data/teambuilder-tables.js?0.31075597372830477"></script>
<script defer src="//play.pokemonshowdown.com/js/battle-tooltips.js?0.6536193500708172"></script>
<script defer src="//play.pokemonshowdown.com/js/battle.js?0.1916591943277901"></script>

<script defer src="js/utils.js?e31f9a17"></script>
<script defer src="js/replays-battle.js?7008c182"></script>

<!-- don't scrape this data! just add .json or .log after the URL!
Full API docs: https://github.com/smogon/pokemon-showdown-client/blob/master/WEB-API.md -->
<script type="text/plain" class="log" id="replaylog-smogtours-gen3ou-799033">
|inactive|Battle timer is ON: inactive players will automatically lose when time's up.
|t:|1729025333
|gametype|singles
|player|p1|pkleech|pokemonbreeder-gen4|
|player|p2|Gonzasaurio 50|102|
|teamsize|p1|6
|teamsize|p2|6
|gen|3
|tier|[Gen 3] OU
|rule|Sleep Clause Mod: Limit one foe put to sleep
|rule|Switch Priority Clause Mod: Faster Pokémon switch first
|rule|Species Clause: Limit one of each Pokémon
|rule|OHKO Clause: OHKO moves are banned
|rule|Evasion Items Clause: Evasion items are banned
|rule|Evasion Moves Clause: Evasion moves are banned
|rule|Endless Battle Clause: Forcing endless battles is banned
|rule|HP Percentage Mod: HP is shown in percentages
|rule|One Boost Passer Clause: Limit one Baton Passer that has a way to boost its stats
|rule|Freeze Clause Mod: Limit one foe frozen
|
|t:|1729025333
|start
|switch|p1a: Tyranitar|Tyranitar, F|100/100
|switch|p2a: Swimming Pools|Swampert, F|100/100
|-weather|Sandstorm|[from] ability: Sand Stream|[of] p1a: Tyranitar
|turn|1
|
|t:|1729025359
|switch|p1a: Forretress|Forretress, M|100/100
|move|p2a: Swimming Pools|Earthquake|p1a: Forretress
|-damage|p1a: Forretress|74/100
|
|-weather|Sandstorm|[upkeep]
|-heal|p1a: Forretress|80/100|[from] item: Leftovers
|upkeep
|turn|2
|
|t:|1729025365
|switch|p2a: Poetic Justice|Charizard, M|100/100
|move|p1a: Forretress|Spikes|p2a: Poetic Justice
|-sidestart|p2: Gonzasaurio 50|Spikes
|
|-weather|Sandstorm|[upkeep]
|-damage|p2a: Poetic Justice|94/100|[from] Sandstorm
|-heal|p2a: Poetic Justice|100/100|[from] item: Leftovers
|-heal|p1a: Forretress|86/100|[from] item: Leftovers
|upkeep
|turn|3
|
|t:|1729025370
|switch|p1a: Milotic|Milotic, M|100/100
|move|p2a: Poetic Justice|Substitute|p2a: Poetic Justice
|-start|p2a: Poetic Justice|Substitute
|-damage|p2a: Poetic Justice|76/100
|
|-weather|Sandstorm|[upkeep]
|-damage|p2a: Poetic Justice|70/100|[from] Sandstorm
|-damage|p1a: Milotic|94/100|[from] Sandstorm
|-heal|p2a: Poetic Justice|76/100|[from] item: Leftovers
|-heal|p1a: Milotic|100/100|[from] item: Leftovers
|upkeep
|turn|4
|
|t:|1729025374
|move|p2a: Poetic Justice|Hidden Power|p1a: Milotic
|-supereffective|p1a: Milotic
|-damage|p1a: Milotic|65/100
|move|p1a: Milotic|Surf|p2a: Poetic Justice
|-supereffective|p2a: Poetic Justice
|-end|p2a: Poetic Justice|Substitute
|
|-weather|Sandstorm|[upkeep]
|-damage|p2a: Poetic Justice|70/100|[from] Sandstorm
|-damage|p1a: Milotic|59/100|[from] Sandstorm
|-heal|p2a: Poetic Justice|76/100|[from] item: Leftovers
|-heal|p1a: Milotic|65/100|[from] item: Leftovers
|upkeep
|turn|5
|
|t:|1729025382
|switch|p2a: good kid|Blissey, F|100/100
|-damage|p2a: good kid|88/100|[from] Spikes
|move|p1a: Milotic|Recover|p1a: Milotic
|-heal|p1a: Milotic|100/100
|
|-weather|Sandstorm|[upkeep]
|-damage|p1a: Milotic|94/100|[from] Sandstorm
|-damage|p2a: good kid|82/100|[from] Sandstorm
|-heal|p1a: Milotic|100/100|[from] item: Leftovers
|-heal|p2a: good kid|88/100|[from] item: Leftovers
|upkeep
|turn|6
|
|t:|1729025406
|move|p1a: Milotic|Toxic|p2a: good kid
|-status|p2a: good kid|tox
|move|p2a: good kid|Ice Beam|p1a: Milotic
|-resisted|p1a: Milotic
|-damage|p1a: Milotic|91/100
|
|-weather|Sandstorm|[upkeep]
|-damage|p1a: Milotic|85/100|[from] Sandstorm
|-damage|p2a: good kid|82/100 tox|[from] Sandstorm
|-heal|p1a: Milotic|91/100|[from] item: Leftovers
|-heal|p2a: good kid|88/100 tox|[from] item: Leftovers
|-damage|p2a: good kid|82/100 tox|[from] psn
|upkeep
|turn|7
|
|t:|1729025425
|switch|p1a: Tyranitar|Tyranitar, F|100/100
|-curestatus|p2a: good kid|tox|[from] ability: Natural Cure
|switch|p2a: Toni es gay|Skarmory, F|100/100
|
|-weather|Sandstorm|[upkeep]
|upkeep
|turn|8
|
|t:|1729025434
|move|p1a: Tyranitar|Fire Blast|p2a: Toni es gay|[miss]
|-miss|p1a: Tyranitar|p2a: Toni es gay
|move|p2a: Toni es gay|Roar|p1a: Tyranitar
|drag|p1a: Forretress|Forretress, M|86/100
|
|-weather|Sandstorm|[upkeep]
|-heal|p1a: Forretress|92/100|[from] item: Leftovers
|upkeep
|turn|9
|
|t:|1729025448
|switch|p2a: m.A.A.d city|Gengar, F|100/100
|move|p1a: Forretress|Spikes|p2a: m.A.A.d city
|-sidestart|p2: Gonzasaurio 50|Spikes
|
|-weather|Sandstorm|[upkeep]
|-damage|p2a: m.A.A.d city|95/100|[from] Sandstorm
|-heal|p2a: m.A.A.d city|100/100|[from] item: Leftovers
|-heal|p1a: Forretress|99/100|[from] item: Leftovers
|upkeep
|turn|10
|
|t:|1729025463
|switch|p1a: Tyranitar|Tyranitar, F|100/100
|move|p2a: m.A.A.d city|Will-O-Wisp|p1a: Tyranitar|[miss]
|-miss|p2a: m.A.A.d city|p1a: Tyranitar
|
|-weather|Sandstorm|[upkeep]
|-damage|p2a: m.A.A.d city|95/100|[from] Sandstorm
|-heal|p2a: m.A.A.d city|100/100|[from] item: Leftovers
|upkeep
|turn|11
|
|t:|1729025467
|move|p2a: m.A.A.d city|Will-O-Wisp|p1a: Tyranitar|[miss]
|-miss|p2a: m.A.A.d city|p1a: Tyranitar
|move|p1a: Tyranitar|Pursuit|p2a: m.A.A.d city
|-supereffective|p2a: m.A.A.d city
|-damage|p2a: m.A.A.d city|55/100
|
|-weather|Sandstorm|[upkeep]
|-damage|p2a: m.A.A.d city|49/100|[from] Sandstorm
|-heal|p2a: m.A.A.d city|55/100|[from] item: Leftovers
|upkeep
|turn|12
|
|t:|1729025470
|move|p2a: m.A.A.d city|Will-O-Wisp|p1a: Tyranitar
|-status|p1a: Tyranitar|brn
|move|p1a: Tyranitar|Pursuit|p2a: m.A.A.d city
|-supereffective|p2a: m.A.A.d city
|-damage|p2a: m.A.A.d city|10/100
|
|-weather|Sandstorm|[upkeep]
|-damage|p2a: m.A.A.d city|4/100|[from] Sandstorm
|-heal|p2a: m.A.A.d city|10/100|[from] item: Leftovers
|-damage|p1a: Tyranitar|88/100 brn|[from] brn
|upkeep
|turn|13
|
|t:|1729025474
|move|p2a: m.A.A.d city|Thunderbolt|p1a: Tyranitar
|-damage|p1a: Tyranitar|67/100 brn
|move|p1a: Tyranitar|Pursuit|p2a: m.A.A.d city
|-supereffective|p2a: m.A.A.d city
|-damage|p2a: m.A.A.d city|0 fnt
|faint|p2a: m.A.A.d city
|
|t:|1729025478
|switch|p2a: Swimming Pools|Swampert, F|100/100
|-damage|p2a: Swimming Pools|84/100|[from] Spikes
|
|-weather|Sandstorm|[upkeep]
|-heal|p1a: Tyranitar|73/100 brn|[from] item: Leftovers
|-damage|p1a: Tyranitar|61/100 brn|[from] brn
|-heal|p2a: Swimming Pools|90/100|[from] item: Leftovers
|upkeep
|turn|14
|
|t:|1729025502
|switch|p1a: Forretress|Forretress, M|99/100
|move|p2a: Swimming Pools|Hydro Pump|p1a: Forretress
|-damage|p1a: Forretress|60/100
|
|-weather|Sandstorm|[upkeep]
|-heal|p2a: Swimming Pools|97/100|[from] item: Leftovers
|-heal|p1a: Forretress|66/100|[from] item: Leftovers
|upkeep
|turn|15
|
|t:|1729025511
|move|p2a: Swimming Pools|Hydro Pump|p1a: Forretress
|-damage|p1a: Forretress|29/100
|move|p1a: Forretress|Spikes|p2a: Swimming Pools
|-sidestart|p2: Gonzasaurio 50|Spikes
|
|-weather|Sandstorm|[upkeep]
|-heal|p2a: Swimming Pools|100/100|[from] item: Leftovers
|-heal|p1a: Forretress|36/100|[from] item: Leftovers
|upkeep
|turn|16
|
|t:|1729025525
|switch|p1a: Jirachi|Jirachi|100/100
|move|p2a: Swimming Pools|Hydro Pump|p1a: Jirachi
|-damage|p1a: Jirachi|77/100
|
|-weather|Sandstorm|[upkeep]
|-heal|p1a: Jirachi|84/100|[from] item: Leftovers
|upkeep
|turn|17
|inactive|pkleech has 270 seconds left.
|
|t:|1729025560
|switch|p1a: Milotic|Milotic, M|91/100
|switch|p2a: good kid|Blissey, F|82/100
|-damage|p2a: good kid|57/100|[from] Spikes
|
|-weather|Sandstorm|[upkeep]
|-damage|p1a: Milotic|85/100|[from] Sandstorm
|-damage|p2a: good kid|51/100|[from] Sandstorm
|-heal|p1a: Milotic|91/100|[from] item: Leftovers
|-heal|p2a: good kid|57/100|[from] item: Leftovers
|upkeep
|turn|18
|inactive|pkleech has 240 seconds left.
|
|t:|1729025595
|switch|p1a: Jirachi|Jirachi|84/100
|move|p2a: good kid|Soft-Boiled|p2a: good kid
|-heal|p2a: good kid|100/100
|
|-weather|Sandstorm|[upkeep]
|-damage|p2a: good kid|94/100|[from] Sandstorm
|-heal|p1a: Jirachi|90/100|[from] item: Leftovers
|-heal|p2a: good kid|100/100|[from] item: Leftovers
|upkeep
|turn|19
|
|t:|1729025600
|move|p1a: Jirachi|Toxic|p2a: good kid|[miss]
|-miss|p1a: Jirachi|p2a: good kid
|move|p2a: good kid|Fire Blast|p1a: Jirachi
|-supereffective|p1a: Jirachi
|-damage|p1a: Jirachi|52/100
|
|-weather|Sandstorm|[upkeep]
|-damage|p2a: good kid|94/100|[from] Sandstorm
|-heal|p1a: Jirachi|58/100|[from] item: Leftovers
|-heal|p2a: good kid|100/100|[from] item: Leftovers
|upkeep
|turn|20
|inactive|pkleech has 240 seconds left.
|inactive|pkleech has 210 seconds left.
|
|t:|1729025648
|switch|p1a: Milotic|Milotic, M|91/100
|switch|p2a: Toni es gay|Skarmory, F|100/100
|
|-weather|Sandstorm|[upkeep]
|-damage|p1a: Milotic|85/100|[from] Sandstorm
|-heal|p1a: Milotic|91/100|[from] item: Leftovers
|upkeep
|turn|21
|inactive|pkleech has 210 seconds left.
|
|t:|1729025685
|move|p1a: Milotic|Surf|p2a: Toni es gay
|-damage|p2a: Toni es gay|69/100
|move|p2a: Toni es gay|Spikes|p1a: Milotic
|-sidestart|p1: pkleech|Spikes
|
|-weather|Sandstorm|[upkeep]
|-damage|p1a: Milotic|85/100|[from] Sandstorm
|-heal|p1a: Milotic|91/100|[from] item: Leftovers
|-heal|p2a: Toni es gay|75/100|[from] item: Leftovers
|upkeep
|turn|22
|
|t:|1729025688
|move|p1a: Milotic|Surf|p2a: Toni es gay
|-damage|p2a: Toni es gay|47/100
|move|p2a: Toni es gay|Toxic|p1a: Milotic
|-status|p1a: Milotic|tox
|
|-weather|Sandstorm|[upkeep]
|-damage|p1a: Milotic|85/100 tox|[from] Sandstorm
|-heal|p1a: Milotic|91/100 tox|[from] item: Leftovers
|-damage|p1a: Milotic|85/100 tox|[from] psn
|-heal|p2a: Toni es gay|53/100|[from] item: Leftovers
|upkeep
|turn|23
|
|t:|1729025694
|move|p2a: Toni es gay|Protect|p2a: Toni es gay
|-singleturn|p2a: Toni es gay|Protect
|move|p1a: Milotic|Refresh|p1a: Milotic
|-curestatus|p1a: Milotic|tox|[msg]
|
|-weather|Sandstorm|[upkeep]
|-damage|p1a: Milotic|79/100|[from] Sandstorm
|-heal|p1a: Milotic|85/100|[from] item: Leftovers
|-heal|p2a: Toni es gay|59/100|[from] item: Leftovers
|upkeep
|turn|24
|
|t:|1729025709
|switch|p2a: good kid|Blissey, F|100/100
|-damage|p2a: good kid|76/100|[from] Spikes
|move|p1a: Milotic|Surf|p2a: good kid
|-damage|p2a: good kid|63/100
|
|-weather|Sandstorm|[upkeep]
|-damage|p1a: Milotic|79/100|[from] Sandstorm
|-damage|p2a: good kid|57/100|[from] Sandstorm
|-heal|p1a: Milotic|85/100|[from] item: Leftovers
|-heal|p2a: good kid|63/100|[from] item: Leftovers
|upkeep
|turn|25
|
|t:|1729025715
|move|p1a: Milotic|Toxic|p2a: good kid|[miss]
|-miss|p1a: Milotic|p2a: good kid
|move|p2a: good kid|Ice Beam|p1a: Milotic
|-resisted|p1a: Milotic
|-damage|p1a: Milotic|75/100
|
|-weather|Sandstorm|[upkeep]
|-damage|p1a: Milotic|69/100|[from] Sandstorm
|-damage|p2a: good kid|57/100|[from] Sandstorm
|-heal|p1a: Milotic|75/100|[from] item: Leftovers
|-heal|p2a: good kid|63/100|[from] item: Leftovers
|upkeep
|turn|26
|
|t:|1729025719
|move|p1a: Milotic|Toxic|p2a: good kid
|-status|p2a: good kid|tox
|move|p2a: good kid|Ice Beam|p1a: Milotic
|-resisted|p1a: Milotic
|-damage|p1a: Milotic|66/100
|
|-weather|Sandstorm|[upkeep]
|-damage|p1a: Milotic|60/100|[from] Sandstorm
|-damage|p2a: good kid|57/100 tox|[from] Sandstorm
|-heal|p1a: Milotic|66/100|[from] item: Leftovers
|-heal|p2a: good kid|63/100 tox|[from] item: Leftovers
|-damage|p2a: good kid|57/100 tox|[from] psn
|upkeep
|turn|27
|
|t:|1729025727
|move|p1a: Milotic|Recover|p1a: Milotic
|-heal|p1a: Milotic|100/100
|move|p2a: good kid|Soft-Boiled|p2a: good kid
|-heal|p2a: good kid|100/100 tox
|
|-weather|Sandstorm|[upkeep]
|-damage|p1a: Milotic|94/100|[from] Sandstorm
|-damage|p2a: good kid|94/100 tox|[from] Sandstorm
|-heal|p1a: Milotic|100/100|[from] item: Leftovers
|-heal|p2a: good kid|100/100 tox|[from] item: Leftovers
|-damage|p2a: good kid|88/100 tox|[from] psn
|upkeep
|turn|28
|
|t:|1729025739
|-curestatus|p2a: good kid|tox|[from] ability: Natural Cure
|switch|p2a: Toni es gay|Skarmory, F|59/100
|move|p1a: Milotic|Surf|p2a: Toni es gay
|-crit|p2a: Toni es gay
|-damage|p2a: Toni es gay|1/100
|
|-weather|Sandstorm|[upkeep]
|-damage|p1a: Milotic|94/100|[from] Sandstorm
|-heal|p1a: Milotic|100/100|[from] item: Leftovers
|-heal|p2a: Toni es gay|7/100|[from] item: Leftovers
|upkeep
|turn|29
|
|t:|1729025745
|move|p2a: Toni es gay|Protect|p2a: Toni es gay
|-singleturn|p2a: Toni es gay|Protect
|move|p1a: Milotic|Surf|p2a: Toni es gay
|-activate|p2a: Toni es gay|Protect
|
|-weather|Sandstorm|[upkeep]
|-damage|p1a: Milotic|94/100|[from] Sandstorm
|-heal|p1a: Milotic|100/100|[from] item: Leftovers
|-heal|p2a: Toni es gay|13/100|[from] item: Leftovers
|upkeep
|turn|30
|
|t:|1729025749
|switch|p2a: good kid|Blissey, F|88/100
|-damage|p2a: good kid|63/100|[from] Spikes
|move|p1a: Milotic|Surf|p2a: good kid
|-damage|p2a: good kid|49/100
|
|-weather|Sandstorm|[upkeep]
|-damage|p1a: Milotic|94/100|[from] Sandstorm
|-damage|p2a: good kid|43/100|[from] Sandstorm
|-heal|p1a: Milotic|100/100|[from] item: Leftovers
|-heal|p2a: good kid|49/100|[from] item: Leftovers
|upkeep
|turn|31
|inactive|pkleech has 240 seconds left.
|
|t:|1729025755
|move|p1a: Milotic|Toxic|p2a: good kid
|-status|p2a: good kid|tox
|move|p2a: good kid|Soft-Boiled|p2a: good kid
|-heal|p2a: good kid|99/100 tox
|
|-weather|Sandstorm|[upkeep]
|-damage|p1a: Milotic|94/100|[from] Sandstorm
|-damage|p2a: good kid|93/100 tox|[from] Sandstorm
|-heal|p1a: Milotic|100/100|[from] item: Leftovers
|-heal|p2a: good kid|99/100 tox|[from] item: Leftovers
|-damage|p2a: good kid|93/100 tox|[from] psn
|upkeep
|turn|32
|inactive|pkleech has 240 seconds left.
|
|t:|1729025789
|move|p1a: Milotic|Surf|p2a: good kid
|-damage|p2a: good kid|79/100 tox
|move|p2a: good kid|Ice Beam|p1a: Milotic
|-resisted|p1a: Milotic
|-damage|p1a: Milotic|91/100
|
|-weather|Sandstorm|[upkeep]
|-damage|p1a: Milotic|85/100|[from] Sandstorm
|-damage|p2a: good kid|73/100 tox|[from] Sandstorm
|-heal|p1a: Milotic|91/100|[from] item: Leftovers
|-heal|p2a: good kid|79/100 tox|[from] item: Leftovers
|-damage|p2a: good kid|67/100 tox|[from] psn
|upkeep
|turn|33
|inactive|pkleech has 210 seconds left.
|
|t:|1729025823
|move|p1a: Milotic|Surf|p2a: good kid
|-damage|p2a: good kid|54/100 tox
|move|p2a: good kid|Ice Beam|p1a: Milotic
|-resisted|p1a: Milotic
|-damage|p1a: Milotic|82/100
|
|-weather|Sandstorm|[upkeep]
|-damage|p1a: Milotic|76/100|[from] Sandstorm
|-damage|p2a: good kid|48/100 tox|[from] Sandstorm
|-heal|p1a: Milotic|82/100|[from] item: Leftovers
|-heal|p2a: good kid|54/100 tox|[from] item: Leftovers
|-damage|p2a: good kid|36/100 tox|[from] psn
|upkeep
|turn|34
|inactive|pkleech has 180 seconds left.
|
|t:|1729025869
|switch|p1a: Salamence|Salamence, M|100/100
|-ability|p1a: Salamence|Intimidate|boost
|-unboost|p2a: good kid|atk|1
|move|p2a: good kid|Soft-Boiled|p2a: good kid
|-heal|p2a: good kid|85/100 tox
|
|-weather|Sandstorm|[upkeep]
|-damage|p1a: Salamence|94/100|[from] Sandstorm
|-damage|p2a: good kid|79/100 tox|[from] Sandstorm
|-heal|p1a: Salamence|100/100|[from] item: Leftovers
|-heal|p2a: good kid|85/100 tox|[from] item: Leftovers
|-damage|p2a: good kid|61/100 tox|[from] psn
|upkeep
|turn|35
|
|t:|1729025889
|-curestatus|p2a: good kid|tox|[from] ability: Natural Cure
|switch|p2a: Swimming Pools|Swampert, F|100/100
|-damage|p2a: Swimming Pools|76/100|[from] Spikes
|move|p1a: Salamence|Brick Break|p2a: Swimming Pools
|-damage|p2a: Swimming Pools|58/100
|
|-weather|Sandstorm|[upkeep]
|-damage|p1a: Salamence|94/100|[from] Sandstorm
|-heal|p1a: Salamence|100/100|[from] item: Leftovers
|-heal|p2a: Swimming Pools|65/100|[from] item: Leftovers
|upkeep
|turn|36
|
|t:|1729025895
|move|p2a: Swimming Pools|Protect|p2a: Swimming Pools
|-singleturn|p2a: Swimming Pools|Protect
|move|p1a: Salamence|Hidden Power|p2a: Swimming Pools
|-activate|p2a: Swimming Pools|Protect
|
|-weather|Sandstorm|[upkeep]
|-damage|p1a: Salamence|94/100|[from] Sandstorm
|-heal|p1a: Salamence|100/100|[from] item: Leftovers
|-heal|p2a: Swimming Pools|71/100|[from] item: Leftovers
|upkeep
|turn|37
|
|t:|1729025908
|switch|p2a: Toni es gay|Skarmory, F|13/100
|move|p1a: Salamence|Hidden Power|p2a: Toni es gay
|-resisted|p2a: Toni es gay
|-damage|p2a: Toni es gay|7/100
|
|-weather|Sandstorm|[upkeep]
|-damage|p1a: Salamence|94/100|[from] Sandstorm
|-heal|p1a: Salamence|100/100|[from] item: Leftovers
|-heal|p2a: Toni es gay|13/100|[from] item: Leftovers
|upkeep
|turn|38
|
|t:|1729025914
|move|p2a: Toni es gay|Protect|p2a: Toni es gay
|-singleturn|p2a: Toni es gay|Protect
|move|p1a: Salamence|Dragon Claw|p2a: Toni es gay
|-activate|p2a: Toni es gay|Protect
|
|-weather|Sandstorm|[upkeep]
|-damage|p1a: Salamence|94/100|[from] Sandstorm
|-heal|p1a: Salamence|100/100|[from] item: Leftovers
|-heal|p2a: Toni es gay|19/100|[from] item: Leftovers
|upkeep
|turn|39
|inactive|pkleech has 150 seconds left.
|inactive|pkleech has 120 seconds left.
|
|t:|1729025993
|move|p1a: Salamence|Fire Blast|p2a: Toni es gay|[miss]
|-miss|p1a: Salamence|p2a: Toni es gay
|move|p2a: Toni es gay|Toxic|p1a: Salamence
|-status|p1a: Salamence|tox
|
|-weather|Sandstorm|[upkeep]
|-damage|p1a: Salamence|94/100 tox|[from] Sandstorm
|-heal|p1a: Salamence|100/100 tox|[from] item: Leftovers
|-damage|p1a: Salamence|94/100 tox|[from] psn
|-heal|p2a: Toni es gay|25/100|[from] item: Leftovers
|upkeep
|turn|40
|
|t:|1729026003
|move|p2a: Toni es gay|Protect|p2a: Toni es gay
|-singleturn|p2a: Toni es gay|Protect
|move|p1a: Salamence|Fire Blast|p2a: Toni es gay|[miss]
|-miss|p1a: Salamence|p2a: Toni es gay
|
|-weather|Sandstorm|[upkeep]
|-damage|p1a: Salamence|88/100 tox|[from] Sandstorm
|-heal|p1a: Salamence|94/100 tox|[from] item: Leftovers
|-damage|p1a: Salamence|82/100 tox|[from] psn
|-heal|p2a: Toni es gay|31/100|[from] item: Leftovers
|upkeep
|turn|41
|
|t:|1729026008
|switch|p2a: King Kunta|Tyranitar, F|100/100
|-damage|p2a: King Kunta|76/100|[from] Spikes
|move|p1a: Salamence|Fire Blast|p2a: King Kunta
|-resisted|p2a: King Kunta
|-damage|p2a: King Kunta|61/100
|
|-weather|Sandstorm|[upkeep]
|-damage|p1a: Salamence|76/100 tox|[from] Sandstorm
|-heal|p1a: Salamence|82/100 tox|[from] item: Leftovers
|-damage|p1a: Salamence|64/100 tox|[from] psn
|-heal|p2a: King Kunta|67/100|[from] item: Leftovers
|upkeep
|turn|42
|
|t:|1729026014
|switch|p2a: Toni es gay|Skarmory, F|31/100
|move|p1a: Salamence|Dragon Claw|p2a: Toni es gay
|-resisted|p2a: Toni es gay
|-damage|p2a: Toni es gay|13/100
|
|-weather|Sandstorm|[upkeep]
|-damage|p1a: Salamence|58/100 tox|[from] Sandstorm
|-heal|p1a: Salamence|64/100 tox|[from] item: Leftovers
|-damage|p1a: Salamence|40/100 tox|[from] psn
|-heal|p2a: Toni es gay|19/100|[from] item: Leftovers
|upkeep
|turn|43
|inactive|pkleech has 120 seconds left.
|
|t:|1729026054
|move|p1a: Salamence|Fire Blast|p2a: Toni es gay|[miss]
|-miss|p1a: Salamence|p2a: Toni es gay
|move|p2a: Toni es gay|Roar|p1a: Salamence
|drag|p1a: Jirachi|Jirachi|58/100
|-damage|p1a: Jirachi|46/100|[from] Spikes
|
|-weather|Sandstorm|[upkeep]
|-heal|p1a: Jirachi|52/100|[from] item: Leftovers
|-heal|p2a: Toni es gay|25/100|[from] item: Leftovers
|upkeep
|turn|44
|
|t:|1729026062
|switch|p2a: Poetic Justice|Charizard, M|76/100
|move|p1a: Jirachi|Fire Punch|p2a: Poetic Justice
|-resisted|p2a: Poetic Justice
|-damage|p2a: Poetic Justice|64/100
|
|-weather|Sandstorm|[upkeep]
|-damage|p2a: Poetic Justice|58/100|[from] Sandstorm
|-heal|p2a: Poetic Justice|64/100|[from] item: Leftovers
|-heal|p1a: Jirachi|58/100|[from] item: Leftovers
|upkeep
|turn|45
|
|t:|1729026080
|switch|p1a: Salamence|Salamence, M|40/100 tox
|-ability|p1a: Salamence|Intimidate|boost
|-unboost|p2a: Poetic Justice|atk|1
|move|p2a: Poetic Justice|Hidden Power|p1a: Salamence
|-resisted|p1a: Salamence
|-damage|p1a: Salamence|31/100 tox
|
|-weather|Sandstorm|[upkeep]
|-damage|p1a: Salamence|25/100 tox|[from] Sandstorm
|-damage|p2a: Poetic Justice|58/100|[from] Sandstorm
|-heal|p1a: Salamence|31/100 tox|[from] item: Leftovers
|-damage|p1a: Salamence|25/100 tox|[from] psn
|-heal|p2a: Poetic Justice|64/100|[from] item: Leftovers
|upkeep
|turn|46
|
|t:|1729026089
|switch|p2a: Toni es gay|Skarmory, F|25/100
|move|p1a: Salamence|Dragon Claw|p2a: Toni es gay
|-resisted|p2a: Toni es gay
|-damage|p2a: Toni es gay|6/100
|
|-weather|Sandstorm|[upkeep]
|-damage|p1a: Salamence|19/100 tox|[from] Sandstorm
|-heal|p1a: Salamence|25/100 tox|[from] item: Leftovers
|-damage|p1a: Salamence|13/100 tox|[from] psn
|-heal|p2a: Toni es gay|12/100|[from] item: Leftovers
|upkeep
|turn|47
|
|t:|1729026108
|switch|p1a: Jirachi|Jirachi|58/100
|-damage|p1a: Jirachi|46/100|[from] Spikes
|move|p2a: Toni es gay|Protect||[still]
|-fail|p2a: Toni es gay
|
|-weather|Sandstorm|[upkeep]
|-heal|p1a: Jirachi|52/100|[from] item: Leftovers
|-heal|p2a: Toni es gay|18/100|[from] item: Leftovers
|upkeep
|turn|48
|
|t:|1729026122
|move|p1a: Jirachi|Wish|p1a: Jirachi
|move|p2a: Toni es gay|Roar|p1a: Jirachi
|drag|p1a: Salamence|Salamence, M|13/100 tox
|-ability|p1a: Salamence|Intimidate|boost
|-unboost|p2a: Toni es gay|atk|1
|
|-weather|Sandstorm|[upkeep]
|-damage|p1a: Salamence|7/100 tox|[from] Sandstorm
|-heal|p1a: Salamence|13/100 tox|[from] item: Leftovers
|-damage|p1a: Salamence|7/100 tox|[from] psn
|-heal|p2a: Toni es gay|24/100|[from] item: Leftovers
|upkeep
|turn|49
|
|t:|1729026135
|move|p1a: Salamence|Brick Break|p2a: Toni es gay
|-damage|p2a: Toni es gay|7/100
|move|p2a: Toni es gay|Roar|p1a: Salamence
|drag|p1a: Jirachi|Jirachi|52/100
|-damage|p1a: Jirachi|39/100|[from] Spikes
|
|-heal|p1a: Jirachi|89/100|[from] move: Wish|[wisher] Jirachi
|-weather|Sandstorm|[upkeep]
|-heal|p1a: Jirachi|96/100|[from] item: Leftovers
|-heal|p2a: Toni es gay|13/100|[from] item: Leftovers
|upkeep
|turn|50
|
|t:|1729026147
|switch|p2a: Poetic Justice|Charizard, M|64/100
|move|p1a: Jirachi|Wish|p1a: Jirachi
|
|-weather|Sandstorm|[upkeep]
|-damage|p2a: Poetic Justice|58/100|[from] Sandstorm
|-heal|p2a: Poetic Justice|64/100|[from] item: Leftovers
|-heal|p1a: Jirachi|100/100|[from] item: Leftovers
|upkeep
|turn|51
|inactive|pkleech has 90 seconds left.
|
|t:|1729026183
|switch|p1a: Milotic|Milotic, M|82/100
|-damage|p1a: Milotic|70/100|[from] Spikes
|move|p2a: Poetic Justice|Hidden Power|p1a: Milotic
|-supereffective|p1a: Milotic
|-damage|p1a: Milotic|33/100
|
|-heal|p1a: Milotic|83/100|[from] move: Wish|[wisher] Jirachi
|-weather|Sandstorm|[upkeep]
|-damage|p2a: Poetic Justice|58/100|[from] Sandstorm
|-damage|p1a: Milotic|77/100|[from] Sandstorm
|-heal|p2a: Poetic Justice|64/100|[from] item: Leftovers
|-heal|p1a: Milotic|83/100|[from] item: Leftovers
|upkeep
|turn|52
|
|t:|1729026209
|switch|p2a: good kid|Blissey, F|61/100
|-damage|p2a: good kid|36/100|[from] Spikes
|switch|p1a: Salamence|Salamence, M|7/100 tox
|-ability|p1a: Salamence|Intimidate|boost
|-unboost|p2a: good kid|atk|1
|
|-weather|Sandstorm|[upkeep]
|-damage|p1a: Salamence|1/100 tox|[from] Sandstorm
|-damage|p2a: good kid|30/100|[from] Sandstorm
|-heal|p1a: Salamence|7/100 tox|[from] item: Leftovers
|-damage|p1a: Salamence|1/100 tox|[from] psn
|-heal|p2a: good kid|36/100|[from] item: Leftovers
|upkeep
|turn|53
|
|t:|1729026221
|switch|p2a: Swimming Pools|Swampert, F|71/100
|-damage|p2a: Swimming Pools|46/100|[from] Spikes
|move|p1a: Salamence|Brick Break|p2a: Swimming Pools
|-damage|p2a: Swimming Pools|29/100
|
|-weather|Sandstorm|[upkeep]
|-damage|p1a: Salamence|0 fnt|[from] Sandstorm
|faint|p1a: Salamence
|-heal|p2a: Swimming Pools|35/100|[from] item: Leftovers
|upkeep
|
|t:|1729026238
|switch|p1a: Tyranitar|Tyranitar, F|61/100 brn
|-damage|p1a: Tyranitar|48/100 brn|[from] Spikes
|turn|54
|
|t:|1729026242
|move|p1a: Tyranitar|Crunch|p2a: Swimming Pools
|-damage|p2a: Swimming Pools|5/100
|move|p2a: Swimming Pools|Earthquake|p1a: Tyranitar
|-supereffective|p1a: Tyranitar
|-damage|p1a: Tyranitar|0 fnt
|faint|p1a: Tyranitar
|
|t:|1729026254
|switch|p1a: Milotic|Milotic, M|83/100
|-damage|p1a: Milotic|71/100|[from] Spikes
|
|-weather|Sandstorm|[upkeep]
|-damage|p1a: Milotic|65/100|[from] Sandstorm
|-heal|p1a: Milotic|71/100|[from] item: Leftovers
|-heal|p2a: Swimming Pools|11/100|[from] item: Leftovers
|upkeep
|turn|55
|
|t:|1729026261
|move|p1a: Milotic|Recover|p1a: Milotic
|-heal|p1a: Milotic|100/100
|move|p2a: Swimming Pools|Earthquake|p1a: Milotic
|-damage|p1a: Milotic|72/100
|
|-weather|Sandstorm|[upkeep]
|-damage|p1a: Milotic|66/100|[from] Sandstorm
|-heal|p1a: Milotic|72/100|[from] item: Leftovers
|-heal|p2a: Swimming Pools|18/100|[from] item: Leftovers
|upkeep
|turn|56
|
|t:|1729026263
|move|p1a: Milotic|Surf|p2a: Swimming Pools
|-damage|p2a: Swimming Pools|0 fnt
|faint|p2a: Swimming Pools
|
|t:|1729026266
|switch|p2a: good kid|Blissey, F|36/100
|-damage|p2a: good kid|11/100|[from] Spikes
|
|-weather|Sandstorm|[upkeep]
|-damage|p1a: Milotic|66/100|[from] Sandstorm
|-damage|p2a: good kid|5/100|[from] Sandstorm
|-heal|p1a: Milotic|72/100|[from] item: Leftovers
|-heal|p2a: good kid|11/100|[from] item: Leftovers
|upkeep
|turn|57
|
|t:|1729026269
|move|p1a: Milotic|Surf|p2a: good kid
|-damage|p2a: good kid|0 fnt
|faint|p2a: good kid
|
|t:|1729026272
|switch|p2a: Toni es gay|Skarmory, F|13/100
|
|-weather|Sandstorm|[upkeep]
|-damage|p1a: Milotic|66/100|[from] Sandstorm
|-heal|p1a: Milotic|72/100|[from] item: Leftovers
|-heal|p2a: Toni es gay|19/100|[from] item: Leftovers
|upkeep
|turn|58
|inactive|pkleech has 90 seconds left.
|
|t:|1729026321
|move|p1a: Milotic|Recover|p1a: Milotic
|-heal|p1a: Milotic|100/100
|move|p2a: Toni es gay|Toxic|p1a: Milotic
|-status|p1a: Milotic|tox
|
|-weather|Sandstorm|[upkeep]
|-damage|p1a: Milotic|94/100 tox|[from] Sandstorm
|-heal|p1a: Milotic|100/100 tox|[from] item: Leftovers
|-damage|p1a: Milotic|94/100 tox|[from] psn
|-heal|p2a: Toni es gay|25/100|[from] item: Leftovers
|upkeep
|turn|59
|
|t:|1729026328
|move|p1a: Milotic|Refresh|p1a: Milotic
|-curestatus|p1a: Milotic|tox|[msg]
|move|p2a: Toni es gay|Roar|p1a: Milotic
|drag|p1a: Jirachi|Jirachi|100/100
|-damage|p1a: Jirachi|88/100|[from] Spikes
|
|-weather|Sandstorm|[upkeep]
|-heal|p1a: Jirachi|94/100|[from] item: Leftovers
|-heal|p2a: Toni es gay|31/100|[from] item: Leftovers
|upkeep
|turn|60
|
|t:|1729026342
|move|p1a: Jirachi|Fire Punch|p2a: Toni es gay
|-supereffective|p2a: Toni es gay
|-damage|p2a: Toni es gay|1/100
|move|p2a: Toni es gay|Spikes|p1a: Jirachi
|-sidestart|p1: pkleech|Spikes
|
|-weather|Sandstorm|[upkeep]
|-heal|p1a: Jirachi|100/100|[from] item: Leftovers
|-heal|p2a: Toni es gay|7/100|[from] item: Leftovers
|upkeep
|turn|61
|
|t:|1729026350
|move|p1a: Jirachi|Fire Punch|p2a: Toni es gay
|-supereffective|p2a: Toni es gay
|-damage|p2a: Toni es gay|0 fnt
|faint|p2a: Toni es gay
|
|t:|1729026352
|switch|p2a: Poetic Justice|Charizard, M|64/100
|
|-weather|Sandstorm|[upkeep]
|-damage|p2a: Poetic Justice|58/100|[from] Sandstorm
|-heal|p2a: Poetic Justice|64/100|[from] item: Leftovers
|upkeep
|turn|62
|inactive|pkleech has 90 seconds left.
|
|t:|1729026360
|move|p2a: Poetic Justice|Hidden Power|p1a: Jirachi
|-resisted|p1a: Jirachi
|-damage|p1a: Jirachi|93/100
|move|p1a: Jirachi|Wish|p1a: Jirachi
|
|-weather|Sandstorm|[upkeep]
|-damage|p2a: Poetic Justice|58/100|[from] Sandstorm
|-heal|p2a: Poetic Justice|64/100|[from] item: Leftovers
|-heal|p1a: Jirachi|99/100|[from] item: Leftovers
|upkeep
|turn|63
|inactive|pkleech has 90 seconds left.
|
|t:|1729026387
|move|p2a: Poetic Justice|Substitute|p2a: Poetic Justice
|-start|p2a: Poetic Justice|Substitute
|-damage|p2a: Poetic Justice|39/100
|move|p1a: Jirachi|Fire Punch|p2a: Poetic Justice
|-resisted|p2a: Poetic Justice
|-activate|p2a: Poetic Justice|Substitute|[damage]
|
|-heal|p1a: Jirachi|100/100|[from] move: Wish|[wisher] Jirachi
|-weather|Sandstorm|[upkeep]
|-damage|p2a: Poetic Justice|33/100|[from] Sandstorm
|-heal|p2a: Poetic Justice|39/100|[from] item: Leftovers
|upkeep
|turn|64
|
|t:|1729026396
|move|p1a: Jirachi|Protect|p1a: Jirachi
|-singleturn|p1a: Jirachi|Protect
|move|p2a: Poetic Justice|Fire Blast|p1a: Jirachi
|-activate|p1a: Jirachi|Protect
|
|-weather|Sandstorm|[upkeep]
|-damage|p2a: Poetic Justice|33/100|[from] Sandstorm
|-heal|p2a: Poetic Justice|39/100|[from] item: Leftovers
|upkeep
|turn|65
|
|t:|1729026399
|move|p2a: Poetic Justice|Fire Blast|p1a: Jirachi
|-supereffective|p1a: Jirachi
|-damage|p1a: Jirachi|16/100
|move|p1a: Jirachi|Wish|p1a: Jirachi
|
|-weather|Sandstorm|[upkeep]
|-damage|p2a: Poetic Justice|33/100|[from] Sandstorm
|-heal|p2a: Poetic Justice|39/100|[from] item: Leftovers
|-heal|p1a: Jirachi|22/100|[from] item: Leftovers
|upkeep
|turn|66
|inactive|pkleech has 90 seconds left.
|
|t:|1729026431
|switch|p1a: Milotic|Milotic, M|94/100
|-damage|p1a: Milotic|78/100|[from] Spikes
|move|p2a: Poetic Justice|Hidden Power|p1a: Milotic
|-supereffective|p1a: Milotic
|-damage|p1a: Milotic|44/100
|
|-heal|p1a: Milotic|94/100|[from] move: Wish|[wisher] Jirachi
|-weather|Sandstorm|[upkeep]
|-damage|p2a: Poetic Justice|33/100|[from] Sandstorm
|-damage|p1a: Milotic|88/100|[from] Sandstorm
|-heal|p2a: Poetic Justice|39/100|[from] item: Leftovers
|-heal|p1a: Milotic|94/100|[from] item: Leftovers
|upkeep
|turn|67
|
|t:|1729026439
|move|p2a: Poetic Justice|Hidden Power|p1a: Milotic
|-supereffective|p1a: Milotic
|-crit|p1a: Milotic
|-damage|p1a: Milotic|23/100
|move|p1a: Milotic|Surf|p2a: Poetic Justice
|-supereffective|p2a: Poetic Justice
|-end|p2a: Poetic Justice|Substitute
|
|-weather|Sandstorm|[upkeep]
|-damage|p2a: Poetic Justice|33/100|[from] Sandstorm
|-damage|p1a: Milotic|16/100|[from] Sandstorm
|-heal|p2a: Poetic Justice|39/100|[from] item: Leftovers
|-heal|p1a: Milotic|23/100|[from] item: Leftovers
|upkeep
|turn|68
|c|☆pkleech|really
|c|☆Gonzasaurio 50|my bad
|inactive|pkleech has 60 seconds left.
|c|☆pkleech|you got every thing this game lol
|c|☆pkleech|ggs
|
|t:|1729026482
|switch|p1a: Forretress|Forretress, M|36/100
|-damage|p1a: Forretress|19/100|[from] Spikes
|move|p2a: Poetic Justice|Hidden Power|p1a: Forretress
|-resisted|p1a: Forretress
|-damage|p1a: Forretress|13/100
|
|-weather|Sandstorm|[upkeep]
|-damage|p2a: Poetic Justice|33/100|[from] Sandstorm
|-heal|p2a: Poetic Justice|39/100|[from] item: Leftovers
|-heal|p1a: Forretress|19/100|[from] item: Leftovers
|upkeep
|turn|69
|inactive|pkleech has 30 seconds left.
|inactive|pkleech has 20 seconds left.
|inactive|pkleech has 15 seconds left.
|inactive|pkleech has 10 seconds left.
|inactive|pkleech has 5 seconds left.
|
|t:|1729026534
|move|p2a: Poetic Justice|Substitute|p2a: Poetic Justice
|-start|p2a: Poetic Justice|Substitute
|-damage|p2a: Poetic Justice|14/100
|move|p1a: Forretress|Rapid Spin|p2a: Poetic Justice
|-activate|p2a: Poetic Justice|Substitute|[damage]
|-sideend|p1: pkleech|Spikes|[from] move: Rapid Spin|[of] p1a: Forretress
|
|-weather|Sandstorm|[upkeep]
|-damage|p2a: Poetic Justice|8/100|[from] Sandstorm
|-heal|p2a: Poetic Justice|14/100|[from] item: Leftovers
|-heal|p1a: Forretress|26/100|[from] item: Leftovers
|upkeep
|turn|70
|inactive|pkleech has 15 seconds left this turn.
|inactive|pkleech has 10 seconds left.
|inactive|pkleech has 5 seconds left.
|-message|pkleech lost due to inactivity.
|
|win|Gonzasaurio 50
|c|☆Gonzasaurio 50|gg
|player|p1|
|c|☆Gonzasaurio 50|who was last?

</script>
<script type="application/json" class="data" id="replaydata-smogtours-gen3ou-799033">
{"id":"smogtours-gen3ou-799033","format":"[Gen 3] OU","players":["pkleech","Gonzasaurio 50"],"uploadtime":1729026549,"views":203,"formatid":"gen3ou","rating":null,"private":0,"password":null}
</script>

<script defer src="js/replays.js?9d40a366"></script>
