<!DOCTYPE html>
<meta charset="utf-8" />
<meta name="viewport" content="width=device-width" />

<title>[Gen 3] OU: lexitg vs. squeenr - Replays - Pok&eacute;mon Showdown!</title>

<meta name="description" content="Watch a replay of a Pok&eacute;mon battle between lexitg and squeenr! Format: [Gen 3] OU; Date: Oct 8, 2024" />
<!--

Hey, you! Looking in the source for the replay log?

You can find them in JSON format, just add `.json` at the end of a replay URL.

https://replay.pokemonshowdown.com/gen7randomdoublesbattle-865046831.json

Or, if you only need the log itself, add `.log` instead:

https://replay.pokemonshowdown.com/gen7randomdoublesbattle-865046831.log

-->

<link rel="stylesheet" href="//pokemonshowdown.com/style/global.css?0.023195364461161105" />
<link rel="stylesheet" href="//play.pokemonshowdown.com/style/font-awesome.css?0.13261647063804238" />
<link rel="stylesheet" href="//play.pokemonshowdown.com/style/battle.css?0.8753245789963631" />
<link rel="stylesheet" href="//play.pokemonshowdown.com/style/utilichart.css?0.8627959624976733" />

<!-- Global site tag (gtag.js) - Google Analytics -->
<script async src="https://www.googletagmanager.com/gtag/js?id=UA-26211653-1"></script>
<script>
  window.dataLayer = window.dataLayer || [];
  function gtag(){dataLayer.push(arguments);}
  gtag('js', new Date());

  gtag('config', 'UA-26211653-1');
</script>
<!-- End Google Analytics -->
<!-- Venatus Ad Manager - Install in <HEAD> of page -->
	<script src="https://hb.vntsm.com/v3/live/ad-manager.min.js" type="text/javascript" data-site-id="642aba63ec9a7b11c3c9c1be" data-mode="scan" async></script>
<!-- / Venatus Ad Manager -->

<style>
	@media (max-width:820px) {
		.battle {
			margin: 0 auto;
		}
		.battle-log {
			margin: 7px auto 0;
			max-width: 640px;
			height: 300px;
			position: static;
		}
	}
	.optgroup {
		display: inline-block;
		line-height: 22px;
		font-size: 10pt;
	}
	.optgroup .button {
		height: 25px;
		padding-top: 0;
		padding-bottom: 0;
	}
	.optgroup button.button {
		padding-left: 12px;
		padding-right: 12px;
	}
	.linklist {
		list-style: none;
		margin: 0.5em 0;
		padding: 0;
	}
	.linklist li {
		padding: 2px 0;
	}
	.sidebar {
		float: left;
		width: 320px;
	}
	.bar-wrapper {
		max-width: 1100px;
		margin: 0 auto;
	}
	.bar-wrapper.has-sidebar {
		max-width: 1430px;
	}
	.mainbar {
		margin: 0;
		padding-right: 1px;
	}
	.mainbar.has-sidebar {
		margin-left: 330px;
	}
	@media (min-width: 1511px) {
		.sidebar {
			width: 400px;
		}
		.bar-wrapper.has-sidebar {
			max-width: 1510px;
		}
		.mainbar.has-sidebar {
			margin-left: 410px;
		}
	}
	.section.first-section {
		margin-top: 9px;
	}
	.blocklink small {
		white-space: normal;
	}
	.button {
		vertical-align: middle;
	}
	.replay-controls {
		padding-top: 10px;
	}
	.replay-controls h1 {
		font-size: 16pt;
		font-weight: normal;
		color: #CCC;
	}
	.pagelink {
		text-align: center;
	}
	.pagelink a {
		width: 150px;
	}
	.textbox, .button {
		font-size: 11pt;
		vertical-align: middle;
	}
	@media (max-width: 450px) {
		.button {
			font-size: 9pt;
		}
	}
</style>

<div>

	<header>
		<div class="nav-wrapper"><ul class="nav">
			<li><a class="button nav-first" href="//pokemonshowdown.com/"><img src="//pokemonshowdown.com/images/pokemonshowdownbeta.png" srcset="//pokemonshowdown.com/images/pokemonshowdownbeta.png 1x, //pokemonshowdown.com/images/pokemonshowdownbeta@2x.png 2x" alt="Pok&eacute;mon Showdown" width="146" height="44" /> Home</a></li>
			<li><a class="button" href="//pokemonshowdown.com/dex/">Pok&eacute;dex</a></li>
			<li><a class="button cur" href="/">Replays</a></li>
			<li><a class="button" href="//pokemonshowdown.com/ladder/">Ladder</a></li>
			<li><a class="button nav-last" href="//pokemonshowdown.com/forums/">Forum</a></li>
			<li><a class="button greenbutton nav-first nav-last" href="//play.pokemonshowdown.com/">Play</a></li>
		</ul></div>
	</header>

	<div class="main" id="main">

		<noscript><section class="section">You need to enable JavaScript to use this page; sorry!</section></noscript>

	</div>

</div>

<script defer nomodule src="//play.pokemonshowdown.com/js/lib/ps-polyfill.js"></script>
<script defer src="//play.pokemonshowdown.com/js/lib/preact.min.js"></script>

<script defer src="//play.pokemonshowdown.com/config/config.js?2bddbc15"></script>
<script defer src="//play.pokemonshowdown.com/js/lib/jquery-1.11.0.min.js"></script>
<script defer src="//play.pokemonshowdown.com/js/lib/html-sanitizer-minified.js"></script>
<script defer src="//play.pokemonshowdown.com/js/battle-sound.js"></script>
<script defer src="//play.pokemonshowdown.com/js/battledata.js?0.7209276989879541"></script>
<script defer src="//play.pokemonshowdown.com/data/pokedex-mini.js?0.6111056340867951"></script>
<script defer src="//play.pokemonshowdown.com/data/pokedex-mini-bw.js?0.3532142036491459"></script>
<script defer src="//play.pokemonshowdown.com/data/graphics.js?0.24223875632456182"></script>
<script defer src="//play.pokemonshowdown.com/data/pokedex.js?0.38839984266356864"></script>
<script defer src="//play.pokemonshowdown.com/data/moves.js?0.21866028504024015"></script>
<script defer src="//play.pokemonshowdown.com/data/abilities.js?0.2005157953846628"></script>
<script defer src="//play.pokemonshowdown.com/data/items.js?0.9894211263848525"></script>
<script defer src="//play.pokemonshowdown.com/data/teambuilder-tables.js?0.6008791140282215"></script>
<script defer src="//play.pokemonshowdown.com/js/battle-tooltips.js?0.7580118955022959"></script>
<script defer src="//play.pokemonshowdown.com/js/battle.js?0.6057722274234274"></script>

<script defer src="js/utils.js?e31f9a17"></script>
<script defer src="js/replays-battle.js?7008c182"></script>

<!-- don't scrape this data! just add .json or .log after the URL!
Full API docs: https://github.com/smogon/pokemon-showdown-client/blob/master/WEB-API.md -->
<script type="text/plain" class="log" id="replaylog-smogtours-gen3ou-796527">
|inactive|Battle timer is ON: inactive players will automatically lose when time's up.
|t:|1728427057
|gametype|singles
|player|p1|lexitg|170|
|player|p2|squeenr|169|
|teamsize|p1|6
|teamsize|p2|6
|gen|3
|tier|[Gen 3] OU
|rule|Sleep Clause Mod: Limit one foe put to sleep
|rule|Switch Priority Clause Mod: Faster Pokémon switch first
|rule|Species Clause: Limit one of each Pokémon
|rule|OHKO Clause: OHKO moves are banned
|rule|Evasion Items Clause: Evasion items are banned
|rule|Evasion Moves Clause: Evasion moves are banned
|rule|Endless Battle Clause: Forcing endless battles is banned
|rule|HP Percentage Mod: HP is shown in percentages
|rule|One Boost Passer Clause: Limit one Baton Passer that has a way to boost its stats
|rule|Freeze Clause Mod: Limit one foe frozen
|
|t:|1728427057
|start
|switch|p1a: Skarmory|Skarmory, F|100/100
|switch|p2a: Heracross|Heracross, F|100/100
|turn|1
|
|t:|1728427064
|switch|p2a: Magneton|Magneton|100/100
|move|p1a: Skarmory|Roar|p2a: Magneton
|drag|p2a: Miltank|Miltank, F|100/100
|
|upkeep
|turn|2
|
|t:|1728427075
|switch|p1a: Tyranitar|Tyranitar, F|100/100
|-weather|Sandstorm|[from] ability: Sand Stream|[of] p1a: Tyranitar
|move|p2a: Miltank|Body Slam|p1a: Tyranitar
|-resisted|p1a: Tyranitar
|-damage|p1a: Tyranitar|89/100
|-status|p1a: Tyranitar|par
|
|-weather|Sandstorm|[upkeep]
|-damage|p2a: Miltank|94/100|[from] Sandstorm
|-heal|p2a: Miltank|100/100|[from] item: Leftovers
|-heal|p1a: Tyranitar|96/100 par|[from] item: Leftovers
|upkeep
|turn|3
|
|t:|1728427102
|switch|p2a: Salamence|Salamence, F|100/100
|-ability|p2a: Salamence|Intimidate|boost
|-unboost|p1a: Tyranitar|atk|1
|cant|p1a: Tyranitar|par
|
|-weather|Sandstorm|[upkeep]
|-damage|p2a: Salamence|94/100|[from] Sandstorm
|-heal|p2a: Salamence|100/100|[from] item: Leftovers
|-heal|p1a: Tyranitar|100/100 par|[from] item: Leftovers
|upkeep
|turn|4
|inactive|lexitg has 270 seconds left.
|
|t:|1728427130
|switch|p1a: Gengar|Gengar, F|100/100
|move|p2a: Salamence|Dragon Dance|p2a: Salamence
|-boost|p2a: Salamence|atk|1
|-boost|p2a: Salamence|spe|1
|
|-weather|Sandstorm|[upkeep]
|-damage|p2a: Salamence|94/100|[from] Sandstorm
|-damage|p1a: Gengar|95/100|[from] Sandstorm
|-heal|p2a: Salamence|100/100|[from] item: Leftovers
|-heal|p1a: Gengar|100/100|[from] item: Leftovers
|upkeep
|turn|5
|inactive|lexitg has 270 seconds left.
|
|t:|1728427160
|switch|p2a: Tyranitar|Tyranitar, M|100/100
|switch|p1a: Swampert|Swampert, F|100/100
|
|-weather|Sandstorm|[upkeep]
|upkeep
|turn|6
|inactive|squeenr has 270 seconds left.
|
|t:|1728427178
|switch|p2a: Miltank|Miltank, F|100/100
|move|p1a: Swampert|Earthquake|p2a: Miltank
|-damage|p2a: Miltank|73/100
|
|-weather|Sandstorm|[upkeep]
|-damage|p2a: Miltank|67/100|[from] Sandstorm
|-heal|p2a: Miltank|73/100|[from] item: Leftovers
|upkeep
|turn|7
|inactive|squeenr has 270 seconds left.
|inactive|lexitg has 240 seconds left.
|inactive|lexitg has 210 seconds left.
|
|t:|1728427235
|switch|p1a: Tyranitar|Tyranitar, F|100/100 par
|move|p2a: Miltank|Curse|p2a: Miltank
|-unboost|p2a: Miltank|spe|1
|-boost|p2a: Miltank|atk|1
|-boost|p2a: Miltank|def|1
|
|-weather|Sandstorm|[upkeep]
|-damage|p2a: Miltank|67/100|[from] Sandstorm
|-heal|p2a: Miltank|73/100|[from] item: Leftovers
|upkeep
|turn|8
|
|t:|1728427247
|-singleturn|p1a: Tyranitar|move: Focus Punch
|move|p2a: Miltank|Curse|p2a: Miltank
|-unboost|p2a: Miltank|spe|1
|-boost|p2a: Miltank|atk|1
|-boost|p2a: Miltank|def|1
|cant|p1a: Tyranitar|par
|
|-weather|Sandstorm|[upkeep]
|-damage|p2a: Miltank|67/100|[from] Sandstorm
|-heal|p2a: Miltank|73/100|[from] item: Leftovers
|upkeep
|turn|9
|c|☆squeenr|thats rough
|
|t:|1728427263
|switch|p1a: Skarmory|Skarmory, F|100/100
|move|p2a: Miltank|Body Slam|p1a: Skarmory
|-resisted|p1a: Skarmory
|-damage|p1a: Skarmory|77/100
|
|-weather|Sandstorm|[upkeep]
|-damage|p2a: Miltank|67/100|[from] Sandstorm
|-heal|p1a: Skarmory|83/100|[from] item: Leftovers
|-heal|p2a: Miltank|73/100|[from] item: Leftovers
|upkeep
|turn|10
|c|☆lexitg|a little
|
|t:|1728427279
|move|p2a: Miltank|Body Slam|p1a: Skarmory
|-resisted|p1a: Skarmory
|-damage|p1a: Skarmory|61/100
|-status|p1a: Skarmory|par
|move|p1a: Skarmory|Roar|p2a: Miltank
|drag|p2a: Salamence|Salamence, F|100/100
|-ability|p2a: Salamence|Intimidate|boost
|-unboost|p1a: Skarmory|atk|1
|
|-weather|Sandstorm|[upkeep]
|-damage|p2a: Salamence|94/100|[from] Sandstorm
|-heal|p2a: Salamence|100/100|[from] item: Leftovers
|-heal|p1a: Skarmory|67/100 par|[from] item: Leftovers
|upkeep
|turn|11
|c|☆lexitg|i got lucky last game tho
|c|☆lexitg|it balances 
|inactive|squeenr has 240 seconds left.
|
|t:|1728427309
|move|p2a: Salamence|Dragon Dance|p2a: Salamence
|-boost|p2a: Salamence|atk|1
|-boost|p2a: Salamence|spe|1
|cant|p1a: Skarmory|par
|
|-weather|Sandstorm|[upkeep]
|-damage|p2a: Salamence|94/100|[from] Sandstorm
|-heal|p2a: Salamence|100/100|[from] item: Leftovers
|-heal|p1a: Skarmory|73/100 par|[from] item: Leftovers
|upkeep
|turn|12
|
|t:|1728427319
|move|p2a: Salamence|Dragon Dance|p2a: Salamence
|-boost|p2a: Salamence|atk|1
|-boost|p2a: Salamence|spe|1
|cant|p1a: Skarmory|par
|
|-weather|Sandstorm|[upkeep]
|-damage|p2a: Salamence|94/100|[from] Sandstorm
|-heal|p2a: Salamence|100/100|[from] item: Leftovers
|-heal|p1a: Skarmory|79/100 par|[from] item: Leftovers
|upkeep
|turn|13
|c|☆lexitg|now it getting rough lmao
|
|t:|1728427333
|move|p2a: Salamence|Rock Slide|p1a: Skarmory
|-damage|p1a: Skarmory|37/100 par
|cant|p1a: Skarmory|par
|
|-weather|Sandstorm|[upkeep]
|-damage|p2a: Salamence|94/100|[from] Sandstorm
|-heal|p2a: Salamence|100/100|[from] item: Leftovers
|-heal|p1a: Skarmory|43/100 par|[from] item: Leftovers
|upkeep
|turn|14
|c|☆squeenr|yeah thats a little ridiculous
|c|☆squeenr|or a lot
|
|t:|1728427349
|cant|p1a: Skarmory|par
|move|p2a: Salamence|Rock Slide|p1a: Skarmory
|-damage|p1a: Skarmory|3/100 par
|
|-weather|Sandstorm|[upkeep]
|-damage|p2a: Salamence|94/100|[from] Sandstorm
|-heal|p2a: Salamence|100/100|[from] item: Leftovers
|-heal|p1a: Skarmory|9/100 par|[from] item: Leftovers
|upkeep
|turn|15
|
|t:|1728427361
|move|p2a: Salamence|Hidden Power|p1a: Skarmory
|-resisted|p1a: Skarmory
|-damage|p1a: Skarmory|0 fnt
|faint|p1a: Skarmory
|
|t:|1728427363
|switch|p1a: Blissey|Blissey, F, shiny|100/100
|
|-weather|Sandstorm|[upkeep]
|-damage|p2a: Salamence|94/100|[from] Sandstorm
|-damage|p1a: Blissey|94/100|[from] Sandstorm
|-heal|p2a: Salamence|100/100|[from] item: Leftovers
|-heal|p1a: Blissey|100/100|[from] item: Leftovers
|upkeep
|turn|16
|inactive|squeenr has 240 seconds left.
|
|t:|1728427384
|switch|p2a: Heracross|Heracross, F|100/100
|move|p1a: Blissey|Ice Beam|p2a: Heracross
|-damage|p2a: Heracross|70/100
|
|-weather|Sandstorm|[upkeep]
|-damage|p2a: Heracross|64/100|[from] Sandstorm
|-damage|p1a: Blissey|94/100|[from] Sandstorm
|-heal|p1a: Blissey|100/100|[from] item: Leftovers
|upkeep
|turn|17
|inactive|lexitg has 270 seconds left.
|
|t:|1728427407
|move|p2a: Heracross|Megahorn|p1a: Blissey
|-damage|p1a: Blissey|0 fnt
|faint|p1a: Blissey
|
|t:|1728427432
|switch|p1a: Gengar|Gengar, F|100/100
|
|-weather|Sandstorm|[upkeep]
|-damage|p1a: Gengar|95/100|[from] Sandstorm
|-damage|p2a: Heracross|58/100|[from] Sandstorm
|-heal|p1a: Gengar|100/100|[from] item: Leftovers
|upkeep
|turn|18
|
|t:|1728427446
|switch|p2a: Tyranitar|Tyranitar, M|100/100
|move|p1a: Gengar|Will-O-Wisp|p2a: Tyranitar|[miss]
|-miss|p1a: Gengar|p2a: Tyranitar
|
|-weather|Sandstorm|[upkeep]
|-damage|p1a: Gengar|95/100|[from] Sandstorm
|-heal|p1a: Gengar|100/100|[from] item: Leftovers
|upkeep
|turn|19
|
|t:|1728427457
|move|p1a: Gengar|Will-O-Wisp|p2a: Tyranitar
|-status|p2a: Tyranitar|brn
|move|p2a: Tyranitar|Pursuit|p1a: Gengar
|-supereffective|p1a: Gengar
|-damage|p1a: Gengar|60/100
|
|-weather|Sandstorm|[upkeep]
|-damage|p1a: Gengar|54/100|[from] Sandstorm
|-heal|p1a: Gengar|60/100|[from] item: Leftovers
|-damage|p2a: Tyranitar|88/100 brn|[from] brn
|upkeep
|turn|20
|inactive|squeenr has 240 seconds left.
|
|t:|1728427475
|move|p1a: Gengar|Explosion|p2a: Tyranitar
|-resisted|p2a: Tyranitar
|-damage|p2a: Tyranitar|60/100 brn
|faint|p1a: Gengar
|
|t:|1728427480
|switch|p1a: Zapdos|Zapdos|100/100
|
|-weather|Sandstorm|[upkeep]
|-damage|p1a: Zapdos|94/100|[from] Sandstorm
|-heal|p1a: Zapdos|100/100|[from] item: Leftovers
|-heal|p2a: Tyranitar|66/100 brn|[from] item: Leftovers
|-damage|p2a: Tyranitar|53/100 brn|[from] brn
|upkeep
|turn|21
|inactive|squeenr has 240 seconds left.
|
|t:|1728427499
|move|p1a: Zapdos|Thunderbolt|p2a: Tyranitar
|-damage|p2a: Tyranitar|10/100 brn
|move|p2a: Tyranitar|Crunch|p1a: Zapdos
|-damage|p1a: Zapdos|56/100
|
|-weather|Sandstorm|[upkeep]
|-damage|p1a: Zapdos|50/100|[from] Sandstorm
|-heal|p1a: Zapdos|56/100|[from] item: Leftovers
|-heal|p2a: Tyranitar|16/100 brn|[from] item: Leftovers
|-damage|p2a: Tyranitar|4/100 brn|[from] brn
|upkeep
|turn|22
|inactive|lexitg has 270 seconds left.
|
|t:|1728427512
|move|p1a: Zapdos|Thunderbolt|p2a: Tyranitar
|-crit|p2a: Tyranitar
|-damage|p2a: Tyranitar|0 fnt
|faint|p2a: Tyranitar
|
|t:|1728427523
|switch|p2a: Snorlax|Snorlax, M|100/100
|
|-weather|Sandstorm|[upkeep]
|-damage|p1a: Zapdos|50/100|[from] Sandstorm
|-damage|p2a: Snorlax|94/100|[from] Sandstorm
|-heal|p1a: Zapdos|56/100|[from] item: Leftovers
|-heal|p2a: Snorlax|100/100|[from] item: Leftovers
|upkeep
|turn|23
|
|t:|1728427533
|move|p2a: Snorlax|Curse|p2a: Snorlax
|-unboost|p2a: Snorlax|spe|1
|-boost|p2a: Snorlax|atk|1
|-boost|p2a: Snorlax|def|1
|move|p1a: Zapdos|Roar|p2a: Snorlax
|drag|p2a: Heracross|Heracross, F|58/100
|
|-weather|Sandstorm|[upkeep]
|-damage|p1a: Zapdos|50/100|[from] Sandstorm
|-damage|p2a: Heracross|52/100|[from] Sandstorm
|-heal|p1a: Zapdos|56/100|[from] item: Leftovers
|upkeep
|turn|24
|
|t:|1728427543
|move|p1a: Zapdos|Thunderbolt|p2a: Heracross
|-crit|p2a: Heracross
|-damage|p2a: Heracross|0 fnt
|faint|p2a: Heracross
|
|t:|1728427558
|switch|p2a: Salamence|Salamence, F|100/100
|-ability|p2a: Salamence|Intimidate|boost
|-unboost|p1a: Zapdos|atk|1
|
|-weather|Sandstorm|[upkeep]
|-damage|p1a: Zapdos|50/100|[from] Sandstorm
|-damage|p2a: Salamence|94/100|[from] Sandstorm
|-heal|p1a: Zapdos|56/100|[from] item: Leftovers
|-heal|p2a: Salamence|100/100|[from] item: Leftovers
|upkeep
|turn|25
|
|t:|1728427566
|move|p1a: Zapdos|Thunder Wave|p2a: Salamence
|-status|p2a: Salamence|par
|move|p2a: Salamence|Rock Slide|p1a: Zapdos
|-supereffective|p1a: Zapdos
|-damage|p1a: Zapdos|0 fnt
|faint|p1a: Zapdos
|
|t:|1728427574
|switch|p1a: Tyranitar|Tyranitar, F|100/100 par
|
|-weather|Sandstorm|[upkeep]
|-damage|p2a: Salamence|94/100 par|[from] Sandstorm
|-heal|p2a: Salamence|100/100 par|[from] item: Leftovers
|upkeep
|turn|26
|
|t:|1728427585
|move|p2a: Salamence|Earthquake|p1a: Tyranitar
|-supereffective|p1a: Tyranitar
|-damage|p1a: Tyranitar|48/100 par
|cant|p1a: Tyranitar|par
|
|-weather|Sandstorm|[upkeep]
|-damage|p2a: Salamence|94/100 par|[from] Sandstorm
|-heal|p2a: Salamence|100/100 par|[from] item: Leftovers
|-heal|p1a: Tyranitar|54/100 par|[from] item: Leftovers
|upkeep
|turn|27
|inactive|squeenr has 240 seconds left.
|
|t:|1728427601
|move|p2a: Salamence|Rock Slide|p1a: Tyranitar
|-damage|p1a: Tyranitar|33/100 par
|cant|p1a: Tyranitar|flinch
|
|-weather|Sandstorm|[upkeep]
|-damage|p2a: Salamence|94/100 par|[from] Sandstorm
|-heal|p2a: Salamence|100/100 par|[from] item: Leftovers
|-heal|p1a: Tyranitar|39/100 par|[from] item: Leftovers
|upkeep
|turn|28
|c|☆lexitg|bro has not moved once all game 
|c|☆lexitg|gg
|
|t:|1728427610
|-singleturn|p1a: Tyranitar|move: Focus Punch
|move|p2a: Salamence|Earthquake|p1a: Tyranitar
|-supereffective|p1a: Tyranitar
|-damage|p1a: Tyranitar|0 fnt
|faint|p1a: Tyranitar
|
|t:|1728427611
|switch|p1a: Swampert|Swampert, F|100/100
|
|-weather|Sandstorm|[upkeep]
|-damage|p2a: Salamence|94/100 par|[from] Sandstorm
|-heal|p2a: Salamence|100/100 par|[from] item: Leftovers
|upkeep
|turn|29
|inactive|squeenr has 240 seconds left.
|
|t:|1728427624
|move|p1a: Swampert|Ice Beam|p2a: Salamence
|-supereffective|p2a: Salamence
|-damage|p2a: Salamence|21/100 par
|move|p2a: Salamence|Hidden Power|p1a: Swampert
|-damage|p1a: Swampert|70/100
|
|-weather|Sandstorm|[upkeep]
|-damage|p2a: Salamence|15/100 par|[from] Sandstorm
|-heal|p1a: Swampert|77/100|[from] item: Leftovers
|-heal|p2a: Salamence|21/100 par|[from] item: Leftovers
|upkeep
|turn|30
|
|t:|1728427634
|move|p1a: Swampert|Ice Beam|p2a: Salamence
|-supereffective|p2a: Salamence
|-damage|p2a: Salamence|0 fnt
|faint|p2a: Salamence
|
|t:|1728427638
|switch|p2a: Snorlax|Snorlax, M|100/100
|
|-weather|Sandstorm|[upkeep]
|-damage|p2a: Snorlax|94/100|[from] Sandstorm
|-heal|p1a: Swampert|83/100|[from] item: Leftovers
|-heal|p2a: Snorlax|100/100|[from] item: Leftovers
|upkeep
|turn|31
|
|t:|1728427644
|move|p1a: Swampert|Ice Beam|p2a: Snorlax
|-damage|p2a: Snorlax|90/100
|move|p2a: Snorlax|Return|p1a: Swampert
|-damage|p1a: Swampert|52/100
|
|-weather|Sandstorm|[upkeep]
|-damage|p2a: Snorlax|84/100|[from] Sandstorm
|-heal|p1a: Swampert|58/100|[from] item: Leftovers
|-heal|p2a: Snorlax|90/100|[from] item: Leftovers
|upkeep
|turn|32
|
|t:|1728427654
|move|p1a: Swampert|Ice Beam|p2a: Snorlax
|-damage|p2a: Snorlax|79/100
|move|p2a: Snorlax|Return|p1a: Swampert
|-damage|p1a: Swampert|26/100
|
|-weather|Sandstorm|[upkeep]
|-damage|p2a: Snorlax|73/100|[from] Sandstorm
|-heal|p1a: Swampert|32/100|[from] item: Leftovers
|-heal|p2a: Snorlax|79/100|[from] item: Leftovers
|upkeep
|turn|33
|
|t:|1728427668
|move|p1a: Swampert|Ice Beam|p2a: Snorlax
|-damage|p2a: Snorlax|69/100
|-status|p2a: Snorlax|frz
|cant|p2a: Snorlax|frz
|
|-weather|Sandstorm|[upkeep]
|-damage|p2a: Snorlax|62/100 frz|[from] Sandstorm
|-heal|p1a: Swampert|39/100|[from] item: Leftovers
|-heal|p2a: Snorlax|69/100 frz|[from] item: Leftovers
|upkeep
|turn|34
|
|t:|1728427678
|move|p1a: Swampert|Hydro Pump|p2a: Snorlax
|-damage|p2a: Snorlax|49/100 frz
|cant|p2a: Snorlax|frz
|
|-weather|Sandstorm|[upkeep]
|-damage|p2a: Snorlax|43/100 frz|[from] Sandstorm
|-heal|p1a: Swampert|45/100|[from] item: Leftovers
|-heal|p2a: Snorlax|49/100 frz|[from] item: Leftovers
|upkeep
|turn|35
|inactive|squeenr has 270 seconds left.
|
|t:|1728427701
|move|p1a: Swampert|Earthquake|p2a: Snorlax
|-damage|p2a: Snorlax|17/100 frz
|cant|p2a: Snorlax|frz
|
|-weather|Sandstorm|[upkeep]
|-damage|p2a: Snorlax|10/100 frz|[from] Sandstorm
|-heal|p1a: Swampert|51/100|[from] item: Leftovers
|-heal|p2a: Snorlax|17/100 frz|[from] item: Leftovers
|upkeep
|turn|36
|
|t:|1728427710
|move|p1a: Swampert|Earthquake|p2a: Snorlax
|-damage|p2a: Snorlax|0 fnt
|faint|p2a: Snorlax
|
|t:|1728427714
|switch|p2a: Miltank|Miltank, F|73/100
|
|-weather|Sandstorm|[upkeep]
|-damage|p2a: Miltank|67/100|[from] Sandstorm
|-heal|p2a: Miltank|73/100|[from] item: Leftovers
|-heal|p1a: Swampert|57/100|[from] item: Leftovers
|upkeep
|turn|37
|
|t:|1728427721
|move|p1a: Swampert|Protect|p1a: Swampert
|-singleturn|p1a: Swampert|Protect
|move|p2a: Miltank|Body Slam|p1a: Swampert
|-activate|p1a: Swampert|Protect
|
|-weather|Sandstorm|[upkeep]
|-damage|p2a: Miltank|67/100|[from] Sandstorm
|-heal|p2a: Miltank|73/100|[from] item: Leftovers
|-heal|p1a: Swampert|64/100|[from] item: Leftovers
|upkeep
|turn|38
|
|t:|1728427730
|move|p2a: Miltank|Curse|p2a: Miltank
|-unboost|p2a: Miltank|spe|1
|-boost|p2a: Miltank|atk|1
|-boost|p2a: Miltank|def|1
|move|p1a: Swampert|Hydro Pump|p2a: Miltank
|-damage|p2a: Miltank|30/100
|
|-weather|Sandstorm|[upkeep]
|-damage|p2a: Miltank|24/100|[from] Sandstorm
|-heal|p2a: Miltank|30/100|[from] item: Leftovers
|-heal|p1a: Swampert|70/100|[from] item: Leftovers
|upkeep
|turn|39
|
|t:|1728427742
|move|p2a: Miltank|Milk Drink|p2a: Miltank
|-heal|p2a: Miltank|80/100
|move|p1a: Swampert|Hydro Pump|p2a: Miltank
|-damage|p2a: Miltank|33/100
|
|-weather|Sandstorm|[upkeep]
|-damage|p2a: Miltank|27/100|[from] Sandstorm
|-heal|p2a: Miltank|33/100|[from] item: Leftovers
|-heal|p1a: Swampert|76/100|[from] item: Leftovers
|upkeep
|turn|40
|
|t:|1728427757
|move|p2a: Miltank|Milk Drink|p2a: Miltank
|-heal|p2a: Miltank|83/100
|move|p1a: Swampert|Earthquake|p2a: Miltank
|-damage|p2a: Miltank|65/100
|
|-weather|Sandstorm|[upkeep]
|-damage|p2a: Miltank|59/100|[from] Sandstorm
|-heal|p2a: Miltank|65/100|[from] item: Leftovers
|-heal|p1a: Swampert|82/100|[from] item: Leftovers
|upkeep
|turn|41
|c|☆squeenr|if Hydro Pump crits, you might win
|
|t:|1728427775
|move|p2a: Miltank|Body Slam|p1a: Swampert
|-damage|p1a: Swampert|52/100
|move|p1a: Swampert|Hydro Pump|p2a: Miltank
|-damage|p2a: Miltank|22/100
|
|-weather|Sandstorm|[upkeep]
|-damage|p2a: Miltank|16/100|[from] Sandstorm
|-heal|p2a: Miltank|22/100|[from] item: Leftovers
|-heal|p1a: Swampert|58/100|[from] item: Leftovers
|upkeep
|turn|42
|c|☆lexitg|the swampert that could 
|
|t:|1728427786
|move|p2a: Miltank|Milk Drink|p2a: Miltank
|-heal|p2a: Miltank|72/100
|move|p1a: Swampert|Earthquake|p2a: Miltank
|-damage|p2a: Miltank|56/100
|
|-weather|Sandstorm|[upkeep]
|-damage|p2a: Miltank|49/100|[from] Sandstorm
|-heal|p2a: Miltank|56/100|[from] item: Leftovers
|-heal|p1a: Swampert|64/100|[from] item: Leftovers
|upkeep
|turn|43
|
|t:|1728427797
|move|p1a: Swampert|Protect|p1a: Swampert
|-singleturn|p1a: Swampert|Protect
|move|p2a: Miltank|Milk Drink|p2a: Miltank
|-heal|p2a: Miltank|100/100
|
|-weather|Sandstorm|[upkeep]
|-damage|p2a: Miltank|94/100|[from] Sandstorm
|-heal|p2a: Miltank|100/100|[from] item: Leftovers
|-heal|p1a: Swampert|70/100|[from] item: Leftovers
|upkeep
|turn|44
|
|t:|1728427806
|move|p2a: Miltank|Body Slam|p1a: Swampert
|-damage|p1a: Swampert|39/100
|move|p1a: Swampert|Ice Beam|p2a: Miltank
|-damage|p2a: Miltank|88/100
|
|-weather|Sandstorm|[upkeep]
|-damage|p2a: Miltank|82/100|[from] Sandstorm
|-heal|p2a: Miltank|88/100|[from] item: Leftovers
|-heal|p1a: Swampert|46/100|[from] item: Leftovers
|upkeep
|turn|45
|
|t:|1728427835
|move|p2a: Miltank|Body Slam|p1a: Swampert
|-damage|p1a: Swampert|14/100
|move|p1a: Swampert|Hydro Pump|p2a: Miltank
|-damage|p2a: Miltank|16/100
|
|-weather|Sandstorm|[upkeep]
|-damage|p2a: Miltank|10/100|[from] Sandstorm
|-heal|p2a: Miltank|16/100|[from] item: Leftovers
|-heal|p1a: Swampert|20/100|[from] item: Leftovers
|upkeep
|turn|46
|
|t:|1728427846
|move|p1a: Swampert|Protect|p1a: Swampert
|-singleturn|p1a: Swampert|Protect
|move|p2a: Miltank|Milk Drink|p2a: Miltank
|-heal|p2a: Miltank|66/100
|
|-weather|Sandstorm|[upkeep]
|-damage|p2a: Miltank|60/100|[from] Sandstorm
|-heal|p2a: Miltank|66/100|[from] item: Leftovers
|-heal|p1a: Swampert|26/100|[from] item: Leftovers
|upkeep
|turn|47
|c|☆lexitg|insane play
|c|☆lexitg|if i pumped it killed 
|
|t:|1728427865
|move|p1a: Swampert|Protect|p1a: Swampert
|-singleturn|p1a: Swampert|Protect
|move|p2a: Miltank|Body Slam|p1a: Swampert
|-activate|p1a: Swampert|Protect
|
|-weather|Sandstorm|[upkeep]
|-damage|p2a: Miltank|60/100|[from] Sandstorm
|-heal|p2a: Miltank|66/100|[from] item: Leftovers
|-heal|p1a: Swampert|33/100|[from] item: Leftovers
|upkeep
|turn|48
|
|t:|1728427890
|move|p2a: Miltank|Milk Drink|p2a: Miltank
|-heal|p2a: Miltank|100/100
|move|p1a: Swampert|Hydro Pump|p2a: Miltank
|-damage|p2a: Miltank|30/100
|
|-weather|Sandstorm|[upkeep]
|-damage|p2a: Miltank|23/100|[from] Sandstorm
|-heal|p2a: Miltank|30/100|[from] item: Leftovers
|-heal|p1a: Swampert|39/100|[from] item: Leftovers
|upkeep
|turn|49
|c|☆squeenr|that torrent boost is scary
|
|t:|1728427908
|move|p2a: Miltank|Milk Drink|p2a: Miltank
|-heal|p2a: Miltank|80/100
|move|p1a: Swampert|Ice Beam|p2a: Miltank
|-damage|p2a: Miltank|68/100
|
|-weather|Sandstorm|[upkeep]
|-damage|p2a: Miltank|62/100|[from] Sandstorm
|-heal|p2a: Miltank|68/100|[from] item: Leftovers
|-heal|p1a: Swampert|45/100|[from] item: Leftovers
|upkeep
|turn|50
|c|☆lexitg|truly
|inactive|squeenr has 270 seconds left.
|
|t:|1728427927
|move|p2a: Miltank|Body Slam|p1a: Swampert
|-damage|p1a: Swampert|14/100
|move|p1a: Swampert|Hydro Pump|p2a: Miltank
|-crit|p2a: Miltank
|-damage|p2a: Miltank|0 fnt
|faint|p2a: Miltank
|inactive|squeenr has 270 seconds left.
|
|t:|1728427938
|switch|p2a: Magneton|Magneton|100/100
|
|-weather|Sandstorm|[upkeep]
|-heal|p1a: Swampert|21/100|[from] item: Leftovers
|upkeep
|turn|51
|inactive|squeenr has 270 seconds left.
|
|t:|1728427962
|move|p2a: Magneton|Hidden Power|p1a: Swampert
|-resisted|p1a: Swampert
|-damage|p1a: Swampert|9/100
|move|p1a: Swampert|Earthquake|p2a: Magneton
|-supereffective|p2a: Magneton
|-damage|p2a: Magneton|0 fnt
|faint|p2a: Magneton
|
|win|lexitg
|c|☆lexitg|wow
|c|☆squeenr|gg wp. I knew that crit was gonna be the death of me
|c|☆lexitg|it was 43 to kill without the crit
|c|☆lexitg|cuz the slam put me back to torrent
|c|☆lexitg|so it mightve mattered 
|c|☆lexitg|hard to tell though
|c|☆lexitg|gg
|c|☆squeenr|yeah i thought about that too. for once, It was actually worse that I was faster lol
|player|p2|
|c|☆lexitg|yeah another curse mightve been good to underspeed lol
|c|☆lexitg|goodluck in round 3 

</script>
<script type="application/json" class="data" id="replaydata-smogtours-gen3ou-796527">
{"id":"smogtours-gen3ou-796527","format":"[Gen 3] OU","players":["lexitg","squeenr"],"uploadtime":1728427962,"views":123,"formatid":"gen3ou","rating":null,"private":0,"password":null}
</script>

<script defer src="js/replays.js?9d40a366"></script>
