<!DOCTYPE html>
<meta charset="utf-8" />
<meta name="viewport" content="width=device-width" />

<title>[Gen 3] OU: three chicks mafia vs. Key to Life - Replays - Pok&eacute;mon Showdown!</title>

<meta name="description" content="Watch a replay of a Pok&eacute;mon battle between three chicks mafia and Key to Life! Format: [Gen 3] OU; Date: Oct 6, 2024" />
<!--

Hey, you! Looking in the source for the replay log?

You can find them in JSON format, just add `.json` at the end of a replay URL.

https://replay.pokemonshowdown.com/gen7randomdoublesbattle-865046831.json

Or, if you only need the log itself, add `.log` instead:

https://replay.pokemonshowdown.com/gen7randomdoublesbattle-865046831.log

-->

<link rel="stylesheet" href="//pokemonshowdown.com/style/global.css?0.767286132409787" />
<link rel="stylesheet" href="//play.pokemonshowdown.com/style/font-awesome.css?0.9266228007934947" />
<link rel="stylesheet" href="//play.pokemonshowdown.com/style/battle.css?0.7924700842790926" />
<link rel="stylesheet" href="//play.pokemonshowdown.com/style/utilichart.css?0.8777417872839479" />

<!-- Global site tag (gtag.js) - Google Analytics -->
<script async src="https://www.googletagmanager.com/gtag/js?id=UA-26211653-1"></script>
<script>
  window.dataLayer = window.dataLayer || [];
  function gtag(){dataLayer.push(arguments);}
  gtag('js', new Date());

  gtag('config', 'UA-26211653-1');
</script>
<!-- End Google Analytics -->
<!-- Venatus Ad Manager - Install in <HEAD> of page -->
	<script src="https://hb.vntsm.com/v3/live/ad-manager.min.js" type="text/javascript" data-site-id="642aba63ec9a7b11c3c9c1be" data-mode="scan" async></script>
<!-- / Venatus Ad Manager -->

<style>
	@media (max-width:820px) {
		.battle {
			margin: 0 auto;
		}
		.battle-log {
			margin: 7px auto 0;
			max-width: 640px;
			height: 300px;
			position: static;
		}
	}
	.optgroup {
		display: inline-block;
		line-height: 22px;
		font-size: 10pt;
	}
	.optgroup .button {
		height: 25px;
		padding-top: 0;
		padding-bottom: 0;
	}
	.optgroup button.button {
		padding-left: 12px;
		padding-right: 12px;
	}
	.linklist {
		list-style: none;
		margin: 0.5em 0;
		padding: 0;
	}
	.linklist li {
		padding: 2px 0;
	}
	.sidebar {
		float: left;
		width: 320px;
	}
	.bar-wrapper {
		max-width: 1100px;
		margin: 0 auto;
	}
	.bar-wrapper.has-sidebar {
		max-width: 1430px;
	}
	.mainbar {
		margin: 0;
		padding-right: 1px;
	}
	.mainbar.has-sidebar {
		margin-left: 330px;
	}
	@media (min-width: 1511px) {
		.sidebar {
			width: 400px;
		}
		.bar-wrapper.has-sidebar {
			max-width: 1510px;
		}
		.mainbar.has-sidebar {
			margin-left: 410px;
		}
	}
	.section.first-section {
		margin-top: 9px;
	}
	.blocklink small {
		white-space: normal;
	}
	.button {
		vertical-align: middle;
	}
	.replay-controls {
		padding-top: 10px;
	}
	.replay-controls h1 {
		font-size: 16pt;
		font-weight: normal;
		color: #CCC;
	}
	.pagelink {
		text-align: center;
	}
	.pagelink a {
		width: 150px;
	}
	.textbox, .button {
		font-size: 11pt;
		vertical-align: middle;
	}
	@media (max-width: 450px) {
		.button {
			font-size: 9pt;
		}
	}
</style>

<div>

	<header>
		<div class="nav-wrapper"><ul class="nav">
			<li><a class="button nav-first" href="//pokemonshowdown.com/"><img src="//pokemonshowdown.com/images/pokemonshowdownbeta.png" srcset="//pokemonshowdown.com/images/pokemonshowdownbeta.png 1x, //pokemonshowdown.com/images/pokemonshowdownbeta@2x.png 2x" alt="Pok&eacute;mon Showdown" width="146" height="44" /> Home</a></li>
			<li><a class="button" href="//pokemonshowdown.com/dex/">Pok&eacute;dex</a></li>
			<li><a class="button cur" href="/">Replays</a></li>
			<li><a class="button" href="//pokemonshowdown.com/ladder/">Ladder</a></li>
			<li><a class="button nav-last" href="//pokemonshowdown.com/forums/">Forum</a></li>
			<li><a class="button greenbutton nav-first nav-last" href="//play.pokemonshowdown.com/">Play</a></li>
		</ul></div>
	</header>

	<div class="main" id="main">

		<noscript><section class="section">You need to enable JavaScript to use this page; sorry!</section></noscript>

	</div>

</div>

<script defer nomodule src="//play.pokemonshowdown.com/js/lib/ps-polyfill.js"></script>
<script defer src="//play.pokemonshowdown.com/js/lib/preact.min.js"></script>

<script defer src="//play.pokemonshowdown.com/config/config.js?6dec07f6"></script>
<script defer src="//play.pokemonshowdown.com/js/lib/jquery-1.11.0.min.js"></script>
<script defer src="//play.pokemonshowdown.com/js/lib/html-sanitizer-minified.js"></script>
<script defer src="//play.pokemonshowdown.com/js/battle-sound.js"></script>
<script defer src="//play.pokemonshowdown.com/js/battledata.js?0.6315294753075389"></script>
<script defer src="//play.pokemonshowdown.com/data/pokedex-mini.js?0.7603743185311358"></script>
<script defer src="//play.pokemonshowdown.com/data/pokedex-mini-bw.js?0.030888842834281283"></script>
<script defer src="//play.pokemonshowdown.com/data/graphics.js?0.05593094747507488"></script>
<script defer src="//play.pokemonshowdown.com/data/pokedex.js?0.47064822249611904"></script>
<script defer src="//play.pokemonshowdown.com/data/moves.js?0.8583693120512459"></script>
<script defer src="//play.pokemonshowdown.com/data/abilities.js?0.16017181182386842"></script>
<script defer src="//play.pokemonshowdown.com/data/items.js?0.4163379185673943"></script>
<script defer src="//play.pokemonshowdown.com/data/teambuilder-tables.js?0.31075597372830477"></script>
<script defer src="//play.pokemonshowdown.com/js/battle-tooltips.js?0.6536193500708172"></script>
<script defer src="//play.pokemonshowdown.com/js/battle.js?0.1916591943277901"></script>

<script defer src="js/utils.js?e31f9a17"></script>
<script defer src="js/replays-battle.js?7008c182"></script>

<!-- don't scrape this data! just add .json or .log after the URL!
Full API docs: https://github.com/smogon/pokemon-showdown-client/blob/master/WEB-API.md -->
<script type="text/plain" class="log" id="replaylog-smogtours-gen3ou-795367">
|inactive|Battle timer is ON: inactive players will automatically lose when time's up.
|t:|1728173469
|gametype|singles
|player|p1|three chicks mafia|169|
|player|p2|Key to Life|170|
|teamsize|p1|6
|teamsize|p2|6
|gen|3
|tier|[Gen 3] OU
|rule|Sleep Clause Mod: Limit one foe put to sleep
|rule|Switch Priority Clause Mod: Faster Pokémon switch first
|rule|Species Clause: Limit one of each Pokémon
|rule|OHKO Clause: OHKO moves are banned
|rule|Evasion Items Clause: Evasion items are banned
|rule|Evasion Moves Clause: Evasion moves are banned
|rule|Endless Battle Clause: Forcing endless battles is banned
|rule|HP Percentage Mod: HP is shown in percentages
|rule|One Boost Passer Clause: Limit one Baton Passer that has a way to boost its stats
|rule|Freeze Clause Mod: Limit one foe frozen
|
|t:|1728173469
|start
|switch|p1a: Tyranitar|Tyranitar, M|100/100
|switch|p2a: Lunar Call Star|Jirachi|100/100
|-weather|Sandstorm|[from] ability: Sand Stream|[of] p1a: Tyranitar
|turn|1
|
|t:|1728173485
|-singleturn|p1a: Tyranitar|move: Focus Punch
|move|p2a: Lunar Call Star|Hidden Power|p1a: Tyranitar
|-supereffective|p1a: Tyranitar
|-damage|p1a: Tyranitar|45/100
|move|p1a: Tyranitar|Focus Punch||[still]
|cant|p1a: Tyranitar|Focus Punch|Focus Punch
|
|-weather|Sandstorm|[upkeep]
|upkeep
|turn|2
|
|t:|1728173491
|switch|p2a: Observers Theory|Skarmory, F|100/100
|switch|p1a: Zapdos|Zapdos|100/100
|
|-weather|Sandstorm|[upkeep]
|-damage|p1a: Zapdos|94/100|[from] Sandstorm
|-heal|p1a: Zapdos|100/100|[from] item: Leftovers
|upkeep
|turn|3
|
|t:|1728173499
|switch|p2a: Time Stand Still!|Celebi|100/100
|move|p1a: Zapdos|Hidden Power|p2a: Time Stand Still!
|-resisted|p2a: Time Stand Still!
|-damage|p2a: Time Stand Still!|92/100
|
|-weather|Sandstorm|[upkeep]
|-damage|p2a: Time Stand Still!|86/100|[from] Sandstorm
|-damage|p1a: Zapdos|94/100|[from] Sandstorm
|-heal|p2a: Time Stand Still!|92/100|[from] item: Leftovers
|-heal|p1a: Zapdos|100/100|[from] item: Leftovers
|upkeep
|turn|4
|
|t:|1728173504
|move|p2a: Time Stand Still!|Leech Seed|p1a: Zapdos
|-start|p1a: Zapdos|move: Leech Seed
|move|p1a: Zapdos|Toxic|p2a: Time Stand Still!
|-status|p2a: Time Stand Still!|tox
|
|-weather|Sandstorm|[upkeep]
|-damage|p2a: Time Stand Still!|86/100 tox|[from] Sandstorm
|-damage|p1a: Zapdos|94/100|[from] Sandstorm
|-heal|p2a: Time Stand Still!|92/100 tox|[from] item: Leftovers
|-damage|p2a: Time Stand Still!|86/100 tox|[from] psn
|-heal|p1a: Zapdos|100/100|[from] item: Leftovers
|-damage|p1a: Zapdos|88/100|[from] Leech Seed|[of] p2a: Time Stand Still!
|-heal|p2a: Time Stand Still!|98/100 tox|[silent]
|upkeep
|turn|5
|
|t:|1728173516
|-curestatus|p2a: Time Stand Still!|tox|[from] ability: Natural Cure
|switch|p2a: Lunar Call Star|Jirachi|100/100
|switch|p1a: Aerodactyl|Aerodactyl, F|100/100
|
|-weather|Sandstorm|[upkeep]
|upkeep
|turn|6
|
|t:|1728173526
|switch|p1a: Zapdos|Zapdos|88/100
|switch|p2a: Observers Theory|Skarmory, F|100/100
|
|-weather|Sandstorm|[upkeep]
|-damage|p1a: Zapdos|82/100|[from] Sandstorm
|-heal|p1a: Zapdos|88/100|[from] item: Leftovers
|upkeep
|turn|7
|
|t:|1728173533
|switch|p2a: Time Stand Still!|Celebi|98/100
|move|p1a: Zapdos|Thunderbolt|p2a: Time Stand Still!
|-resisted|p2a: Time Stand Still!
|-damage|p2a: Time Stand Still!|80/100
|
|-weather|Sandstorm|[upkeep]
|-damage|p2a: Time Stand Still!|74/100|[from] Sandstorm
|-damage|p1a: Zapdos|82/100|[from] Sandstorm
|-heal|p2a: Time Stand Still!|80/100|[from] item: Leftovers
|-heal|p1a: Zapdos|88/100|[from] item: Leftovers
|upkeep
|turn|8
|
|t:|1728173537
|switch|p1a: Dugtrio|Dugtrio, F|100/100
|move|p2a: Time Stand Still!|Psychic|p1a: Dugtrio
|-damage|p1a: Dugtrio|6/100
|
|-weather|Sandstorm|[upkeep]
|-damage|p2a: Time Stand Still!|74/100|[from] Sandstorm
|-heal|p2a: Time Stand Still!|80/100|[from] item: Leftovers
|upkeep
|turn|9
|
|t:|1728173541
|move|p1a: Dugtrio|Hidden Power|p2a: Time Stand Still!
|-supereffective|p2a: Time Stand Still!
|-damage|p2a: Time Stand Still!|0 fnt
|faint|p2a: Time Stand Still!
|
|t:|1728173545
|switch|p2a: Observers Theory|Skarmory, F|100/100
|
|-weather|Sandstorm|[upkeep]
|upkeep
|turn|10
|
|t:|1728173551
|switch|p1a: Zapdos|Zapdos|88/100
|move|p2a: Observers Theory|Spikes|p1a: Zapdos
|-sidestart|p1: three chicks mafia|Spikes
|
|-weather|Sandstorm|[upkeep]
|-damage|p1a: Zapdos|82/100|[from] Sandstorm
|-heal|p1a: Zapdos|88/100|[from] item: Leftovers
|upkeep
|turn|11
|
|t:|1728173555
|switch|p2a: Instant Blue|Swampert, M|100/100
|move|p1a: Zapdos|Thunderbolt|p2a: Instant Blue
|-immune|p2a: Instant Blue
|
|-weather|Sandstorm|[upkeep]
|-damage|p1a: Zapdos|82/100|[from] Sandstorm
|-heal|p1a: Zapdos|88/100|[from] item: Leftovers
|upkeep
|turn|12
|
|t:|1728173557
|switch|p2a: Lunar Call Star|Jirachi|100/100
|move|p1a: Zapdos|Hidden Power|p2a: Lunar Call Star
|-resisted|p2a: Lunar Call Star
|-damage|p2a: Lunar Call Star|92/100
|
|-weather|Sandstorm|[upkeep]
|-damage|p1a: Zapdos|82/100|[from] Sandstorm
|-heal|p1a: Zapdos|88/100|[from] item: Leftovers
|-heal|p2a: Lunar Call Star|98/100|[from] item: Leftovers
|upkeep
|turn|13
|
|t:|1728173559
|move|p1a: Zapdos|Thunderbolt|p2a: Lunar Call Star
|-damage|p2a: Lunar Call Star|63/100
|move|p2a: Lunar Call Star|Ice Punch|p1a: Zapdos
|-supereffective|p1a: Zapdos
|-damage|p1a: Zapdos|58/100
|
|-weather|Sandstorm|[upkeep]
|-damage|p1a: Zapdos|52/100|[from] Sandstorm
|-heal|p1a: Zapdos|58/100|[from] item: Leftovers
|-heal|p2a: Lunar Call Star|69/100|[from] item: Leftovers
|upkeep
|turn|14
|
|t:|1728173574
|switch|p1a: Metagross|Metagross|100/100
|-damage|p1a: Metagross|88/100|[from] Spikes
|move|p2a: Lunar Call Star|Ice Punch|p1a: Metagross
|-resisted|p1a: Metagross
|-damage|p1a: Metagross|76/100
|
|-weather|Sandstorm|[upkeep]
|-heal|p2a: Lunar Call Star|75/100|[from] item: Leftovers
|upkeep
|turn|15
|
|t:|1728173578
|switch|p2a: Instant Blue|Swampert, M|100/100
|move|p1a: Metagross|Earthquake|p2a: Instant Blue
|-damage|p2a: Instant Blue|52/100
|
|-weather|Sandstorm|[upkeep]
|-heal|p2a: Instant Blue|58/100|[from] item: Leftovers
|upkeep
|turn|16
|
|t:|1728173583
|switch|p1a: Zapdos|Zapdos|58/100
|switch|p2a: Observers Theory|Skarmory, F|100/100
|
|-weather|Sandstorm|[upkeep]
|-damage|p1a: Zapdos|52/100|[from] Sandstorm
|-heal|p1a: Zapdos|58/100|[from] item: Leftovers
|upkeep
|turn|17
|
|t:|1728173586
|switch|p2a: Instant Blue|Swampert, M|58/100
|move|p1a: Zapdos|Thunderbolt|p2a: Instant Blue
|-immune|p2a: Instant Blue
|
|-weather|Sandstorm|[upkeep]
|-damage|p1a: Zapdos|52/100|[from] Sandstorm
|-heal|p1a: Zapdos|58/100|[from] item: Leftovers
|-heal|p2a: Instant Blue|64/100|[from] item: Leftovers
|upkeep
|turn|18
|
|t:|1728173587
|switch|p2a: Lunar Call Star|Jirachi|75/100
|move|p1a: Zapdos|Hidden Power|p2a: Lunar Call Star
|-resisted|p2a: Lunar Call Star
|-damage|p2a: Lunar Call Star|67/100
|
|-weather|Sandstorm|[upkeep]
|-damage|p1a: Zapdos|52/100|[from] Sandstorm
|-heal|p1a: Zapdos|58/100|[from] item: Leftovers
|-heal|p2a: Lunar Call Star|73/100|[from] item: Leftovers
|upkeep
|turn|19
|
|t:|1728173590
|move|p1a: Zapdos|Thunderbolt|p2a: Lunar Call Star
|-damage|p2a: Lunar Call Star|42/100
|move|p2a: Lunar Call Star|Ice Punch|p1a: Zapdos
|-supereffective|p1a: Zapdos
|-damage|p1a: Zapdos|25/100
|
|-weather|Sandstorm|[upkeep]
|-damage|p1a: Zapdos|19/100|[from] Sandstorm
|-heal|p1a: Zapdos|25/100|[from] item: Leftovers
|-heal|p2a: Lunar Call Star|48/100|[from] item: Leftovers
|upkeep
|turn|20
|
|t:|1728173596
|switch|p1a: Swampert|Swampert, M|100/100
|-damage|p1a: Swampert|88/100|[from] Spikes
|move|p2a: Lunar Call Star|Psychic|p1a: Swampert
|-damage|p1a: Swampert|50/100
|
|-weather|Sandstorm|[upkeep]
|-heal|p2a: Lunar Call Star|54/100|[from] item: Leftovers
|-heal|p1a: Swampert|56/100|[from] item: Leftovers
|upkeep
|turn|21
|
|t:|1728173605
|switch|p2a: Observers Theory|Skarmory, F|100/100
|move|p1a: Swampert|Surf|p2a: Observers Theory
|-damage|p2a: Observers Theory|73/100
|
|-weather|Sandstorm|[upkeep]
|-heal|p2a: Observers Theory|79/100|[from] item: Leftovers
|-heal|p1a: Swampert|63/100|[from] item: Leftovers
|upkeep
|turn|22
|
|t:|1728173614
|switch|p1a: Zapdos|Zapdos|25/100
|move|p2a: Observers Theory|Roar|p1a: Zapdos
|drag|p1a: Aerodactyl|Aerodactyl, F|100/100
|
|-weather|Sandstorm|[upkeep]
|-heal|p2a: Observers Theory|85/100|[from] item: Leftovers
|upkeep
|turn|23
|
|t:|1728173618
|move|p1a: Aerodactyl|Rock Slide|p2a: Observers Theory
|-damage|p2a: Observers Theory|50/100
|move|p2a: Observers Theory|Toxic|p1a: Aerodactyl
|-status|p1a: Aerodactyl|tox
|
|-weather|Sandstorm|[upkeep]
|-damage|p1a: Aerodactyl|95/100 tox|[from] psn
|-heal|p2a: Observers Theory|56/100|[from] item: Leftovers
|upkeep
|turn|24
|
|t:|1728173626
|switch|p2a: Instant Blue|Swampert, M|64/100
|move|p1a: Aerodactyl|Rock Slide|p2a: Instant Blue
|-resisted|p2a: Instant Blue
|-damage|p2a: Instant Blue|42/100
|
|-weather|Sandstorm|[upkeep]
|-damage|p1a: Aerodactyl|83/100 tox|[from] psn
|-heal|p2a: Instant Blue|49/100|[from] item: Leftovers
|upkeep
|turn|25
|
|t:|1728173649
|switch|p1a: Dugtrio|Dugtrio, F|6/100
|-damage|p1a: Dugtrio|0 fnt|[from] Spikes
|faint|p1a: Dugtrio
|
|t:|1728173663
|switch|p1a: Zapdos|Zapdos|25/100
|
|-weather|Sandstorm|[upkeep]
|-damage|p1a: Zapdos|19/100|[from] Sandstorm
|-heal|p1a: Zapdos|25/100|[from] item: Leftovers
|-heal|p2a: Instant Blue|55/100|[from] item: Leftovers
|upkeep
|turn|26
|
|t:|1728173677
|move|p1a: Zapdos|Thunderbolt|p2a: Instant Blue
|-immune|p2a: Instant Blue
|move|p2a: Instant Blue|Ice Beam|p1a: Zapdos
|-supereffective|p1a: Zapdos
|-damage|p1a: Zapdos|0 fnt
|faint|p1a: Zapdos
|c|☆three chicks mafia|good call
|c|☆Key to Life|ty
|
|t:|1728173690
|switch|p1a: Metagross|Metagross|76/100
|-damage|p1a: Metagross|63/100|[from] Spikes
|
|-weather|Sandstorm|[upkeep]
|-heal|p2a: Instant Blue|61/100|[from] item: Leftovers
|upkeep
|turn|27
|
|t:|1728173693
|switch|p2a: Observers Theory|Skarmory, F|56/100
|move|p1a: Metagross|Explosion|p2a: Observers Theory
|-resisted|p2a: Observers Theory
|-damage|p2a: Observers Theory|0 fnt
|faint|p1a: Metagross
|faint|p2a: Observers Theory
|
|t:|1728173707
|switch|p1a: Tyranitar|Tyranitar, M|45/100
|switch|p2a: Lunar Call Star|Jirachi|54/100
|-damage|p1a: Tyranitar|33/100|[from] Spikes
|
|-weather|Sandstorm|[upkeep]
|-heal|p2a: Lunar Call Star|60/100|[from] item: Leftovers
|upkeep
|turn|28
|
|t:|1728173713
|move|p2a: Lunar Call Star|Hidden Power|p1a: Tyranitar
|-supereffective|p1a: Tyranitar
|-damage|p1a: Tyranitar|0 fnt
|faint|p1a: Tyranitar
|
|t:|1728173716
|switch|p1a: Aerodactyl|Aerodactyl, F|83/100 tox
|
|-weather|Sandstorm|[upkeep]
|-damage|p1a: Aerodactyl|77/100 tox|[from] psn
|-heal|p2a: Lunar Call Star|67/100|[from] item: Leftovers
|upkeep
|turn|29
|
|t:|1728173726
|move|p1a: Aerodactyl|Earthquake|p2a: Lunar Call Star
|-supereffective|p2a: Lunar Call Star
|-damage|p2a: Lunar Call Star|0 fnt
|faint|p2a: Lunar Call Star
|
|t:|1728173729
|switch|p2a: Tsukuyomi|Aerodactyl, M|100/100
|
|-weather|Sandstorm|[upkeep]
|-damage|p1a: Aerodactyl|65/100 tox|[from] psn
|upkeep
|turn|30
|
|t:|1728173731
|switch|p1a: Swampert|Swampert, M|63/100
|-damage|p1a: Swampert|50/100|[from] Spikes
|move|p2a: Tsukuyomi|Double-Edge|p1a: Swampert
|-damage|p1a: Swampert|15/100
|
|-weather|Sandstorm|[upkeep]
|-heal|p1a: Swampert|21/100|[from] item: Leftovers
|upkeep
|turn|31
|
|t:|1728173735
|move|p1a: Swampert|Protect|p1a: Swampert
|-singleturn|p1a: Swampert|Protect
|move|p2a: Tsukuyomi|Double-Edge|p1a: Swampert
|-activate|p1a: Swampert|Protect
|
|-weather|Sandstorm|[upkeep]
|-heal|p1a: Swampert|27/100|[from] item: Leftovers
|upkeep
|turn|32
|
|t:|1728173737
|switch|p1a: Aerodactyl|Aerodactyl, F|65/100 tox
|move|p2a: Tsukuyomi|Double-Edge|p1a: Aerodactyl
|-resisted|p1a: Aerodactyl
|-damage|p1a: Aerodactyl|18/100 tox
|
|-weather|Sandstorm|[upkeep]
|-damage|p1a: Aerodactyl|12/100 tox|[from] psn
|upkeep
|turn|33
|
|t:|1728173746
|switch|p2a: Midnight Trip|Tyranitar, M|100/100
|move|p1a: Aerodactyl|Rock Slide|p2a: Midnight Trip
|-damage|p2a: Midnight Trip|63/100
|
|-weather|Sandstorm|[upkeep]
|-damage|p1a: Aerodactyl|0 fnt|[from] psn
|faint|p1a: Aerodactyl
|upkeep
|
|t:|1728173750
|switch|p1a: Swampert|Swampert, M|27/100
|-damage|p1a: Swampert|15/100|[from] Spikes
|turn|34
|
|t:|1728173752
|move|p1a: Swampert|Protect|p1a: Swampert
|-singleturn|p1a: Swampert|Protect
|move|p2a: Midnight Trip|Double-Edge|p1a: Swampert
|-activate|p1a: Swampert|Protect
|
|-weather|Sandstorm|[upkeep]
|-heal|p1a: Swampert|21/100|[from] item: Leftovers
|upkeep
|turn|35
|c|☆three chicks mafia|gg
|c|☆Key to Life|ggs
|c|☆three chicks mafia|wp
|
|t:|1728173758
|move|p2a: Midnight Trip|Double-Edge|p1a: Swampert
|-crit|p1a: Swampert
|-damage|p1a: Swampert|0 fnt
|-damage|p2a: Midnight Trip|56/100|[from] Recoil|[of] p1a: Swampert
|faint|p1a: Swampert
|
|win|Key to Life
|c|☆Key to Life|gl in your next games

</script>
<script type="application/json" class="data" id="replaydata-smogtours-gen3ou-795367">
{"id":"smogtours-gen3ou-795367","format":"[Gen 3] OU","players":["three chicks mafia","Key to Life"],"uploadtime":1728173758,"views":123,"formatid":"gen3ou","rating":null,"private":0,"password":null}
</script>

<script defer src="js/replays.js?9d40a366"></script>
