<!DOCTYPE html>
<meta charset="utf-8" />
<meta name="viewport" content="width=device-width" />

<title>[Gen 3] OU: cheesimoon vs. drby - Replays - Pok&eacute;mon Showdown!</title>

<meta name="description" content="Watch a replay of a Pok&eacute;mon battle between cheesimoon and drby! Format: [Gen 3] OU; Date: Oct 2, 2024" />
<!--

Hey, you! Looking in the source for the replay log?

You can find them in JSON format, just add `.json` at the end of a replay URL.

https://replay.pokemonshowdown.com/gen7randomdoublesbattle-865046831.json

Or, if you only need the log itself, add `.log` instead:

https://replay.pokemonshowdown.com/gen7randomdoublesbattle-865046831.log

-->

<link rel="stylesheet" href="//pokemonshowdown.com/style/global.css?0.023195364461161105" />
<link rel="stylesheet" href="//play.pokemonshowdown.com/style/font-awesome.css?0.13261647063804238" />
<link rel="stylesheet" href="//play.pokemonshowdown.com/style/battle.css?0.8753245789963631" />
<link rel="stylesheet" href="//play.pokemonshowdown.com/style/utilichart.css?0.8627959624976733" />

<!-- Global site tag (gtag.js) - Google Analytics -->
<script async src="https://www.googletagmanager.com/gtag/js?id=UA-26211653-1"></script>
<script>
  window.dataLayer = window.dataLayer || [];
  function gtag(){dataLayer.push(arguments);}
  gtag('js', new Date());

  gtag('config', 'UA-26211653-1');
</script>
<!-- End Google Analytics -->
<!-- Venatus Ad Manager - Install in <HEAD> of page -->
	<script src="https://hb.vntsm.com/v3/live/ad-manager.min.js" type="text/javascript" data-site-id="642aba63ec9a7b11c3c9c1be" data-mode="scan" async></script>
<!-- / Venatus Ad Manager -->

<style>
	@media (max-width:820px) {
		.battle {
			margin: 0 auto;
		}
		.battle-log {
			margin: 7px auto 0;
			max-width: 640px;
			height: 300px;
			position: static;
		}
	}
	.optgroup {
		display: inline-block;
		line-height: 22px;
		font-size: 10pt;
	}
	.optgroup .button {
		height: 25px;
		padding-top: 0;
		padding-bottom: 0;
	}
	.optgroup button.button {
		padding-left: 12px;
		padding-right: 12px;
	}
	.linklist {
		list-style: none;
		margin: 0.5em 0;
		padding: 0;
	}
	.linklist li {
		padding: 2px 0;
	}
	.sidebar {
		float: left;
		width: 320px;
	}
	.bar-wrapper {
		max-width: 1100px;
		margin: 0 auto;
	}
	.bar-wrapper.has-sidebar {
		max-width: 1430px;
	}
	.mainbar {
		margin: 0;
		padding-right: 1px;
	}
	.mainbar.has-sidebar {
		margin-left: 330px;
	}
	@media (min-width: 1511px) {
		.sidebar {
			width: 400px;
		}
		.bar-wrapper.has-sidebar {
			max-width: 1510px;
		}
		.mainbar.has-sidebar {
			margin-left: 410px;
		}
	}
	.section.first-section {
		margin-top: 9px;
	}
	.blocklink small {
		white-space: normal;
	}
	.button {
		vertical-align: middle;
	}
	.replay-controls {
		padding-top: 10px;
	}
	.replay-controls h1 {
		font-size: 16pt;
		font-weight: normal;
		color: #CCC;
	}
	.pagelink {
		text-align: center;
	}
	.pagelink a {
		width: 150px;
	}
	.textbox, .button {
		font-size: 11pt;
		vertical-align: middle;
	}
	@media (max-width: 450px) {
		.button {
			font-size: 9pt;
		}
	}
</style>

<div>

	<header>
		<div class="nav-wrapper"><ul class="nav">
			<li><a class="button nav-first" href="//pokemonshowdown.com/"><img src="//pokemonshowdown.com/images/pokemonshowdownbeta.png" srcset="//pokemonshowdown.com/images/pokemonshowdownbeta.png 1x, //pokemonshowdown.com/images/pokemonshowdownbeta@2x.png 2x" alt="Pok&eacute;mon Showdown" width="146" height="44" /> Home</a></li>
			<li><a class="button" href="//pokemonshowdown.com/dex/">Pok&eacute;dex</a></li>
			<li><a class="button cur" href="/">Replays</a></li>
			<li><a class="button" href="//pokemonshowdown.com/ladder/">Ladder</a></li>
			<li><a class="button nav-last" href="//pokemonshowdown.com/forums/">Forum</a></li>
			<li><a class="button greenbutton nav-first nav-last" href="//play.pokemonshowdown.com/">Play</a></li>
		</ul></div>
	</header>

	<div class="main" id="main">

		<noscript><section class="section">You need to enable JavaScript to use this page; sorry!</section></noscript>

	</div>

</div>

<script defer nomodule src="//play.pokemonshowdown.com/js/lib/ps-polyfill.js"></script>
<script defer src="//play.pokemonshowdown.com/js/lib/preact.min.js"></script>

<script defer src="//play.pokemonshowdown.com/config/config.js?2bddbc15"></script>
<script defer src="//play.pokemonshowdown.com/js/lib/jquery-1.11.0.min.js"></script>
<script defer src="//play.pokemonshowdown.com/js/lib/html-sanitizer-minified.js"></script>
<script defer src="//play.pokemonshowdown.com/js/battle-sound.js"></script>
<script defer src="//play.pokemonshowdown.com/js/battledata.js?0.7209276989879541"></script>
<script defer src="//play.pokemonshowdown.com/data/pokedex-mini.js?0.6111056340867951"></script>
<script defer src="//play.pokemonshowdown.com/data/pokedex-mini-bw.js?0.3532142036491459"></script>
<script defer src="//play.pokemonshowdown.com/data/graphics.js?0.24223875632456182"></script>
<script defer src="//play.pokemonshowdown.com/data/pokedex.js?0.38839984266356864"></script>
<script defer src="//play.pokemonshowdown.com/data/moves.js?0.21866028504024015"></script>
<script defer src="//play.pokemonshowdown.com/data/abilities.js?0.2005157953846628"></script>
<script defer src="//play.pokemonshowdown.com/data/items.js?0.9894211263848525"></script>
<script defer src="//play.pokemonshowdown.com/data/teambuilder-tables.js?0.6008791140282215"></script>
<script defer src="//play.pokemonshowdown.com/js/battle-tooltips.js?0.7580118955022959"></script>
<script defer src="//play.pokemonshowdown.com/js/battle.js?0.6057722274234274"></script>

<script defer src="js/utils.js?e31f9a17"></script>
<script defer src="js/replays-battle.js?7008c182"></script>

<!-- don't scrape this data! just add .json or .log after the URL!
Full API docs: https://github.com/smogon/pokemon-showdown-client/blob/master/WEB-API.md -->
<script type="text/plain" class="log" id="replaylog-smogtours-gen3ou-794087">
|inactive|Battle timer is ON: inactive players will automatically lose when time's up.
|t:|1727905442
|gametype|singles
|player|p1|cheesimoon|265|
|player|p2|drby|pokemonbreeder-gen4|
|teamsize|p1|6
|teamsize|p2|6
|gen|3
|tier|[Gen 3] OU
|rule|Sleep Clause Mod: Limit one foe put to sleep
|rule|Switch Priority Clause Mod: Faster Pokémon switch first
|rule|Species Clause: Limit one of each Pokémon
|rule|OHKO Clause: OHKO moves are banned
|rule|Evasion Items Clause: Evasion items are banned
|rule|Evasion Moves Clause: Evasion moves are banned
|rule|Endless Battle Clause: Forcing endless battles is banned
|rule|HP Percentage Mod: HP is shown in percentages
|rule|One Boost Passer Clause: Limit one Baton Passer that has a way to boost its stats
|rule|Freeze Clause Mod: Limit one foe frozen
|
|t:|1727905442
|start
|switch|p1a: Saiki|Jirachi|100/100
|switch|p2a: Metagross|Metagross|100/100
|turn|1
|c|☆drby|gl
|c|☆cheesimoon|u2
|
|t:|1727905461
|switch|p1a: Hairo|Charizard, F|100/100
|move|p2a: Metagross|Earthquake|p1a: Hairo
|-immune|p1a: Hairo
|
|upkeep
|turn|2
|
|t:|1727905473
|switch|p2a: Salamence|Salamence, F|100/100
|-ability|p2a: Salamence|Intimidate|boost
|-unboost|p1a: Hairo|atk|1
|move|p1a: Hairo|Substitute|p1a: Hairo
|-start|p1a: Hairo|Substitute
|-damage|p1a: Hairo|76/100
|
|-heal|p1a: Hairo|82/100|[from] item: Leftovers
|upkeep
|turn|3
|
|t:|1727905486
|move|p1a: Hairo|Fire Blast|p2a: Salamence
|-resisted|p2a: Salamence
|-damage|p2a: Salamence|68/100
|move|p2a: Salamence|Dragon Dance|p2a: Salamence
|-boost|p2a: Salamence|atk|1
|-boost|p2a: Salamence|spe|1
|
|-heal|p1a: Hairo|88/100|[from] item: Leftovers
|upkeep
|turn|4
|
|t:|1727905515
|move|p2a: Salamence|Hidden Power|p1a: Hairo
|-end|p1a: Hairo|Substitute
|move|p1a: Hairo|Fire Blast|p2a: Salamence
|-resisted|p2a: Salamence
|-damage|p2a: Salamence|37/100
|-status|p2a: Salamence|brn
|-enditem|p2a: Salamence|Lum Berry|[eat]
|-curestatus|p2a: Salamence|brn|[msg]
|
|-heal|p1a: Hairo|94/100|[from] item: Leftovers
|upkeep
|turn|5
|
|t:|1727905526
|switch|p1a: Saiki|Jirachi|100/100
|move|p2a: Salamence|Rock Slide|p1a: Saiki
|-resisted|p1a: Saiki
|-damage|p1a: Saiki|75/100
|
|-heal|p1a: Saiki|81/100|[from] item: Leftovers
|upkeep
|turn|6
|
|t:|1727905534
|switch|p2a: Metagross|Metagross|100/100
|move|p1a: Saiki|Ice Punch|p2a: Metagross
|-resisted|p2a: Metagross
|-damage|p2a: Metagross|88/100
|
|-heal|p1a: Saiki|87/100|[from] item: Leftovers
|upkeep
|turn|7
|
|t:|1727905544
|switch|p1a: Aren|Swampert, M|100/100
|move|p2a: Metagross|Explosion|p1a: Aren
|-crit|p1a: Aren
|-damage|p1a: Aren|0 fnt
|faint|p2a: Metagross
|faint|p1a: Aren
|
|t:|1727905552
|switch|p2a: Flygon|Flygon, F|100/100
|switch|p1a: Saiki|Jirachi|87/100
|
|-heal|p1a: Saiki|93/100|[from] item: Leftovers
|upkeep
|turn|8
|
|t:|1727905559
|switch|p2a: Skarmory|Skarmory, M|100/100
|move|p1a: Saiki|Ice Punch|p2a: Skarmory
|-damage|p2a: Skarmory|79/100
|
|-heal|p1a: Saiki|99/100|[from] item: Leftovers
|-heal|p2a: Skarmory|85/100|[from] item: Leftovers
|upkeep
|turn|9
|
|t:|1727905565
|move|p2a: Skarmory|Protect|p2a: Skarmory
|-singleturn|p2a: Skarmory|Protect
|move|p1a: Saiki|Thunderbolt|p2a: Skarmory
|-activate|p2a: Skarmory|Protect
|
|-heal|p1a: Saiki|100/100|[from] item: Leftovers
|-heal|p2a: Skarmory|91/100|[from] item: Leftovers
|upkeep
|turn|10
|
|t:|1727905575
|move|p1a: Saiki|Thunderbolt|p2a: Skarmory
|-supereffective|p2a: Skarmory
|-damage|p2a: Skarmory|34/100
|-status|p2a: Skarmory|par
|move|p2a: Skarmory|Spikes|p1a: Saiki
|-sidestart|p1: cheesimoon|Spikes
|
|-heal|p2a: Skarmory|40/100 par|[from] item: Leftovers
|upkeep
|turn|11
|inactive|cheesimoon has 270 seconds left.
|
|t:|1727905611
|switch|p2a: Zapdos|Zapdos|100/100
|move|p1a: Saiki|Thunderbolt|p2a: Zapdos
|-damage|p2a: Zapdos|80/100
|
|-heal|p2a: Zapdos|86/100|[from] item: Leftovers
|upkeep
|turn|12
|
|t:|1727905616
|move|p1a: Saiki|Body Slam|p2a: Zapdos
|-damage|p2a: Zapdos|65/100
|-status|p2a: Zapdos|par
|cant|p2a: Zapdos|par
|
|-heal|p2a: Zapdos|71/100 par|[from] item: Leftovers
|upkeep
|turn|13
|inactive|cheesimoon has 270 seconds left.
|
|t:|1727905636
|switch|p1a: Nendo|Tyranitar, M|100/100
|-damage|p1a: Nendo|88/100|[from] Spikes
|-weather|Sandstorm|[from] ability: Sand Stream|[of] p1a: Nendo
|cant|p2a: Zapdos|par
|
|-weather|Sandstorm|[upkeep]
|-damage|p2a: Zapdos|65/100 par|[from] Sandstorm
|-heal|p1a: Nendo|94/100|[from] item: Leftovers
|-heal|p2a: Zapdos|71/100 par|[from] item: Leftovers
|upkeep
|turn|14
|inactive|cheesimoon has 270 seconds left.
|
|t:|1727905661
|switch|p1a: Teruhashi|Celebi|100/100
|-damage|p1a: Teruhashi|88/100|[from] Spikes
|switch|p2a: Skarmory|Skarmory, M|40/100 par
|
|-weather|Sandstorm|[upkeep]
|-damage|p1a: Teruhashi|82/100|[from] Sandstorm
|-heal|p1a: Teruhashi|88/100|[from] item: Leftovers
|-heal|p2a: Skarmory|46/100 par|[from] item: Leftovers
|upkeep
|turn|15
|
|t:|1727905664
|move|p1a: Teruhashi|Leech Seed|p2a: Skarmory
|-start|p2a: Skarmory|move: Leech Seed
|move|p2a: Skarmory|Spikes|p1a: Teruhashi
|-sidestart|p1: cheesimoon|Spikes
|
|-weather|Sandstorm|[upkeep]
|-damage|p1a: Teruhashi|82/100|[from] Sandstorm
|-heal|p1a: Teruhashi|88/100|[from] item: Leftovers
|-heal|p2a: Skarmory|52/100 par|[from] item: Leftovers
|-damage|p2a: Skarmory|39/100 par|[from] Leech Seed|[of] p1a: Teruhashi
|-heal|p1a: Teruhashi|98/100|[silent]
|upkeep
|turn|16
|
|t:|1727905673
|switch|p2a: Zapdos|Zapdos|71/100 par
|move|p1a: Teruhashi|Calm Mind|p1a: Teruhashi
|-boost|p1a: Teruhashi|spa|1
|-boost|p1a: Teruhashi|spd|1
|
|-weather|Sandstorm|[upkeep]
|-damage|p1a: Teruhashi|92/100|[from] Sandstorm
|-damage|p2a: Zapdos|65/100 par|[from] Sandstorm
|-heal|p1a: Teruhashi|98/100|[from] item: Leftovers
|-heal|p2a: Zapdos|71/100 par|[from] item: Leftovers
|upkeep
|turn|17
|
|t:|1727905680
|move|p1a: Teruhashi|Leech Seed|p2a: Zapdos
|-start|p2a: Zapdos|move: Leech Seed
|move|p2a: Zapdos|Roar|p1a: Teruhashi
|drag|p1a: Saiki|Jirachi|100/100
|-damage|p1a: Saiki|84/100|[from] Spikes
|
|-weather|Sandstorm|[upkeep]
|-damage|p2a: Zapdos|65/100 par|[from] Sandstorm
|-heal|p1a: Saiki|90/100|[from] item: Leftovers
|-heal|p2a: Zapdos|71/100 par|[from] item: Leftovers
|-damage|p2a: Zapdos|59/100 par|[from] Leech Seed|[of] p1a: Saiki
|-heal|p1a: Saiki|100/100|[silent]
|upkeep
|turn|18
|
|t:|1727905695
|switch|p2a: Gengar|Gengar, F, shiny|100/100
|move|p1a: Saiki|Ice Punch|p2a: Gengar
|-damage|p2a: Gengar|68/100
|-status|p2a: Gengar|frz
|
|-weather|Sandstorm|[upkeep]
|-damage|p2a: Gengar|62/100 frz|[from] Sandstorm
|-heal|p2a: Gengar|68/100 frz|[from] item: Leftovers
|upkeep
|turn|19
|c|☆cheesimoon|bruh im actually so sorry
|
|t:|1727905709
|cant|p2a: Gengar|frz
|move|p1a: Saiki|Thunderbolt|p2a: Gengar
|-damage|p2a: Gengar|27/100 frz
|
|-weather|Sandstorm|[upkeep]
|-damage|p2a: Gengar|21/100 frz|[from] Sandstorm
|-heal|p2a: Gengar|27/100 frz|[from] item: Leftovers
|upkeep
|turn|20
|c|☆drby|no worries
|
|t:|1727905723
|cant|p2a: Gengar|frz
|move|p1a: Saiki|Ice Punch|p2a: Gengar
|-damage|p2a: Gengar|0 fnt
|faint|p2a: Gengar
|
|t:|1727905732
|switch|p2a: Flygon|Flygon, F|100/100
|
|-weather|Sandstorm|[upkeep]
|upkeep
|turn|21
|
|t:|1727905737
|move|p2a: Flygon|Earthquake|p1a: Saiki
|-supereffective|p1a: Saiki
|-damage|p1a: Saiki|21/100
|move|p1a: Saiki|Ice Punch|p2a: Flygon
|-supereffective|p2a: Flygon
|-damage|p2a: Flygon|0 fnt
|faint|p2a: Flygon
|
|t:|1727905745
|switch|p2a: Zapdos|Zapdos|59/100 par
|
|-weather|Sandstorm|[upkeep]
|-damage|p2a: Zapdos|52/100 par|[from] Sandstorm
|-heal|p1a: Saiki|27/100|[from] item: Leftovers
|-heal|p2a: Zapdos|59/100 par|[from] item: Leftovers
|upkeep
|turn|22
|
|t:|1727905751
|move|p1a: Saiki|Ice Punch|p2a: Zapdos
|-supereffective|p2a: Zapdos
|-damage|p2a: Zapdos|26/100 par
|move|p2a: Zapdos|Rest|p2a: Zapdos
|-status|p2a: Zapdos|slp|[from] move: Rest
|-heal|p2a: Zapdos|100/100 slp|[silent]
|
|-weather|Sandstorm|[upkeep]
|-damage|p2a: Zapdos|94/100 slp|[from] Sandstorm
|-heal|p1a: Saiki|33/100|[from] item: Leftovers
|-heal|p2a: Zapdos|100/100 slp|[from] item: Leftovers
|upkeep
|turn|23
|
|t:|1727905759
|move|p1a: Saiki|Ice Punch|p2a: Zapdos
|-supereffective|p2a: Zapdos
|-damage|p2a: Zapdos|67/100 slp
|cant|p2a: Zapdos|slp
|move|p2a: Zapdos|Sleep Talk|p2a: Zapdos
|move|p2a: Zapdos|Roar|p1a: Saiki|[from]Sleep Talk
|drag|p1a: Kaido|Zapdos|100/100
|
|-weather|Sandstorm|[upkeep]
|-damage|p1a: Kaido|94/100|[from] Sandstorm
|-damage|p2a: Zapdos|61/100 slp|[from] Sandstorm
|-heal|p1a: Kaido|100/100|[from] item: Leftovers
|-heal|p2a: Zapdos|67/100 slp|[from] item: Leftovers
|upkeep
|turn|24
|
|t:|1727905768
|move|p1a: Kaido|Thunderbolt|p2a: Zapdos
|-damage|p2a: Zapdos|31/100 slp
|cant|p2a: Zapdos|slp
|move|p2a: Zapdos|Sleep Talk|p2a: Zapdos
|move|p2a: Zapdos|Roar|p1a: Kaido|[from]Sleep Talk
|drag|p1a: Saiki|Jirachi|33/100
|-damage|p1a: Saiki|17/100|[from] Spikes
|
|-weather|Sandstorm|[upkeep]
|-damage|p2a: Zapdos|25/100 slp|[from] Sandstorm
|-heal|p1a: Saiki|23/100|[from] item: Leftovers
|-heal|p2a: Zapdos|31/100 slp|[from] item: Leftovers
|upkeep
|turn|25
|
|t:|1727905778
|switch|p2a: Skarmory|Skarmory, M|39/100 par
|move|p1a: Saiki|Ice Punch|p2a: Skarmory
|-damage|p2a: Skarmory|19/100 par
|
|-weather|Sandstorm|[upkeep]
|-heal|p1a: Saiki|29/100|[from] item: Leftovers
|-heal|p2a: Skarmory|25/100 par|[from] item: Leftovers
|upkeep
|turn|26
|
|t:|1727905789
|move|p1a: Saiki|Thunderbolt|p2a: Skarmory
|-supereffective|p2a: Skarmory
|-damage|p2a: Skarmory|0 fnt
|faint|p2a: Skarmory
|
|t:|1727905792
|switch|p2a: Salamence|Salamence, F|37/100
|-ability|p2a: Salamence|Intimidate|boost
|-unboost|p1a: Saiki|atk|1
|
|-weather|Sandstorm|[upkeep]
|-damage|p2a: Salamence|30/100|[from] Sandstorm
|-heal|p1a: Saiki|35/100|[from] item: Leftovers
|upkeep
|turn|27
|
|t:|1727905801
|move|p2a: Salamence|Rock Slide|p1a: Saiki
|-resisted|p1a: Saiki
|-damage|p1a: Saiki|18/100
|cant|p1a: Saiki|flinch
|
|-weather|Sandstorm|[upkeep]
|-damage|p2a: Salamence|24/100|[from] Sandstorm
|-heal|p1a: Saiki|24/100|[from] item: Leftovers
|upkeep
|turn|28
|
|t:|1727905807
|move|p2a: Salamence|Brick Break|p1a: Saiki
|-damage|p1a: Saiki|0 fnt
|faint|p1a: Saiki
|
|t:|1727905819
|switch|p1a: Teruhashi|Celebi|98/100
|-damage|p1a: Teruhashi|82/100|[from] Spikes
|
|-weather|Sandstorm|[upkeep]
|-damage|p2a: Salamence|18/100|[from] Sandstorm
|-damage|p1a: Teruhashi|75/100|[from] Sandstorm
|-heal|p1a: Teruhashi|82/100|[from] item: Leftovers
|upkeep
|turn|29
|
|t:|1727905825
|move|p2a: Salamence|Hidden Power|p1a: Teruhashi
|-supereffective|p1a: Teruhashi
|-damage|p1a: Teruhashi|10/100
|move|p1a: Teruhashi|Psychic|p2a: Salamence
|-damage|p2a: Salamence|0 fnt
|faint|p2a: Salamence
|
|t:|1727905830
|switch|p2a: Zapdos|Zapdos|31/100 slp
|
|-weather|Sandstorm|[upkeep]
|-damage|p2a: Zapdos|25/100 slp|[from] Sandstorm
|-damage|p1a: Teruhashi|4/100|[from] Sandstorm
|-heal|p2a: Zapdos|31/100 slp|[from] item: Leftovers
|-heal|p1a: Teruhashi|10/100|[from] item: Leftovers
|upkeep
|turn|30
|
|t:|1727905841
|cant|p2a: Zapdos|slp
|move|p2a: Zapdos|Sleep Talk|p2a: Zapdos
|move|p2a: Zapdos|Rest|p2a: Zapdos|[from]Sleep Talk
|move|p1a: Teruhashi|Leech Seed|p2a: Zapdos
|-start|p2a: Zapdos|move: Leech Seed
|
|-weather|Sandstorm|[upkeep]
|-damage|p2a: Zapdos|25/100 slp|[from] Sandstorm
|-damage|p1a: Teruhashi|4/100|[from] Sandstorm
|-heal|p2a: Zapdos|31/100 slp|[from] item: Leftovers
|-damage|p2a: Zapdos|18/100 slp|[from] Leech Seed|[of] p1a: Teruhashi
|-heal|p1a: Teruhashi|16/100|[silent]
|-heal|p1a: Teruhashi|22/100|[from] item: Leftovers
|upkeep
|turn|31
|
|t:|1727905848
|cant|p2a: Zapdos|slp
|move|p2a: Zapdos|Sleep Talk|p2a: Zapdos
|move|p2a: Zapdos|Roar|p1a: Teruhashi|[from]Sleep Talk
|drag|p1a: Hairo|Charizard, F|94/100
|
|-weather|Sandstorm|[upkeep]
|-damage|p1a: Hairo|88/100|[from] Sandstorm
|-damage|p2a: Zapdos|12/100 slp|[from] Sandstorm
|-heal|p1a: Hairo|94/100|[from] item: Leftovers
|-heal|p2a: Zapdos|18/100 slp|[from] item: Leftovers
|-damage|p2a: Zapdos|6/100 slp|[from] Leech Seed|[of] p1a: Hairo
|-heal|p1a: Hairo|100/100|[silent]
|upkeep
|turn|32
|c|☆cheesimoon|gg
|
|t:|1727905855
|-singleturn|p1a: Hairo|move: Focus Punch
|-curestatus|p2a: Zapdos|slp|[msg]
|move|p2a: Zapdos|Rest|p2a: Zapdos
|-status|p2a: Zapdos|slp|[from] move: Rest
|-heal|p2a: Zapdos|100/100 slp|[silent]
|move|p1a: Hairo|Focus Punch|p2a: Zapdos
|-resisted|p2a: Zapdos
|-damage|p2a: Zapdos|86/100 slp
|
|-weather|Sandstorm|[upkeep]
|-damage|p1a: Hairo|94/100|[from] Sandstorm
|-damage|p2a: Zapdos|79/100 slp|[from] Sandstorm
|-heal|p1a: Hairo|100/100|[from] item: Leftovers
|-heal|p2a: Zapdos|86/100 slp|[from] item: Leftovers
|-damage|p2a: Zapdos|73/100 slp|[from] Leech Seed|[of] p1a: Hairo
|upkeep
|turn|33
|
|t:|1727905864
|move|p1a: Hairo|Fire Blast|p2a: Zapdos
|-damage|p2a: Zapdos|34/100 slp
|cant|p2a: Zapdos|slp
|move|p2a: Zapdos|Sleep Talk|p2a: Zapdos
|move|p2a: Zapdos|Thunderbolt|p1a: Hairo|[from]Sleep Talk
|-supereffective|p1a: Hairo
|-damage|p1a: Hairo|0 fnt
|faint|p1a: Hairo
|c|☆cheesimoon|shoot i talked too eaerly
|
|t:|1727905875
|switch|p1a: Nendo|Tyranitar, M|94/100
|-damage|p1a: Nendo|78/100|[from] Spikes
|
|-weather|Sandstorm|[upkeep]
|-damage|p2a: Zapdos|27/100 slp|[from] Sandstorm
|-heal|p2a: Zapdos|34/100 slp|[from] item: Leftovers
|-damage|p2a: Zapdos|21/100 slp|[from] Leech Seed|[of] p1a: Nendo
|-heal|p1a: Nendo|90/100|[silent]
|-heal|p1a: Nendo|96/100|[from] item: Leftovers
|upkeep
|turn|34
|c|☆drby|cmon zap XD
|
|t:|1727905883
|cant|p2a: Zapdos|slp
|move|p2a: Zapdos|Sleep Talk|p2a: Zapdos
|move|p2a: Zapdos|Roar|p1a: Nendo|[from]Sleep Talk
|drag|p1a: Kaido|Zapdos|100/100
|
|-weather|Sandstorm|[upkeep]
|-damage|p1a: Kaido|94/100|[from] Sandstorm
|-damage|p2a: Zapdos|15/100 slp|[from] Sandstorm
|-heal|p1a: Kaido|100/100|[from] item: Leftovers
|-heal|p2a: Zapdos|21/100 slp|[from] item: Leftovers
|-damage|p2a: Zapdos|9/100 slp|[from] Leech Seed|[of] p1a: Kaido
|upkeep
|turn|35
|
|t:|1727905889
|move|p1a: Kaido|Thunderbolt|p2a: Zapdos
|-damage|p2a: Zapdos|0 fnt
|faint|p2a: Zapdos
|
|win|cheesimoon
|c|☆drby|gg
|c|☆cheesimoon|gg
|c|☆drby|its just best of 3 yes?
|c|☆cheesimoon|yea 1 set of best of 3
|c|☆drby|thought so. wp
|c|☆cheesimoon|dang i feel like i lucked out this round 
|c|☆drby|good luck on your next games!
|c|☆cheesimoon|but i suppose thats the game 
|c|☆cheesimoon|yea ur not out yet thankfully
|c|☆drby|no worries that's how it goes
|c|☆cheesimoon|u2!
|c|☆drby|have a good one

</script>
<script type="application/json" class="data" id="replaydata-smogtours-gen3ou-794087">
{"id":"smogtours-gen3ou-794087","format":"[Gen 3] OU","players":["cheesimoon","drby"],"uploadtime":1727905889,"views":118,"formatid":"gen3ou","rating":null,"private":0,"password":null}
</script>

<script defer src="js/replays.js?9d40a366"></script>
