<!DOCTYPE html>
<meta charset="utf-8" />
<meta name="viewport" content="width=device-width" />

<title>[Gen 3] OU: keeping it icy vs. TheLargestLad - Replays - Pok&eacute;mon Showdown!</title>

<meta name="description" content="Watch a replay of a Pok&eacute;mon battle between keeping it icy and TheLargestLad! Format: [Gen 3] OU; Date: Nov 8, 2024" />
<!--

Hey, you! Looking in the source for the replay log?

You can find them in JSON format, just add `.json` at the end of a replay URL.

https://replay.pokemonshowdown.com/gen7randomdoublesbattle-865046831.json

Or, if you only need the log itself, add `.log` instead:

https://replay.pokemonshowdown.com/gen7randomdoublesbattle-865046831.log

-->

<link rel="stylesheet" href="//pokemonshowdown.com/style/global.css?0.023195364461161105" />
<link rel="stylesheet" href="//play.pokemonshowdown.com/style/font-awesome.css?0.13261647063804238" />
<link rel="stylesheet" href="//play.pokemonshowdown.com/style/battle.css?0.8753245789963631" />
<link rel="stylesheet" href="//play.pokemonshowdown.com/style/utilichart.css?0.8627959624976733" />

<!-- Global site tag (gtag.js) - Google Analytics -->
<script async src="https://www.googletagmanager.com/gtag/js?id=UA-26211653-1"></script>
<script>
  window.dataLayer = window.dataLayer || [];
  function gtag(){dataLayer.push(arguments);}
  gtag('js', new Date());

  gtag('config', 'UA-26211653-1');
</script>
<!-- End Google Analytics -->
<!-- Venatus Ad Manager - Install in <HEAD> of page -->
	<script src="https://hb.vntsm.com/v3/live/ad-manager.min.js" type="text/javascript" data-site-id="642aba63ec9a7b11c3c9c1be" data-mode="scan" async></script>
<!-- / Venatus Ad Manager -->

<style>
	@media (max-width:820px) {
		.battle {
			margin: 0 auto;
		}
		.battle-log {
			margin: 7px auto 0;
			max-width: 640px;
			height: 300px;
			position: static;
		}
	}
	.optgroup {
		display: inline-block;
		line-height: 22px;
		font-size: 10pt;
	}
	.optgroup .button {
		height: 25px;
		padding-top: 0;
		padding-bottom: 0;
	}
	.optgroup button.button {
		padding-left: 12px;
		padding-right: 12px;
	}
	.linklist {
		list-style: none;
		margin: 0.5em 0;
		padding: 0;
	}
	.linklist li {
		padding: 2px 0;
	}
	.sidebar {
		float: left;
		width: 320px;
	}
	.bar-wrapper {
		max-width: 1100px;
		margin: 0 auto;
	}
	.bar-wrapper.has-sidebar {
		max-width: 1430px;
	}
	.mainbar {
		margin: 0;
		padding-right: 1px;
	}
	.mainbar.has-sidebar {
		margin-left: 330px;
	}
	@media (min-width: 1511px) {
		.sidebar {
			width: 400px;
		}
		.bar-wrapper.has-sidebar {
			max-width: 1510px;
		}
		.mainbar.has-sidebar {
			margin-left: 410px;
		}
	}
	.section.first-section {
		margin-top: 9px;
	}
	.blocklink small {
		white-space: normal;
	}
	.button {
		vertical-align: middle;
	}
	.replay-controls {
		padding-top: 10px;
	}
	.replay-controls h1 {
		font-size: 16pt;
		font-weight: normal;
		color: #CCC;
	}
	.pagelink {
		text-align: center;
	}
	.pagelink a {
		width: 150px;
	}
	.textbox, .button {
		font-size: 11pt;
		vertical-align: middle;
	}
	@media (max-width: 450px) {
		.button {
			font-size: 9pt;
		}
	}
</style>

<div>

	<header>
		<div class="nav-wrapper"><ul class="nav">
			<li><a class="button nav-first" href="//pokemonshowdown.com/"><img src="//pokemonshowdown.com/images/pokemonshowdownbeta.png" srcset="//pokemonshowdown.com/images/pokemonshowdownbeta.png 1x, //pokemonshowdown.com/images/pokemonshowdownbeta@2x.png 2x" alt="Pok&eacute;mon Showdown" width="146" height="44" /> Home</a></li>
			<li><a class="button" href="//pokemonshowdown.com/dex/">Pok&eacute;dex</a></li>
			<li><a class="button cur" href="/">Replays</a></li>
			<li><a class="button" href="//pokemonshowdown.com/ladder/">Ladder</a></li>
			<li><a class="button nav-last" href="//pokemonshowdown.com/forums/">Forum</a></li>
			<li><a class="button greenbutton nav-first nav-last" href="//play.pokemonshowdown.com/">Play</a></li>
		</ul></div>
	</header>

	<div class="main" id="main">

		<noscript><section class="section">You need to enable JavaScript to use this page; sorry!</section></noscript>

	</div>

</div>

<script defer nomodule src="//play.pokemonshowdown.com/js/lib/ps-polyfill.js"></script>
<script defer src="//play.pokemonshowdown.com/js/lib/preact.min.js"></script>

<script defer src="//play.pokemonshowdown.com/config/config.js?2bddbc15"></script>
<script defer src="//play.pokemonshowdown.com/js/lib/jquery-1.11.0.min.js"></script>
<script defer src="//play.pokemonshowdown.com/js/lib/html-sanitizer-minified.js"></script>
<script defer src="//play.pokemonshowdown.com/js/battle-sound.js"></script>
<script defer src="//play.pokemonshowdown.com/js/battledata.js?0.7209276989879541"></script>
<script defer src="//play.pokemonshowdown.com/data/pokedex-mini.js?0.6111056340867951"></script>
<script defer src="//play.pokemonshowdown.com/data/pokedex-mini-bw.js?0.3532142036491459"></script>
<script defer src="//play.pokemonshowdown.com/data/graphics.js?0.24223875632456182"></script>
<script defer src="//play.pokemonshowdown.com/data/pokedex.js?0.38839984266356864"></script>
<script defer src="//play.pokemonshowdown.com/data/moves.js?0.21866028504024015"></script>
<script defer src="//play.pokemonshowdown.com/data/abilities.js?0.2005157953846628"></script>
<script defer src="//play.pokemonshowdown.com/data/items.js?0.9894211263848525"></script>
<script defer src="//play.pokemonshowdown.com/data/teambuilder-tables.js?0.6008791140282215"></script>
<script defer src="//play.pokemonshowdown.com/js/battle-tooltips.js?0.7580118955022959"></script>
<script defer src="//play.pokemonshowdown.com/js/battle.js?0.6057722274234274"></script>

<script defer src="js/utils.js?e31f9a17"></script>
<script defer src="js/replays-battle.js?7008c182"></script>

<!-- don't scrape this data! just add .json or .log after the URL!
Full API docs: https://github.com/smogon/pokemon-showdown-client/blob/master/WEB-API.md -->
<script type="text/plain" class="log" id="replaylog-smogtours-gen3ou-805312">
|inactive|Battle timer is ON: inactive players will automatically lose when time's up.
|t:|1731103812
|gametype|singles
|player|p1|keeping it icy|skier-gen2|
|player|p2|TheLargestLad|wattson|
|teamsize|p1|6
|teamsize|p2|6
|gen|3
|tier|[Gen 3] OU
|rule|Sleep Clause Mod: Limit one foe put to sleep
|rule|Switch Priority Clause Mod: Faster Pokémon switch first
|rule|Species Clause: Limit one of each Pokémon
|rule|OHKO Clause: OHKO moves are banned
|rule|Evasion Items Clause: Evasion items are banned
|rule|Evasion Moves Clause: Evasion moves are banned
|rule|Endless Battle Clause: Forcing endless battles is banned
|rule|HP Percentage Mod: HP is shown in percentages
|rule|One Boost Passer Clause: Limit one Baton Passer that has a way to boost its stats
|rule|Freeze Clause Mod: Limit one foe frozen
|
|t:|1731103812
|start
|switch|p1a: Rubentussy|Tyranitar, M|100/100
|switch|p2a: The Zappening|Zapdos|100/100
|-weather|Sandstorm|[from] ability: Sand Stream|[of] p1a: Rubentussy
|turn|1
|inactive|keeping it icy has 270 seconds left.
|inactive|keeping it icy has 240 seconds left.
|
|t:|1731103895
|move|p2a: The Zappening|Baton Pass|p2a: The Zappening
|
|t:|1731103899
|switch|p2a: SogDog|Suicune|100/100|[from] Baton Pass
|move|p1a: Rubentussy|Ice Beam|p2a: SogDog
|-resisted|p2a: SogDog
|-damage|p2a: SogDog|88/100
|
|-weather|Sandstorm|[upkeep]
|-damage|p2a: SogDog|82/100|[from] Sandstorm
|-heal|p2a: SogDog|88/100|[from] item: Leftovers
|upkeep
|turn|2
|inactive|keeping it icy has 270 seconds left.
|
|t:|1731103954
|switch|p1a: Gyarados|Gyarados, M|100/100
|-ability|p1a: Gyarados|Intimidate|boost
|-unboost|p2a: SogDog|atk|1
|move|p2a: SogDog|Hydro Pump|p1a: Gyarados
|-resisted|p1a: Gyarados
|-damage|p1a: Gyarados|72/100
|
|-weather|Sandstorm|[upkeep]
|-damage|p2a: SogDog|82/100|[from] Sandstorm
|-damage|p1a: Gyarados|66/100|[from] Sandstorm
|-heal|p2a: SogDog|88/100|[from] item: Leftovers
|-heal|p1a: Gyarados|72/100|[from] item: Leftovers
|upkeep
|turn|3
|
|t:|1731103968
|switch|p1a: Snorlax|Snorlax, F, shiny|100/100
|move|p2a: SogDog|Roar|p1a: Snorlax
|drag|p1a: Jirachi|Jirachi|100/100
|
|-weather|Sandstorm|[upkeep]
|-damage|p2a: SogDog|82/100|[from] Sandstorm
|-heal|p2a: SogDog|88/100|[from] item: Leftovers
|upkeep
|turn|4
|
|t:|1731103976
|move|p1a: Jirachi|Calm Mind|p1a: Jirachi
|-boost|p1a: Jirachi|spa|1
|-boost|p1a: Jirachi|spd|1
|move|p2a: SogDog|Hydro Pump|p1a: Jirachi|[miss]
|-miss|p2a: SogDog|p1a: Jirachi
|
|-weather|Sandstorm|[upkeep]
|-damage|p2a: SogDog|82/100|[from] Sandstorm
|-heal|p2a: SogDog|88/100|[from] item: Leftovers
|upkeep
|turn|5
|
|t:|1731103980
|move|p1a: Jirachi|Thunderbolt|p2a: SogDog
|-supereffective|p2a: SogDog
|-damage|p2a: SogDog|21/100
|move|p2a: SogDog|Hydro Pump|p1a: Jirachi
|-crit|p1a: Jirachi
|-damage|p1a: Jirachi|9/100
|
|-weather|Sandstorm|[upkeep]
|-damage|p2a: SogDog|15/100|[from] Sandstorm
|-heal|p1a: Jirachi|16/100|[from] item: Leftovers
|-heal|p2a: SogDog|21/100|[from] item: Leftovers
|upkeep
|turn|6
|
|t:|1731103984
|switch|p2a: Stoogeposting|Dugtrio, M|100/100
|move|p1a: Jirachi|Hidden Power|p2a: Stoogeposting
|-supereffective|p2a: Stoogeposting
|-damage|p2a: Stoogeposting|0 fnt
|faint|p2a: Stoogeposting
|
|t:|1731103993
|switch|p2a: The Zappening|Zapdos|100/100
|
|-weather|Sandstorm|[upkeep]
|-damage|p2a: The Zappening|94/100|[from] Sandstorm
|-heal|p2a: The Zappening|100/100|[from] item: Leftovers
|-heal|p1a: Jirachi|22/100|[from] item: Leftovers
|upkeep
|turn|7
|inactive|keeping it icy has 270 seconds left.
|
|t:|1731104022
|move|p2a: The Zappening|Thunderbolt|p1a: Jirachi
|-damage|p1a: Jirachi|0 fnt
|faint|p1a: Jirachi
|
|t:|1731104044
|switch|p1a: Rubentussy|Tyranitar, M|100/100
|
|-weather|Sandstorm|[upkeep]
|-damage|p2a: The Zappening|94/100|[from] Sandstorm
|-heal|p2a: The Zappening|100/100|[from] item: Leftovers
|upkeep
|turn|8
|
|t:|1731104061
|move|p2a: The Zappening|Thunderbolt|p1a: Rubentussy
|-damage|p1a: Rubentussy|57/100
|move|p1a: Rubentussy|Crunch|p2a: The Zappening
|-damage|p2a: The Zappening|55/100
|
|-weather|Sandstorm|[upkeep]
|-damage|p2a: The Zappening|48/100|[from] Sandstorm
|-heal|p2a: The Zappening|55/100|[from] item: Leftovers
|-heal|p1a: Rubentussy|64/100|[from] item: Leftovers
|upkeep
|turn|9
|
|t:|1731104070
|switch|p2a: The Fridge|Regice|100/100
|move|p1a: Rubentussy|Ice Beam|p2a: The Fridge
|-resisted|p2a: The Fridge
|-damage|p2a: The Fridge|93/100
|
|-weather|Sandstorm|[upkeep]
|-damage|p2a: The Fridge|87/100|[from] Sandstorm
|-heal|p1a: Rubentussy|70/100|[from] item: Leftovers
|-heal|p2a: The Fridge|93/100|[from] item: Leftovers
|upkeep
|turn|10
|
|t:|1731104081
|move|p1a: Rubentussy|Rock Slide|p2a: The Fridge
|-supereffective|p2a: The Fridge
|-damage|p2a: The Fridge|37/100
|cant|p2a: The Fridge|flinch
|
|-weather|Sandstorm|[upkeep]
|-damage|p2a: The Fridge|31/100|[from] Sandstorm
|-heal|p1a: Rubentussy|76/100|[from] item: Leftovers
|-heal|p2a: The Fridge|37/100|[from] item: Leftovers
|upkeep
|turn|11
|
|t:|1731104087
|switch|p2a: Onyon|Celebi|100/100
|move|p1a: Rubentussy|Rock Slide|p2a: Onyon
|-damage|p2a: Onyon|72/100
|
|-weather|Sandstorm|[upkeep]
|-damage|p2a: Onyon|66/100|[from] Sandstorm
|-heal|p2a: Onyon|72/100|[from] item: Leftovers
|-heal|p1a: Rubentussy|82/100|[from] item: Leftovers
|upkeep
|turn|12
|
|t:|1731104090
|move|p2a: Onyon|Calm Mind|p2a: Onyon
|-boost|p2a: Onyon|spa|1
|-boost|p2a: Onyon|spd|1
|move|p1a: Rubentussy|Crunch|p2a: Onyon
|-supereffective|p2a: Onyon
|-damage|p2a: Onyon|25/100
|
|-weather|Sandstorm|[upkeep]
|-damage|p2a: Onyon|19/100|[from] Sandstorm
|-heal|p2a: Onyon|25/100|[from] item: Leftovers
|-heal|p1a: Rubentussy|88/100|[from] item: Leftovers
|upkeep
|turn|13
|
|t:|1731104107
|switch|p1a: Snorlax|Snorlax, F, shiny|100/100
|move|p2a: Onyon|Baton Pass|p2a: Onyon
|
|t:|1731104120
|switch|p2a: SogDog|Suicune|21/100|[from] Baton Pass
|
|-weather|Sandstorm|[upkeep]
|-damage|p2a: SogDog|15/100|[from] Sandstorm
|-damage|p1a: Snorlax|94/100|[from] Sandstorm
|-heal|p2a: SogDog|21/100|[from] item: Leftovers
|-heal|p1a: Snorlax|100/100|[from] item: Leftovers
|upkeep
|turn|14
|
|t:|1731104123
|move|p2a: SogDog|Hydro Pump|p1a: Snorlax
|-damage|p1a: Snorlax|54/100
|move|p1a: Snorlax|Return|p2a: SogDog
|-damage|p2a: SogDog|0 fnt
|faint|p2a: SogDog
|
|t:|1731104130
|switch|p2a: The Zappening|Zapdos|55/100
|
|-weather|Sandstorm|[upkeep]
|-damage|p2a: The Zappening|48/100|[from] Sandstorm
|-damage|p1a: Snorlax|48/100|[from] Sandstorm
|-heal|p2a: The Zappening|55/100|[from] item: Leftovers
|-heal|p1a: Snorlax|54/100|[from] item: Leftovers
|upkeep
|turn|15
|
|t:|1731104142
|move|p2a: The Zappening|Thunderbolt|p1a: Snorlax
|-damage|p1a: Snorlax|24/100
|move|p1a: Snorlax|Return|p2a: The Zappening
|-damage|p2a: The Zappening|0 fnt
|faint|p2a: The Zappening
|
|t:|1731104150
|switch|p2a: Big Jimmy|Salamence, M|100/100
|-ability|p2a: Big Jimmy|Intimidate|boost
|-unboost|p1a: Snorlax|atk|1
|
|-weather|Sandstorm|[upkeep]
|-damage|p2a: Big Jimmy|94/100|[from] Sandstorm
|-damage|p1a: Snorlax|18/100|[from] Sandstorm
|-heal|p2a: Big Jimmy|100/100|[from] item: Leftovers
|-heal|p1a: Snorlax|24/100|[from] item: Leftovers
|upkeep
|turn|16
|
|t:|1731104157
|move|p2a: Big Jimmy|Brick Break|p1a: Snorlax
|-supereffective|p1a: Snorlax
|-damage|p1a: Snorlax|0 fnt
|faint|p1a: Snorlax
|inactive|keeping it icy has 270 seconds left.
|
|t:|1731104192
|switch|p1a: Gyarados|Gyarados, M|72/100
|-ability|p1a: Gyarados|Intimidate|boost
|-unboost|p2a: Big Jimmy|atk|1
|
|-weather|Sandstorm|[upkeep]
|-damage|p2a: Big Jimmy|94/100|[from] Sandstorm
|-damage|p1a: Gyarados|66/100|[from] Sandstorm
|-heal|p2a: Big Jimmy|100/100|[from] item: Leftovers
|-heal|p1a: Gyarados|72/100|[from] item: Leftovers
|upkeep
|turn|17
|
|t:|1731104198
|move|p2a: Big Jimmy|Dragon Claw|p1a: Gyarados
|-damage|p1a: Gyarados|32/100
|move|p1a: Gyarados|Dragon Dance|p1a: Gyarados
|-boost|p1a: Gyarados|atk|1
|-boost|p1a: Gyarados|spe|1
|
|-weather|Sandstorm|[upkeep]
|-damage|p1a: Gyarados|26/100|[from] Sandstorm
|-damage|p2a: Big Jimmy|94/100|[from] Sandstorm
|-heal|p1a: Gyarados|32/100|[from] item: Leftovers
|-heal|p2a: Big Jimmy|100/100|[from] item: Leftovers
|upkeep
|turn|18
|
|t:|1731104203
|move|p1a: Gyarados|Hidden Power|p2a: Big Jimmy
|-damage|p2a: Big Jimmy|26/100
|move|p2a: Big Jimmy|Dragon Claw|p1a: Gyarados
|-damage|p1a: Gyarados|0 fnt
|faint|p1a: Gyarados
|
|t:|1731104205
|switch|p1a: Rubentussy|Tyranitar, M|88/100
|
|-weather|Sandstorm|[upkeep]
|-damage|p2a: Big Jimmy|20/100|[from] Sandstorm
|-heal|p2a: Big Jimmy|26/100|[from] item: Leftovers
|-heal|p1a: Rubentussy|95/100|[from] item: Leftovers
|upkeep
|turn|19
|
|t:|1731104210
|move|p2a: Big Jimmy|Brick Break|p1a: Rubentussy
|-supereffective|p1a: Rubentussy
|-damage|p1a: Rubentussy|43/100
|move|p1a: Rubentussy|Pursuit|p2a: Big Jimmy
|-damage|p2a: Big Jimmy|0 fnt
|faint|p2a: Big Jimmy
|
|t:|1731104213
|switch|p2a: The Fridge|Regice|37/100
|
|-weather|Sandstorm|[upkeep]
|-damage|p2a: The Fridge|31/100|[from] Sandstorm
|-heal|p1a: Rubentussy|49/100|[from] item: Leftovers
|-heal|p2a: The Fridge|37/100|[from] item: Leftovers
|upkeep
|turn|20
|
|t:|1731104215
|move|p1a: Rubentussy|Rock Slide|p2a: The Fridge|[miss]
|-miss|p1a: Rubentussy|p2a: The Fridge
|move|p2a: The Fridge|Ice Beam|p1a: Rubentussy
|-damage|p1a: Rubentussy|9/100
|
|-weather|Sandstorm|[upkeep]
|-damage|p2a: The Fridge|31/100|[from] Sandstorm
|-heal|p1a: Rubentussy|15/100|[from] item: Leftovers
|-heal|p2a: The Fridge|37/100|[from] item: Leftovers
|upkeep
|turn|21
|
|t:|1731104220
|move|p1a: Rubentussy|Rock Slide|p2a: The Fridge|[miss]
|-miss|p1a: Rubentussy|p2a: The Fridge
|move|p2a: The Fridge|Ice Beam|p1a: Rubentussy
|-damage|p1a: Rubentussy|0 fnt
|faint|p1a: Rubentussy
|
|t:|1731104222
|switch|p1a: Metagross|Metagross|100/100
|
|-weather|Sandstorm|[upkeep]
|-damage|p2a: The Fridge|31/100|[from] Sandstorm
|-heal|p2a: The Fridge|37/100|[from] item: Leftovers
|upkeep
|turn|22
|
|t:|1731104226
|move|p1a: Metagross|Rock Slide|p2a: The Fridge
|-supereffective|p2a: The Fridge
|-damage|p2a: The Fridge|0 fnt
|faint|p2a: The Fridge
|
|t:|1731104228
|switch|p2a: Onyon|Celebi|25/100
|
|-weather|Sandstorm|[upkeep]
|-damage|p2a: Onyon|19/100|[from] Sandstorm
|-heal|p2a: Onyon|25/100|[from] item: Leftovers
|upkeep
|turn|23
|
|t:|1731104235
|move|p2a: Onyon|Hidden Power|p1a: Metagross
|-supereffective|p1a: Metagross
|-damage|p1a: Metagross|56/100
|move|p1a: Metagross|Agility|p1a: Metagross
|-boost|p1a: Metagross|spe|2
|
|-weather|Sandstorm|[upkeep]
|-damage|p2a: Onyon|19/100|[from] Sandstorm
|-heal|p1a: Metagross|62/100|[from] item: Leftovers
|-heal|p2a: Onyon|25/100|[from] item: Leftovers
|upkeep
|turn|24
|
|t:|1731104239
|move|p1a: Metagross|Rock Slide|p2a: Onyon|[miss]
|-miss|p1a: Metagross|p2a: Onyon
|move|p2a: Onyon|Hidden Power|p1a: Metagross
|-supereffective|p1a: Metagross
|-damage|p1a: Metagross|16/100
|
|-weather|Sandstorm|[upkeep]
|-damage|p2a: Onyon|19/100|[from] Sandstorm
|-heal|p1a: Metagross|22/100|[from] item: Leftovers
|-heal|p2a: Onyon|25/100|[from] item: Leftovers
|upkeep
|turn|25
|
|t:|1731104242
|move|p1a: Metagross|Rock Slide|p2a: Onyon
|-damage|p2a: Onyon|0 fnt
|faint|p2a: Onyon
|
|win|keeping it icy
|player|p2|

</script>
<script type="application/json" class="data" id="replaydata-smogtours-gen3ou-805312">
{"id":"smogtours-gen3ou-805312","format":"[Gen 3] OU","players":["keeping it icy","TheLargestLad"],"uploadtime":1731104242,"views":29,"formatid":"gen3ou","rating":null,"private":0,"password":null}
</script>

<script defer src="js/replays.js?9d40a366"></script>
