<!DOCTYPE html>
<meta charset="utf-8" />
<meta name="viewport" content="width=device-width" />

<title>[Gen 3] OU: Cakeconnesseur vs. blundergoth - Replays - Pok&eacute;mon Showdown!</title>

<meta name="description" content="Watch a replay of a Pok&eacute;mon battle between Cakeconnesseur and blundergoth! Format: [Gen 3] OU; Date: Nov 7, 2024" />
<!--

Hey, you! Looking in the source for the replay log?

You can find them in JSON format, just add `.json` at the end of a replay URL.

https://replay.pokemonshowdown.com/gen7randomdoublesbattle-865046831.json

Or, if you only need the log itself, add `.log` instead:

https://replay.pokemonshowdown.com/gen7randomdoublesbattle-865046831.log

-->

<link rel="stylesheet" href="//pokemonshowdown.com/style/global.css?0.023195364461161105" />
<link rel="stylesheet" href="//play.pokemonshowdown.com/style/font-awesome.css?0.13261647063804238" />
<link rel="stylesheet" href="//play.pokemonshowdown.com/style/battle.css?0.8753245789963631" />
<link rel="stylesheet" href="//play.pokemonshowdown.com/style/utilichart.css?0.8627959624976733" />

<!-- Global site tag (gtag.js) - Google Analytics -->
<script async src="https://www.googletagmanager.com/gtag/js?id=UA-26211653-1"></script>
<script>
  window.dataLayer = window.dataLayer || [];
  function gtag(){dataLayer.push(arguments);}
  gtag('js', new Date());

  gtag('config', 'UA-26211653-1');
</script>
<!-- End Google Analytics -->
<!-- Venatus Ad Manager - Install in <HEAD> of page -->
	<script src="https://hb.vntsm.com/v3/live/ad-manager.min.js" type="text/javascript" data-site-id="642aba63ec9a7b11c3c9c1be" data-mode="scan" async></script>
<!-- / Venatus Ad Manager -->

<style>
	@media (max-width:820px) {
		.battle {
			margin: 0 auto;
		}
		.battle-log {
			margin: 7px auto 0;
			max-width: 640px;
			height: 300px;
			position: static;
		}
	}
	.optgroup {
		display: inline-block;
		line-height: 22px;
		font-size: 10pt;
	}
	.optgroup .button {
		height: 25px;
		padding-top: 0;
		padding-bottom: 0;
	}
	.optgroup button.button {
		padding-left: 12px;
		padding-right: 12px;
	}
	.linklist {
		list-style: none;
		margin: 0.5em 0;
		padding: 0;
	}
	.linklist li {
		padding: 2px 0;
	}
	.sidebar {
		float: left;
		width: 320px;
	}
	.bar-wrapper {
		max-width: 1100px;
		margin: 0 auto;
	}
	.bar-wrapper.has-sidebar {
		max-width: 1430px;
	}
	.mainbar {
		margin: 0;
		padding-right: 1px;
	}
	.mainbar.has-sidebar {
		margin-left: 330px;
	}
	@media (min-width: 1511px) {
		.sidebar {
			width: 400px;
		}
		.bar-wrapper.has-sidebar {
			max-width: 1510px;
		}
		.mainbar.has-sidebar {
			margin-left: 410px;
		}
	}
	.section.first-section {
		margin-top: 9px;
	}
	.blocklink small {
		white-space: normal;
	}
	.button {
		vertical-align: middle;
	}
	.replay-controls {
		padding-top: 10px;
	}
	.replay-controls h1 {
		font-size: 16pt;
		font-weight: normal;
		color: #CCC;
	}
	.pagelink {
		text-align: center;
	}
	.pagelink a {
		width: 150px;
	}
	.textbox, .button {
		font-size: 11pt;
		vertical-align: middle;
	}
	@media (max-width: 450px) {
		.button {
			font-size: 9pt;
		}
	}
</style>

<div>

	<header>
		<div class="nav-wrapper"><ul class="nav">
			<li><a class="button nav-first" href="//pokemonshowdown.com/"><img src="//pokemonshowdown.com/images/pokemonshowdownbeta.png" srcset="//pokemonshowdown.com/images/pokemonshowdownbeta.png 1x, //pokemonshowdown.com/images/pokemonshowdownbeta@2x.png 2x" alt="Pok&eacute;mon Showdown" width="146" height="44" /> Home</a></li>
			<li><a class="button" href="//pokemonshowdown.com/dex/">Pok&eacute;dex</a></li>
			<li><a class="button cur" href="/">Replays</a></li>
			<li><a class="button" href="//pokemonshowdown.com/ladder/">Ladder</a></li>
			<li><a class="button nav-last" href="//pokemonshowdown.com/forums/">Forum</a></li>
			<li><a class="button greenbutton nav-first nav-last" href="//play.pokemonshowdown.com/">Play</a></li>
		</ul></div>
	</header>

	<div class="main" id="main">

		<noscript><section class="section">You need to enable JavaScript to use this page; sorry!</section></noscript>

	</div>

</div>

<script defer nomodule src="//play.pokemonshowdown.com/js/lib/ps-polyfill.js"></script>
<script defer src="//play.pokemonshowdown.com/js/lib/preact.min.js"></script>

<script defer src="//play.pokemonshowdown.com/config/config.js?2bddbc15"></script>
<script defer src="//play.pokemonshowdown.com/js/lib/jquery-1.11.0.min.js"></script>
<script defer src="//play.pokemonshowdown.com/js/lib/html-sanitizer-minified.js"></script>
<script defer src="//play.pokemonshowdown.com/js/battle-sound.js"></script>
<script defer src="//play.pokemonshowdown.com/js/battledata.js?0.7209276989879541"></script>
<script defer src="//play.pokemonshowdown.com/data/pokedex-mini.js?0.6111056340867951"></script>
<script defer src="//play.pokemonshowdown.com/data/pokedex-mini-bw.js?0.3532142036491459"></script>
<script defer src="//play.pokemonshowdown.com/data/graphics.js?0.24223875632456182"></script>
<script defer src="//play.pokemonshowdown.com/data/pokedex.js?0.38839984266356864"></script>
<script defer src="//play.pokemonshowdown.com/data/moves.js?0.21866028504024015"></script>
<script defer src="//play.pokemonshowdown.com/data/abilities.js?0.2005157953846628"></script>
<script defer src="//play.pokemonshowdown.com/data/items.js?0.9894211263848525"></script>
<script defer src="//play.pokemonshowdown.com/data/teambuilder-tables.js?0.6008791140282215"></script>
<script defer src="//play.pokemonshowdown.com/js/battle-tooltips.js?0.7580118955022959"></script>
<script defer src="//play.pokemonshowdown.com/js/battle.js?0.6057722274234274"></script>

<script defer src="js/utils.js?e31f9a17"></script>
<script defer src="js/replays-battle.js?7008c182"></script>

<!-- don't scrape this data! just add .json or .log after the URL!
Full API docs: https://github.com/smogon/pokemon-showdown-client/blob/master/WEB-API.md -->
<script type="text/plain" class="log" id="replaylog-smogtours-gen3ou-805169">
|inactive|Battle timer is ON: inactive players will automatically lose when time's up.
|t:|1731017139
|gametype|singles
|player|p1|Cakeconnesseur|lass-gen7|
|player|p2|blundergoth|ingo|
|teamsize|p1|6
|teamsize|p2|6
|gen|3
|tier|[Gen 3] OU
|rule|Sleep Clause Mod: Limit one foe put to sleep
|rule|Switch Priority Clause Mod: Faster Pokémon switch first
|rule|Species Clause: Limit one of each Pokémon
|rule|OHKO Clause: OHKO moves are banned
|rule|Evasion Items Clause: Evasion items are banned
|rule|Evasion Moves Clause: Evasion moves are banned
|rule|Endless Battle Clause: Forcing endless battles is banned
|rule|HP Percentage Mod: HP is shown in percentages
|rule|One Boost Passer Clause: Limit one Baton Passer that has a way to boost its stats
|rule|Freeze Clause Mod: Limit one foe frozen
|
|t:|1731017139
|start
|switch|p1a: Zapdos|Zapdos|100/100
|switch|p2a: REDACTED|Registeel|100/100
|turn|1
|inactive|Cakeconnesseur also wants the timer to be on.
|inactive|Cakeconnesseur has 270 seconds left.
|inactive|blundergoth has 270 seconds left.
|
|t:|1731017180
|switch|p1a: Skarmory|Skarmory, F|100/100
|move|p2a: REDACTED|Seismic Toss|p1a: Skarmory
|-damage|p1a: Skarmory|71/100
|
|-heal|p1a: Skarmory|77/100|[from] item: Leftovers
|upkeep
|turn|2
|
|t:|1731017190
|move|p1a: Skarmory|Spikes|p2a: REDACTED
|-sidestart|p2: blundergoth|Spikes
|move|p2a: REDACTED|Thunder Wave|p1a: Skarmory
|-status|p1a: Skarmory|par
|
|-heal|p1a: Skarmory|83/100 par|[from] item: Leftovers
|upkeep
|turn|3
|inactive|blundergoth has 270 seconds left.
|
|t:|1731017227
|switch|p2a: CRUSH CREAM SODA|Skarmory, F|100/100
|cant|p1a: Skarmory|par
|
|-heal|p1a: Skarmory|89/100 par|[from] item: Leftovers
|upkeep
|turn|4
|
|t:|1731017245
|move|p2a: CRUSH CREAM SODA|Spikes|p1a: Skarmory
|-sidestart|p1: Cakeconnesseur|Spikes
|move|p1a: Skarmory|Spikes|p2a: CRUSH CREAM SODA
|-sidestart|p2: blundergoth|Spikes
|
|-heal|p1a: Skarmory|95/100 par|[from] item: Leftovers
|upkeep
|turn|5
|
|t:|1731017250
|move|p2a: CRUSH CREAM SODA|Spikes|p1a: Skarmory
|-sidestart|p1: Cakeconnesseur|Spikes
|move|p1a: Skarmory|Spikes|p2a: CRUSH CREAM SODA
|-sidestart|p2: blundergoth|Spikes
|
|-heal|p1a: Skarmory|100/100 par|[from] item: Leftovers
|upkeep
|turn|6
|
|t:|1731017252
|switch|p1a: Zapdos|Zapdos|100/100
|move|p2a: CRUSH CREAM SODA|Spikes|p1a: Zapdos
|-sidestart|p1: Cakeconnesseur|Spikes
|
|upkeep
|turn|7
|inactive|blundergoth has 270 seconds left.
|
|t:|1731017297
|switch|p2a: INFLUENCE|Claydol|100/100
|move|p1a: Zapdos|Thunderbolt|p2a: INFLUENCE
|-immune|p2a: INFLUENCE
|
|upkeep
|turn|8
|
|t:|1731017313
|move|p1a: Zapdos|Hidden Power|p2a: INFLUENCE
|-supereffective|p2a: INFLUENCE
|-damage|p2a: INFLUENCE|57/100
|move|p2a: INFLUENCE|Rapid Spin|p1a: Zapdos
|-damage|p1a: Zapdos|94/100
|-sideend|p2: blundergoth|Spikes|[from] move: Rapid Spin|[of] p2a: INFLUENCE
|
|-heal|p1a: Zapdos|99/100|[from] item: Leftovers
|-heal|p2a: INFLUENCE|63/100|[from] item: Leftovers
|upkeep
|turn|9
|inactive|blundergoth has 270 seconds left.
|
|t:|1731017327
|switch|p1a: Skarmory|Skarmory, F|100/100 par
|switch|p2a: Pliss|Blissey, F|100/100
|
|upkeep
|turn|10
|inactive|blundergoth has 270 seconds left.
|
|t:|1731017336
|switch|p1a: Blissey|Blissey, F|100/100
|-damage|p1a: Blissey|76/100|[from] Spikes
|move|p2a: Pliss|Thunderbolt|p1a: Blissey
|-damage|p1a: Blissey|65/100
|
|-heal|p1a: Blissey|71/100|[from] item: Leftovers
|upkeep
|turn|11
|inactive|blundergoth has 270 seconds left.
|inactive|blundergoth has 240 seconds left.
|
|t:|1731017387
|move|p1a: Blissey|Ice Beam|p2a: Pliss
|-damage|p2a: Pliss|90/100
|move|p2a: Pliss|Calm Mind|p2a: Pliss
|-boost|p2a: Pliss|spa|1
|-boost|p2a: Pliss|spd|1
|
|-heal|p2a: Pliss|97/100|[from] item: Leftovers
|-heal|p1a: Blissey|77/100|[from] item: Leftovers
|upkeep
|turn|12
|
|t:|1731017393
|move|p1a: Blissey|Toxic|p2a: Pliss
|-status|p2a: Pliss|tox
|move|p2a: Pliss|Thunderbolt|p1a: Blissey
|-damage|p1a: Blissey|63/100
|
|-heal|p2a: Pliss|100/100 tox|[from] item: Leftovers
|-heal|p1a: Blissey|69/100|[from] item: Leftovers
|-damage|p2a: Pliss|94/100 tox|[from] psn
|upkeep
|turn|13
|inactive|blundergoth has 240 seconds left.
|
|t:|1731017410
|-curestatus|p2a: Pliss|tox|[from] ability: Natural Cure
|switch|p2a: my boyfriend|Milotic, M|100/100
|move|p1a: Blissey|Seismic Toss|p2a: my boyfriend
|-damage|p2a: my boyfriend|75/100
|
|-heal|p2a: my boyfriend|81/100|[from] item: Leftovers
|-heal|p1a: Blissey|75/100|[from] item: Leftovers
|upkeep
|turn|14
|
|t:|1731017418
|move|p2a: my boyfriend|Toxic|p1a: Blissey|[miss]
|-miss|p2a: my boyfriend|p1a: Blissey
|move|p1a: Blissey|Toxic|p2a: my boyfriend
|-status|p2a: my boyfriend|tox
|
|-heal|p2a: my boyfriend|87/100 tox|[from] item: Leftovers
|-damage|p2a: my boyfriend|81/100 tox|[from] psn
|-heal|p1a: Blissey|82/100|[from] item: Leftovers
|upkeep
|turn|15
|inactive|blundergoth has 240 seconds left.
|
|t:|1731017425
|move|p2a: my boyfriend|Refresh|p2a: my boyfriend
|-curestatus|p2a: my boyfriend|tox|[msg]
|move|p1a: Blissey|Seismic Toss|p2a: my boyfriend
|-damage|p2a: my boyfriend|56/100
|
|-heal|p2a: my boyfriend|62/100|[from] item: Leftovers
|-heal|p1a: Blissey|88/100|[from] item: Leftovers
|upkeep
|turn|16
|
|t:|1731017435
|move|p2a: my boyfriend|Surf|p1a: Blissey
|-damage|p1a: Blissey|74/100
|move|p1a: Blissey|Seismic Toss|p2a: my boyfriend
|-damage|p2a: my boyfriend|37/100
|
|-heal|p2a: my boyfriend|43/100|[from] item: Leftovers
|-heal|p1a: Blissey|81/100|[from] item: Leftovers
|upkeep
|turn|17
|
|t:|1731017438
|switch|p1a: Zapdos|Zapdos|99/100
|move|p2a: my boyfriend|Recover|p2a: my boyfriend
|-heal|p2a: my boyfriend|93/100
|
|-heal|p1a: Zapdos|100/100|[from] item: Leftovers
|-heal|p2a: my boyfriend|99/100|[from] item: Leftovers
|upkeep
|turn|18
|inactive|blundergoth has 240 seconds left.
|
|t:|1731017467
|switch|p2a: REDACTED|Registeel|100/100
|move|p1a: Zapdos|Thunderbolt|p2a: REDACTED
|-damage|p2a: REDACTED|74/100
|
|-heal|p2a: REDACTED|80/100|[from] item: Leftovers
|upkeep
|turn|19
|inactive|blundergoth has 240 seconds left.
|
|t:|1731017478
|switch|p1a: Skarmory|Skarmory, F|100/100 par
|move|p2a: REDACTED|Seismic Toss|p1a: Skarmory
|-damage|p1a: Skarmory|71/100 par
|
|-heal|p2a: REDACTED|86/100|[from] item: Leftovers
|-heal|p1a: Skarmory|77/100 par|[from] item: Leftovers
|upkeep
|turn|20
|
|t:|1731017487
|move|p2a: REDACTED|Seismic Toss|p1a: Skarmory
|-damage|p1a: Skarmory|47/100 par
|move|p1a: Skarmory|Spikes|p2a: REDACTED
|-sidestart|p2: blundergoth|Spikes
|
|-heal|p2a: REDACTED|92/100|[from] item: Leftovers
|-heal|p1a: Skarmory|53/100 par|[from] item: Leftovers
|upkeep
|turn|21
|
|t:|1731017490
|move|p1a: Skarmory|Protect|p1a: Skarmory
|-singleturn|p1a: Skarmory|Protect
|move|p2a: REDACTED|Seismic Toss|p1a: Skarmory
|-activate|p1a: Skarmory|Protect
|
|-heal|p2a: REDACTED|98/100|[from] item: Leftovers
|-heal|p1a: Skarmory|59/100 par|[from] item: Leftovers
|upkeep
|turn|22
|
|t:|1731017508
|switch|p1a: Blissey|Blissey, F|81/100
|-damage|p1a: Blissey|56/100|[from] Spikes
|move|p2a: REDACTED|Seismic Toss|p1a: Blissey
|-damage|p1a: Blissey|40/100
|
|-heal|p1a: Blissey|46/100|[from] item: Leftovers
|-heal|p2a: REDACTED|100/100|[from] item: Leftovers
|upkeep
|turn|23
|
|t:|1731017525
|switch|p2a: my boyfriend|Milotic, M|99/100
|-damage|p2a: my boyfriend|86/100|[from] Spikes
|move|p1a: Blissey|Wish|p1a: Blissey
|
|-heal|p2a: my boyfriend|92/100|[from] item: Leftovers
|-heal|p1a: Blissey|53/100|[from] item: Leftovers
|upkeep
|turn|24
|
|t:|1731017540
|switch|p2a: INFLUENCE|Claydol|63/100
|move|p1a: Blissey|Seismic Toss|p2a: INFLUENCE
|-damage|p2a: INFLUENCE|32/100
|
|-heal|p1a: Blissey|100/100|[from] move: Wish|[wisher] Blissey
|-heal|p2a: INFLUENCE|38/100|[from] item: Leftovers
|upkeep
|turn|25
|
|t:|1731017561
|switch|p2a: Pliss|Blissey, F|94/100
|-damage|p2a: Pliss|82/100|[from] Spikes
|switch|p1a: Skarmory|Skarmory, F|59/100 par
|
|-heal|p2a: Pliss|88/100|[from] item: Leftovers
|-heal|p1a: Skarmory|65/100 par|[from] item: Leftovers
|upkeep
|turn|26
|
|t:|1731017568
|switch|p1a: Blissey|Blissey, F|100/100
|-damage|p1a: Blissey|76/100|[from] Spikes
|move|p2a: Pliss|Calm Mind|p2a: Pliss
|-boost|p2a: Pliss|spa|1
|-boost|p2a: Pliss|spd|1
|
|-heal|p2a: Pliss|94/100|[from] item: Leftovers
|-heal|p1a: Blissey|82/100|[from] item: Leftovers
|upkeep
|turn|27
|
|t:|1731017579
|move|p1a: Blissey|Toxic|p2a: Pliss
|-status|p2a: Pliss|tox
|move|p2a: Pliss|Ice Beam|p1a: Blissey
|-damage|p1a: Blissey|66/100
|
|-heal|p1a: Blissey|72/100|[from] item: Leftovers
|-heal|p2a: Pliss|99/100 tox|[from] item: Leftovers
|-damage|p2a: Pliss|94/100 tox|[from] psn
|upkeep
|turn|28
|inactive|blundergoth has 240 seconds left.
|
|t:|1731017601
|-curestatus|p2a: Pliss|tox|[from] ability: Natural Cure
|switch|p2a: my boyfriend|Milotic, M|92/100
|-damage|p2a: my boyfriend|80/100|[from] Spikes
|move|p1a: Blissey|Wish|p1a: Blissey
|
|-heal|p2a: my boyfriend|86/100|[from] item: Leftovers
|-heal|p1a: Blissey|78/100|[from] item: Leftovers
|upkeep
|turn|29
|inactive|blundergoth has 240 seconds left.
|
|t:|1731017612
|move|p2a: my boyfriend|Toxic|p1a: Blissey
|-status|p1a: Blissey|tox
|move|p1a: Blissey|Seismic Toss|p2a: my boyfriend
|-damage|p2a: my boyfriend|61/100
|
|-heal|p1a: Blissey|100/100 tox|[from] move: Wish|[wisher] Blissey
|-heal|p2a: my boyfriend|67/100|[from] item: Leftovers
|-damage|p1a: Blissey|94/100 tox|[from] psn
|upkeep
|turn|30
|
|t:|1731017617
|move|p2a: my boyfriend|Surf|p1a: Blissey
|-damage|p1a: Blissey|82/100 tox
|move|p1a: Blissey|Seismic Toss|p2a: my boyfriend
|-damage|p2a: my boyfriend|41/100
|
|-heal|p2a: my boyfriend|47/100|[from] item: Leftovers
|-heal|p1a: Blissey|88/100 tox|[from] item: Leftovers
|-damage|p1a: Blissey|75/100 tox|[from] psn
|upkeep
|turn|31
|
|t:|1731017620
|-curestatus|p1a: Blissey|tox|[from] ability: Natural Cure
|switch|p1a: Zapdos|Zapdos|100/100
|move|p2a: my boyfriend|Surf|p1a: Zapdos
|-damage|p1a: Zapdos|64/100
|
|-heal|p1a: Zapdos|70/100|[from] item: Leftovers
|-heal|p2a: my boyfriend|54/100|[from] item: Leftovers
|upkeep
|turn|32
|
|t:|1731017637
|switch|p2a: REDACTED|Registeel|100/100
|-damage|p2a: REDACTED|88/100|[from] Spikes
|move|p1a: Zapdos|Thunderbolt|p2a: REDACTED
|-damage|p2a: REDACTED|60/100
|
|-heal|p1a: Zapdos|77/100|[from] item: Leftovers
|-heal|p2a: REDACTED|66/100|[from] item: Leftovers
|upkeep
|turn|33
|
|t:|1731017646
|switch|p1a: Blissey|Blissey, F|75/100
|-damage|p1a: Blissey|51/100|[from] Spikes
|move|p2a: REDACTED|Thunder Wave|p1a: Blissey
|-status|p1a: Blissey|par
|
|-heal|p2a: REDACTED|72/100|[from] item: Leftovers
|-heal|p1a: Blissey|57/100 par|[from] item: Leftovers
|upkeep
|turn|34
|inactive|blundergoth has 240 seconds left.
|
|t:|1731017678
|switch|p2a: my boyfriend|Milotic, M|54/100
|-damage|p2a: my boyfriend|41/100|[from] Spikes
|cant|p1a: Blissey|par
|
|-heal|p2a: my boyfriend|47/100|[from] item: Leftovers
|-heal|p1a: Blissey|63/100 par|[from] item: Leftovers
|upkeep
|turn|35
|
|t:|1731017684
|move|p2a: my boyfriend|Recover|p2a: my boyfriend
|-heal|p2a: my boyfriend|97/100
|cant|p1a: Blissey|par
|
|-heal|p2a: my boyfriend|100/100|[from] item: Leftovers
|-heal|p1a: Blissey|69/100 par|[from] item: Leftovers
|upkeep
|turn|36
|
|t:|1731017702
|switch|p2a: CRUSH CREAM SODA|Skarmory, F|100/100
|move|p1a: Blissey|Wish|p1a: Blissey
|
|-heal|p1a: Blissey|75/100 par|[from] item: Leftovers
|upkeep
|turn|37
|
|t:|1731017713
|-curestatus|p1a: Blissey|par|[from] ability: Natural Cure
|switch|p1a: Skarmory|Skarmory, F|65/100 par
|move|p2a: CRUSH CREAM SODA|Roar|p1a: Skarmory
|drag|p1a: Gyarados|Gyarados, M|100/100
|-ability|p1a: Gyarados|Intimidate|boost
|-unboost|p2a: CRUSH CREAM SODA|atk|1
|
|upkeep
|turn|38
|
|t:|1731017725
|switch|p1a: Skarmory|Skarmory, F|65/100 par
|move|p2a: CRUSH CREAM SODA|Roar|p1a: Skarmory
|drag|p1a: Zapdos|Zapdos|77/100
|
|-heal|p1a: Zapdos|83/100|[from] item: Leftovers
|upkeep
|turn|39
|
|t:|1731017734
|switch|p2a: Pliss|Blissey, F|94/100
|-damage|p2a: Pliss|82/100|[from] Spikes
|move|p1a: Zapdos|Thunder Wave|p2a: Pliss
|-status|p2a: Pliss|par
|
|-heal|p1a: Zapdos|89/100|[from] item: Leftovers
|-heal|p2a: Pliss|88/100 par|[from] item: Leftovers
|upkeep
|turn|40
|
|t:|1731017746
|switch|p1a: Blissey|Blissey, F|75/100
|-damage|p1a: Blissey|50/100|[from] Spikes
|move|p2a: Pliss|Thunderbolt|p1a: Blissey
|-damage|p1a: Blissey|39/100
|
|-heal|p1a: Blissey|45/100|[from] item: Leftovers
|-heal|p2a: Pliss|94/100 par|[from] item: Leftovers
|upkeep
|turn|41
|
|t:|1731017751
|move|p1a: Blissey|Wish|p1a: Blissey
|move|p2a: Pliss|Calm Mind|p2a: Pliss
|-boost|p2a: Pliss|spa|1
|-boost|p2a: Pliss|spd|1
|
|-heal|p1a: Blissey|51/100|[from] item: Leftovers
|-heal|p2a: Pliss|99/100 par|[from] item: Leftovers
|upkeep
|turn|42
|
|t:|1731017756
|move|p1a: Blissey|Seismic Toss|p2a: Pliss
|-damage|p2a: Pliss|85/100 par
|cant|p2a: Pliss|par
|
|-heal|p1a: Blissey|100/100|[from] move: Wish|[wisher] Blissey
|-heal|p2a: Pliss|91/100 par|[from] item: Leftovers
|upkeep
|turn|43
|
|t:|1731017764
|switch|p1a: Metagross|Metagross|100/100
|-damage|p1a: Metagross|75/100|[from] Spikes
|move|p2a: Pliss|Ice Beam|p1a: Metagross
|-resisted|p1a: Metagross
|-damage|p1a: Metagross|55/100
|-status|p1a: Metagross|frz
|
|-heal|p1a: Metagross|61/100 frz|[from] item: Leftovers
|-heal|p2a: Pliss|97/100 par|[from] item: Leftovers
|upkeep
|turn|44
|
|t:|1731017780
|-curestatus|p2a: Pliss|par|[from] ability: Natural Cure
|switch|p2a: mogtrio|Dugtrio, F|100/100
|-damage|p2a: mogtrio|88/100|[from] Spikes
|cant|p1a: Metagross|frz
|
|-heal|p1a: Metagross|67/100 frz|[from] item: Leftovers
|upkeep
|turn|45
|
|t:|1731017785
|move|p2a: mogtrio|Earthquake|p1a: Metagross
|-supereffective|p1a: Metagross
|-damage|p1a: Metagross|0 fnt
|faint|p1a: Metagross
|
|t:|1731017793
|switch|p1a: Gyarados|Gyarados, M|100/100
|-ability|p1a: Gyarados|Intimidate|boost
|-unboost|p2a: mogtrio|atk|1
|
|upkeep
|turn|46
|
|t:|1731017810
|switch|p2a: CRUSH CREAM SODA|Skarmory, F|100/100
|move|p1a: Gyarados|Dragon Dance|p1a: Gyarados
|-boost|p1a: Gyarados|atk|1
|-boost|p1a: Gyarados|spe|1
|
|upkeep
|turn|47
|
|t:|1731017824
|switch|p1a: Skarmory|Skarmory, F|65/100 par
|move|p2a: CRUSH CREAM SODA|Roar|p1a: Skarmory
|drag|p1a: Blissey|Blissey, F|100/100
|-damage|p1a: Blissey|76/100|[from] Spikes
|
|-heal|p1a: Blissey|82/100|[from] item: Leftovers
|upkeep
|turn|48
|
|t:|1731017842
|move|p2a: CRUSH CREAM SODA|Drill Peck|p1a: Blissey
|-damage|p1a: Blissey|60/100
|move|p1a: Blissey|Wish|p1a: Blissey
|
|-heal|p1a: Blissey|66/100|[from] item: Leftovers
|upkeep
|turn|49
|
|t:|1731017848
|move|p1a: Blissey|Ice Beam|p2a: CRUSH CREAM SODA
|-damage|p2a: CRUSH CREAM SODA|76/100
|move|p2a: CRUSH CREAM SODA|Roar|p1a: Blissey
|drag|p1a: Gyarados|Gyarados, M|100/100
|-ability|p1a: Gyarados|Intimidate|boost
|-unboost|p2a: CRUSH CREAM SODA|atk|1
|
|-heal|p2a: CRUSH CREAM SODA|82/100|[from] item: Leftovers
|upkeep
|turn|50
|
|t:|1731017859
|switch|p1a: Skarmory|Skarmory, F|65/100 par
|move|p2a: CRUSH CREAM SODA|Roar|p1a: Skarmory
|drag|p1a: Zapdos|Zapdos|89/100
|
|-heal|p1a: Zapdos|95/100|[from] item: Leftovers
|-heal|p2a: CRUSH CREAM SODA|88/100|[from] item: Leftovers
|upkeep
|turn|51
|
|t:|1731017867
|switch|p1a: Blissey|Blissey, F|66/100
|-damage|p1a: Blissey|41/100|[from] Spikes
|switch|p2a: Pliss|Blissey, F|97/100
|-damage|p2a: Pliss|85/100|[from] Spikes
|
|-heal|p1a: Blissey|47/100|[from] item: Leftovers
|-heal|p2a: Pliss|91/100|[from] item: Leftovers
|upkeep
|turn|52
|
|t:|1731017886
|move|p2a: Pliss|Ice Beam|p1a: Blissey
|-crit|p1a: Blissey
|-damage|p1a: Blissey|27/100
|move|p1a: Blissey|Ice Beam|p2a: Pliss
|-damage|p2a: Pliss|81/100
|-status|p2a: Pliss|frz
|
|-heal|p1a: Blissey|33/100|[from] item: Leftovers
|-heal|p2a: Pliss|87/100 frz|[from] item: Leftovers
|upkeep
|turn|53
|
|t:|1731017896
|-curestatus|p2a: Pliss|frz|[from] ability: Natural Cure
|switch|p2a: CRUSH CREAM SODA|Skarmory, F|88/100
|move|p1a: Blissey|Ice Beam|p2a: CRUSH CREAM SODA
|-damage|p2a: CRUSH CREAM SODA|63/100
|
|-heal|p2a: CRUSH CREAM SODA|69/100|[from] item: Leftovers
|-heal|p1a: Blissey|40/100|[from] item: Leftovers
|upkeep
|turn|54
|
|t:|1731017907
|switch|p1a: Skarmory|Skarmory, F|65/100 par
|move|p2a: CRUSH CREAM SODA|Drill Peck|p1a: Skarmory
|-resisted|p1a: Skarmory
|-crit|p1a: Skarmory
|-damage|p1a: Skarmory|46/100 par
|
|-heal|p2a: CRUSH CREAM SODA|75/100|[from] item: Leftovers
|-heal|p1a: Skarmory|52/100 par|[from] item: Leftovers
|upkeep
|turn|55
|
|t:|1731017914
|move|p1a: Skarmory|Spikes|p2a: CRUSH CREAM SODA
|-sidestart|p2: blundergoth|Spikes
|move|p2a: CRUSH CREAM SODA|Roar|p1a: Skarmory
|drag|p1a: Tyranitar|Tyranitar, F|100/100
|-damage|p1a: Tyranitar|76/100|[from] Spikes
|-weather|Sandstorm|[from] ability: Sand Stream|[of] p1a: Tyranitar
|
|-weather|Sandstorm|[upkeep]
|-heal|p2a: CRUSH CREAM SODA|81/100|[from] item: Leftovers
|upkeep
|turn|56
|
|t:|1731017924
|move|p1a: Tyranitar|Rock Slide|p2a: CRUSH CREAM SODA
|-damage|p2a: CRUSH CREAM SODA|48/100
|move|p2a: CRUSH CREAM SODA|Roar|p1a: Tyranitar
|drag|p1a: Blissey|Blissey, F|40/100
|-damage|p1a: Blissey|15/100|[from] Spikes
|
|-weather|Sandstorm|[upkeep]
|-damage|p1a: Blissey|8/100|[from] Sandstorm
|-heal|p2a: CRUSH CREAM SODA|54/100|[from] item: Leftovers
|-heal|p1a: Blissey|15/100|[from] item: Leftovers
|upkeep
|turn|57
|
|t:|1731017930
|move|p2a: CRUSH CREAM SODA|Drill Peck|p1a: Blissey
|-damage|p1a: Blissey|0 fnt
|faint|p1a: Blissey
|
|t:|1731017937
|switch|p1a: Tyranitar|Tyranitar, F|76/100
|-damage|p1a: Tyranitar|51/100|[from] Spikes
|
|-weather|Sandstorm|[upkeep]
|-heal|p2a: CRUSH CREAM SODA|60/100|[from] item: Leftovers
|upkeep
|turn|58
|inactive|blundergoth has 270 seconds left.
|
|t:|1731017979
|move|p1a: Tyranitar|Dragon Dance|p1a: Tyranitar
|-boost|p1a: Tyranitar|atk|1
|-boost|p1a: Tyranitar|spe|1
|move|p2a: CRUSH CREAM SODA|Roar|p1a: Tyranitar
|drag|p1a: Skarmory|Skarmory, F|52/100 par
|
|-weather|Sandstorm|[upkeep]
|-heal|p2a: CRUSH CREAM SODA|66/100|[from] item: Leftovers
|-heal|p1a: Skarmory|58/100 par|[from] item: Leftovers
|upkeep
|turn|59
|
|t:|1731017997
|switch|p2a: INFLUENCE|Claydol|38/100
|move|p1a: Skarmory|Spikes|p2a: INFLUENCE
|-sidestart|p2: blundergoth|Spikes
|
|-weather|Sandstorm|[upkeep]
|-heal|p2a: INFLUENCE|44/100|[from] item: Leftovers
|-heal|p1a: Skarmory|64/100 par|[from] item: Leftovers
|upkeep
|turn|60
|
|t:|1731018005
|move|p2a: INFLUENCE|Rapid Spin|p1a: Skarmory
|-resisted|p1a: Skarmory
|-damage|p1a: Skarmory|62/100 par
|-sideend|p2: blundergoth|Spikes|[from] move: Rapid Spin|[of] p2a: INFLUENCE
|move|p1a: Skarmory|Spikes|p2a: INFLUENCE
|-sidestart|p2: blundergoth|Spikes
|
|-weather|Sandstorm|[upkeep]
|-heal|p2a: INFLUENCE|50/100|[from] item: Leftovers
|-heal|p1a: Skarmory|68/100 par|[from] item: Leftovers
|upkeep
|turn|61
|
|t:|1731018030
|switch|p2a: Pliss|Blissey, F|87/100
|-damage|p2a: Pliss|75/100|[from] Spikes
|move|p1a: Skarmory|Spikes|p2a: Pliss
|-sidestart|p2: blundergoth|Spikes
|
|-weather|Sandstorm|[upkeep]
|-damage|p2a: Pliss|69/100|[from] Sandstorm
|-heal|p2a: Pliss|75/100|[from] item: Leftovers
|-heal|p1a: Skarmory|74/100 par|[from] item: Leftovers
|upkeep
|turn|62
|inactive|Cakeconnesseur has 270 seconds left.
|
|t:|1731018062
|switch|p1a: Tyranitar|Tyranitar, F|51/100
|-damage|p1a: Tyranitar|26/100|[from] Spikes
|move|p2a: Pliss|Thunderbolt|p1a: Tyranitar
|-crit|p1a: Tyranitar
|-damage|p1a: Tyranitar|0 fnt
|faint|p1a: Tyranitar
|inactive|Cakeconnesseur has 270 seconds left.
|
|t:|1731018073
|switch|p1a: Zapdos|Zapdos|95/100
|
|-weather|Sandstorm|[upkeep]
|-damage|p1a: Zapdos|89/100|[from] Sandstorm
|-damage|p2a: Pliss|69/100|[from] Sandstorm
|-heal|p1a: Zapdos|95/100|[from] item: Leftovers
|-heal|p2a: Pliss|75/100|[from] item: Leftovers
|upkeep
|turn|63
|inactive|Cakeconnesseur has 270 seconds left.
|
|t:|1731018080
|move|p1a: Zapdos|Thunder Wave|p2a: Pliss
|-status|p2a: Pliss|par
|move|p2a: Pliss|Soft-Boiled|p2a: Pliss
|-heal|p2a: Pliss|100/100 par
|
|-weather|Sandstorm|[upkeep]
|-damage|p1a: Zapdos|89/100|[from] Sandstorm
|-damage|p2a: Pliss|94/100 par|[from] Sandstorm
|-heal|p1a: Zapdos|95/100|[from] item: Leftovers
|-heal|p2a: Pliss|100/100 par|[from] item: Leftovers
|upkeep
|turn|64
|
|t:|1731018084
|move|p1a: Zapdos|Thunderbolt|p2a: Pliss
|-damage|p2a: Pliss|81/100 par
|move|p2a: Pliss|Thunderbolt|p1a: Zapdos
|-crit|p1a: Zapdos
|-damage|p1a: Zapdos|38/100
|
|-weather|Sandstorm|[upkeep]
|-damage|p1a: Zapdos|32/100|[from] Sandstorm
|-damage|p2a: Pliss|75/100 par|[from] Sandstorm
|-heal|p1a: Zapdos|38/100|[from] item: Leftovers
|-heal|p2a: Pliss|81/100 par|[from] item: Leftovers
|upkeep
|turn|65
|
|t:|1731018089
|move|p1a: Zapdos|Thunderbolt|p2a: Pliss
|-damage|p2a: Pliss|63/100 par
|move|p2a: Pliss|Soft-Boiled|p2a: Pliss
|-heal|p2a: Pliss|100/100 par
|
|-weather|Sandstorm|[upkeep]
|-damage|p1a: Zapdos|32/100|[from] Sandstorm
|-damage|p2a: Pliss|94/100 par|[from] Sandstorm
|-heal|p1a: Zapdos|38/100|[from] item: Leftovers
|-heal|p2a: Pliss|100/100 par|[from] item: Leftovers
|upkeep
|turn|66
|inactive|blundergoth has 270 seconds left.
|
|t:|1731018110
|move|p1a: Zapdos|Thunderbolt|p2a: Pliss
|-damage|p2a: Pliss|82/100 par
|cant|p2a: Pliss|par
|
|-weather|Sandstorm|[upkeep]
|-damage|p1a: Zapdos|32/100|[from] Sandstorm
|-damage|p2a: Pliss|76/100 par|[from] Sandstorm
|-heal|p1a: Zapdos|38/100|[from] item: Leftovers
|-heal|p2a: Pliss|82/100 par|[from] item: Leftovers
|upkeep
|turn|67
|
|t:|1731018114
|move|p1a: Zapdos|Thunderbolt|p2a: Pliss
|-damage|p2a: Pliss|64/100 par
|move|p2a: Pliss|Soft-Boiled|p2a: Pliss
|-heal|p2a: Pliss|100/100 par
|
|-weather|Sandstorm|[upkeep]
|-damage|p1a: Zapdos|32/100|[from] Sandstorm
|-damage|p2a: Pliss|94/100 par|[from] Sandstorm
|-heal|p1a: Zapdos|38/100|[from] item: Leftovers
|-heal|p2a: Pliss|100/100 par|[from] item: Leftovers
|upkeep
|turn|68
|
|t:|1731018118
|move|p1a: Zapdos|Thunderbolt|p2a: Pliss
|-damage|p2a: Pliss|80/100 par
|cant|p2a: Pliss|par
|
|-weather|Sandstorm|[upkeep]
|-damage|p1a: Zapdos|32/100|[from] Sandstorm
|-damage|p2a: Pliss|73/100 par|[from] Sandstorm
|-heal|p1a: Zapdos|38/100|[from] item: Leftovers
|-heal|p2a: Pliss|80/100 par|[from] item: Leftovers
|upkeep
|turn|69
|
|t:|1731018121
|move|p1a: Zapdos|Thunderbolt|p2a: Pliss
|-damage|p2a: Pliss|61/100 par
|move|p2a: Pliss|Soft-Boiled|p2a: Pliss
|-heal|p2a: Pliss|100/100 par
|
|-weather|Sandstorm|[upkeep]
|-damage|p1a: Zapdos|32/100|[from] Sandstorm
|-damage|p2a: Pliss|94/100 par|[from] Sandstorm
|-heal|p1a: Zapdos|38/100|[from] item: Leftovers
|-heal|p2a: Pliss|100/100 par|[from] item: Leftovers
|upkeep
|turn|70
|
|t:|1731018125
|move|p1a: Zapdos|Thunderbolt|p2a: Pliss
|-damage|p2a: Pliss|80/100 par
|move|p2a: Pliss|Ice Beam|p1a: Zapdos
|-supereffective|p1a: Zapdos
|-damage|p1a: Zapdos|0 fnt
|faint|p1a: Zapdos
|
|t:|1731018128
|switch|p1a: Gyarados|Gyarados, M|100/100
|-ability|p1a: Gyarados|Intimidate|boost
|-unboost|p2a: Pliss|atk|1
|
|-weather|Sandstorm|[upkeep]
|-damage|p1a: Gyarados|94/100|[from] Sandstorm
|-damage|p2a: Pliss|74/100 par|[from] Sandstorm
|-heal|p1a: Gyarados|100/100|[from] item: Leftovers
|-heal|p2a: Pliss|80/100 par|[from] item: Leftovers
|upkeep
|turn|71
|
|t:|1731018133
|-curestatus|p2a: Pliss|par|[from] ability: Natural Cure
|switch|p2a: CRUSH CREAM SODA|Skarmory, F|66/100
|move|p1a: Gyarados|Double-Edge|p2a: CRUSH CREAM SODA
|-resisted|p2a: CRUSH CREAM SODA
|-damage|p2a: CRUSH CREAM SODA|49/100
|-damage|p1a: Gyarados|95/100|[from] Recoil|[of] p2a: CRUSH CREAM SODA
|
|-weather|Sandstorm|[upkeep]
|-damage|p1a: Gyarados|89/100|[from] Sandstorm
|-heal|p1a: Gyarados|95/100|[from] item: Leftovers
|-heal|p2a: CRUSH CREAM SODA|55/100|[from] item: Leftovers
|upkeep
|turn|72
|
|t:|1731018145
|move|p1a: Gyarados|Hidden Power|p2a: CRUSH CREAM SODA
|-resisted|p2a: CRUSH CREAM SODA
|-damage|p2a: CRUSH CREAM SODA|39/100
|move|p2a: CRUSH CREAM SODA|Drill Peck|p1a: Gyarados
|-damage|p1a: Gyarados|69/100
|
|-weather|Sandstorm|[upkeep]
|-damage|p1a: Gyarados|63/100|[from] Sandstorm
|-heal|p1a: Gyarados|69/100|[from] item: Leftovers
|-heal|p2a: CRUSH CREAM SODA|45/100|[from] item: Leftovers
|upkeep
|turn|73
|
|t:|1731018151
|move|p2a: CRUSH CREAM SODA|Protect|p2a: CRUSH CREAM SODA
|-singleturn|p2a: CRUSH CREAM SODA|Protect
|move|p1a: Gyarados|Hidden Power|p2a: CRUSH CREAM SODA
|-activate|p2a: CRUSH CREAM SODA|Protect
|
|-weather|Sandstorm|[upkeep]
|-damage|p1a: Gyarados|63/100|[from] Sandstorm
|-heal|p1a: Gyarados|69/100|[from] item: Leftovers
|-heal|p2a: CRUSH CREAM SODA|51/100|[from] item: Leftovers
|upkeep
|turn|74
|
|t:|1731018154
|move|p1a: Gyarados|Hidden Power|p2a: CRUSH CREAM SODA
|-resisted|p2a: CRUSH CREAM SODA
|-damage|p2a: CRUSH CREAM SODA|35/100
|move|p2a: CRUSH CREAM SODA|Roar|p1a: Gyarados
|drag|p1a: Skarmory|Skarmory, F|74/100 par
|
|-weather|Sandstorm|[upkeep]
|-heal|p2a: CRUSH CREAM SODA|41/100|[from] item: Leftovers
|-heal|p1a: Skarmory|80/100 par|[from] item: Leftovers
|upkeep
|turn|75
|
|t:|1731018172
|switch|p2a: INFLUENCE|Claydol|50/100
|cant|p1a: Skarmory|par
|
|-weather|Sandstorm|[upkeep]
|-heal|p2a: INFLUENCE|57/100|[from] item: Leftovers
|-heal|p1a: Skarmory|86/100 par|[from] item: Leftovers
|upkeep
|turn|76
|
|t:|1731018191
|switch|p1a: Gyarados|Gyarados, M|69/100
|-ability|p1a: Gyarados|Intimidate|boost
|-unboost|p2a: INFLUENCE|atk|1
|move|p2a: INFLUENCE|Rapid Spin|p1a: Gyarados
|-damage|p1a: Gyarados|66/100
|-sideend|p2: blundergoth|Spikes|[from] move: Rapid Spin|[of] p2a: INFLUENCE
|
|-weather|Sandstorm|[upkeep]
|-damage|p1a: Gyarados|60/100|[from] Sandstorm
|-heal|p1a: Gyarados|66/100|[from] item: Leftovers
|-heal|p2a: INFLUENCE|63/100|[from] item: Leftovers
|upkeep
|turn|77
|
|t:|1731018198
|move|p1a: Gyarados|Dragon Dance|p1a: Gyarados
|-boost|p1a: Gyarados|atk|1
|-boost|p1a: Gyarados|spe|1
|move|p2a: INFLUENCE|Explosion|p1a: Gyarados
|-crit|p1a: Gyarados
|-damage|p1a: Gyarados|0 fnt
|faint|p2a: INFLUENCE
|faint|p1a: Gyarados
|-message|Cakeconnesseur forfeited.
|
|win|blundergoth
|player|p1|
|player|p1|Cakeconnesseur|lass-gen7|
|c|☆blundergoth|GG
|c|☆Cakeconnesseur|gg
|player|p2|

</script>
<script type="application/json" class="data" id="replaydata-smogtours-gen3ou-805169">
{"id":"smogtours-gen3ou-805169","format":"[Gen 3] OU","players":["Cakeconnesseur","blundergoth"],"uploadtime":1731018202,"views":29,"formatid":"gen3ou","rating":null,"private":0,"password":null}
</script>

<script defer src="js/replays.js?9d40a366"></script>
