<!DOCTYPE html>
<meta charset="utf-8" />
<meta name="viewport" content="width=device-width" />

<title>[Gen 3] OU: muk fan vs. AirPan - Replays - Pok&eacute;mon Showdown!</title>

<meta name="description" content="Watch a replay of a Pok&eacute;mon battle between muk fan and AirPan! Format: [Gen 3] OU; Date: Oct 13, 2024" />
<!--

Hey, you! Looking in the source for the replay log?

You can find them in JSON format, just add `.json` at the end of a replay URL.

https://replay.pokemonshowdown.com/gen7randomdoublesbattle-865046831.json

Or, if you only need the log itself, add `.log` instead:

https://replay.pokemonshowdown.com/gen7randomdoublesbattle-865046831.log

-->

<link rel="stylesheet" href="//pokemonshowdown.com/style/global.css?0.023195364461161105" />
<link rel="stylesheet" href="//play.pokemonshowdown.com/style/font-awesome.css?0.13261647063804238" />
<link rel="stylesheet" href="//play.pokemonshowdown.com/style/battle.css?0.8753245789963631" />
<link rel="stylesheet" href="//play.pokemonshowdown.com/style/utilichart.css?0.8627959624976733" />

<!-- Global site tag (gtag.js) - Google Analytics -->
<script async src="https://www.googletagmanager.com/gtag/js?id=UA-26211653-1"></script>
<script>
  window.dataLayer = window.dataLayer || [];
  function gtag(){dataLayer.push(arguments);}
  gtag('js', new Date());

  gtag('config', 'UA-26211653-1');
</script>
<!-- End Google Analytics -->
<!-- Venatus Ad Manager - Install in <HEAD> of page -->
	<script src="https://hb.vntsm.com/v3/live/ad-manager.min.js" type="text/javascript" data-site-id="642aba63ec9a7b11c3c9c1be" data-mode="scan" async></script>
<!-- / Venatus Ad Manager -->

<style>
	@media (max-width:820px) {
		.battle {
			margin: 0 auto;
		}
		.battle-log {
			margin: 7px auto 0;
			max-width: 640px;
			height: 300px;
			position: static;
		}
	}
	.optgroup {
		display: inline-block;
		line-height: 22px;
		font-size: 10pt;
	}
	.optgroup .button {
		height: 25px;
		padding-top: 0;
		padding-bottom: 0;
	}
	.optgroup button.button {
		padding-left: 12px;
		padding-right: 12px;
	}
	.linklist {
		list-style: none;
		margin: 0.5em 0;
		padding: 0;
	}
	.linklist li {
		padding: 2px 0;
	}
	.sidebar {
		float: left;
		width: 320px;
	}
	.bar-wrapper {
		max-width: 1100px;
		margin: 0 auto;
	}
	.bar-wrapper.has-sidebar {
		max-width: 1430px;
	}
	.mainbar {
		margin: 0;
		padding-right: 1px;
	}
	.mainbar.has-sidebar {
		margin-left: 330px;
	}
	@media (min-width: 1511px) {
		.sidebar {
			width: 400px;
		}
		.bar-wrapper.has-sidebar {
			max-width: 1510px;
		}
		.mainbar.has-sidebar {
			margin-left: 410px;
		}
	}
	.section.first-section {
		margin-top: 9px;
	}
	.blocklink small {
		white-space: normal;
	}
	.button {
		vertical-align: middle;
	}
	.replay-controls {
		padding-top: 10px;
	}
	.replay-controls h1 {
		font-size: 16pt;
		font-weight: normal;
		color: #CCC;
	}
	.pagelink {
		text-align: center;
	}
	.pagelink a {
		width: 150px;
	}
	.textbox, .button {
		font-size: 11pt;
		vertical-align: middle;
	}
	@media (max-width: 450px) {
		.button {
			font-size: 9pt;
		}
	}
</style>

<div>

	<header>
		<div class="nav-wrapper"><ul class="nav">
			<li><a class="button nav-first" href="//pokemonshowdown.com/"><img src="//pokemonshowdown.com/images/pokemonshowdownbeta.png" srcset="//pokemonshowdown.com/images/pokemonshowdownbeta.png 1x, //pokemonshowdown.com/images/pokemonshowdownbeta@2x.png 2x" alt="Pok&eacute;mon Showdown" width="146" height="44" /> Home</a></li>
			<li><a class="button" href="//pokemonshowdown.com/dex/">Pok&eacute;dex</a></li>
			<li><a class="button cur" href="/">Replays</a></li>
			<li><a class="button" href="//pokemonshowdown.com/ladder/">Ladder</a></li>
			<li><a class="button nav-last" href="//pokemonshowdown.com/forums/">Forum</a></li>
			<li><a class="button greenbutton nav-first nav-last" href="//play.pokemonshowdown.com/">Play</a></li>
		</ul></div>
	</header>

	<div class="main" id="main">

		<noscript><section class="section">You need to enable JavaScript to use this page; sorry!</section></noscript>

	</div>

</div>

<script defer nomodule src="//play.pokemonshowdown.com/js/lib/ps-polyfill.js"></script>
<script defer src="//play.pokemonshowdown.com/js/lib/preact.min.js"></script>

<script defer src="//play.pokemonshowdown.com/config/config.js?2bddbc15"></script>
<script defer src="//play.pokemonshowdown.com/js/lib/jquery-1.11.0.min.js"></script>
<script defer src="//play.pokemonshowdown.com/js/lib/html-sanitizer-minified.js"></script>
<script defer src="//play.pokemonshowdown.com/js/battle-sound.js"></script>
<script defer src="//play.pokemonshowdown.com/js/battledata.js?0.7209276989879541"></script>
<script defer src="//play.pokemonshowdown.com/data/pokedex-mini.js?0.6111056340867951"></script>
<script defer src="//play.pokemonshowdown.com/data/pokedex-mini-bw.js?0.3532142036491459"></script>
<script defer src="//play.pokemonshowdown.com/data/graphics.js?0.24223875632456182"></script>
<script defer src="//play.pokemonshowdown.com/data/pokedex.js?0.38839984266356864"></script>
<script defer src="//play.pokemonshowdown.com/data/moves.js?0.21866028504024015"></script>
<script defer src="//play.pokemonshowdown.com/data/abilities.js?0.2005157953846628"></script>
<script defer src="//play.pokemonshowdown.com/data/items.js?0.9894211263848525"></script>
<script defer src="//play.pokemonshowdown.com/data/teambuilder-tables.js?0.6008791140282215"></script>
<script defer src="//play.pokemonshowdown.com/js/battle-tooltips.js?0.7580118955022959"></script>
<script defer src="//play.pokemonshowdown.com/js/battle.js?0.6057722274234274"></script>

<script defer src="js/utils.js?e31f9a17"></script>
<script defer src="js/replays-battle.js?7008c182"></script>

<!-- don't scrape this data! just add .json or .log after the URL!
Full API docs: https://github.com/smogon/pokemon-showdown-client/blob/master/WEB-API.md -->
<script type="text/plain" class="log" id="replaylog-smogtours-gen3ou-798385">
|inactive|Battle timer is ON: inactive players will automatically lose when time's up.
|t:|1728851097
|gametype|singles
|player|p1|muk fan|blue|
|player|p2|AirPan|pokemonrangerf-gen4|
|teamsize|p1|6
|teamsize|p2|6
|gen|3
|tier|[Gen 3] OU
|rule|Sleep Clause Mod: Limit one foe put to sleep
|rule|Switch Priority Clause Mod: Faster Pokémon switch first
|rule|Species Clause: Limit one of each Pokémon
|rule|OHKO Clause: OHKO moves are banned
|rule|Evasion Items Clause: Evasion items are banned
|rule|Evasion Moves Clause: Evasion moves are banned
|rule|Endless Battle Clause: Forcing endless battles is banned
|rule|HP Percentage Mod: HP is shown in percentages
|rule|One Boost Passer Clause: Limit one Baton Passer that has a way to boost its stats
|rule|Freeze Clause Mod: Limit one foe frozen
|
|t:|1728851097
|start
|switch|p1a: Medicham|Medicham, F, shiny|100/100
|switch|p2a: no feelings|Tyranitar, M, shiny|100/100
|-weather|Sandstorm|[from] ability: Sand Stream|[of] p2a: no feelings
|turn|1
|
|t:|1728851109
|-singleturn|p1a: Medicham|move: Focus Punch
|switch|p2a: pretty vacant|Zapdos|100/100
|move|p1a: Medicham|Focus Punch|p2a: pretty vacant
|-resisted|p2a: pretty vacant
|-damage|p2a: pretty vacant|48/100
|
|-weather|Sandstorm|[upkeep]
|-damage|p1a: Medicham|94/100|[from] Sandstorm
|-damage|p2a: pretty vacant|42/100|[from] Sandstorm
|-heal|p2a: pretty vacant|48/100|[from] item: Leftovers
|upkeep
|turn|2
|inactive|muk fan has 270 seconds left.
|
|t:|1728851144
|switch|p1a: Regice|Regice|100/100
|move|p2a: pretty vacant|Thunderbolt|p1a: Regice
|-crit|p1a: Regice
|-damage|p1a: Regice|59/100
|
|-weather|Sandstorm|[upkeep]
|-damage|p2a: pretty vacant|42/100|[from] Sandstorm
|-damage|p1a: Regice|53/100|[from] Sandstorm
|-heal|p2a: pretty vacant|48/100|[from] item: Leftovers
|-heal|p1a: Regice|59/100|[from] item: Leftovers
|upkeep
|turn|3
|
|t:|1728851154
|switch|p2a: problems|Swampert, M, shiny|100/100
|move|p1a: Regice|Thunder Wave|p2a: problems
|-immune|p2a: problems
|
|-weather|Sandstorm|[upkeep]
|-damage|p1a: Regice|53/100|[from] Sandstorm
|-heal|p1a: Regice|59/100|[from] item: Leftovers
|upkeep
|turn|4
|
|t:|1728851161
|move|p2a: problems|Toxic|p1a: Regice
|-status|p1a: Regice|tox
|move|p1a: Regice|Ice Beam|p2a: problems
|-damage|p2a: problems|62/100
|
|-weather|Sandstorm|[upkeep]
|-damage|p1a: Regice|53/100 tox|[from] Sandstorm
|-heal|p2a: problems|68/100|[from] item: Leftovers
|-heal|p1a: Regice|59/100 tox|[from] item: Leftovers
|-damage|p1a: Regice|53/100 tox|[from] psn
|upkeep
|turn|5
|
|t:|1728851177
|move|p2a: problems|Protect|p2a: problems
|-singleturn|p2a: problems|Protect
|move|p1a: Regice|Ice Beam|p2a: problems
|-activate|p2a: problems|Protect
|
|-weather|Sandstorm|[upkeep]
|-damage|p1a: Regice|47/100 tox|[from] Sandstorm
|-heal|p2a: problems|75/100|[from] item: Leftovers
|-heal|p1a: Regice|53/100 tox|[from] item: Leftovers
|-damage|p1a: Regice|41/100 tox|[from] psn
|upkeep
|turn|6
|
|t:|1728851194
|switch|p2a: bodies|Forretress, F, shiny|100/100
|move|p1a: Regice|Explosion|p2a: bodies
|-resisted|p2a: bodies
|-damage|p2a: bodies|75/100
|faint|p1a: Regice
|
|t:|1728851200
|switch|p1a: Charizard|Charizard, M, shiny|100/100
|
|-weather|Sandstorm|[upkeep]
|-damage|p1a: Charizard|94/100|[from] Sandstorm
|-heal|p1a: Charizard|100/100|[from] item: Leftovers
|-heal|p2a: bodies|81/100|[from] item: Leftovers
|upkeep
|turn|7
|
|t:|1728851210
|switch|p2a: pretty vacant|Zapdos|48/100
|move|p1a: Charizard|Fire Blast|p2a: pretty vacant
|-damage|p2a: pretty vacant|7/100
|
|-weather|Sandstorm|[upkeep]
|-damage|p1a: Charizard|94/100|[from] Sandstorm
|-damage|p2a: pretty vacant|1/100|[from] Sandstorm
|-heal|p1a: Charizard|100/100|[from] item: Leftovers
|-heal|p2a: pretty vacant|7/100|[from] item: Leftovers
|upkeep
|turn|8
|inactive|muk fan has 270 seconds left.
|
|t:|1728851236
|switch|p1a: Tyranitar|Tyranitar, M|100/100
|move|p2a: pretty vacant|Rest|p2a: pretty vacant
|-status|p2a: pretty vacant|slp|[from] move: Rest
|-heal|p2a: pretty vacant|100/100 slp|[silent]
|
|-weather|Sandstorm|[upkeep]
|-damage|p2a: pretty vacant|94/100 slp|[from] Sandstorm
|-heal|p2a: pretty vacant|100/100 slp|[from] item: Leftovers
|upkeep
|turn|9
|
|t:|1728851250
|switch|p2a: problems|Swampert, M, shiny|75/100
|switch|p1a: Charizard|Charizard, M, shiny|100/100
|
|-weather|Sandstorm|[upkeep]
|-damage|p1a: Charizard|94/100|[from] Sandstorm
|-heal|p1a: Charizard|100/100|[from] item: Leftovers
|-heal|p2a: problems|81/100|[from] item: Leftovers
|upkeep
|turn|10
|
|t:|1728851255
|switch|p2a: god save the queen|Umbreon, M|100/100
|move|p1a: Charizard|Hidden Power|p2a: god save the queen
|-damage|p2a: god save the queen|89/100
|
|-weather|Sandstorm|[upkeep]
|-damage|p1a: Charizard|94/100|[from] Sandstorm
|-damage|p2a: god save the queen|83/100|[from] Sandstorm
|-heal|p1a: Charizard|100/100|[from] item: Leftovers
|-heal|p2a: god save the queen|89/100|[from] item: Leftovers
|upkeep
|turn|11
|
|t:|1728851262
|switch|p1a: Swampert|Swampert, M, shiny|100/100
|move|p2a: god save the queen|Wish|p2a: god save the queen
|
|-weather|Sandstorm|[upkeep]
|-damage|p2a: god save the queen|83/100|[from] Sandstorm
|-heal|p2a: god save the queen|89/100|[from] item: Leftovers
|upkeep
|turn|12
|
|t:|1728851265
|move|p1a: Swampert|Protect|p1a: Swampert
|-singleturn|p1a: Swampert|Protect
|move|p2a: god save the queen|Toxic|p1a: Swampert
|-activate|p1a: Swampert|Protect
|
|-heal|p2a: god save the queen|100/100|[from] move: Wish|[wisher] god save the queen
|-weather|Sandstorm|[upkeep]
|-damage|p2a: god save the queen|94/100|[from] Sandstorm
|-heal|p2a: god save the queen|100/100|[from] item: Leftovers
|upkeep
|turn|13
|
|t:|1728851269
|switch|p1a: Metagross|Metagross, shiny|100/100
|move|p2a: god save the queen|Toxic|p1a: Metagross
|-immune|p1a: Metagross
|
|-weather|Sandstorm|[upkeep]
|-damage|p2a: god save the queen|94/100|[from] Sandstorm
|-heal|p2a: god save the queen|100/100|[from] item: Leftovers
|upkeep
|turn|14
|
|t:|1728851272
|move|p2a: god save the queen|Protect|p2a: god save the queen
|-singleturn|p2a: god save the queen|Protect
|move|p1a: Metagross|Meteor Mash|p2a: god save the queen
|-activate|p2a: god save the queen|Protect
|
|-weather|Sandstorm|[upkeep]
|-damage|p2a: god save the queen|94/100|[from] Sandstorm
|-heal|p2a: god save the queen|100/100|[from] item: Leftovers
|upkeep
|turn|15
|
|t:|1728851278
|switch|p1a: Charizard|Charizard, M, shiny|100/100
|switch|p2a: bodies|Forretress, F, shiny|81/100
|
|-weather|Sandstorm|[upkeep]
|-damage|p1a: Charizard|94/100|[from] Sandstorm
|-heal|p1a: Charizard|100/100|[from] item: Leftovers
|-heal|p2a: bodies|87/100|[from] item: Leftovers
|upkeep
|turn|16
|
|t:|1728851286
|move|p1a: Charizard|Fire Blast|p2a: bodies
|-supereffective|p2a: bodies
|-damage|p2a: bodies|0 fnt
|faint|p2a: bodies
|
|t:|1728851290
|switch|p2a: no feelings|Tyranitar, M, shiny|100/100
|
|-weather|Sandstorm|[upkeep]
|-damage|p1a: Charizard|94/100|[from] Sandstorm
|-heal|p1a: Charizard|100/100|[from] item: Leftovers
|upkeep
|turn|17
|
|t:|1728851295
|switch|p1a: Swampert|Swampert, M, shiny|100/100
|move|p2a: no feelings|Rock Slide|p1a: Swampert
|-resisted|p1a: Swampert
|-damage|p1a: Swampert|70/100
|
|-weather|Sandstorm|[upkeep]
|-heal|p1a: Swampert|76/100|[from] item: Leftovers
|upkeep
|turn|18
|
|t:|1728851298
|switch|p2a: anarchy in the uk|Celebi|100/100
|move|p1a: Swampert|Hydro Pump|p2a: anarchy in the uk
|-resisted|p2a: anarchy in the uk
|-damage|p2a: anarchy in the uk|80/100
|
|-weather|Sandstorm|[upkeep]
|-damage|p2a: anarchy in the uk|74/100|[from] Sandstorm
|-heal|p2a: anarchy in the uk|80/100|[from] item: Leftovers
|-heal|p1a: Swampert|82/100|[from] item: Leftovers
|upkeep
|turn|19
|
|t:|1728851314
|switch|p1a: Metagross|Metagross, shiny|100/100
|move|p2a: anarchy in the uk|Leech Seed|p1a: Metagross
|-start|p1a: Metagross|move: Leech Seed
|
|-weather|Sandstorm|[upkeep]
|-damage|p2a: anarchy in the uk|74/100|[from] Sandstorm
|-heal|p2a: anarchy in the uk|80/100|[from] item: Leftovers
|-damage|p1a: Metagross|88/100|[from] Leech Seed|[of] p2a: anarchy in the uk
|-heal|p2a: anarchy in the uk|90/100|[silent]
|upkeep
|turn|20
|
|t:|1728851322
|switch|p2a: problems|Swampert, M, shiny|81/100
|move|p1a: Metagross|Meteor Mash|p2a: problems
|-resisted|p2a: problems
|-damage|p2a: problems|62/100
|
|-weather|Sandstorm|[upkeep]
|-heal|p1a: Metagross|94/100|[from] item: Leftovers
|-damage|p1a: Metagross|82/100|[from] Leech Seed|[of] p2a: problems
|-heal|p2a: problems|72/100|[silent]
|-heal|p2a: problems|78/100|[from] item: Leftovers
|upkeep
|turn|21
|
|t:|1728851332
|switch|p1a: Swampert|Swampert, M, shiny|82/100
|move|p2a: problems|Toxic|p1a: Swampert
|-status|p1a: Swampert|tox
|
|-weather|Sandstorm|[upkeep]
|-heal|p1a: Swampert|88/100 tox|[from] item: Leftovers
|-heal|p2a: problems|84/100|[from] item: Leftovers
|-damage|p1a: Swampert|82/100 tox|[from] psn
|upkeep
|turn|22
|
|t:|1728851337
|move|p2a: problems|Protect|p2a: problems
|-singleturn|p2a: problems|Protect
|move|p1a: Swampert|Hydro Pump|p2a: problems
|-activate|p2a: problems|Protect
|
|-weather|Sandstorm|[upkeep]
|-heal|p1a: Swampert|88/100 tox|[from] item: Leftovers
|-heal|p2a: problems|90/100|[from] item: Leftovers
|-damage|p1a: Swampert|76/100 tox|[from] psn
|upkeep
|turn|23
|
|t:|1728851340
|switch|p2a: anarchy in the uk|Celebi|90/100
|move|p1a: Swampert|Ice Beam|p2a: anarchy in the uk
|-supereffective|p2a: anarchy in the uk
|-damage|p2a: anarchy in the uk|47/100
|
|-weather|Sandstorm|[upkeep]
|-damage|p2a: anarchy in the uk|41/100|[from] Sandstorm
|-heal|p2a: anarchy in the uk|47/100|[from] item: Leftovers
|-heal|p1a: Swampert|82/100 tox|[from] item: Leftovers
|-damage|p1a: Swampert|64/100 tox|[from] psn
|upkeep
|turn|24
|
|t:|1728851346
|move|p2a: anarchy in the uk|Giga Drain|p1a: Swampert
|-supereffective|p1a: Swampert
|-damage|p1a: Swampert|0 fnt
|-heal|p2a: anarchy in the uk|78/100|[from] drain|[of] p1a: Swampert
|faint|p1a: Swampert
|
|t:|1728851348
|switch|p1a: Charizard|Charizard, M, shiny|100/100
|
|-weather|Sandstorm|[upkeep]
|-damage|p1a: Charizard|94/100|[from] Sandstorm
|-damage|p2a: anarchy in the uk|72/100|[from] Sandstorm
|-heal|p1a: Charizard|100/100|[from] item: Leftovers
|-heal|p2a: anarchy in the uk|78/100|[from] item: Leftovers
|upkeep
|turn|25
|
|t:|1728851359
|switch|p2a: god save the queen|Umbreon, M|100/100
|move|p1a: Charizard|Fire Blast|p2a: god save the queen
|-damage|p2a: god save the queen|68/100
|
|-weather|Sandstorm|[upkeep]
|-damage|p1a: Charizard|94/100|[from] Sandstorm
|-damage|p2a: god save the queen|61/100|[from] Sandstorm
|-heal|p1a: Charizard|100/100|[from] item: Leftovers
|-heal|p2a: god save the queen|68/100|[from] item: Leftovers
|upkeep
|turn|26
|
|t:|1728851363
|move|p1a: Charizard|Fire Blast|p2a: god save the queen
|-damage|p2a: god save the queen|36/100
|move|p2a: god save the queen|Wish|p2a: god save the queen
|
|-weather|Sandstorm|[upkeep]
|-damage|p1a: Charizard|94/100|[from] Sandstorm
|-damage|p2a: god save the queen|30/100|[from] Sandstorm
|-heal|p1a: Charizard|100/100|[from] item: Leftovers
|-heal|p2a: god save the queen|36/100|[from] item: Leftovers
|upkeep
|turn|27
|
|t:|1728851371
|-activate|p1a: Charizard|move: Pursuit
|move|p2a: god save the queen|Pursuit|p1a: Charizard|[from]Pursuit
|-damage|p1a: Charizard|77/100
|switch|p1a: Medicham|Medicham, F, shiny|94/100
|
|-heal|p2a: god save the queen|86/100|[from] move: Wish|[wisher] god save the queen
|-weather|Sandstorm|[upkeep]
|-damage|p1a: Medicham|88/100|[from] Sandstorm
|-damage|p2a: god save the queen|80/100|[from] Sandstorm
|-heal|p2a: god save the queen|86/100|[from] item: Leftovers
|upkeep
|turn|28
|
|t:|1728851382
|move|p2a: god save the queen|Protect|p2a: god save the queen
|-singleturn|p2a: god save the queen|Protect
|move|p1a: Medicham|Shadow Ball|p2a: god save the queen
|-activate|p2a: god save the queen|Protect
|
|-weather|Sandstorm|[upkeep]
|-damage|p1a: Medicham|82/100|[from] Sandstorm
|-damage|p2a: god save the queen|80/100|[from] Sandstorm
|-heal|p2a: god save the queen|86/100|[from] item: Leftovers
|upkeep
|turn|29
|
|t:|1728851388
|-singleturn|p1a: Medicham|move: Focus Punch
|move|p2a: god save the queen|Toxic|p1a: Medicham
|-status|p1a: Medicham|tox
|move|p1a: Medicham|Focus Punch|p2a: god save the queen
|-supereffective|p2a: god save the queen
|-damage|p2a: god save the queen|0 fnt
|faint|p2a: god save the queen
|
|t:|1728851396
|switch|p2a: anarchy in the uk|Celebi|78/100
|
|-weather|Sandstorm|[upkeep]
|-damage|p1a: Medicham|76/100 tox|[from] Sandstorm
|-damage|p2a: anarchy in the uk|72/100|[from] Sandstorm
|-damage|p1a: Medicham|70/100 tox|[from] psn
|-heal|p2a: anarchy in the uk|78/100|[from] item: Leftovers
|upkeep
|turn|30
|
|t:|1728851408
|switch|p1a: Metagross|Metagross, shiny|82/100
|move|p2a: anarchy in the uk|Psychic|p1a: Metagross
|-resisted|p1a: Metagross
|-damage|p1a: Metagross|72/100
|
|-weather|Sandstorm|[upkeep]
|-damage|p2a: anarchy in the uk|72/100|[from] Sandstorm
|-heal|p2a: anarchy in the uk|78/100|[from] item: Leftovers
|-heal|p1a: Metagross|78/100|[from] item: Leftovers
|upkeep
|turn|31
|
|t:|1728851410
|move|p2a: anarchy in the uk|Leech Seed|p1a: Metagross
|-start|p1a: Metagross|move: Leech Seed
|move|p1a: Metagross|Agility|p1a: Metagross
|-boost|p1a: Metagross|spe|2
|
|-weather|Sandstorm|[upkeep]
|-damage|p2a: anarchy in the uk|72/100|[from] Sandstorm
|-heal|p1a: Metagross|84/100|[from] item: Leftovers
|-damage|p1a: Metagross|72/100|[from] Leech Seed|[of] p2a: anarchy in the uk
|-heal|p2a: anarchy in the uk|82/100|[silent]
|-heal|p2a: anarchy in the uk|88/100|[from] item: Leftovers
|upkeep
|turn|32
|
|t:|1728851418
|move|p1a: Metagross|Explosion|p2a: anarchy in the uk
|-damage|p2a: anarchy in the uk|0 fnt
|faint|p1a: Metagross
|faint|p2a: anarchy in the uk
|
|t:|1728851431
|switch|p2a: no feelings|Tyranitar, M, shiny|100/100
|switch|p1a: Medicham|Medicham, F, shiny|70/100 tox
|
|-weather|Sandstorm|[upkeep]
|-damage|p1a: Medicham|64/100 tox|[from] Sandstorm
|-damage|p1a: Medicham|58/100 tox|[from] psn
|upkeep
|turn|33
|
|t:|1728851438
|move|p1a: Medicham|Brick Break|p2a: no feelings
|-supereffective|p2a: no feelings
|-crit|p2a: no feelings
|-damage|p2a: no feelings|0 fnt
|faint|p2a: no feelings
|
|t:|1728851445
|switch|p2a: problems|Swampert, M, shiny|90/100
|
|-weather|Sandstorm|[upkeep]
|-damage|p1a: Medicham|52/100 tox|[from] Sandstorm
|-damage|p1a: Medicham|39/100 tox|[from] psn
|-heal|p2a: problems|97/100|[from] item: Leftovers
|upkeep
|turn|34
|
|t:|1728851459
|move|p2a: problems|Protect|p2a: problems
|-singleturn|p2a: problems|Protect
|move|p1a: Medicham|Brick Break|p2a: problems
|-activate|p2a: problems|Protect
|
|-weather|Sandstorm|[upkeep]
|-damage|p1a: Medicham|33/100 tox|[from] Sandstorm
|-damage|p1a: Medicham|15/100 tox|[from] psn
|-heal|p2a: problems|100/100|[from] item: Leftovers
|upkeep
|turn|35
|
|t:|1728851464
|switch|p2a: pretty vacant|Zapdos|100/100 slp
|move|p1a: Medicham|Brick Break|p2a: pretty vacant
|-resisted|p2a: pretty vacant
|-damage|p2a: pretty vacant|77/100 slp
|
|-weather|Sandstorm|[upkeep]
|-damage|p1a: Medicham|9/100 tox|[from] Sandstorm
|-damage|p2a: pretty vacant|71/100 slp|[from] Sandstorm
|-damage|p1a: Medicham|0 fnt|[from] psn
|faint|p1a: Medicham
|-heal|p2a: pretty vacant|77/100 slp|[from] item: Leftovers
|upkeep
|
|t:|1728851467
|switch|p1a: Tyranitar|Tyranitar, M|100/100
|turn|36
|
|t:|1728851473
|switch|p2a: problems|Swampert, M, shiny|100/100
|move|p1a: Tyranitar|Dragon Dance|p1a: Tyranitar
|-boost|p1a: Tyranitar|atk|1
|-boost|p1a: Tyranitar|spe|1
|
|-weather|Sandstorm|[upkeep]
|upkeep
|turn|37
|
|t:|1728851475
|move|p1a: Tyranitar|Earthquake|p2a: problems
|-damage|p2a: problems|68/100
|move|p2a: problems|Earthquake|p1a: Tyranitar
|-supereffective|p1a: Tyranitar
|-damage|p1a: Tyranitar|43/100
|
|-weather|Sandstorm|[upkeep]
|-heal|p2a: problems|75/100|[from] item: Leftovers
|upkeep
|turn|38
|
|t:|1728851479
|move|p1a: Tyranitar|Earthquake|p2a: problems
|-damage|p2a: problems|42/100
|move|p2a: problems|Earthquake|p1a: Tyranitar
|-supereffective|p1a: Tyranitar
|-damage|p1a: Tyranitar|0 fnt
|faint|p1a: Tyranitar
|
|t:|1728851481
|switch|p1a: Charizard|Charizard, M, shiny|77/100
|
|-weather|Sandstorm|[upkeep]
|-damage|p1a: Charizard|71/100|[from] Sandstorm
|-heal|p1a: Charizard|77/100|[from] item: Leftovers
|-heal|p2a: problems|48/100|[from] item: Leftovers
|upkeep
|turn|39
|
|t:|1728851484
|move|p1a: Charizard|Hidden Power|p2a: problems
|-supereffective|p2a: problems
|-damage|p2a: problems|0 fnt
|faint|p2a: problems
|
|t:|1728851486
|switch|p2a: pretty vacant|Zapdos|77/100 slp
|
|-weather|Sandstorm|[upkeep]
|-damage|p1a: Charizard|71/100|[from] Sandstorm
|-damage|p2a: pretty vacant|71/100 slp|[from] Sandstorm
|-heal|p1a: Charizard|77/100|[from] item: Leftovers
|-heal|p2a: pretty vacant|77/100 slp|[from] item: Leftovers
|upkeep
|turn|40
|
|t:|1728851489
|move|p1a: Charizard|Fire Blast|p2a: pretty vacant
|-damage|p2a: pretty vacant|41/100 slp
|cant|p2a: pretty vacant|slp
|
|-weather|Sandstorm|[upkeep]
|-damage|p1a: Charizard|71/100|[from] Sandstorm
|-damage|p2a: pretty vacant|35/100 slp|[from] Sandstorm
|-heal|p1a: Charizard|77/100|[from] item: Leftovers
|-heal|p2a: pretty vacant|41/100 slp|[from] item: Leftovers
|upkeep
|turn|41
|
|t:|1728851491
|move|p1a: Charizard|Fire Blast|p2a: pretty vacant
|-crit|p2a: pretty vacant
|-damage|p2a: pretty vacant|0 fnt
|faint|p2a: pretty vacant
|
|win|muk fan
|c|☆muk fan|gg

</script>
<script type="application/json" class="data" id="replaydata-smogtours-gen3ou-798385">
{"id":"smogtours-gen3ou-798385","format":"[Gen 3] OU","players":["muk fan","AirPan"],"uploadtime":1728851491,"views":93,"formatid":"gen3ou","rating":null,"private":0,"password":null}
</script>

<script defer src="js/replays.js?9d40a366"></script>
