<!DOCTYPE html>
<meta charset="utf-8" />
<meta name="viewport" content="width=device-width" />

<title>[Gen 3] OU: Emerald_Harrold vs. DancingAlong - Replays - Pok&eacute;mon Showdown!</title>

<meta name="description" content="Watch a replay of a Pok&eacute;mon battle between Emerald_Harrold and DancingAlong! Format: [Gen 3] OU; Date: Oct 29, 2024" />
<!--

Hey, you! Looking in the source for the replay log?

You can find them in JSON format, just add `.json` at the end of a replay URL.

https://replay.pokemonshowdown.com/gen7randomdoublesbattle-865046831.json

Or, if you only need the log itself, add `.log` instead:

https://replay.pokemonshowdown.com/gen7randomdoublesbattle-865046831.log

-->

<link rel="stylesheet" href="//pokemonshowdown.com/style/global.css?0.023195364461161105" />
<link rel="stylesheet" href="//play.pokemonshowdown.com/style/font-awesome.css?0.13261647063804238" />
<link rel="stylesheet" href="//play.pokemonshowdown.com/style/battle.css?0.8753245789963631" />
<link rel="stylesheet" href="//play.pokemonshowdown.com/style/utilichart.css?0.8627959624976733" />

<!-- Global site tag (gtag.js) - Google Analytics -->
<script async src="https://www.googletagmanager.com/gtag/js?id=UA-26211653-1"></script>
<script>
  window.dataLayer = window.dataLayer || [];
  function gtag(){dataLayer.push(arguments);}
  gtag('js', new Date());

  gtag('config', 'UA-26211653-1');
</script>
<!-- End Google Analytics -->
<!-- Venatus Ad Manager - Install in <HEAD> of page -->
	<script src="https://hb.vntsm.com/v3/live/ad-manager.min.js" type="text/javascript" data-site-id="642aba63ec9a7b11c3c9c1be" data-mode="scan" async></script>
<!-- / Venatus Ad Manager -->

<style>
	@media (max-width:820px) {
		.battle {
			margin: 0 auto;
		}
		.battle-log {
			margin: 7px auto 0;
			max-width: 640px;
			height: 300px;
			position: static;
		}
	}
	.optgroup {
		display: inline-block;
		line-height: 22px;
		font-size: 10pt;
	}
	.optgroup .button {
		height: 25px;
		padding-top: 0;
		padding-bottom: 0;
	}
	.optgroup button.button {
		padding-left: 12px;
		padding-right: 12px;
	}
	.linklist {
		list-style: none;
		margin: 0.5em 0;
		padding: 0;
	}
	.linklist li {
		padding: 2px 0;
	}
	.sidebar {
		float: left;
		width: 320px;
	}
	.bar-wrapper {
		max-width: 1100px;
		margin: 0 auto;
	}
	.bar-wrapper.has-sidebar {
		max-width: 1430px;
	}
	.mainbar {
		margin: 0;
		padding-right: 1px;
	}
	.mainbar.has-sidebar {
		margin-left: 330px;
	}
	@media (min-width: 1511px) {
		.sidebar {
			width: 400px;
		}
		.bar-wrapper.has-sidebar {
			max-width: 1510px;
		}
		.mainbar.has-sidebar {
			margin-left: 410px;
		}
	}
	.section.first-section {
		margin-top: 9px;
	}
	.blocklink small {
		white-space: normal;
	}
	.button {
		vertical-align: middle;
	}
	.replay-controls {
		padding-top: 10px;
	}
	.replay-controls h1 {
		font-size: 16pt;
		font-weight: normal;
		color: #CCC;
	}
	.pagelink {
		text-align: center;
	}
	.pagelink a {
		width: 150px;
	}
	.textbox, .button {
		font-size: 11pt;
		vertical-align: middle;
	}
	@media (max-width: 450px) {
		.button {
			font-size: 9pt;
		}
	}
</style>

<div>

	<header>
		<div class="nav-wrapper"><ul class="nav">
			<li><a class="button nav-first" href="//pokemonshowdown.com/"><img src="//pokemonshowdown.com/images/pokemonshowdownbeta.png" srcset="//pokemonshowdown.com/images/pokemonshowdownbeta.png 1x, //pokemonshowdown.com/images/pokemonshowdownbeta@2x.png 2x" alt="Pok&eacute;mon Showdown" width="146" height="44" /> Home</a></li>
			<li><a class="button" href="//pokemonshowdown.com/dex/">Pok&eacute;dex</a></li>
			<li><a class="button cur" href="/">Replays</a></li>
			<li><a class="button" href="//pokemonshowdown.com/ladder/">Ladder</a></li>
			<li><a class="button nav-last" href="//pokemonshowdown.com/forums/">Forum</a></li>
			<li><a class="button greenbutton nav-first nav-last" href="//play.pokemonshowdown.com/">Play</a></li>
		</ul></div>
	</header>

	<div class="main" id="main">

		<noscript><section class="section">You need to enable JavaScript to use this page; sorry!</section></noscript>

	</div>

</div>

<script defer nomodule src="//play.pokemonshowdown.com/js/lib/ps-polyfill.js"></script>
<script defer src="//play.pokemonshowdown.com/js/lib/preact.min.js"></script>

<script defer src="//play.pokemonshowdown.com/config/config.js?2bddbc15"></script>
<script defer src="//play.pokemonshowdown.com/js/lib/jquery-1.11.0.min.js"></script>
<script defer src="//play.pokemonshowdown.com/js/lib/html-sanitizer-minified.js"></script>
<script defer src="//play.pokemonshowdown.com/js/battle-sound.js"></script>
<script defer src="//play.pokemonshowdown.com/js/battledata.js?0.7209276989879541"></script>
<script defer src="//play.pokemonshowdown.com/data/pokedex-mini.js?0.6111056340867951"></script>
<script defer src="//play.pokemonshowdown.com/data/pokedex-mini-bw.js?0.3532142036491459"></script>
<script defer src="//play.pokemonshowdown.com/data/graphics.js?0.24223875632456182"></script>
<script defer src="//play.pokemonshowdown.com/data/pokedex.js?0.38839984266356864"></script>
<script defer src="//play.pokemonshowdown.com/data/moves.js?0.21866028504024015"></script>
<script defer src="//play.pokemonshowdown.com/data/abilities.js?0.2005157953846628"></script>
<script defer src="//play.pokemonshowdown.com/data/items.js?0.9894211263848525"></script>
<script defer src="//play.pokemonshowdown.com/data/teambuilder-tables.js?0.6008791140282215"></script>
<script defer src="//play.pokemonshowdown.com/js/battle-tooltips.js?0.7580118955022959"></script>
<script defer src="//play.pokemonshowdown.com/js/battle.js?0.6057722274234274"></script>

<script defer src="js/utils.js?e31f9a17"></script>
<script defer src="js/replays-battle.js?7008c182"></script>

<!-- don't scrape this data! just add .json or .log after the URL!
Full API docs: https://github.com/smogon/pokemon-showdown-client/blob/master/WEB-API.md -->
<script type="text/plain" class="log" id="replaylog-smogtours-gen3ou-803358">
|inactive|Battle timer is ON: inactive players will automatically lose when time's up.
|t:|1730237326
|gametype|singles
|player|p1|Emerald_Harrold|brandon-gen3|
|player|p2|DancingAlong|jogger|
|teamsize|p1|6
|teamsize|p2|6
|gen|3
|tier|[Gen 3] OU
|rule|Sleep Clause Mod: Limit one foe put to sleep
|rule|Switch Priority Clause Mod: Faster Pokémon switch first
|rule|Species Clause: Limit one of each Pokémon
|rule|OHKO Clause: OHKO moves are banned
|rule|Evasion Items Clause: Evasion items are banned
|rule|Evasion Moves Clause: Evasion moves are banned
|rule|Endless Battle Clause: Forcing endless battles is banned
|rule|HP Percentage Mod: HP is shown in percentages
|rule|One Boost Passer Clause: Limit one Baton Passer that has a way to boost its stats
|rule|Freeze Clause Mod: Limit one foe frozen
|
|t:|1730237326
|start
|switch|p1a: Tony Danza|Salamence, M|100/100
|switch|p2a: Potere|Tyranitar, F|100/100
|-ability|p1a: Tony Danza|Intimidate|boost
|-unboost|p2a: Potere|atk|1
|-weather|Sandstorm|[from] ability: Sand Stream|[of] p2a: Potere
|turn|1
|c|☆DancingAlong|glhf
|c|☆Emerald_Harrold|u2
|inactive|Emerald_Harrold has 270 seconds left.
|
|t:|1730237356
|switch|p2a: Sapere|Zapdos|100/100
|move|p1a: Tony Danza|Earthquake|p2a: Sapere
|-immune|p2a: Sapere
|
|-weather|Sandstorm|[upkeep]
|-damage|p1a: Tony Danza|94/100|[from] Sandstorm
|-damage|p2a: Sapere|94/100|[from] Sandstorm
|-heal|p2a: Sapere|100/100|[from] item: Leftovers
|upkeep
|turn|2
|
|t:|1730237384
|switch|p1a: Minnie Driver|Steelix, F|100/100
|switch|p2a: Potere|Tyranitar, F|100/100
|
|-weather|Sandstorm|[upkeep]
|upkeep
|turn|3
|
|t:|1730237398
|switch|p2a: Soprassiedere|Skarmory, M|100/100
|move|p1a: Minnie Driver|Toxic|p2a: Soprassiedere
|-immune|p2a: Soprassiedere
|
|-weather|Sandstorm|[upkeep]
|upkeep
|turn|4
|inactive|DancingAlong has 270 seconds left.
|
|t:|1730237438
|switch|p2a: Sapere|Zapdos|100/100
|switch|p1a: Sam Jackson|Magneton|100/100
|
|-weather|Sandstorm|[upkeep]
|-damage|p2a: Sapere|94/100|[from] Sandstorm
|-heal|p2a: Sapere|100/100|[from] item: Leftovers
|upkeep
|turn|5
|
|t:|1730237461
|switch|p1a: Minnie Driver|Steelix, F|100/100
|move|p2a: Sapere|Thunderbolt|p1a: Minnie Driver
|-immune|p1a: Minnie Driver
|
|-weather|Sandstorm|[upkeep]
|-damage|p2a: Sapere|94/100|[from] Sandstorm
|-heal|p2a: Sapere|100/100|[from] item: Leftovers
|upkeep
|turn|6
|
|t:|1730237478
|move|p2a: Sapere|Roar|p1a: Minnie Driver
|drag|p1a: Zooey Deschanel|Celebi|100/100
|
|-weather|Sandstorm|[upkeep]
|-damage|p2a: Sapere|94/100|[from] Sandstorm
|-damage|p1a: Zooey Deschanel|94/100|[from] Sandstorm
|-heal|p2a: Sapere|100/100|[from] item: Leftovers
|-heal|p1a: Zooey Deschanel|100/100|[from] item: Leftovers
|upkeep
|turn|7
|inactive|Emerald_Harrold has 270 seconds left.
|
|t:|1730237500
|switch|p2a: Potere|Tyranitar, F|100/100
|move|p1a: Zooey Deschanel|Leech Seed|p2a: Potere
|-start|p2a: Potere|move: Leech Seed
|
|-weather|Sandstorm|[upkeep]
|-damage|p1a: Zooey Deschanel|94/100|[from] Sandstorm
|-heal|p1a: Zooey Deschanel|100/100|[from] item: Leftovers
|-damage|p2a: Potere|88/100|[from] Leech Seed|[of] p1a: Zooey Deschanel
|upkeep
|turn|8
|inactive|Emerald_Harrold has 270 seconds left.
|inactive|DancingAlong has 240 seconds left.
|
|t:|1730237539
|switch|p1a: Tony Danza|Salamence, M|94/100
|-ability|p1a: Tony Danza|Intimidate|boost
|-unboost|p2a: Potere|atk|1
|switch|p2a: Sapere|Zapdos|100/100
|
|-weather|Sandstorm|[upkeep]
|-damage|p1a: Tony Danza|88/100|[from] Sandstorm
|-damage|p2a: Sapere|94/100|[from] Sandstorm
|-heal|p2a: Sapere|100/100|[from] item: Leftovers
|upkeep
|turn|9
|
|t:|1730237567
|switch|p2a: Soprassiedere|Skarmory, M|100/100
|move|p1a: Tony Danza|Rock Slide|p2a: Soprassiedere
|-damage|p2a: Soprassiedere|64/100
|
|-weather|Sandstorm|[upkeep]
|-damage|p1a: Tony Danza|82/100|[from] Sandstorm
|-heal|p2a: Soprassiedere|70/100|[from] item: Leftovers
|upkeep
|turn|10
|
|t:|1730237577
|switch|p1a: Sam Jackson|Magneton|100/100
|switch|p2a: Potere|Tyranitar, F|88/100
|
|-weather|Sandstorm|[upkeep]
|upkeep
|turn|11
|
|t:|1730237591
|move|p1a: Sam Jackson|Protect|p1a: Sam Jackson
|-singleturn|p1a: Sam Jackson|Protect
|move|p2a: Potere|Earthquake|p1a: Sam Jackson
|-activate|p1a: Sam Jackson|Protect
|
|-weather|Sandstorm|[upkeep]
|upkeep
|turn|12
|
|t:|1730237606
|switch|p1a: Tony Danza|Salamence, M|82/100
|-ability|p1a: Tony Danza|Intimidate|boost
|-unboost|p2a: Potere|atk|1
|switch|p2a: Sapere|Zapdos|100/100
|
|-weather|Sandstorm|[upkeep]
|-damage|p1a: Tony Danza|76/100|[from] Sandstorm
|-damage|p2a: Sapere|94/100|[from] Sandstorm
|-heal|p2a: Sapere|100/100|[from] item: Leftovers
|upkeep
|turn|13
|inactive|DancingAlong has 210 seconds left.
|
|t:|1730237630
|switch|p1a: Sam Jackson|Magneton|100/100
|switch|p2a: Osare|Swampert, F|100/100
|
|-weather|Sandstorm|[upkeep]
|upkeep
|turn|14
|inactive|DancingAlong has 210 seconds left.
|inactive|Emerald_Harrold has 270 seconds left.
|
|t:|1730237666
|move|p1a: Sam Jackson|Toxic|p2a: Osare
|-status|p2a: Osare|tox
|move|p2a: Osare|Earthquake|p1a: Sam Jackson
|-supereffective|p1a: Sam Jackson
|-damage|p1a: Sam Jackson|0 fnt
|faint|p1a: Sam Jackson
|inactive|Emerald_Harrold has 240 seconds left.
|
|t:|1730237688
|switch|p1a: Zooey Deschanel|Celebi|100/100
|
|-weather|Sandstorm|[upkeep]
|-damage|p1a: Zooey Deschanel|94/100|[from] Sandstorm
|-heal|p1a: Zooey Deschanel|100/100|[from] item: Leftovers
|-damage|p2a: Osare|94/100 tox|[from] psn
|upkeep
|turn|15
|
|t:|1730237697
|switch|p2a: Sapere|Zapdos|100/100
|move|p1a: Zooey Deschanel|Leech Seed|p2a: Sapere
|-start|p2a: Sapere|move: Leech Seed
|
|-weather|Sandstorm|[upkeep]
|-damage|p2a: Sapere|94/100|[from] Sandstorm
|-damage|p1a: Zooey Deschanel|94/100|[from] Sandstorm
|-heal|p2a: Sapere|100/100|[from] item: Leftovers
|-damage|p2a: Sapere|88/100|[from] Leech Seed|[of] p1a: Zooey Deschanel
|-heal|p1a: Zooey Deschanel|100/100|[silent]
|upkeep
|turn|16
|
|t:|1730237708
|switch|p2a: Soprassiedere|Skarmory, M|70/100
|switch|p1a: Minnie Driver|Steelix, F|100/100
|
|-weather|Sandstorm|[upkeep]
|-heal|p2a: Soprassiedere|76/100|[from] item: Leftovers
|upkeep
|turn|17
|
|t:|1730237718
|switch|p1a: Brendan Fraser|Snorlax, F|100/100
|move|p2a: Soprassiedere|Protect||[still]
|-fail|p2a: Soprassiedere
|
|-weather|Sandstorm|[upkeep]
|-damage|p1a: Brendan Fraser|94/100|[from] Sandstorm
|-heal|p2a: Soprassiedere|82/100|[from] item: Leftovers
|-heal|p1a: Brendan Fraser|100/100|[from] item: Leftovers
|upkeep
|turn|18
|
|t:|1730237731
|move|p2a: Soprassiedere|Spikes|p1a: Brendan Fraser
|-sidestart|p1: Emerald_Harrold|Spikes
|move|p1a: Brendan Fraser|Body Slam|p2a: Soprassiedere
|-resisted|p2a: Soprassiedere
|-damage|p2a: Soprassiedere|69/100
|
|-weather|Sandstorm|[upkeep]
|-damage|p1a: Brendan Fraser|94/100|[from] Sandstorm
|-heal|p2a: Soprassiedere|75/100|[from] item: Leftovers
|-heal|p1a: Brendan Fraser|100/100|[from] item: Leftovers
|upkeep
|turn|19
|inactive|DancingAlong has 210 seconds left.
|
|t:|1730237758
|move|p2a: Soprassiedere|Protect|p2a: Soprassiedere
|-singleturn|p2a: Soprassiedere|Protect
|move|p1a: Brendan Fraser|Body Slam|p2a: Soprassiedere
|-activate|p2a: Soprassiedere|Protect
|
|-weather|Sandstorm|[upkeep]
|-damage|p1a: Brendan Fraser|94/100|[from] Sandstorm
|-heal|p2a: Soprassiedere|81/100|[from] item: Leftovers
|-heal|p1a: Brendan Fraser|100/100|[from] item: Leftovers
|upkeep
|turn|20
|inactive|DancingAlong has 210 seconds left.
|
|t:|1730237769
|move|p2a: Soprassiedere|Spikes|p1a: Brendan Fraser
|-sidestart|p1: Emerald_Harrold|Spikes
|move|p1a: Brendan Fraser|Body Slam|p2a: Soprassiedere
|-resisted|p2a: Soprassiedere
|-damage|p2a: Soprassiedere|67/100
|
|-weather|Sandstorm|[upkeep]
|-damage|p1a: Brendan Fraser|94/100|[from] Sandstorm
|-heal|p2a: Soprassiedere|73/100|[from] item: Leftovers
|-heal|p1a: Brendan Fraser|100/100|[from] item: Leftovers
|upkeep
|turn|21
|inactive|DancingAlong has 210 seconds left.
|
|t:|1730237782
|move|p2a: Soprassiedere|Protect|p2a: Soprassiedere
|-singleturn|p2a: Soprassiedere|Protect
|move|p1a: Brendan Fraser|Body Slam|p2a: Soprassiedere
|-activate|p2a: Soprassiedere|Protect
|
|-weather|Sandstorm|[upkeep]
|-damage|p1a: Brendan Fraser|94/100|[from] Sandstorm
|-heal|p2a: Soprassiedere|79/100|[from] item: Leftovers
|-heal|p1a: Brendan Fraser|100/100|[from] item: Leftovers
|upkeep
|turn|22
|
|t:|1730237787
|move|p2a: Soprassiedere|Spikes|p1a: Brendan Fraser
|-sidestart|p1: Emerald_Harrold|Spikes
|move|p1a: Brendan Fraser|Body Slam|p2a: Soprassiedere
|-resisted|p2a: Soprassiedere
|-damage|p2a: Soprassiedere|62/100
|
|-weather|Sandstorm|[upkeep]
|-damage|p1a: Brendan Fraser|94/100|[from] Sandstorm
|-heal|p2a: Soprassiedere|68/100|[from] item: Leftovers
|-heal|p1a: Brendan Fraser|100/100|[from] item: Leftovers
|upkeep
|turn|23
|
|t:|1730237793
|move|p2a: Soprassiedere|Protect|p2a: Soprassiedere
|-singleturn|p2a: Soprassiedere|Protect
|move|p1a: Brendan Fraser|Body Slam|p2a: Soprassiedere
|-activate|p2a: Soprassiedere|Protect
|
|-weather|Sandstorm|[upkeep]
|-damage|p1a: Brendan Fraser|94/100|[from] Sandstorm
|-heal|p2a: Soprassiedere|74/100|[from] item: Leftovers
|-heal|p1a: Brendan Fraser|100/100|[from] item: Leftovers
|upkeep
|turn|24
|
|t:|1730237802
|-singleturn|p1a: Brendan Fraser|move: Focus Punch
|move|p1a: Brendan Fraser|Focus Punch|p2a: Soprassiedere
|-damage|p2a: Soprassiedere|40/100
|move|p2a: Soprassiedere|Roar|p1a: Brendan Fraser
|drag|p1a: Zooey Deschanel|Celebi|100/100
|-damage|p1a: Zooey Deschanel|75/100|[from] Spikes
|
|-weather|Sandstorm|[upkeep]
|-damage|p1a: Zooey Deschanel|69/100|[from] Sandstorm
|-heal|p1a: Zooey Deschanel|75/100|[from] item: Leftovers
|-heal|p2a: Soprassiedere|46/100|[from] item: Leftovers
|upkeep
|turn|25
|
|t:|1730237808
|move|p2a: Soprassiedere|Protect|p2a: Soprassiedere
|-singleturn|p2a: Soprassiedere|Protect
|move|p1a: Zooey Deschanel|Leech Seed|p2a: Soprassiedere
|-activate|p2a: Soprassiedere|Protect
|
|-weather|Sandstorm|[upkeep]
|-damage|p1a: Zooey Deschanel|69/100|[from] Sandstorm
|-heal|p1a: Zooey Deschanel|75/100|[from] item: Leftovers
|-heal|p2a: Soprassiedere|52/100|[from] item: Leftovers
|upkeep
|turn|26
|
|t:|1730237813
|switch|p2a: Sapere|Zapdos|88/100
|move|p1a: Zooey Deschanel|Leech Seed|p2a: Sapere
|-start|p2a: Sapere|move: Leech Seed
|
|-weather|Sandstorm|[upkeep]
|-damage|p2a: Sapere|82/100|[from] Sandstorm
|-damage|p1a: Zooey Deschanel|69/100|[from] Sandstorm
|-heal|p2a: Sapere|88/100|[from] item: Leftovers
|-damage|p2a: Sapere|76/100|[from] Leech Seed|[of] p1a: Zooey Deschanel
|-heal|p1a: Zooey Deschanel|81/100|[silent]
|-heal|p1a: Zooey Deschanel|87/100|[from] item: Leftovers
|upkeep
|turn|27
|
|t:|1730237824
|switch|p2a: Soprassiedere|Skarmory, M|52/100
|move|p1a: Zooey Deschanel|Hidden Power|p2a: Soprassiedere
|-resisted|p2a: Soprassiedere
|-damage|p2a: Soprassiedere|46/100
|
|-weather|Sandstorm|[upkeep]
|-damage|p1a: Zooey Deschanel|81/100|[from] Sandstorm
|-heal|p1a: Zooey Deschanel|87/100|[from] item: Leftovers
|-heal|p2a: Soprassiedere|52/100|[from] item: Leftovers
|upkeep
|turn|28
|
|t:|1730237832
|move|p1a: Zooey Deschanel|Hidden Power|p2a: Soprassiedere
|-resisted|p2a: Soprassiedere
|-damage|p2a: Soprassiedere|46/100
|move|p2a: Soprassiedere|Toxic|p1a: Zooey Deschanel
|-status|p1a: Zooey Deschanel|tox
|
|-weather|Sandstorm|[upkeep]
|-damage|p1a: Zooey Deschanel|81/100 tox|[from] Sandstorm
|-heal|p1a: Zooey Deschanel|87/100 tox|[from] item: Leftovers
|-damage|p1a: Zooey Deschanel|81/100 tox|[from] psn
|-heal|p2a: Soprassiedere|52/100|[from] item: Leftovers
|upkeep
|turn|29
|
|t:|1730237844
|move|p2a: Soprassiedere|Protect|p2a: Soprassiedere
|-singleturn|p2a: Soprassiedere|Protect
|move|p1a: Zooey Deschanel|Recover|p1a: Zooey Deschanel
|-heal|p1a: Zooey Deschanel|100/100 tox
|
|-weather|Sandstorm|[upkeep]
|-damage|p1a: Zooey Deschanel|94/100 tox|[from] Sandstorm
|-heal|p1a: Zooey Deschanel|100/100 tox|[from] item: Leftovers
|-damage|p1a: Zooey Deschanel|88/100 tox|[from] psn
|-heal|p2a: Soprassiedere|58/100|[from] item: Leftovers
|upkeep
|turn|30
|
|t:|1730237852
|move|p1a: Zooey Deschanel|Leech Seed|p2a: Soprassiedere
|-start|p2a: Soprassiedere|move: Leech Seed
|move|p2a: Soprassiedere|Toxic|p1a: Zooey Deschanel
|-fail|p1a: Zooey Deschanel|tox
|
|-weather|Sandstorm|[upkeep]
|-damage|p1a: Zooey Deschanel|82/100 tox|[from] Sandstorm
|-heal|p1a: Zooey Deschanel|88/100 tox|[from] item: Leftovers
|-damage|p1a: Zooey Deschanel|70/100 tox|[from] psn
|-heal|p2a: Soprassiedere|64/100|[from] item: Leftovers
|-damage|p2a: Soprassiedere|52/100|[from] Leech Seed|[of] p1a: Zooey Deschanel
|-heal|p1a: Zooey Deschanel|80/100 tox|[silent]
|upkeep
|turn|31
|inactive|DancingAlong has 270 seconds left.
|
|t:|1730237863
|-curestatus|p1a: Zooey Deschanel|tox|[from] ability: Natural Cure
|switch|p1a: Tony Danza|Salamence, M|76/100
|-ability|p1a: Tony Danza|Intimidate|boost
|-unboost|p2a: Soprassiedere|atk|1
|switch|p2a: Potere|Tyranitar, F|88/100
|
|-weather|Sandstorm|[upkeep]
|-damage|p1a: Tony Danza|70/100|[from] Sandstorm
|upkeep
|turn|32
|
|t:|1730237875
|switch|p2a: Idolare|Claydol|100/100
|move|p1a: Tony Danza|Brick Break|p2a: Idolare
|-resisted|p2a: Idolare
|-damage|p2a: Idolare|82/100
|
|-weather|Sandstorm|[upkeep]
|-damage|p1a: Tony Danza|64/100|[from] Sandstorm
|-heal|p2a: Idolare|88/100|[from] item: Leftovers
|upkeep
|turn|33
|
|t:|1730237888
|switch|p1a: Minnie Driver|Steelix, F|100/100
|-damage|p1a: Minnie Driver|76/100|[from] Spikes
|move|p2a: Idolare|Psychic|p1a: Minnie Driver
|-resisted|p1a: Minnie Driver
|-crit|p1a: Minnie Driver
|-damage|p1a: Minnie Driver|53/100
|-unboost|p1a: Minnie Driver|spd|1
|
|-weather|Sandstorm|[upkeep]
|-heal|p2a: Idolare|95/100|[from] item: Leftovers
|-heal|p1a: Minnie Driver|59/100|[from] item: Leftovers
|upkeep
|turn|34
|
|t:|1730237898
|switch|p2a: Soprassiedere|Skarmory, M|52/100
|move|p1a: Minnie Driver|Rest|p1a: Minnie Driver
|-status|p1a: Minnie Driver|slp|[from] move: Rest
|-heal|p1a: Minnie Driver|100/100 slp|[silent]
|
|-weather|Sandstorm|[upkeep]
|-heal|p2a: Soprassiedere|58/100|[from] item: Leftovers
|upkeep
|turn|35
|
|t:|1730237908
|switch|p2a: Potere|Tyranitar, F|88/100
|cant|p1a: Minnie Driver|slp
|
|-weather|Sandstorm|[upkeep]
|upkeep
|turn|36
|
|t:|1730237922
|-singleturn|p2a: Potere|move: Focus Punch
|cant|p1a: Minnie Driver|slp
|move|p2a: Potere|Focus Punch|p1a: Minnie Driver
|-supereffective|p1a: Minnie Driver
|-damage|p1a: Minnie Driver|15/100 slp
|
|-weather|Sandstorm|[upkeep]
|-heal|p1a: Minnie Driver|21/100 slp|[from] item: Leftovers
|upkeep
|turn|37
|
|t:|1730237928
|switch|p2a: Soprassiedere|Skarmory, M|58/100
|-curestatus|p1a: Minnie Driver|slp|[msg]
|move|p1a: Minnie Driver|Earthquake|p2a: Soprassiedere
|-immune|p2a: Soprassiedere
|
|-weather|Sandstorm|[upkeep]
|-heal|p2a: Soprassiedere|64/100|[from] item: Leftovers
|-heal|p1a: Minnie Driver|27/100|[from] item: Leftovers
|upkeep
|turn|38
|
|t:|1730237940
|move|p1a: Minnie Driver|Rest|p1a: Minnie Driver
|-status|p1a: Minnie Driver|slp|[from] move: Rest
|-heal|p1a: Minnie Driver|100/100 slp|[silent]
|move|p2a: Soprassiedere|Roar|p1a: Minnie Driver
|drag|p1a: Brendan Fraser|Snorlax, F|100/100
|-damage|p1a: Brendan Fraser|75/100|[from] Spikes
|
|-weather|Sandstorm|[upkeep]
|-damage|p1a: Brendan Fraser|69/100|[from] Sandstorm
|-heal|p2a: Soprassiedere|70/100|[from] item: Leftovers
|-heal|p1a: Brendan Fraser|75/100|[from] item: Leftovers
|upkeep
|turn|39
|
|t:|1730237947
|-singleturn|p1a: Brendan Fraser|move: Focus Punch
|move|p2a: Soprassiedere|Protect|p2a: Soprassiedere
|-singleturn|p2a: Soprassiedere|Protect
|move|p1a: Brendan Fraser|Focus Punch|p2a: Soprassiedere
|-activate|p2a: Soprassiedere|Protect
|
|-weather|Sandstorm|[upkeep]
|-damage|p1a: Brendan Fraser|69/100|[from] Sandstorm
|-heal|p2a: Soprassiedere|76/100|[from] item: Leftovers
|-heal|p1a: Brendan Fraser|75/100|[from] item: Leftovers
|upkeep
|turn|40
|
|t:|1730237952
|-singleturn|p1a: Brendan Fraser|move: Focus Punch
|switch|p2a: Idolare|Claydol|95/100
|move|p1a: Brendan Fraser|Focus Punch|p2a: Idolare
|-resisted|p2a: Idolare
|-damage|p2a: Idolare|74/100
|
|-weather|Sandstorm|[upkeep]
|-damage|p1a: Brendan Fraser|69/100|[from] Sandstorm
|-heal|p2a: Idolare|80/100|[from] item: Leftovers
|-heal|p1a: Brendan Fraser|75/100|[from] item: Leftovers
|upkeep
|turn|41
|
|t:|1730237963
|switch|p1a: Zooey Deschanel|Celebi|80/100
|-damage|p1a: Zooey Deschanel|55/100|[from] Spikes
|move|p2a: Idolare|Psychic|p1a: Zooey Deschanel
|-resisted|p1a: Zooey Deschanel
|-damage|p1a: Zooey Deschanel|45/100
|
|-weather|Sandstorm|[upkeep]
|-damage|p1a: Zooey Deschanel|39/100|[from] Sandstorm
|-heal|p1a: Zooey Deschanel|45/100|[from] item: Leftovers
|-heal|p2a: Idolare|87/100|[from] item: Leftovers
|upkeep
|turn|42
|
|t:|1730237970
|switch|p2a: Soprassiedere|Skarmory, M|76/100
|move|p1a: Zooey Deschanel|Recover|p1a: Zooey Deschanel
|-heal|p1a: Zooey Deschanel|95/100
|
|-weather|Sandstorm|[upkeep]
|-damage|p1a: Zooey Deschanel|89/100|[from] Sandstorm
|-heal|p1a: Zooey Deschanel|95/100|[from] item: Leftovers
|-heal|p2a: Soprassiedere|82/100|[from] item: Leftovers
|upkeep
|turn|43
|
|t:|1730237974
|move|p2a: Soprassiedere|Protect|p2a: Soprassiedere
|-singleturn|p2a: Soprassiedere|Protect
|move|p1a: Zooey Deschanel|Leech Seed|p2a: Soprassiedere
|-activate|p2a: Soprassiedere|Protect
|
|-weather|Sandstorm|[upkeep]
|-damage|p1a: Zooey Deschanel|89/100|[from] Sandstorm
|-heal|p1a: Zooey Deschanel|95/100|[from] item: Leftovers
|-heal|p2a: Soprassiedere|88/100|[from] item: Leftovers
|upkeep
|turn|44
|
|t:|1730237979
|switch|p2a: Sapere|Zapdos|76/100
|move|p1a: Zooey Deschanel|Leech Seed|p2a: Sapere
|-start|p2a: Sapere|move: Leech Seed
|
|-weather|Sandstorm|[upkeep]
|-damage|p2a: Sapere|70/100|[from] Sandstorm
|-damage|p1a: Zooey Deschanel|89/100|[from] Sandstorm
|-heal|p2a: Sapere|76/100|[from] item: Leftovers
|-damage|p2a: Sapere|64/100|[from] Leech Seed|[of] p1a: Zooey Deschanel
|-heal|p1a: Zooey Deschanel|100/100|[silent]
|upkeep
|turn|45
|
|t:|1730237996
|switch|p2a: Soprassiedere|Skarmory, M|88/100
|switch|p1a: Brendan Fraser|Snorlax, F|75/100
|-damage|p1a: Brendan Fraser|50/100|[from] Spikes
|
|-weather|Sandstorm|[upkeep]
|-damage|p1a: Brendan Fraser|44/100|[from] Sandstorm
|-heal|p2a: Soprassiedere|94/100|[from] item: Leftovers
|-heal|p1a: Brendan Fraser|50/100|[from] item: Leftovers
|upkeep
|turn|46
|
|t:|1730238003
|-singleturn|p1a: Brendan Fraser|move: Focus Punch
|move|p2a: Soprassiedere|Protect|p2a: Soprassiedere
|-singleturn|p2a: Soprassiedere|Protect
|move|p1a: Brendan Fraser|Focus Punch|p2a: Soprassiedere
|-activate|p2a: Soprassiedere|Protect
|
|-weather|Sandstorm|[upkeep]
|-damage|p1a: Brendan Fraser|44/100|[from] Sandstorm
|-heal|p2a: Soprassiedere|99/100|[from] item: Leftovers
|-heal|p1a: Brendan Fraser|50/100|[from] item: Leftovers
|upkeep
|turn|47
|
|t:|1730238008
|move|p1a: Brendan Fraser|Body Slam|p2a: Soprassiedere
|-resisted|p2a: Soprassiedere
|-damage|p2a: Soprassiedere|84/100
|move|p2a: Soprassiedere|Roar|p1a: Brendan Fraser
|drag|p1a: Tony Danza|Salamence, M|64/100
|-ability|p1a: Tony Danza|Intimidate|boost
|-unboost|p2a: Soprassiedere|atk|1
|
|-weather|Sandstorm|[upkeep]
|-damage|p1a: Tony Danza|58/100|[from] Sandstorm
|-heal|p2a: Soprassiedere|90/100|[from] item: Leftovers
|upkeep
|turn|48
|
|t:|1730238017
|move|p1a: Tony Danza|Rock Slide|p2a: Soprassiedere
|-damage|p2a: Soprassiedere|54/100
|move|p2a: Soprassiedere|Toxic|p1a: Tony Danza
|-status|p1a: Tony Danza|tox
|
|-weather|Sandstorm|[upkeep]
|-damage|p1a: Tony Danza|52/100 tox|[from] Sandstorm
|-damage|p1a: Tony Danza|46/100 tox|[from] psn
|-heal|p2a: Soprassiedere|60/100|[from] item: Leftovers
|upkeep
|turn|49
|
|t:|1730238034
|switch|p1a: Zooey Deschanel|Celebi|100/100
|-damage|p1a: Zooey Deschanel|75/100|[from] Spikes
|move|p2a: Soprassiedere|Roar|p1a: Zooey Deschanel
|drag|p1a: Minnie Driver|Steelix, F|100/100 slp
|-damage|p1a: Minnie Driver|76/100 slp|[from] Spikes
|
|-weather|Sandstorm|[upkeep]
|-heal|p2a: Soprassiedere|66/100|[from] item: Leftovers
|-heal|p1a: Minnie Driver|82/100 slp|[from] item: Leftovers
|upkeep
|turn|50
|
|t:|1730238048
|cant|p1a: Minnie Driver|slp
|move|p2a: Soprassiedere|Roar|p1a: Minnie Driver
|drag|p1a: Tony Danza|Salamence, M|46/100 tox
|-ability|p1a: Tony Danza|Intimidate|boost
|-unboost|p2a: Soprassiedere|atk|1
|
|-weather|Sandstorm|[upkeep]
|-damage|p1a: Tony Danza|40/100 tox|[from] Sandstorm
|-damage|p1a: Tony Danza|34/100 tox|[from] psn
|-heal|p2a: Soprassiedere|72/100|[from] item: Leftovers
|upkeep
|turn|51
|
|t:|1730238062
|switch|p1a: Zooey Deschanel|Celebi|75/100
|-damage|p1a: Zooey Deschanel|50/100|[from] Spikes
|move|p2a: Soprassiedere|Protect||[still]
|-fail|p2a: Soprassiedere
|
|-weather|Sandstorm|[upkeep]
|-damage|p1a: Zooey Deschanel|44/100|[from] Sandstorm
|-heal|p1a: Zooey Deschanel|50/100|[from] item: Leftovers
|-heal|p2a: Soprassiedere|78/100|[from] item: Leftovers
|upkeep
|turn|52
|
|t:|1730238067
|switch|p2a: Sapere|Zapdos|64/100
|move|p1a: Zooey Deschanel|Recover|p1a: Zooey Deschanel
|-heal|p1a: Zooey Deschanel|100/100
|
|-weather|Sandstorm|[upkeep]
|-damage|p2a: Sapere|58/100|[from] Sandstorm
|-damage|p1a: Zooey Deschanel|94/100|[from] Sandstorm
|-heal|p2a: Sapere|64/100|[from] item: Leftovers
|-heal|p1a: Zooey Deschanel|100/100|[from] item: Leftovers
|upkeep
|turn|53
|
|t:|1730238073
|switch|p1a: Minnie Driver|Steelix, F|82/100 slp
|-damage|p1a: Minnie Driver|57/100 slp|[from] Spikes
|move|p2a: Sapere|Roar|p1a: Minnie Driver
|drag|p1a: Zooey Deschanel|Celebi|100/100
|-damage|p1a: Zooey Deschanel|75/100|[from] Spikes
|
|-weather|Sandstorm|[upkeep]
|-damage|p2a: Sapere|58/100|[from] Sandstorm
|-damage|p1a: Zooey Deschanel|69/100|[from] Sandstorm
|-heal|p2a: Sapere|64/100|[from] item: Leftovers
|-heal|p1a: Zooey Deschanel|75/100|[from] item: Leftovers
|upkeep
|turn|54
|
|t:|1730238079
|move|p1a: Zooey Deschanel|Leech Seed|p2a: Sapere
|-start|p2a: Sapere|move: Leech Seed
|move|p2a: Sapere|Roar|p1a: Zooey Deschanel
|drag|p1a: Gary Busey|Gyarados, M|100/100
|-ability|p1a: Gary Busey|Intimidate|boost
|-unboost|p2a: Sapere|atk|1
|
|-weather|Sandstorm|[upkeep]
|-damage|p2a: Sapere|58/100|[from] Sandstorm
|-damage|p1a: Gary Busey|94/100|[from] Sandstorm
|-heal|p2a: Sapere|64/100|[from] item: Leftovers
|-damage|p2a: Sapere|51/100|[from] Leech Seed|[of] p1a: Gary Busey
|-heal|p1a: Gary Busey|100/100|[silent]
|upkeep
|turn|55
|
|t:|1730238087
|switch|p1a: Minnie Driver|Steelix, F|57/100 slp
|-damage|p1a: Minnie Driver|32/100 slp|[from] Spikes
|move|p2a: Sapere|Thunderbolt|p1a: Minnie Driver
|-immune|p1a: Minnie Driver
|
|-weather|Sandstorm|[upkeep]
|-damage|p2a: Sapere|45/100|[from] Sandstorm
|-heal|p2a: Sapere|51/100|[from] item: Leftovers
|-damage|p2a: Sapere|39/100|[from] Leech Seed|[of] p1a: Minnie Driver
|-heal|p1a: Minnie Driver|45/100 slp|[silent]
|-heal|p1a: Minnie Driver|51/100 slp|[from] item: Leftovers
|upkeep
|turn|56
|
|t:|1730238098
|switch|p2a: Potere|Tyranitar, F|88/100
|cant|p1a: Minnie Driver|slp
|
|-weather|Sandstorm|[upkeep]
|-heal|p1a: Minnie Driver|58/100 slp|[from] item: Leftovers
|upkeep
|turn|57
|
|t:|1730238106
|move|p2a: Potere|Earthquake|p1a: Minnie Driver
|-supereffective|p1a: Minnie Driver
|-damage|p1a: Minnie Driver|0 fnt
|faint|p1a: Minnie Driver
|inactive|Emerald_Harrold has 270 seconds left.
|
|t:|1730238164
|switch|p1a: Zooey Deschanel|Celebi|75/100
|-damage|p1a: Zooey Deschanel|50/100|[from] Spikes
|
|-weather|Sandstorm|[upkeep]
|-damage|p1a: Zooey Deschanel|44/100|[from] Sandstorm
|-heal|p1a: Zooey Deschanel|50/100|[from] item: Leftovers
|upkeep
|turn|58
|
|t:|1730238175
|switch|p2a: Sapere|Zapdos|39/100
|move|p1a: Zooey Deschanel|Recover|p1a: Zooey Deschanel
|-heal|p1a: Zooey Deschanel|100/100
|
|-weather|Sandstorm|[upkeep]
|-damage|p2a: Sapere|33/100|[from] Sandstorm
|-damage|p1a: Zooey Deschanel|94/100|[from] Sandstorm
|-heal|p2a: Sapere|39/100|[from] item: Leftovers
|-heal|p1a: Zooey Deschanel|100/100|[from] item: Leftovers
|upkeep
|turn|59
|
|t:|1730238189
|move|p2a: Sapere|Rest|p2a: Sapere
|-status|p2a: Sapere|slp|[from] move: Rest
|-heal|p2a: Sapere|100/100 slp|[silent]
|move|p1a: Zooey Deschanel|Leech Seed|p2a: Sapere
|-start|p2a: Sapere|move: Leech Seed
|
|-weather|Sandstorm|[upkeep]
|-damage|p2a: Sapere|94/100 slp|[from] Sandstorm
|-damage|p1a: Zooey Deschanel|94/100|[from] Sandstorm
|-heal|p2a: Sapere|100/100 slp|[from] item: Leftovers
|-damage|p2a: Sapere|88/100 slp|[from] Leech Seed|[of] p1a: Zooey Deschanel
|-heal|p1a: Zooey Deschanel|100/100|[silent]
|upkeep
|turn|60
|
|t:|1730238199
|switch|p2a: Soprassiedere|Skarmory, M|78/100
|move|p1a: Zooey Deschanel|Hidden Power|p2a: Soprassiedere
|-resisted|p2a: Soprassiedere
|-damage|p2a: Soprassiedere|72/100
|
|-weather|Sandstorm|[upkeep]
|-damage|p1a: Zooey Deschanel|94/100|[from] Sandstorm
|-heal|p1a: Zooey Deschanel|100/100|[from] item: Leftovers
|-heal|p2a: Soprassiedere|78/100|[from] item: Leftovers
|upkeep
|turn|61
|
|t:|1730238206
|switch|p1a: Brendan Fraser|Snorlax, F|50/100
|-damage|p1a: Brendan Fraser|25/100|[from] Spikes
|move|p2a: Soprassiedere|Toxic|p1a: Brendan Fraser
|-immune|p1a: Brendan Fraser|[from] ability: Immunity
|
|-weather|Sandstorm|[upkeep]
|-damage|p1a: Brendan Fraser|19/100|[from] Sandstorm
|-heal|p2a: Soprassiedere|84/100|[from] item: Leftovers
|-heal|p1a: Brendan Fraser|25/100|[from] item: Leftovers
|upkeep
|turn|62
|inactive|Emerald_Harrold has 270 seconds left.
|
|t:|1730238212
|move|p2a: Soprassiedere|Protect|p2a: Soprassiedere
|-singleturn|p2a: Soprassiedere|Protect
|move|p1a: Brendan Fraser|Body Slam|p2a: Soprassiedere
|-activate|p2a: Soprassiedere|Protect
|
|-weather|Sandstorm|[upkeep]
|-damage|p1a: Brendan Fraser|19/100|[from] Sandstorm
|-heal|p2a: Soprassiedere|90/100|[from] item: Leftovers
|-heal|p1a: Brendan Fraser|25/100|[from] item: Leftovers
|upkeep
|turn|63
|
|t:|1730238220
|move|p1a: Brendan Fraser|Self-Destruct|p2a: Soprassiedere
|-resisted|p2a: Soprassiedere
|-damage|p2a: Soprassiedere|25/100
|faint|p1a: Brendan Fraser
|inactive|Emerald_Harrold has 270 seconds left.
|
|t:|1730238240
|switch|p1a: Tony Danza|Salamence, M|34/100 tox
|-ability|p1a: Tony Danza|Intimidate|boost
|-unboost|p2a: Soprassiedere|atk|1
|
|-weather|Sandstorm|[upkeep]
|-damage|p1a: Tony Danza|28/100 tox|[from] Sandstorm
|-damage|p1a: Tony Danza|22/100 tox|[from] psn
|-heal|p2a: Soprassiedere|31/100|[from] item: Leftovers
|upkeep
|turn|64
|
|t:|1730238244
|move|p2a: Soprassiedere|Protect|p2a: Soprassiedere
|-singleturn|p2a: Soprassiedere|Protect
|move|p1a: Tony Danza|Rock Slide|p2a: Soprassiedere
|-activate|p2a: Soprassiedere|Protect
|
|-weather|Sandstorm|[upkeep]
|-damage|p1a: Tony Danza|16/100 tox|[from] Sandstorm
|-damage|p1a: Tony Danza|4/100 tox|[from] psn
|-heal|p2a: Soprassiedere|37/100|[from] item: Leftovers
|upkeep
|turn|65
|
|t:|1730238254
|switch|p1a: Gary Busey|Gyarados, M|100/100
|-ability|p1a: Gary Busey|Intimidate|boost
|-unboost|p2a: Soprassiedere|atk|1
|switch|p2a: Idolare|Claydol|87/100
|
|-weather|Sandstorm|[upkeep]
|-damage|p1a: Gary Busey|94/100|[from] Sandstorm
|-heal|p1a: Gary Busey|100/100|[from] item: Leftovers
|-heal|p2a: Idolare|93/100|[from] item: Leftovers
|upkeep
|turn|66
|inactive|DancingAlong has 270 seconds left.
|
|t:|1730238289
|switch|p2a: Sapere|Zapdos|88/100 slp
|move|p1a: Gary Busey|Dragon Dance|p1a: Gary Busey
|-boost|p1a: Gary Busey|atk|1
|-boost|p1a: Gary Busey|spe|1
|
|-weather|Sandstorm|[upkeep]
|-damage|p1a: Gary Busey|94/100|[from] Sandstorm
|-damage|p2a: Sapere|82/100 slp|[from] Sandstorm
|-heal|p1a: Gary Busey|100/100|[from] item: Leftovers
|-heal|p2a: Sapere|88/100 slp|[from] item: Leftovers
|upkeep
|turn|67
|
|t:|1730238304
|move|p1a: Gary Busey|Hidden Power|p2a: Sapere
|-resisted|p2a: Sapere
|-damage|p2a: Sapere|63/100 slp
|cant|p2a: Sapere|slp
|move|p2a: Sapere|Sleep Talk|p2a: Sapere
|move|p2a: Sapere|Roar|p1a: Gary Busey|[from]Sleep Talk
|drag|p1a: Tony Danza|Salamence, M|4/100 tox
|-ability|p1a: Tony Danza|Intimidate|boost
|-unboost|p2a: Sapere|atk|1
|
|-weather|Sandstorm|[upkeep]
|-damage|p1a: Tony Danza|0 fnt|[from] Sandstorm
|-damage|p2a: Sapere|57/100 slp|[from] Sandstorm
|faint|p1a: Tony Danza
|-heal|p2a: Sapere|63/100 slp|[from] item: Leftovers
|upkeep
|inactive|Emerald_Harrold has 270 seconds left.
|
|t:|1730238343
|switch|p1a: Zooey Deschanel|Celebi|100/100
|-damage|p1a: Zooey Deschanel|75/100|[from] Spikes
|turn|68
|
|t:|1730238353
|cant|p2a: Sapere|slp
|move|p1a: Zooey Deschanel|Leech Seed|p2a: Sapere
|-start|p2a: Sapere|move: Leech Seed
|
|-weather|Sandstorm|[upkeep]
|-damage|p2a: Sapere|57/100 slp|[from] Sandstorm
|-damage|p1a: Zooey Deschanel|69/100|[from] Sandstorm
|-heal|p2a: Sapere|63/100 slp|[from] item: Leftovers
|-damage|p2a: Sapere|51/100 slp|[from] Leech Seed|[of] p1a: Zooey Deschanel
|-heal|p1a: Zooey Deschanel|81/100|[silent]
|-heal|p1a: Zooey Deschanel|87/100|[from] item: Leftovers
|upkeep
|turn|69
|
|t:|1730238360
|switch|p2a: Potere|Tyranitar, F|88/100
|switch|p1a: Gary Busey|Gyarados, M|100/100
|-ability|p1a: Gary Busey|Intimidate|boost
|-unboost|p2a: Potere|atk|1
|
|-weather|Sandstorm|[upkeep]
|-damage|p1a: Gary Busey|94/100|[from] Sandstorm
|-heal|p1a: Gary Busey|100/100|[from] item: Leftovers
|upkeep
|turn|70
|inactive|Emerald_Harrold has 270 seconds left.
|
|t:|1730238371
|switch|p1a: Zooey Deschanel|Celebi|87/100
|-damage|p1a: Zooey Deschanel|62/100|[from] Spikes
|move|p2a: Potere|Rock Slide|p1a: Zooey Deschanel
|-damage|p1a: Zooey Deschanel|33/100
|
|-weather|Sandstorm|[upkeep]
|-damage|p1a: Zooey Deschanel|27/100|[from] Sandstorm
|-heal|p1a: Zooey Deschanel|33/100|[from] item: Leftovers
|upkeep
|turn|71
|
|t:|1730238379
|switch|p2a: Persistere|Blissey, F|100/100
|move|p1a: Zooey Deschanel|Recover|p1a: Zooey Deschanel
|-heal|p1a: Zooey Deschanel|83/100
|
|-weather|Sandstorm|[upkeep]
|-damage|p1a: Zooey Deschanel|77/100|[from] Sandstorm
|-damage|p2a: Persistere|94/100|[from] Sandstorm
|-heal|p1a: Zooey Deschanel|83/100|[from] item: Leftovers
|-heal|p2a: Persistere|100/100|[from] item: Leftovers
|upkeep
|turn|72
|
|t:|1730238385
|switch|p1a: Gary Busey|Gyarados, M|100/100
|-ability|p1a: Gary Busey|Intimidate|boost
|-unboost|p2a: Persistere|atk|1
|move|p2a: Persistere|Wish|p2a: Persistere
|
|-weather|Sandstorm|[upkeep]
|-damage|p1a: Gary Busey|94/100|[from] Sandstorm
|-damage|p2a: Persistere|94/100|[from] Sandstorm
|-heal|p1a: Gary Busey|100/100|[from] item: Leftovers
|-heal|p2a: Persistere|100/100|[from] item: Leftovers
|upkeep
|turn|73
|
|t:|1730238391
|switch|p2a: Sapere|Zapdos|51/100 slp
|move|p1a: Gary Busey|Dragon Dance|p1a: Gary Busey
|-boost|p1a: Gary Busey|atk|1
|-boost|p1a: Gary Busey|spe|1
|
|-heal|p2a: Sapere|100/100 slp|[from] move: Wish|[wisher] Persistere
|-weather|Sandstorm|[upkeep]
|-damage|p1a: Gary Busey|94/100|[from] Sandstorm
|-damage|p2a: Sapere|94/100 slp|[from] Sandstorm
|-heal|p1a: Gary Busey|100/100|[from] item: Leftovers
|-heal|p2a: Sapere|100/100 slp|[from] item: Leftovers
|upkeep
|turn|74
|
|t:|1730238401
|move|p1a: Gary Busey|Hidden Power|p2a: Sapere
|-resisted|p2a: Sapere
|-damage|p2a: Sapere|75/100 slp
|-curestatus|p2a: Sapere|slp|[msg]
|move|p2a: Sapere|Thunderbolt|p1a: Gary Busey
|-supereffective|p1a: Gary Busey
|-damage|p1a: Gary Busey|0 fnt
|faint|p1a: Gary Busey
|c|☆Emerald_Harrold| gg
|c|☆DancingAlong|gg
|-message|Emerald_Harrold forfeited.
|
|win|DancingAlong

</script>
<script type="application/json" class="data" id="replaydata-smogtours-gen3ou-803358">
{"id":"smogtours-gen3ou-803358","format":"[Gen 3] OU","players":["Emerald_Harrold","DancingAlong"],"uploadtime":1730238412,"views":60,"formatid":"gen3ou","rating":null,"private":0,"password":null}
</script>

<script defer src="js/replays.js?9d40a366"></script>
