<!DOCTYPE html>
<meta charset="utf-8" />
<meta name="viewport" content="width=device-width" />

<title>[Gen 3] OU: advwtrainingwheels vs. Larkindred - Replays - Pok&eacute;mon Showdown!</title>

<meta name="description" content="Watch a replay of a Pok&eacute;mon battle between advwtrainingwheels and Larkindred! Format: [Gen 3] OU; Date: Oct 25, 2024" />
<!--

Hey, you! Looking in the source for the replay log?

You can find them in JSON format, just add `.json` at the end of a replay URL.

https://replay.pokemonshowdown.com/gen7randomdoublesbattle-865046831.json

Or, if you only need the log itself, add `.log` instead:

https://replay.pokemonshowdown.com/gen7randomdoublesbattle-865046831.log

-->

<link rel="stylesheet" href="//pokemonshowdown.com/style/global.css?0.023195364461161105" />
<link rel="stylesheet" href="//play.pokemonshowdown.com/style/font-awesome.css?0.13261647063804238" />
<link rel="stylesheet" href="//play.pokemonshowdown.com/style/battle.css?0.8753245789963631" />
<link rel="stylesheet" href="//play.pokemonshowdown.com/style/utilichart.css?0.8627959624976733" />

<!-- Global site tag (gtag.js) - Google Analytics -->
<script async src="https://www.googletagmanager.com/gtag/js?id=UA-26211653-1"></script>
<script>
  window.dataLayer = window.dataLayer || [];
  function gtag(){dataLayer.push(arguments);}
  gtag('js', new Date());

  gtag('config', 'UA-26211653-1');
</script>
<!-- End Google Analytics -->
<!-- Venatus Ad Manager - Install in <HEAD> of page -->
	<script src="https://hb.vntsm.com/v3/live/ad-manager.min.js" type="text/javascript" data-site-id="642aba63ec9a7b11c3c9c1be" data-mode="scan" async></script>
<!-- / Venatus Ad Manager -->

<style>
	@media (max-width:820px) {
		.battle {
			margin: 0 auto;
		}
		.battle-log {
			margin: 7px auto 0;
			max-width: 640px;
			height: 300px;
			position: static;
		}
	}
	.optgroup {
		display: inline-block;
		line-height: 22px;
		font-size: 10pt;
	}
	.optgroup .button {
		height: 25px;
		padding-top: 0;
		padding-bottom: 0;
	}
	.optgroup button.button {
		padding-left: 12px;
		padding-right: 12px;
	}
	.linklist {
		list-style: none;
		margin: 0.5em 0;
		padding: 0;
	}
	.linklist li {
		padding: 2px 0;
	}
	.sidebar {
		float: left;
		width: 320px;
	}
	.bar-wrapper {
		max-width: 1100px;
		margin: 0 auto;
	}
	.bar-wrapper.has-sidebar {
		max-width: 1430px;
	}
	.mainbar {
		margin: 0;
		padding-right: 1px;
	}
	.mainbar.has-sidebar {
		margin-left: 330px;
	}
	@media (min-width: 1511px) {
		.sidebar {
			width: 400px;
		}
		.bar-wrapper.has-sidebar {
			max-width: 1510px;
		}
		.mainbar.has-sidebar {
			margin-left: 410px;
		}
	}
	.section.first-section {
		margin-top: 9px;
	}
	.blocklink small {
		white-space: normal;
	}
	.button {
		vertical-align: middle;
	}
	.replay-controls {
		padding-top: 10px;
	}
	.replay-controls h1 {
		font-size: 16pt;
		font-weight: normal;
		color: #CCC;
	}
	.pagelink {
		text-align: center;
	}
	.pagelink a {
		width: 150px;
	}
	.textbox, .button {
		font-size: 11pt;
		vertical-align: middle;
	}
	@media (max-width: 450px) {
		.button {
			font-size: 9pt;
		}
	}
</style>

<div>

	<header>
		<div class="nav-wrapper"><ul class="nav">
			<li><a class="button nav-first" href="//pokemonshowdown.com/"><img src="//pokemonshowdown.com/images/pokemonshowdownbeta.png" srcset="//pokemonshowdown.com/images/pokemonshowdownbeta.png 1x, //pokemonshowdown.com/images/pokemonshowdownbeta@2x.png 2x" alt="Pok&eacute;mon Showdown" width="146" height="44" /> Home</a></li>
			<li><a class="button" href="//pokemonshowdown.com/dex/">Pok&eacute;dex</a></li>
			<li><a class="button cur" href="/">Replays</a></li>
			<li><a class="button" href="//pokemonshowdown.com/ladder/">Ladder</a></li>
			<li><a class="button nav-last" href="//pokemonshowdown.com/forums/">Forum</a></li>
			<li><a class="button greenbutton nav-first nav-last" href="//play.pokemonshowdown.com/">Play</a></li>
		</ul></div>
	</header>

	<div class="main" id="main">

		<noscript><section class="section">You need to enable JavaScript to use this page; sorry!</section></noscript>

	</div>

</div>

<script defer nomodule src="//play.pokemonshowdown.com/js/lib/ps-polyfill.js"></script>
<script defer src="//play.pokemonshowdown.com/js/lib/preact.min.js"></script>

<script defer src="//play.pokemonshowdown.com/config/config.js?2bddbc15"></script>
<script defer src="//play.pokemonshowdown.com/js/lib/jquery-1.11.0.min.js"></script>
<script defer src="//play.pokemonshowdown.com/js/lib/html-sanitizer-minified.js"></script>
<script defer src="//play.pokemonshowdown.com/js/battle-sound.js"></script>
<script defer src="//play.pokemonshowdown.com/js/battledata.js?0.7209276989879541"></script>
<script defer src="//play.pokemonshowdown.com/data/pokedex-mini.js?0.6111056340867951"></script>
<script defer src="//play.pokemonshowdown.com/data/pokedex-mini-bw.js?0.3532142036491459"></script>
<script defer src="//play.pokemonshowdown.com/data/graphics.js?0.24223875632456182"></script>
<script defer src="//play.pokemonshowdown.com/data/pokedex.js?0.38839984266356864"></script>
<script defer src="//play.pokemonshowdown.com/data/moves.js?0.21866028504024015"></script>
<script defer src="//play.pokemonshowdown.com/data/abilities.js?0.2005157953846628"></script>
<script defer src="//play.pokemonshowdown.com/data/items.js?0.9894211263848525"></script>
<script defer src="//play.pokemonshowdown.com/data/teambuilder-tables.js?0.6008791140282215"></script>
<script defer src="//play.pokemonshowdown.com/js/battle-tooltips.js?0.7580118955022959"></script>
<script defer src="//play.pokemonshowdown.com/js/battle.js?0.6057722274234274"></script>

<script defer src="js/utils.js?e31f9a17"></script>
<script defer src="js/replays-battle.js?7008c182"></script>

<!-- don't scrape this data! just add .json or .log after the URL!
Full API docs: https://github.com/smogon/pokemon-showdown-client/blob/master/WEB-API.md -->
<script type="text/plain" class="log" id="replaylog-smogtours-gen3ou-801717">
|inactive|Battle timer is ON: inactive players will automatically lose when time's up.
|t:|1729815306
|gametype|singles
|player|p1|advwtrainingwheels|cyclistf-gen4|
|player|p2|Larkindred|iris-gen5bw2|
|teamsize|p1|6
|teamsize|p2|6
|gen|3
|tier|[Gen 3] OU
|rule|Sleep Clause Mod: Limit one foe put to sleep
|rule|Switch Priority Clause Mod: Faster Pokémon switch first
|rule|Species Clause: Limit one of each Pokémon
|rule|OHKO Clause: OHKO moves are banned
|rule|Evasion Items Clause: Evasion items are banned
|rule|Evasion Moves Clause: Evasion moves are banned
|rule|Endless Battle Clause: Forcing endless battles is banned
|rule|HP Percentage Mod: HP is shown in percentages
|rule|One Boost Passer Clause: Limit one Baton Passer that has a way to boost its stats
|rule|Freeze Clause Mod: Limit one foe frozen
|
|t:|1729815306
|start
|switch|p1a: A for Andrew|Machamp, M, shiny|100/100
|switch|p2a: Hariyama|Hariyama, M|100/100
|turn|1
|
|t:|1729815316
|move|p1a: A for Andrew|Cross Chop|p2a: Hariyama|[miss]
|-miss|p1a: A for Andrew|p2a: Hariyama
|move|p2a: Hariyama|Knock Off|p1a: A for Andrew
|-resisted|p1a: A for Andrew
|-damage|p1a: A for Andrew|99/100
|-enditem|p1a: A for Andrew|Leftovers|[from] move: Knock Off|[of] p2a: Hariyama
|-hint|In Gens 3-4, Knock Off only makes the target's item unusable; it cannot obtain a new item.
|
|upkeep
|turn|2
|
|t:|1729815330
|-singleturn|p1a: A for Andrew|move: Focus Punch
|move|p2a: Hariyama|Brick Break|p1a: A for Andrew
|-damage|p1a: A for Andrew|52/100
|move|p1a: A for Andrew|Focus Punch||[still]
|cant|p1a: A for Andrew|Focus Punch|Focus Punch
|
|upkeep
|turn|3
|
|t:|1729815336
|move|p1a: A for Andrew|Cross Chop|p2a: Hariyama
|-damage|p2a: Hariyama|51/100
|move|p2a: Hariyama|Brick Break|p1a: A for Andrew
|-damage|p1a: A for Andrew|5/100
|
|-heal|p2a: Hariyama|57/100|[from] item: Leftovers
|upkeep
|turn|4
|
|t:|1729815342
|move|p1a: A for Andrew|Cross Chop|p2a: Hariyama
|-damage|p2a: Hariyama|6/100
|move|p2a: Hariyama|Brick Break|p1a: A for Andrew
|-crit|p1a: A for Andrew
|-damage|p1a: A for Andrew|0 fnt
|faint|p1a: A for Andrew
|
|t:|1729815346
|switch|p1a: AC-130|Salamence, F, shiny|100/100
|-ability|p1a: AC-130|Intimidate|boost
|-unboost|p2a: Hariyama|atk|1
|
|-heal|p2a: Hariyama|12/100|[from] item: Leftovers
|upkeep
|turn|5
|
|t:|1729815348
|move|p1a: AC-130|Dragon Claw|p2a: Hariyama
|-damage|p2a: Hariyama|0 fnt
|faint|p2a: Hariyama
|
|t:|1729815368
|switch|p2a: jimothycool.com|Porygon2, shiny|100/100
|-ability|p2a: jimothycool.com|Intimidate|[from] ability: Trace|[of] p1a: AC-130
|
|upkeep
|turn|6
|
|t:|1729815374
|switch|p1a: Smokahontas|Blissey, F, shiny|100/100
|move|p2a: jimothycool.com|Thunder Wave|p1a: Smokahontas
|-status|p1a: Smokahontas|par
|
|upkeep
|turn|7
|
|t:|1729815380
|switch|p2a: Tyranitar|Tyranitar, F|100/100
|-weather|Sandstorm|[from] ability: Sand Stream|[of] p2a: Tyranitar
|move|p1a: Smokahontas|Thunder Wave|p2a: Tyranitar
|-status|p2a: Tyranitar|par
|
|-weather|Sandstorm|[upkeep]
|-damage|p1a: Smokahontas|94/100 par|[from] Sandstorm
|-heal|p1a: Smokahontas|100/100 par|[from] item: Leftovers
|upkeep
|turn|8
|
|t:|1729815386
|-curestatus|p1a: Smokahontas|par|[from] ability: Natural Cure
|switch|p1a: AC-130|Salamence, F, shiny|100/100
|-ability|p1a: AC-130|Intimidate|boost
|-unboost|p2a: Tyranitar|atk|1
|move|p2a: Tyranitar|Substitute|p2a: Tyranitar
|-start|p2a: Tyranitar|Substitute
|-damage|p2a: Tyranitar|75/100 par
|
|-weather|Sandstorm|[upkeep]
|-damage|p1a: AC-130|94/100|[from] Sandstorm
|-heal|p1a: AC-130|100/100|[from] item: Leftovers
|-heal|p2a: Tyranitar|82/100 par|[from] item: Leftovers
|upkeep
|turn|9
|
|t:|1729815394
|move|p1a: AC-130|Dragon Claw|p2a: Tyranitar
|-end|p2a: Tyranitar|Substitute
|move|p2a: Tyranitar|Rock Slide|p1a: AC-130
|-supereffective|p1a: AC-130
|-damage|p1a: AC-130|30/100
|
|-weather|Sandstorm|[upkeep]
|-damage|p1a: AC-130|24/100|[from] Sandstorm
|-heal|p1a: AC-130|30/100|[from] item: Leftovers
|-heal|p2a: Tyranitar|88/100 par|[from] item: Leftovers
|upkeep
|turn|10
|
|t:|1729815400
|switch|p1a: Fumbles O'Brian|Steelix, M, shiny|100/100
|move|p2a: Tyranitar|Rock Slide|p1a: Fumbles O'Brian|[miss]
|-miss|p2a: Tyranitar|p1a: Fumbles O'Brian
|
|-weather|Sandstorm|[upkeep]
|-heal|p2a: Tyranitar|94/100 par|[from] item: Leftovers
|upkeep
|turn|11
|
|t:|1729815415
|switch|p1a: Turbo Swag|Forretress, F, shiny|100/100
|switch|p2a: Flygon|Flygon, M|100/100
|
|-weather|Sandstorm|[upkeep]
|upkeep
|turn|12
|
|t:|1729815420
|switch|p2a: Starmie|Starmie|100/100
|move|p1a: Turbo Swag|Spikes|p2a: Starmie
|-sidestart|p2: Larkindred|Spikes
|
|-weather|Sandstorm|[upkeep]
|-damage|p2a: Starmie|94/100|[from] Sandstorm
|-heal|p2a: Starmie|100/100|[from] item: Leftovers
|upkeep
|turn|13
|
|t:|1729815426
|move|p2a: Starmie|Thunder Wave|p1a: Turbo Swag
|-status|p1a: Turbo Swag|par
|move|p1a: Turbo Swag|Zap Cannon|p2a: Starmie
|-supereffective|p2a: Starmie
|-damage|p2a: Starmie|66/100
|-status|p2a: Starmie|par
|
|-weather|Sandstorm|[upkeep]
|-damage|p2a: Starmie|60/100 par|[from] Sandstorm
|-heal|p2a: Starmie|66/100 par|[from] item: Leftovers
|upkeep
|turn|14
|
|t:|1729815435
|move|p2a: Starmie|Rapid Spin|p1a: Turbo Swag
|-resisted|p1a: Turbo Swag
|-damage|p1a: Turbo Swag|99/100 par
|-sideend|p2: Larkindred|Spikes|[from] move: Rapid Spin|[of] p2a: Starmie
|move|p1a: Turbo Swag|Spikes|p2a: Starmie
|-sidestart|p2: Larkindred|Spikes
|
|-weather|Sandstorm|[upkeep]
|-damage|p2a: Starmie|60/100 par|[from] Sandstorm
|-heal|p2a: Starmie|66/100 par|[from] item: Leftovers
|-heal|p1a: Turbo Swag|100/100 par|[from] item: Leftovers
|upkeep
|turn|15
|
|t:|1729815443
|switch|p1a: Smokahontas|Blissey, F, shiny|100/100
|cant|p2a: Starmie|par
|
|-weather|Sandstorm|[upkeep]
|-damage|p1a: Smokahontas|94/100|[from] Sandstorm
|-damage|p2a: Starmie|60/100 par|[from] Sandstorm
|-heal|p1a: Smokahontas|100/100|[from] item: Leftovers
|-heal|p2a: Starmie|66/100 par|[from] item: Leftovers
|upkeep
|turn|16
|
|t:|1729815447
|move|p1a: Smokahontas|Seismic Toss|p2a: Starmie
|-damage|p2a: Starmie|35/100 par
|move|p2a: Starmie|Rapid Spin|p1a: Smokahontas
|-damage|p1a: Smokahontas|97/100
|-sideend|p2: Larkindred|Spikes|[from] move: Rapid Spin|[of] p2a: Starmie
|
|-weather|Sandstorm|[upkeep]
|-damage|p1a: Smokahontas|91/100|[from] Sandstorm
|-damage|p2a: Starmie|29/100 par|[from] Sandstorm
|-heal|p1a: Smokahontas|97/100|[from] item: Leftovers
|-heal|p2a: Starmie|35/100 par|[from] item: Leftovers
|upkeep
|turn|17
|
|t:|1729815456
|move|p1a: Smokahontas|Thunder Wave|p2a: Starmie
|-fail|p2a: Starmie|par
|move|p2a: Starmie|Recover|p2a: Starmie
|-heal|p2a: Starmie|85/100 par
|
|-weather|Sandstorm|[upkeep]
|-damage|p1a: Smokahontas|91/100|[from] Sandstorm
|-damage|p2a: Starmie|79/100 par|[from] Sandstorm
|-heal|p1a: Smokahontas|97/100|[from] item: Leftovers
|-heal|p2a: Starmie|85/100 par|[from] item: Leftovers
|upkeep
|turn|18
|
|t:|1729815468
|move|p1a: Smokahontas|Seismic Toss|p2a: Starmie
|-damage|p2a: Starmie|55/100 par
|move|p2a: Starmie|Thunder Wave|p1a: Smokahontas
|-status|p1a: Smokahontas|par
|
|-weather|Sandstorm|[upkeep]
|-damage|p2a: Starmie|48/100 par|[from] Sandstorm
|-damage|p1a: Smokahontas|91/100 par|[from] Sandstorm
|-heal|p2a: Starmie|55/100 par|[from] item: Leftovers
|-heal|p1a: Smokahontas|97/100 par|[from] item: Leftovers
|upkeep
|turn|19
|
|t:|1729815473
|-curestatus|p1a: Smokahontas|par|[from] ability: Natural Cure
|switch|p1a: Turbo Swag|Forretress, F, shiny|100/100 par
|cant|p2a: Starmie|par
|
|-weather|Sandstorm|[upkeep]
|-damage|p2a: Starmie|48/100 par|[from] Sandstorm
|-heal|p2a: Starmie|55/100 par|[from] item: Leftovers
|upkeep
|turn|20
|
|t:|1729815478
|move|p2a: Starmie|Recover|p2a: Starmie
|-heal|p2a: Starmie|100/100 par
|cant|p1a: Turbo Swag|par
|
|-weather|Sandstorm|[upkeep]
|-damage|p2a: Starmie|94/100 par|[from] Sandstorm
|-heal|p2a: Starmie|100/100 par|[from] item: Leftovers
|upkeep
|turn|21
|
|t:|1729815484
|move|p2a: Starmie|Surf|p1a: Turbo Swag
|-damage|p1a: Turbo Swag|71/100 par
|cant|p1a: Turbo Swag|par
|
|-weather|Sandstorm|[upkeep]
|-damage|p2a: Starmie|94/100 par|[from] Sandstorm
|-heal|p2a: Starmie|100/100 par|[from] item: Leftovers
|-heal|p1a: Turbo Swag|77/100 par|[from] item: Leftovers
|upkeep
|turn|22
|
|t:|1729815487
|move|p2a: Starmie|Surf|p1a: Turbo Swag
|-damage|p1a: Turbo Swag|46/100 par
|move|p1a: Turbo Swag|Spikes|p2a: Starmie
|-sidestart|p2: Larkindred|Spikes
|
|-weather|Sandstorm|[upkeep]
|-damage|p2a: Starmie|94/100 par|[from] Sandstorm
|-heal|p2a: Starmie|100/100 par|[from] item: Leftovers
|-heal|p1a: Turbo Swag|52/100 par|[from] item: Leftovers
|upkeep
|turn|23
|
|t:|1729815490
|switch|p1a: AC-130|Salamence, F, shiny|30/100
|-ability|p1a: AC-130|Intimidate|boost
|-unboost|p2a: Starmie|atk|1
|cant|p2a: Starmie|par
|
|-weather|Sandstorm|[upkeep]
|-damage|p1a: AC-130|24/100|[from] Sandstorm
|-damage|p2a: Starmie|94/100 par|[from] Sandstorm
|-heal|p1a: AC-130|30/100|[from] item: Leftovers
|-heal|p2a: Starmie|100/100 par|[from] item: Leftovers
|upkeep
|turn|24
|
|t:|1729815498
|move|p1a: AC-130|Wish|p1a: AC-130
|move|p2a: Starmie|Surf|p1a: AC-130
|-resisted|p1a: AC-130
|-damage|p1a: AC-130|8/100
|
|-weather|Sandstorm|[upkeep]
|-damage|p1a: AC-130|2/100|[from] Sandstorm
|-damage|p2a: Starmie|94/100 par|[from] Sandstorm
|-heal|p1a: AC-130|8/100|[from] item: Leftovers
|-heal|p2a: Starmie|100/100 par|[from] item: Leftovers
|upkeep
|turn|25
|
|t:|1729815510
|move|p1a: AC-130|Dragon Claw|p2a: Starmie
|-damage|p2a: Starmie|50/100 par
|move|p2a: Starmie|Rapid Spin|p1a: AC-130
|-damage|p1a: AC-130|6/100
|-sideend|p2: Larkindred|Spikes|[from] move: Rapid Spin|[of] p2a: Starmie
|
|-heal|p1a: AC-130|55/100|[from] move: Wish|[wisher] AC-130
|-weather|Sandstorm|[upkeep]
|-damage|p1a: AC-130|49/100|[from] Sandstorm
|-damage|p2a: Starmie|43/100 par|[from] Sandstorm
|-heal|p1a: AC-130|55/100|[from] item: Leftovers
|-heal|p2a: Starmie|50/100 par|[from] item: Leftovers
|upkeep
|turn|26
|
|t:|1729815519
|move|p1a: AC-130|Dragon Claw|p2a: Starmie
|-damage|p2a: Starmie|0 fnt
|faint|p2a: Starmie
|
|t:|1729815534
|switch|p2a: Flygon|Flygon, M|100/100
|
|-weather|Sandstorm|[upkeep]
|-damage|p1a: AC-130|49/100|[from] Sandstorm
|-heal|p1a: AC-130|55/100|[from] item: Leftovers
|upkeep
|turn|27
|
|t:|1729815543
|switch|p1a: Lonely|Mantine, F, shiny|100/100
|move|p2a: Flygon|Substitute|p2a: Flygon
|-start|p2a: Flygon|Substitute
|-damage|p2a: Flygon|76/100
|
|-weather|Sandstorm|[upkeep]
|-damage|p1a: Lonely|95/100|[from] Sandstorm
|-heal|p2a: Flygon|82/100|[from] item: Leftovers
|-heal|p1a: Lonely|100/100|[from] item: Leftovers
|upkeep
|turn|28
|
|t:|1729815547
|move|p2a: Flygon|Rock Slide|p1a: Lonely
|-supereffective|p1a: Lonely
|-damage|p1a: Lonely|42/100
|move|p1a: Lonely|Surf|p2a: Flygon
|-end|p2a: Flygon|Substitute
|
|-weather|Sandstorm|[upkeep]
|-damage|p1a: Lonely|36/100|[from] Sandstorm
|-heal|p2a: Flygon|88/100|[from] item: Leftovers
|-heal|p1a: Lonely|42/100|[from] item: Leftovers
|upkeep
|turn|29
|
|t:|1729815551
|switch|p1a: Fumbles O'Brian|Steelix, M, shiny|100/100
|move|p2a: Flygon|Substitute|p2a: Flygon
|-start|p2a: Flygon|Substitute
|-damage|p2a: Flygon|63/100
|
|-weather|Sandstorm|[upkeep]
|-heal|p2a: Flygon|69/100|[from] item: Leftovers
|upkeep
|turn|30
|
|t:|1729815557
|move|p2a: Flygon|Earthquake|p1a: Fumbles O'Brian
|-supereffective|p1a: Fumbles O'Brian
|-damage|p1a: Fumbles O'Brian|60/100
|move|p1a: Fumbles O'Brian|Roar|p2a: Flygon
|drag|p2a: Tyranitar|Tyranitar, F|94/100 par
|
|-weather|Sandstorm|[upkeep]
|-heal|p1a: Fumbles O'Brian|67/100|[from] item: Leftovers
|-heal|p2a: Tyranitar|99/100 par|[from] item: Leftovers
|upkeep
|turn|31
|
|t:|1729815562
|-singleturn|p2a: Tyranitar|move: Focus Punch
|switch|p1a: Turbo Swag|Forretress, F, shiny|52/100 par
|move|p2a: Tyranitar|Focus Punch|p1a: Turbo Swag
|-damage|p1a: Turbo Swag|11/100 par
|
|-weather|Sandstorm|[upkeep]
|-heal|p2a: Tyranitar|100/100 par|[from] item: Leftovers
|-heal|p1a: Turbo Swag|17/100 par|[from] item: Leftovers
|upkeep
|turn|32
|
|t:|1729815569
|move|p2a: Tyranitar|Substitute|p2a: Tyranitar
|-start|p2a: Tyranitar|Substitute
|-damage|p2a: Tyranitar|75/100 par
|move|p1a: Turbo Swag|Spikes|p2a: Tyranitar
|-sidestart|p2: Larkindred|Spikes
|
|-weather|Sandstorm|[upkeep]
|-heal|p2a: Tyranitar|82/100 par|[from] item: Leftovers
|-heal|p1a: Turbo Swag|23/100 par|[from] item: Leftovers
|upkeep
|turn|33
|
|t:|1729815575
|move|p2a: Tyranitar|Rock Slide|p1a: Turbo Swag|[miss]
|-miss|p2a: Tyranitar|p1a: Turbo Swag
|move|p1a: Turbo Swag|Earthquake|p2a: Tyranitar
|-supereffective|p2a: Tyranitar
|-end|p2a: Tyranitar|Substitute
|
|-weather|Sandstorm|[upkeep]
|-heal|p2a: Tyranitar|88/100 par|[from] item: Leftovers
|-heal|p1a: Turbo Swag|29/100 par|[from] item: Leftovers
|upkeep
|turn|34
|
|t:|1729815578
|move|p2a: Tyranitar|Rock Slide|p1a: Turbo Swag
|-damage|p1a: Turbo Swag|0 fnt
|faint|p1a: Turbo Swag
|
|t:|1729815583
|switch|p1a: Fumbles O'Brian|Steelix, M, shiny|67/100
|
|-weather|Sandstorm|[upkeep]
|-heal|p1a: Fumbles O'Brian|73/100|[from] item: Leftovers
|-heal|p2a: Tyranitar|94/100 par|[from] item: Leftovers
|upkeep
|turn|35
|
|t:|1729815592
|switch|p2a: Flygon|Flygon, M|69/100
|move|p1a: Fumbles O'Brian|Earthquake|p2a: Flygon
|-immune|p2a: Flygon
|
|-weather|Sandstorm|[upkeep]
|-heal|p2a: Flygon|75/100|[from] item: Leftovers
|-heal|p1a: Fumbles O'Brian|79/100|[from] item: Leftovers
|upkeep
|turn|36
|
|t:|1729815597
|switch|p1a: AC-130|Salamence, F, shiny|55/100
|-ability|p1a: AC-130|Intimidate|boost
|-unboost|p2a: Flygon|atk|1
|move|p2a: Flygon|Substitute|p2a: Flygon
|-start|p2a: Flygon|Substitute
|-damage|p2a: Flygon|50/100
|
|-weather|Sandstorm|[upkeep]
|-damage|p1a: AC-130|49/100|[from] Sandstorm
|-heal|p2a: Flygon|56/100|[from] item: Leftovers
|-heal|p1a: AC-130|55/100|[from] item: Leftovers
|upkeep
|turn|37
|
|t:|1729815611
|switch|p1a: Fumbles O'Brian|Steelix, M, shiny|79/100
|move|p2a: Flygon|Rock Slide|p1a: Fumbles O'Brian
|-resisted|p1a: Fumbles O'Brian
|-damage|p1a: Fumbles O'Brian|77/100
|
|-weather|Sandstorm|[upkeep]
|-heal|p2a: Flygon|62/100|[from] item: Leftovers
|-heal|p1a: Fumbles O'Brian|84/100|[from] item: Leftovers
|upkeep
|turn|38
|
|t:|1729815617
|move|p2a: Flygon|Earthquake|p1a: Fumbles O'Brian
|-supereffective|p1a: Fumbles O'Brian
|-damage|p1a: Fumbles O'Brian|54/100
|move|p1a: Fumbles O'Brian|Roar|p2a: Flygon
|drag|p2a: Tyranitar|Tyranitar, F|94/100 par
|-damage|p2a: Tyranitar|82/100 par|[from] Spikes
|
|-weather|Sandstorm|[upkeep]
|-heal|p1a: Fumbles O'Brian|60/100|[from] item: Leftovers
|-heal|p2a: Tyranitar|88/100 par|[from] item: Leftovers
|upkeep
|turn|39
|
|t:|1729815644
|switch|p2a: Flygon|Flygon, M|62/100
|move|p1a: Fumbles O'Brian|Roar|p2a: Flygon
|drag|p2a: jimothycool.com|Porygon2, shiny|100/100
|-damage|p2a: jimothycool.com|88/100|[from] Spikes
|-ability|p2a: jimothycool.com|Rock Head|[from] ability: Trace|[of] p1a: Fumbles O'Brian
|
|-weather|Sandstorm|[upkeep]
|-damage|p2a: jimothycool.com|82/100|[from] Sandstorm
|-heal|p2a: jimothycool.com|88/100|[from] item: Leftovers
|-heal|p1a: Fumbles O'Brian|66/100|[from] item: Leftovers
|upkeep
|turn|40
|
|t:|1729815656
|move|p2a: jimothycool.com|Thunder Wave|p1a: Fumbles O'Brian
|-immune|p1a: Fumbles O'Brian
|move|p1a: Fumbles O'Brian|Roar|p2a: jimothycool.com
|drag|p2a: Jirachi|Jirachi|100/100
|-damage|p2a: Jirachi|88/100|[from] Spikes
|
|-weather|Sandstorm|[upkeep]
|-heal|p2a: Jirachi|94/100|[from] item: Leftovers
|-heal|p1a: Fumbles O'Brian|73/100|[from] item: Leftovers
|upkeep
|turn|41
|
|t:|1729815667
|move|p2a: Jirachi|Body Slam|p1a: Fumbles O'Brian
|-resisted|p1a: Fumbles O'Brian
|-damage|p1a: Fumbles O'Brian|68/100
|-status|p1a: Fumbles O'Brian|par
|cant|p1a: Fumbles O'Brian|par
|
|-weather|Sandstorm|[upkeep]
|-heal|p2a: Jirachi|100/100|[from] item: Leftovers
|-heal|p1a: Fumbles O'Brian|74/100 par|[from] item: Leftovers
|upkeep
|turn|42
|
|t:|1729815674
|move|p2a: Jirachi|Wish|p2a: Jirachi
|move|p1a: Fumbles O'Brian|Roar|p2a: Jirachi
|drag|p2a: Tyranitar|Tyranitar, F|88/100 par
|-damage|p2a: Tyranitar|75/100 par|[from] Spikes
|
|-weather|Sandstorm|[upkeep]
|-heal|p2a: Tyranitar|82/100 par|[from] item: Leftovers
|-heal|p1a: Fumbles O'Brian|80/100 par|[from] item: Leftovers
|upkeep
|turn|43
|
|t:|1729815678
|switch|p2a: Flygon|Flygon, M|62/100
|move|p1a: Fumbles O'Brian|Earthquake|p2a: Flygon
|-immune|p2a: Flygon
|
|-heal|p2a: Flygon|100/100|[from] move: Wish|[wisher] Jirachi
|-weather|Sandstorm|[upkeep]
|-heal|p1a: Fumbles O'Brian|87/100 par|[from] item: Leftovers
|upkeep
|turn|44
|
|t:|1729815686
|switch|p1a: AC-130|Salamence, F, shiny|55/100
|-ability|p1a: AC-130|Intimidate|boost
|-unboost|p2a: Flygon|atk|1
|move|p2a: Flygon|Rock Slide|p1a: AC-130
|-supereffective|p1a: AC-130
|-damage|p1a: AC-130|22/100
|
|-weather|Sandstorm|[upkeep]
|-damage|p1a: AC-130|16/100|[from] Sandstorm
|-heal|p1a: AC-130|22/100|[from] item: Leftovers
|upkeep
|turn|45
|inactive|Larkindred has 270 seconds left.
|
|t:|1729815719
|switch|p2a: jimothycool.com|Porygon2, shiny|88/100
|-damage|p2a: jimothycool.com|76/100|[from] Spikes
|-ability|p2a: jimothycool.com|Intimidate|[from] ability: Trace|[of] p1a: AC-130
|move|p1a: AC-130|Wish|p1a: AC-130
|
|-weather|Sandstorm|[upkeep]
|-damage|p1a: AC-130|16/100|[from] Sandstorm
|-damage|p2a: jimothycool.com|70/100|[from] Sandstorm
|-heal|p1a: AC-130|22/100|[from] item: Leftovers
|-heal|p2a: jimothycool.com|76/100|[from] item: Leftovers
|upkeep
|turn|46
|
|t:|1729815738
|switch|p1a: Lonely|Mantine, F, shiny|42/100
|move|p2a: jimothycool.com|Ice Beam|p1a: Lonely
|-damage|p1a: Lonely|30/100
|
|-heal|p1a: Lonely|80/100|[from] move: Wish|[wisher] AC-130
|-weather|Sandstorm|[upkeep]
|-damage|p1a: Lonely|74/100|[from] Sandstorm
|-damage|p2a: jimothycool.com|70/100|[from] Sandstorm
|-heal|p1a: Lonely|80/100|[from] item: Leftovers
|-heal|p2a: jimothycool.com|76/100|[from] item: Leftovers
|upkeep
|turn|47
|
|t:|1729815745
|move|p1a: Lonely|Toxic|p2a: jimothycool.com
|-status|p2a: jimothycool.com|tox
|move|p2a: jimothycool.com|Thunder Wave|p1a: Lonely
|-status|p1a: Lonely|par
|
|-weather|Sandstorm|[upkeep]
|-damage|p2a: jimothycool.com|70/100 tox|[from] Sandstorm
|-damage|p1a: Lonely|74/100 par|[from] Sandstorm
|-heal|p2a: jimothycool.com|76/100 tox|[from] item: Leftovers
|-damage|p2a: jimothycool.com|70/100 tox|[from] psn
|-heal|p1a: Lonely|80/100 par|[from] item: Leftovers
|upkeep
|turn|48
|
|t:|1729815761
|switch|p2a: Flygon|Flygon, M|100/100
|switch|p1a: Fumbles O'Brian|Steelix, M, shiny|87/100 par
|
|-weather|Sandstorm|[upkeep]
|-heal|p1a: Fumbles O'Brian|93/100 par|[from] item: Leftovers
|upkeep
|turn|49
|
|t:|1729815768
|switch|p1a: AC-130|Salamence, F, shiny|22/100
|-ability|p1a: AC-130|Intimidate|boost
|-unboost|p2a: Flygon|atk|1
|move|p2a: Flygon|Substitute|p2a: Flygon
|-start|p2a: Flygon|Substitute
|-damage|p2a: Flygon|76/100
|
|-weather|Sandstorm|[upkeep]
|-damage|p1a: AC-130|16/100|[from] Sandstorm
|-heal|p2a: Flygon|82/100|[from] item: Leftovers
|-heal|p1a: AC-130|22/100|[from] item: Leftovers
|upkeep
|turn|50
|
|t:|1729815774
|switch|p1a: Fumbles O'Brian|Steelix, M, shiny|93/100 par
|move|p2a: Flygon|Rock Slide|p1a: Fumbles O'Brian
|-resisted|p1a: Fumbles O'Brian
|-damage|p1a: Fumbles O'Brian|91/100 par
|
|-weather|Sandstorm|[upkeep]
|-heal|p2a: Flygon|88/100|[from] item: Leftovers
|-heal|p1a: Fumbles O'Brian|97/100 par|[from] item: Leftovers
|upkeep
|turn|51
|
|t:|1729815779
|move|p2a: Flygon|Earthquake|p1a: Fumbles O'Brian
|-supereffective|p1a: Fumbles O'Brian
|-damage|p1a: Fumbles O'Brian|68/100 par
|move|p1a: Fumbles O'Brian|Roar|p2a: Flygon
|drag|p2a: Jirachi|Jirachi|100/100
|-damage|p2a: Jirachi|88/100|[from] Spikes
|
|-weather|Sandstorm|[upkeep]
|-heal|p2a: Jirachi|94/100|[from] item: Leftovers
|-heal|p1a: Fumbles O'Brian|74/100 par|[from] item: Leftovers
|upkeep
|turn|52
|
|t:|1729815787
|move|p2a: Jirachi|Fire Punch|p1a: Fumbles O'Brian
|-supereffective|p1a: Fumbles O'Brian
|-damage|p1a: Fumbles O'Brian|34/100 par
|cant|p1a: Fumbles O'Brian|par
|
|-weather|Sandstorm|[upkeep]
|-heal|p2a: Jirachi|100/100|[from] item: Leftovers
|-heal|p1a: Fumbles O'Brian|41/100 par|[from] item: Leftovers
|upkeep
|turn|53
|
|t:|1729815793
|switch|p1a: Smokahontas|Blissey, F, shiny|97/100
|move|p2a: Jirachi|Fire Punch|p1a: Smokahontas
|-damage|p1a: Smokahontas|91/100
|
|-weather|Sandstorm|[upkeep]
|-damage|p1a: Smokahontas|84/100|[from] Sandstorm
|-heal|p1a: Smokahontas|91/100|[from] item: Leftovers
|upkeep
|turn|54
|
|t:|1729815798
|move|p2a: Jirachi|Body Slam|p1a: Smokahontas
|-crit|p1a: Smokahontas
|-damage|p1a: Smokahontas|49/100
|move|p1a: Smokahontas|Ice Beam|p2a: Jirachi
|-resisted|p2a: Jirachi
|-damage|p2a: Jirachi|92/100
|
|-weather|Sandstorm|[upkeep]
|-damage|p1a: Smokahontas|43/100|[from] Sandstorm
|-heal|p2a: Jirachi|98/100|[from] item: Leftovers
|-heal|p1a: Smokahontas|49/100|[from] item: Leftovers
|upkeep
|turn|55
|
|t:|1729815802
|move|p2a: Jirachi|Body Slam|p1a: Smokahontas
|-damage|p1a: Smokahontas|28/100
|-status|p1a: Smokahontas|par
|move|p1a: Smokahontas|Soft-Boiled|p1a: Smokahontas
|-heal|p1a: Smokahontas|78/100 par
|
|-weather|Sandstorm|[upkeep]
|-damage|p1a: Smokahontas|72/100 par|[from] Sandstorm
|-heal|p2a: Jirachi|100/100|[from] item: Leftovers
|-heal|p1a: Smokahontas|78/100 par|[from] item: Leftovers
|upkeep
|turn|56
|
|t:|1729815811
|move|p2a: Jirachi|Wish|p2a: Jirachi
|move|p1a: Smokahontas|Thunder Wave|p2a: Jirachi
|-status|p2a: Jirachi|par
|
|-weather|Sandstorm|[upkeep]
|-damage|p1a: Smokahontas|72/100 par|[from] Sandstorm
|-heal|p1a: Smokahontas|78/100 par|[from] item: Leftovers
|upkeep
|turn|57
|
|t:|1729815820
|switch|p2a: Flygon|Flygon, M|88/100
|move|p1a: Smokahontas|Seismic Toss|p2a: Flygon
|-damage|p2a: Flygon|54/100
|
|-heal|p2a: Flygon|100/100|[from] move: Wish|[wisher] Jirachi
|-weather|Sandstorm|[upkeep]
|-damage|p1a: Smokahontas|72/100 par|[from] Sandstorm
|-heal|p1a: Smokahontas|78/100 par|[from] item: Leftovers
|upkeep
|turn|58
|
|t:|1729815827
|move|p2a: Flygon|Rock Slide|p1a: Smokahontas
|-damage|p1a: Smokahontas|55/100 par
|cant|p1a: Smokahontas|par
|
|-weather|Sandstorm|[upkeep]
|-damage|p1a: Smokahontas|49/100 par|[from] Sandstorm
|-heal|p1a: Smokahontas|55/100 par|[from] item: Leftovers
|upkeep
|turn|59
|
|t:|1729815835
|move|p2a: Flygon|Rock Slide|p1a: Smokahontas
|-damage|p1a: Smokahontas|31/100 par
|move|p1a: Smokahontas|Ice Beam|p2a: Flygon
|-supereffective|p2a: Flygon
|-damage|p2a: Flygon|0 fnt
|faint|p2a: Flygon
|
|t:|1729815842
|switch|p2a: Tyranitar|Tyranitar, F|82/100 par
|-damage|p2a: Tyranitar|69/100 par|[from] Spikes
|
|-weather|Sandstorm|[upkeep]
|-damage|p1a: Smokahontas|25/100 par|[from] Sandstorm
|-heal|p2a: Tyranitar|75/100 par|[from] item: Leftovers
|-heal|p1a: Smokahontas|31/100 par|[from] item: Leftovers
|upkeep
|turn|60
|
|t:|1729815848
|-curestatus|p1a: Smokahontas|par|[from] ability: Natural Cure
|switch|p1a: AC-130|Salamence, F, shiny|22/100
|-ability|p1a: AC-130|Intimidate|boost
|-unboost|p2a: Tyranitar|atk|1
|cant|p2a: Tyranitar|par
|
|-weather|Sandstorm|[upkeep]
|-damage|p1a: AC-130|16/100|[from] Sandstorm
|-heal|p1a: AC-130|22/100|[from] item: Leftovers
|-heal|p2a: Tyranitar|82/100 par|[from] item: Leftovers
|upkeep
|turn|61
|
|t:|1729815855
|move|p1a: AC-130|Brick Break|p2a: Tyranitar
|-supereffective|p2a: Tyranitar
|-crit|p2a: Tyranitar
|-damage|p2a: Tyranitar|0 fnt
|faint|p2a: Tyranitar
|
|t:|1729815860
|switch|p2a: Jirachi|Jirachi|100/100 par
|-damage|p2a: Jirachi|88/100 par|[from] Spikes
|
|-weather|Sandstorm|[upkeep]
|-damage|p1a: AC-130|16/100|[from] Sandstorm
|-heal|p1a: AC-130|22/100|[from] item: Leftovers
|-heal|p2a: Jirachi|94/100 par|[from] item: Leftovers
|upkeep
|turn|62
|
|t:|1729815864
|switch|p1a: Smokahontas|Blissey, F, shiny|31/100
|cant|p2a: Jirachi|par
|
|-weather|Sandstorm|[upkeep]
|-damage|p1a: Smokahontas|25/100|[from] Sandstorm
|-heal|p1a: Smokahontas|31/100|[from] item: Leftovers
|-heal|p2a: Jirachi|100/100 par|[from] item: Leftovers
|upkeep
|turn|63
|
|t:|1729815868
|move|p1a: Smokahontas|Soft-Boiled|p1a: Smokahontas
|-heal|p1a: Smokahontas|81/100
|move|p2a: Jirachi|Body Slam|p1a: Smokahontas
|-damage|p1a: Smokahontas|62/100
|-status|p1a: Smokahontas|par
|
|-weather|Sandstorm|[upkeep]
|-damage|p1a: Smokahontas|56/100 par|[from] Sandstorm
|-heal|p1a: Smokahontas|62/100 par|[from] item: Leftovers
|upkeep
|turn|64
|
|t:|1729815876
|cant|p2a: Jirachi|par
|move|p1a: Smokahontas|Seismic Toss|p2a: Jirachi
|-damage|p2a: Jirachi|76/100 par
|
|-weather|Sandstorm|[upkeep]
|-damage|p1a: Smokahontas|56/100 par|[from] Sandstorm
|-heal|p2a: Jirachi|82/100 par|[from] item: Leftovers
|-heal|p1a: Smokahontas|62/100 par|[from] item: Leftovers
|upkeep
|turn|65
|-message|Larkindred forfeited.
|
|win|advwtrainingwheels

</script>
<script type="application/json" class="data" id="replaydata-smogtours-gen3ou-801717">
{"id":"smogtours-gen3ou-801717","format":"[Gen 3] OU","players":["advwtrainingwheels","Larkindred"],"uploadtime":1729815880,"views":90,"formatid":"gen3ou","rating":null,"private":0,"password":null}
</script>

<script defer src="js/replays.js?9d40a366"></script>
