<!DOCTYPE html>
<meta charset="utf-8" />
<meta name="viewport" content="width=device-width" />

<title>[Gen 3] OU: triangles vs. dicerat8 - Replays - Pok&eacute;mon Showdown!</title>

<meta name="description" content="Watch a replay of a Pok&eacute;mon battle between triangles and dicerat8! Format: [Gen 3] OU; Date: Nov 12, 2024" />
<!--

Hey, you! Looking in the source for the replay log?

You can find them in JSON format, just add `.json` at the end of a replay URL.

https://replay.pokemonshowdown.com/gen7randomdoublesbattle-865046831.json

Or, if you only need the log itself, add `.log` instead:

https://replay.pokemonshowdown.com/gen7randomdoublesbattle-865046831.log

-->

<link rel="stylesheet" href="//pokemonshowdown.com/style/global.css?0.767286132409787" />
<link rel="stylesheet" href="//play.pokemonshowdown.com/style/font-awesome.css?0.9266228007934947" />
<link rel="stylesheet" href="//play.pokemonshowdown.com/style/battle.css?0.7924700842790926" />
<link rel="stylesheet" href="//play.pokemonshowdown.com/style/utilichart.css?0.8777417872839479" />

<!-- Global site tag (gtag.js) - Google Analytics -->
<script async src="https://www.googletagmanager.com/gtag/js?id=UA-26211653-1"></script>
<script>
  window.dataLayer = window.dataLayer || [];
  function gtag(){dataLayer.push(arguments);}
  gtag('js', new Date());

  gtag('config', 'UA-26211653-1');
</script>
<!-- End Google Analytics -->
<!-- Venatus Ad Manager - Install in <HEAD> of page -->
	<script src="https://hb.vntsm.com/v3/live/ad-manager.min.js" type="text/javascript" data-site-id="642aba63ec9a7b11c3c9c1be" data-mode="scan" async></script>
<!-- / Venatus Ad Manager -->

<style>
	@media (max-width:820px) {
		.battle {
			margin: 0 auto;
		}
		.battle-log {
			margin: 7px auto 0;
			max-width: 640px;
			height: 300px;
			position: static;
		}
	}
	.optgroup {
		display: inline-block;
		line-height: 22px;
		font-size: 10pt;
	}
	.optgroup .button {
		height: 25px;
		padding-top: 0;
		padding-bottom: 0;
	}
	.optgroup button.button {
		padding-left: 12px;
		padding-right: 12px;
	}
	.linklist {
		list-style: none;
		margin: 0.5em 0;
		padding: 0;
	}
	.linklist li {
		padding: 2px 0;
	}
	.sidebar {
		float: left;
		width: 320px;
	}
	.bar-wrapper {
		max-width: 1100px;
		margin: 0 auto;
	}
	.bar-wrapper.has-sidebar {
		max-width: 1430px;
	}
	.mainbar {
		margin: 0;
		padding-right: 1px;
	}
	.mainbar.has-sidebar {
		margin-left: 330px;
	}
	@media (min-width: 1511px) {
		.sidebar {
			width: 400px;
		}
		.bar-wrapper.has-sidebar {
			max-width: 1510px;
		}
		.mainbar.has-sidebar {
			margin-left: 410px;
		}
	}
	.section.first-section {
		margin-top: 9px;
	}
	.blocklink small {
		white-space: normal;
	}
	.button {
		vertical-align: middle;
	}
	.replay-controls {
		padding-top: 10px;
	}
	.replay-controls h1 {
		font-size: 16pt;
		font-weight: normal;
		color: #CCC;
	}
	.pagelink {
		text-align: center;
	}
	.pagelink a {
		width: 150px;
	}
	.textbox, .button {
		font-size: 11pt;
		vertical-align: middle;
	}
	@media (max-width: 450px) {
		.button {
			font-size: 9pt;
		}
	}
</style>

<div>

	<header>
		<div class="nav-wrapper"><ul class="nav">
			<li><a class="button nav-first" href="//pokemonshowdown.com/"><img src="//pokemonshowdown.com/images/pokemonshowdownbeta.png" srcset="//pokemonshowdown.com/images/pokemonshowdownbeta.png 1x, //pokemonshowdown.com/images/pokemonshowdownbeta@2x.png 2x" alt="Pok&eacute;mon Showdown" width="146" height="44" /> Home</a></li>
			<li><a class="button" href="//pokemonshowdown.com/dex/">Pok&eacute;dex</a></li>
			<li><a class="button cur" href="/">Replays</a></li>
			<li><a class="button" href="//pokemonshowdown.com/ladder/">Ladder</a></li>
			<li><a class="button nav-last" href="//pokemonshowdown.com/forums/">Forum</a></li>
			<li><a class="button greenbutton nav-first nav-last" href="//play.pokemonshowdown.com/">Play</a></li>
		</ul></div>
	</header>

	<div class="main" id="main">

		<noscript><section class="section">You need to enable JavaScript to use this page; sorry!</section></noscript>

	</div>

</div>

<script defer nomodule src="//play.pokemonshowdown.com/js/lib/ps-polyfill.js"></script>
<script defer src="//play.pokemonshowdown.com/js/lib/preact.min.js"></script>

<script defer src="//play.pokemonshowdown.com/config/config.js?6dec07f6"></script>
<script defer src="//play.pokemonshowdown.com/js/lib/jquery-1.11.0.min.js"></script>
<script defer src="//play.pokemonshowdown.com/js/lib/html-sanitizer-minified.js"></script>
<script defer src="//play.pokemonshowdown.com/js/battle-sound.js"></script>
<script defer src="//play.pokemonshowdown.com/js/battledata.js?0.6315294753075389"></script>
<script defer src="//play.pokemonshowdown.com/data/pokedex-mini.js?0.7603743185311358"></script>
<script defer src="//play.pokemonshowdown.com/data/pokedex-mini-bw.js?0.030888842834281283"></script>
<script defer src="//play.pokemonshowdown.com/data/graphics.js?0.05593094747507488"></script>
<script defer src="//play.pokemonshowdown.com/data/pokedex.js?0.47064822249611904"></script>
<script defer src="//play.pokemonshowdown.com/data/moves.js?0.8583693120512459"></script>
<script defer src="//play.pokemonshowdown.com/data/abilities.js?0.16017181182386842"></script>
<script defer src="//play.pokemonshowdown.com/data/items.js?0.4163379185673943"></script>
<script defer src="//play.pokemonshowdown.com/data/teambuilder-tables.js?0.31075597372830477"></script>
<script defer src="//play.pokemonshowdown.com/js/battle-tooltips.js?0.6536193500708172"></script>
<script defer src="//play.pokemonshowdown.com/js/battle.js?0.1916591943277901"></script>

<script defer src="js/utils.js?e31f9a17"></script>
<script defer src="js/replays-battle.js?7008c182"></script>

<!-- don't scrape this data! just add .json or .log after the URL!
Full API docs: https://github.com/smogon/pokemon-showdown-client/blob/master/WEB-API.md -->
<script type="text/plain" class="log" id="replaylog-smogtours-gen3ou-806087">
|inactive|Battle timer is ON: inactive players will automatically lose when time's up.
|t:|1731416935
|gametype|singles
|player|p1|triangles|lucas|
|player|p2|dicerat8|eusine|
|teamsize|p1|6
|teamsize|p2|6
|gen|3
|tier|[Gen 3] OU
|rule|Sleep Clause Mod: Limit one foe put to sleep
|rule|Switch Priority Clause Mod: Faster Pokémon switch first
|rule|Species Clause: Limit one of each Pokémon
|rule|OHKO Clause: OHKO moves are banned
|rule|Evasion Items Clause: Evasion items are banned
|rule|Evasion Moves Clause: Evasion moves are banned
|rule|Endless Battle Clause: Forcing endless battles is banned
|rule|HP Percentage Mod: HP is shown in percentages
|rule|One Boost Passer Clause: Limit one Baton Passer that has a way to boost its stats
|rule|Freeze Clause Mod: Limit one foe frozen
|
|t:|1731416935
|start
|switch|p1a: Cloyster|Cloyster, M, shiny|100/100
|switch|p2a: Tyranitar|Tyranitar, F|100/100
|-weather|Sandstorm|[from] ability: Sand Stream|[of] p2a: Tyranitar
|turn|1
|c|☆dicerat8|gl
|c|☆triangles|hf
|
|t:|1731416953
|switch|p2a: Celebi|Celebi|100/100
|move|p1a: Cloyster|Surf|p2a: Celebi
|-resisted|p2a: Celebi
|-damage|p2a: Celebi|88/100
|
|-weather|Sandstorm|[upkeep]
|-damage|p2a: Celebi|82/100|[from] Sandstorm
|-damage|p1a: Cloyster|95/100|[from] Sandstorm
|-heal|p2a: Celebi|88/100|[from] item: Leftovers
|-heal|p1a: Cloyster|100/100|[from] item: Leftovers
|upkeep
|turn|2
|
|t:|1731416970
|move|p2a: Celebi|Giga Drain|p1a: Cloyster
|-supereffective|p1a: Cloyster
|-damage|p1a: Cloyster|31/100
|-heal|p2a: Celebi|100/100|[from] drain|[of] p1a: Cloyster
|move|p1a: Cloyster|Spikes|p2a: Celebi
|-sidestart|p2: dicerat8|Spikes
|
|-weather|Sandstorm|[upkeep]
|-damage|p2a: Celebi|94/100|[from] Sandstorm
|-damage|p1a: Cloyster|25/100|[from] Sandstorm
|-heal|p2a: Celebi|100/100|[from] item: Leftovers
|-heal|p1a: Cloyster|31/100|[from] item: Leftovers
|upkeep
|turn|3
|
|t:|1731416978
|switch|p1a: Metagross|Metagross, shiny|100/100
|move|p2a: Celebi|Giga Drain|p1a: Metagross
|-resisted|p1a: Metagross
|-damage|p1a: Metagross|84/100
|
|-weather|Sandstorm|[upkeep]
|-damage|p2a: Celebi|94/100|[from] Sandstorm
|-heal|p2a: Celebi|100/100|[from] item: Leftovers
|upkeep
|turn|4
|
|t:|1731416994
|move|p2a: Celebi|Hidden Power|p1a: Metagross
|-supereffective|p1a: Metagross
|-damage|p1a: Metagross|35/100
|move|p1a: Metagross|Meteor Mash|p2a: Celebi
|-damage|p2a: Celebi|51/100
|-boost|p1a: Metagross|atk|1
|
|-weather|Sandstorm|[upkeep]
|-damage|p2a: Celebi|45/100|[from] Sandstorm
|-heal|p2a: Celebi|51/100|[from] item: Leftovers
|upkeep
|turn|5
|
|t:|1731417000
|move|p1a: Metagross|Endure|p1a: Metagross
|-singleturn|p1a: Metagross|move: Endure
|move|p2a: Celebi|Hidden Power|p1a: Metagross
|-supereffective|p1a: Metagross
|-activate|p1a: Metagross|move: Endure
|-damage|p1a: Metagross|1/100
|
|-weather|Sandstorm|[upkeep]
|-damage|p2a: Celebi|45/100|[from] Sandstorm
|-heal|p2a: Celebi|51/100|[from] item: Leftovers
|-enditem|p1a: Metagross|Salac Berry|[eat]
|-boost|p1a: Metagross|spe|1|[from] item: Salac Berry
|upkeep
|turn|6
|
|t:|1731417005
|switch|p2a: Skarmory|Skarmory, M|100/100
|move|p1a: Metagross|Meteor Mash|p2a: Skarmory
|-resisted|p2a: Skarmory
|-damage|p2a: Skarmory|72/100
|
|-weather|Sandstorm|[upkeep]
|-heal|p2a: Skarmory|78/100|[from] item: Leftovers
|upkeep
|turn|7
|
|t:|1731417014
|move|p2a: Skarmory|Protect|p2a: Skarmory
|-singleturn|p2a: Skarmory|Protect
|move|p1a: Metagross|Explosion|p2a: Skarmory
|-activate|p2a: Skarmory|Protect
|faint|p1a: Metagross
|
|t:|1731417024
|switch|p1a: Breloom|Breloom, M, shiny|100/100
|
|-weather|Sandstorm|[upkeep]
|-damage|p1a: Breloom|94/100|[from] Sandstorm
|-heal|p1a: Breloom|100/100|[from] item: Leftovers
|-heal|p2a: Skarmory|84/100|[from] item: Leftovers
|upkeep
|turn|8
|
|t:|1731417030
|switch|p2a: Celebi|Celebi|51/100
|-damage|p2a: Celebi|38/100|[from] Spikes
|move|p1a: Breloom|Spore|p2a: Celebi
|-status|p2a: Celebi|slp|[from] move: Spore
|
|-weather|Sandstorm|[upkeep]
|-damage|p2a: Celebi|32/100 slp|[from] Sandstorm
|-damage|p1a: Breloom|94/100|[from] Sandstorm
|-heal|p2a: Celebi|38/100 slp|[from] item: Leftovers
|-heal|p1a: Breloom|100/100|[from] item: Leftovers
|upkeep
|turn|9
|
|t:|1731417033
|-singleturn|p1a: Breloom|move: Focus Punch
|-curestatus|p2a: Celebi|slp|[from] ability: Natural Cure
|switch|p2a: 56 Miles|Gengar, M|100/100
|move|p1a: Breloom|Focus Punch|p2a: 56 Miles
|-immune|p2a: 56 Miles
|
|-weather|Sandstorm|[upkeep]
|-damage|p2a: 56 Miles|95/100|[from] Sandstorm
|-damage|p1a: Breloom|94/100|[from] Sandstorm
|-heal|p2a: 56 Miles|100/100|[from] item: Leftovers
|-heal|p1a: Breloom|100/100|[from] item: Leftovers
|upkeep
|turn|10
|
|t:|1731417041
|move|p2a: 56 Miles|Substitute|p2a: 56 Miles
|-start|p2a: 56 Miles|Substitute
|-damage|p2a: 56 Miles|76/100
|move|p1a: Breloom|Stun Spore||[still]
|-fail|p1a: Breloom
|
|-weather|Sandstorm|[upkeep]
|-damage|p2a: 56 Miles|70/100|[from] Sandstorm
|-damage|p1a: Breloom|94/100|[from] Sandstorm
|-heal|p2a: 56 Miles|76/100|[from] item: Leftovers
|-heal|p1a: Breloom|100/100|[from] item: Leftovers
|upkeep
|turn|11
|
|t:|1731417048
|switch|p1a: Jolteon|Jolteon, M, shiny|100/100
|move|p2a: 56 Miles|Will-O-Wisp|p1a: Jolteon
|-status|p1a: Jolteon|brn
|-enditem|p1a: Jolteon|Lum Berry|[eat]
|-curestatus|p1a: Jolteon|brn|[msg]
|
|-weather|Sandstorm|[upkeep]
|-damage|p1a: Jolteon|95/100|[from] Sandstorm
|-damage|p2a: 56 Miles|70/100|[from] Sandstorm
|-heal|p2a: 56 Miles|76/100|[from] item: Leftovers
|upkeep
|turn|12
|
|t:|1731417053
|move|p1a: Jolteon|Thunderbolt|p2a: 56 Miles
|-end|p2a: 56 Miles|Substitute
|move|p2a: 56 Miles|Will-O-Wisp|p1a: Jolteon
|-status|p1a: Jolteon|brn
|
|-weather|Sandstorm|[upkeep]
|-damage|p1a: Jolteon|89/100 brn|[from] Sandstorm
|-damage|p2a: 56 Miles|70/100|[from] Sandstorm
|-damage|p1a: Jolteon|77/100 brn|[from] brn
|-heal|p2a: 56 Miles|76/100|[from] item: Leftovers
|upkeep
|turn|13
|
|t:|1731417062
|switch|p2a: Tyranitar|Tyranitar, F|100/100
|-damage|p2a: Tyranitar|88/100|[from] Spikes
|move|p1a: Jolteon|Thunderbolt|p2a: Tyranitar
|-damage|p2a: Tyranitar|48/100
|
|-weather|Sandstorm|[upkeep]
|-damage|p1a: Jolteon|71/100 brn|[from] Sandstorm
|-damage|p1a: Jolteon|58/100 brn|[from] brn
|upkeep
|turn|14
|
|t:|1731417066
|move|p1a: Jolteon|Baton Pass|p1a: Jolteon
|
|t:|1731417067
|switch|p1a: Breloom|Breloom, M, shiny|100/100|[from] Baton Pass
|move|p2a: Tyranitar|Flamethrower|p1a: Breloom
|-supereffective|p1a: Breloom
|-damage|p1a: Breloom|20/100
|
|-weather|Sandstorm|[upkeep]
|-damage|p1a: Breloom|13/100|[from] Sandstorm
|-heal|p1a: Breloom|20/100|[from] item: Leftovers
|upkeep
|turn|15
|
|t:|1731417077
|move|p1a: Breloom|Spore|p2a: Tyranitar
|-status|p2a: Tyranitar|slp|[from] move: Spore
|-enditem|p2a: Tyranitar|Lum Berry|[eat]
|-curestatus|p2a: Tyranitar|slp|[msg]
|move|p2a: Tyranitar|Flamethrower|p1a: Breloom
|-supereffective|p1a: Breloom
|-damage|p1a: Breloom|0 fnt
|faint|p1a: Breloom
|
|t:|1731417082
|switch|p1a: Tyranitar|Tyranitar, M, shiny|100/100
|
|-weather|Sandstorm|[upkeep]
|upkeep
|turn|16
|
|t:|1731417088
|move|p1a: Tyranitar|Earthquake|p2a: Tyranitar
|-supereffective|p2a: Tyranitar
|-damage|p2a: Tyranitar|0 fnt
|faint|p2a: Tyranitar
|
|t:|1731417094
|switch|p2a: Skarmory|Skarmory, M|84/100
|
|-weather|Sandstorm|[upkeep]
|-heal|p2a: Skarmory|90/100|[from] item: Leftovers
|upkeep
|turn|17
|
|t:|1731417100
|move|p1a: Tyranitar|Dragon Dance|p1a: Tyranitar
|-boost|p1a: Tyranitar|atk|1
|-boost|p1a: Tyranitar|spe|1
|move|p2a: Skarmory|Spikes|p1a: Tyranitar
|-sidestart|p1: triangles|Spikes
|
|-weather|Sandstorm|[upkeep]
|-heal|p2a: Skarmory|96/100|[from] item: Leftovers
|upkeep
|turn|18
|
|t:|1731417102
|move|p1a: Tyranitar|Rock Slide|p2a: Skarmory
|-damage|p2a: Skarmory|43/100
|move|p2a: Skarmory|Roar|p1a: Tyranitar
|drag|p1a: Jolteon|Jolteon, M, shiny|58/100 brn
|-damage|p1a: Jolteon|46/100 brn|[from] Spikes
|
|-weather|Sandstorm|[upkeep]
|-damage|p1a: Jolteon|40/100 brn|[from] Sandstorm
|-damage|p1a: Jolteon|28/100 brn|[from] brn
|-heal|p2a: Skarmory|49/100|[from] item: Leftovers
|upkeep
|turn|19
|
|t:|1731417105
|move|p2a: Skarmory|Protect|p2a: Skarmory
|-singleturn|p2a: Skarmory|Protect
|move|p1a: Jolteon|Thunderbolt|p2a: Skarmory
|-activate|p2a: Skarmory|Protect
|
|-weather|Sandstorm|[upkeep]
|-damage|p1a: Jolteon|22/100 brn|[from] Sandstorm
|-damage|p1a: Jolteon|10/100 brn|[from] brn
|-heal|p2a: Skarmory|55/100|[from] item: Leftovers
|upkeep
|turn|20
|
|t:|1731417123
|switch|p2a: 56 Miles|Gengar, M|76/100
|move|p1a: Jolteon|Hidden Power|p2a: 56 Miles
|-resisted|p2a: 56 Miles
|-damage|p2a: 56 Miles|59/100
|
|-weather|Sandstorm|[upkeep]
|-damage|p1a: Jolteon|4/100 brn|[from] Sandstorm
|-damage|p2a: 56 Miles|53/100|[from] Sandstorm
|-damage|p1a: Jolteon|0 fnt|[from] brn
|faint|p1a: Jolteon
|-heal|p2a: 56 Miles|59/100|[from] item: Leftovers
|upkeep
|
|t:|1731417132
|switch|p1a: Tyranitar|Tyranitar, M, shiny|100/100
|-damage|p1a: Tyranitar|88/100|[from] Spikes
|turn|21
|
|t:|1731417134
|-singleturn|p2a: 56 Miles|move: Focus Punch
|move|p1a: Tyranitar|Dragon Dance|p1a: Tyranitar
|-boost|p1a: Tyranitar|atk|1
|-boost|p1a: Tyranitar|spe|1
|move|p2a: 56 Miles|Focus Punch|p1a: Tyranitar
|-supereffective|p1a: Tyranitar
|-damage|p1a: Tyranitar|0 fnt
|faint|p1a: Tyranitar
|
|t:|1731417139
|switch|p1a: Gengar|Gengar, M, shiny|100/100
|
|-weather|Sandstorm|[upkeep]
|-damage|p1a: Gengar|94/100|[from] Sandstorm
|-damage|p2a: 56 Miles|53/100|[from] Sandstorm
|-heal|p1a: Gengar|100/100|[from] item: Leftovers
|-heal|p2a: 56 Miles|59/100|[from] item: Leftovers
|upkeep
|turn|22
|
|t:|1731417141
|move|p1a: Gengar|Ice Punch|p2a: 56 Miles
|-damage|p2a: 56 Miles|29/100
|move|p2a: 56 Miles|Shadow Ball|p1a: Gengar
|-supereffective|p1a: Gengar
|-damage|p1a: Gengar|23/100
|
|-weather|Sandstorm|[upkeep]
|-damage|p1a: Gengar|17/100|[from] Sandstorm
|-damage|p2a: 56 Miles|24/100|[from] Sandstorm
|-heal|p1a: Gengar|23/100|[from] item: Leftovers
|-heal|p2a: 56 Miles|29/100|[from] item: Leftovers
|upkeep
|turn|23
|
|t:|1731417146
|move|p1a: Gengar|Ice Punch|p2a: 56 Miles
|-damage|p2a: 56 Miles|0 fnt
|faint|p2a: 56 Miles
|
|t:|1731417151
|switch|p2a: Aerodactyl|Aerodactyl, M|100/100
|
|-weather|Sandstorm|[upkeep]
|-damage|p1a: Gengar|17/100|[from] Sandstorm
|-heal|p1a: Gengar|23/100|[from] item: Leftovers
|upkeep
|turn|24
|
|t:|1731417154
|move|p2a: Aerodactyl|Rock Slide|p1a: Gengar
|-damage|p1a: Gengar|0 fnt
|faint|p1a: Gengar
|
|t:|1731417155
|switch|p1a: Cloyster|Cloyster, M, shiny|31/100
|-damage|p1a: Cloyster|19/100|[from] Spikes
|
|-weather|Sandstorm|[upkeep]
|-damage|p1a: Cloyster|13/100|[from] Sandstorm
|-heal|p1a: Cloyster|19/100|[from] item: Leftovers
|upkeep
|turn|25
|
|t:|1731417157
|move|p2a: Aerodactyl|Rock Slide|p1a: Cloyster
|-supereffective|p1a: Cloyster
|-damage|p1a: Cloyster|0 fnt
|faint|p1a: Cloyster
|
|win|dicerat8

</script>
<script type="application/json" class="data" id="replaydata-smogtours-gen3ou-806087">
{"id":"smogtours-gen3ou-806087","format":"[Gen 3] OU","players":["triangles","dicerat8"],"uploadtime":1731417157,"views":32,"formatid":"gen3ou","rating":null,"private":0,"password":null}
</script>

<script defer src="js/replays.js?9d40a366"></script>
