<!DOCTYPE html>
<meta charset="utf-8" />
<meta name="viewport" content="width=device-width" />

<title>[Gen 3] OU: goldmason vs. GreenCity - Replays - Pok&eacute;mon Showdown!</title>

<meta name="description" content="Watch a replay of a Pok&eacute;mon battle between goldmason and GreenCity! Format: [Gen 3] OU; Date: Oct 15, 2024" />
<!--

Hey, you! Looking in the source for the replay log?

You can find them in JSON format, just add `.json` at the end of a replay URL.

https://replay.pokemonshowdown.com/gen7randomdoublesbattle-865046831.json

Or, if you only need the log itself, add `.log` instead:

https://replay.pokemonshowdown.com/gen7randomdoublesbattle-865046831.log

-->

<link rel="stylesheet" href="//pokemonshowdown.com/style/global.css?0.023195364461161105" />
<link rel="stylesheet" href="//play.pokemonshowdown.com/style/font-awesome.css?0.13261647063804238" />
<link rel="stylesheet" href="//play.pokemonshowdown.com/style/battle.css?0.8753245789963631" />
<link rel="stylesheet" href="//play.pokemonshowdown.com/style/utilichart.css?0.8627959624976733" />

<!-- Global site tag (gtag.js) - Google Analytics -->
<script async src="https://www.googletagmanager.com/gtag/js?id=UA-26211653-1"></script>
<script>
  window.dataLayer = window.dataLayer || [];
  function gtag(){dataLayer.push(arguments);}
  gtag('js', new Date());

  gtag('config', 'UA-26211653-1');
</script>
<!-- End Google Analytics -->
<!-- Venatus Ad Manager - Install in <HEAD> of page -->
	<script src="https://hb.vntsm.com/v3/live/ad-manager.min.js" type="text/javascript" data-site-id="642aba63ec9a7b11c3c9c1be" data-mode="scan" async></script>
<!-- / Venatus Ad Manager -->

<style>
	@media (max-width:820px) {
		.battle {
			margin: 0 auto;
		}
		.battle-log {
			margin: 7px auto 0;
			max-width: 640px;
			height: 300px;
			position: static;
		}
	}
	.optgroup {
		display: inline-block;
		line-height: 22px;
		font-size: 10pt;
	}
	.optgroup .button {
		height: 25px;
		padding-top: 0;
		padding-bottom: 0;
	}
	.optgroup button.button {
		padding-left: 12px;
		padding-right: 12px;
	}
	.linklist {
		list-style: none;
		margin: 0.5em 0;
		padding: 0;
	}
	.linklist li {
		padding: 2px 0;
	}
	.sidebar {
		float: left;
		width: 320px;
	}
	.bar-wrapper {
		max-width: 1100px;
		margin: 0 auto;
	}
	.bar-wrapper.has-sidebar {
		max-width: 1430px;
	}
	.mainbar {
		margin: 0;
		padding-right: 1px;
	}
	.mainbar.has-sidebar {
		margin-left: 330px;
	}
	@media (min-width: 1511px) {
		.sidebar {
			width: 400px;
		}
		.bar-wrapper.has-sidebar {
			max-width: 1510px;
		}
		.mainbar.has-sidebar {
			margin-left: 410px;
		}
	}
	.section.first-section {
		margin-top: 9px;
	}
	.blocklink small {
		white-space: normal;
	}
	.button {
		vertical-align: middle;
	}
	.replay-controls {
		padding-top: 10px;
	}
	.replay-controls h1 {
		font-size: 16pt;
		font-weight: normal;
		color: #CCC;
	}
	.pagelink {
		text-align: center;
	}
	.pagelink a {
		width: 150px;
	}
	.textbox, .button {
		font-size: 11pt;
		vertical-align: middle;
	}
	@media (max-width: 450px) {
		.button {
			font-size: 9pt;
		}
	}
</style>

<div>

	<header>
		<div class="nav-wrapper"><ul class="nav">
			<li><a class="button nav-first" href="//pokemonshowdown.com/"><img src="//pokemonshowdown.com/images/pokemonshowdownbeta.png" srcset="//pokemonshowdown.com/images/pokemonshowdownbeta.png 1x, //pokemonshowdown.com/images/pokemonshowdownbeta@2x.png 2x" alt="Pok&eacute;mon Showdown" width="146" height="44" /> Home</a></li>
			<li><a class="button" href="//pokemonshowdown.com/dex/">Pok&eacute;dex</a></li>
			<li><a class="button cur" href="/">Replays</a></li>
			<li><a class="button" href="//pokemonshowdown.com/ladder/">Ladder</a></li>
			<li><a class="button nav-last" href="//pokemonshowdown.com/forums/">Forum</a></li>
			<li><a class="button greenbutton nav-first nav-last" href="//play.pokemonshowdown.com/">Play</a></li>
		</ul></div>
	</header>

	<div class="main" id="main">

		<noscript><section class="section">You need to enable JavaScript to use this page; sorry!</section></noscript>

	</div>

</div>

<script defer nomodule src="//play.pokemonshowdown.com/js/lib/ps-polyfill.js"></script>
<script defer src="//play.pokemonshowdown.com/js/lib/preact.min.js"></script>

<script defer src="//play.pokemonshowdown.com/config/config.js?2bddbc15"></script>
<script defer src="//play.pokemonshowdown.com/js/lib/jquery-1.11.0.min.js"></script>
<script defer src="//play.pokemonshowdown.com/js/lib/html-sanitizer-minified.js"></script>
<script defer src="//play.pokemonshowdown.com/js/battle-sound.js"></script>
<script defer src="//play.pokemonshowdown.com/js/battledata.js?0.7209276989879541"></script>
<script defer src="//play.pokemonshowdown.com/data/pokedex-mini.js?0.6111056340867951"></script>
<script defer src="//play.pokemonshowdown.com/data/pokedex-mini-bw.js?0.3532142036491459"></script>
<script defer src="//play.pokemonshowdown.com/data/graphics.js?0.24223875632456182"></script>
<script defer src="//play.pokemonshowdown.com/data/pokedex.js?0.38839984266356864"></script>
<script defer src="//play.pokemonshowdown.com/data/moves.js?0.21866028504024015"></script>
<script defer src="//play.pokemonshowdown.com/data/abilities.js?0.2005157953846628"></script>
<script defer src="//play.pokemonshowdown.com/data/items.js?0.9894211263848525"></script>
<script defer src="//play.pokemonshowdown.com/data/teambuilder-tables.js?0.6008791140282215"></script>
<script defer src="//play.pokemonshowdown.com/js/battle-tooltips.js?0.7580118955022959"></script>
<script defer src="//play.pokemonshowdown.com/js/battle.js?0.6057722274234274"></script>

<script defer src="js/utils.js?e31f9a17"></script>
<script defer src="js/replays-battle.js?7008c182"></script>

<!-- don't scrape this data! just add .json or .log after the URL!
Full API docs: https://github.com/smogon/pokemon-showdown-client/blob/master/WEB-API.md -->
<script type="text/plain" class="log" id="replaylog-smogtours-gen3ou-798839">
|inactive|Battle timer is ON: inactive players will automatically lose when time's up.
|t:|1728950077
|gametype|singles
|player|p1|goldmason|#advpliv|
|player|p2|GreenCity|pokemonranger-gen4|
|teamsize|p1|6
|teamsize|p2|6
|gen|3
|tier|[Gen 3] OU
|rule|Sleep Clause Mod: Limit one foe put to sleep
|rule|Switch Priority Clause Mod: Faster Pokémon switch first
|rule|Species Clause: Limit one of each Pokémon
|rule|OHKO Clause: OHKO moves are banned
|rule|Evasion Items Clause: Evasion items are banned
|rule|Evasion Moves Clause: Evasion moves are banned
|rule|Endless Battle Clause: Forcing endless battles is banned
|rule|HP Percentage Mod: HP is shown in percentages
|rule|One Boost Passer Clause: Limit one Baton Passer that has a way to boost its stats
|rule|Freeze Clause Mod: Limit one foe frozen
|
|t:|1728950077
|start
|switch|p1a: Metagross|Metagross|100/100
|switch|p2a: Jynx|Jynx, F|100/100
|turn|1
|inactive|GreenCity also wants the timer to be on.
|
|t:|1728950090
|move|p2a: Jynx|Hidden Power|p1a: Metagross
|-supereffective|p1a: Metagross
|-damage|p1a: Metagross|44/100
|move|p1a: Metagross|Meteor Mash|p2a: Jynx
|-supereffective|p2a: Jynx
|-crit|p2a: Jynx
|-damage|p2a: Jynx|0 fnt
|faint|p2a: Jynx
|
|t:|1728950094
|switch|p2a: Dugtrio|Dugtrio, M|100/100
|
|-heal|p1a: Metagross|50/100|[from] item: Leftovers
|upkeep
|turn|2
|
|t:|1728950096
|move|p2a: Dugtrio|Earthquake|p1a: Metagross
|-supereffective|p1a: Metagross
|-damage|p1a: Metagross|0 fnt
|faint|p1a: Metagross
|
|t:|1728950114
|switch|p1a: Salamence|Salamence, M|100/100
|-ability|p1a: Salamence|Intimidate|boost
|-unboost|p2a: Dugtrio|atk|1
|
|upkeep
|turn|3
|
|t:|1728950120
|switch|p2a: Zapdos|Zapdos|100/100
|move|p1a: Salamence|Fire Blast|p2a: Zapdos
|-damage|p2a: Zapdos|56/100
|-status|p2a: Zapdos|brn
|
|-heal|p2a: Zapdos|62/100 brn|[from] item: Leftovers
|-damage|p2a: Zapdos|50/100 brn|[from] brn
|upkeep
|turn|4
|
|t:|1728950128
|switch|p1a: Snorlax|Snorlax, F|100/100
|move|p2a: Zapdos|Baton Pass|p2a: Zapdos
|
|t:|1728950133
|switch|p2a: Tyranitar|Tyranitar, F|100/100|[from] Baton Pass
|-weather|Sandstorm|[from] ability: Sand Stream|[of] p2a: Tyranitar
|
|-weather|Sandstorm|[upkeep]
|-damage|p1a: Snorlax|94/100|[from] Sandstorm
|-heal|p1a: Snorlax|100/100|[from] item: Leftovers
|upkeep
|turn|5
|
|t:|1728950141
|move|p2a: Tyranitar|Rock Slide|p1a: Snorlax
|-crit|p1a: Snorlax
|-damage|p1a: Snorlax|16/100
|move|p1a: Snorlax|Earthquake|p2a: Tyranitar
|-supereffective|p2a: Tyranitar
|-damage|p2a: Tyranitar|35/100
|
|-weather|Sandstorm|[upkeep]
|-damage|p1a: Snorlax|10/100|[from] Sandstorm
|-heal|p2a: Tyranitar|41/100|[from] item: Leftovers
|-heal|p1a: Snorlax|16/100|[from] item: Leftovers
|upkeep
|turn|6
|
|t:|1728950156
|switch|p1a: Claydol|Claydol|100/100
|move|p2a: Tyranitar|Double-Edge|p1a: Claydol
|-damage|p1a: Claydol|57/100
|-damage|p2a: Tyranitar|27/100|[from] Recoil|[of] p1a: Claydol
|
|-weather|Sandstorm|[upkeep]
|-heal|p2a: Tyranitar|33/100|[from] item: Leftovers
|-heal|p1a: Claydol|63/100|[from] item: Leftovers
|upkeep
|turn|7
|
|t:|1728950165
|move|p2a: Tyranitar|Double-Edge|p1a: Claydol
|-damage|p1a: Claydol|18/100
|-damage|p2a: Tyranitar|19/100|[from] Recoil|[of] p1a: Claydol
|move|p1a: Claydol|Earthquake|p2a: Tyranitar
|-supereffective|p2a: Tyranitar
|-damage|p2a: Tyranitar|0 fnt
|faint|p2a: Tyranitar
|
|t:|1728950189
|switch|p2a: Starmie|Starmie|100/100
|
|-weather|Sandstorm|[upkeep]
|-damage|p2a: Starmie|94/100|[from] Sandstorm
|-heal|p2a: Starmie|100/100|[from] item: Leftovers
|-heal|p1a: Claydol|24/100|[from] item: Leftovers
|upkeep
|turn|8
|
|t:|1728950193
|switch|p1a: Suicune|Suicune|100/100
|move|p2a: Starmie|Surf|p1a: Suicune
|-resisted|p1a: Suicune
|-damage|p1a: Suicune|85/100
|
|-weather|Sandstorm|[upkeep]
|-damage|p2a: Starmie|94/100|[from] Sandstorm
|-damage|p1a: Suicune|79/100|[from] Sandstorm
|-heal|p2a: Starmie|100/100|[from] item: Leftovers
|-heal|p1a: Suicune|85/100|[from] item: Leftovers
|upkeep
|turn|9
|
|t:|1728950198
|move|p2a: Starmie|Thunderbolt|p1a: Suicune
|-supereffective|p1a: Suicune
|-damage|p1a: Suicune|40/100
|move|p1a: Suicune|Calm Mind|p1a: Suicune
|-boost|p1a: Suicune|spa|1
|-boost|p1a: Suicune|spd|1
|
|-weather|Sandstorm|[upkeep]
|-damage|p2a: Starmie|94/100|[from] Sandstorm
|-damage|p1a: Suicune|33/100|[from] Sandstorm
|-heal|p2a: Starmie|100/100|[from] item: Leftovers
|-heal|p1a: Suicune|40/100|[from] item: Leftovers
|upkeep
|turn|10
|inactive|GreenCity has 270 seconds left.
|
|t:|1728950240
|move|p2a: Starmie|Thunderbolt|p1a: Suicune
|-supereffective|p1a: Suicune
|-damage|p1a: Suicune|10/100
|-status|p1a: Suicune|par
|move|p1a: Suicune|Rest|p1a: Suicune
|-status|p1a: Suicune|slp|[from] move: Rest
|-heal|p1a: Suicune|100/100 slp|[silent]
|
|-weather|Sandstorm|[upkeep]
|-damage|p2a: Starmie|94/100|[from] Sandstorm
|-damage|p1a: Suicune|94/100 slp|[from] Sandstorm
|-heal|p2a: Starmie|100/100|[from] item: Leftovers
|-heal|p1a: Suicune|100/100 slp|[from] item: Leftovers
|upkeep
|turn|11
|
|t:|1728950249
|switch|p2a: Zapdos|Zapdos|50/100 brn
|cant|p1a: Suicune|slp
|
|-weather|Sandstorm|[upkeep]
|-damage|p2a: Zapdos|44/100 brn|[from] Sandstorm
|-damage|p1a: Suicune|94/100 slp|[from] Sandstorm
|-heal|p2a: Zapdos|50/100 brn|[from] item: Leftovers
|-damage|p2a: Zapdos|38/100 brn|[from] brn
|-heal|p1a: Suicune|100/100 slp|[from] item: Leftovers
|upkeep
|turn|12
|
|t:|1728950253
|switch|p1a: Claydol|Claydol|24/100
|move|p2a: Zapdos|Thunderbolt|p1a: Claydol
|-immune|p1a: Claydol
|
|-weather|Sandstorm|[upkeep]
|-damage|p2a: Zapdos|31/100 brn|[from] Sandstorm
|-heal|p2a: Zapdos|38/100 brn|[from] item: Leftovers
|-damage|p2a: Zapdos|25/100 brn|[from] brn
|-heal|p1a: Claydol|30/100|[from] item: Leftovers
|upkeep
|turn|13
|inactive|GreenCity has 270 seconds left.
|
|t:|1728950302
|switch|p1a: Snorlax|Snorlax, F|16/100
|move|p2a: Zapdos|Hidden Power|p1a: Snorlax
|-damage|p1a: Snorlax|1/100
|
|-weather|Sandstorm|[upkeep]
|-damage|p2a: Zapdos|19/100 brn|[from] Sandstorm
|-damage|p1a: Snorlax|0 fnt|[from] Sandstorm
|faint|p1a: Snorlax
|-heal|p2a: Zapdos|25/100 brn|[from] item: Leftovers
|-damage|p2a: Zapdos|13/100 brn|[from] brn
|upkeep
|inactive|goldmason has 270 seconds left.
|inactive|goldmason has 240 seconds left.
|
|t:|1728950354
|switch|p1a: Salamence|Salamence, M|100/100
|-ability|p1a: Salamence|Intimidate|boost
|-unboost|p2a: Zapdos|atk|1
|turn|14
|inactive|GreenCity has 240 seconds left.
|
|t:|1728950380
|switch|p1a: Claydol|Claydol|30/100
|move|p2a: Zapdos|Thunderbolt|p1a: Claydol
|-immune|p1a: Claydol
|
|-weather|Sandstorm|[upkeep]
|-damage|p2a: Zapdos|6/100 brn|[from] Sandstorm
|-heal|p2a: Zapdos|13/100 brn|[from] item: Leftovers
|-damage|p2a: Zapdos|0 fnt|[from] brn
|faint|p2a: Zapdos
|-heal|p1a: Claydol|37/100|[from] item: Leftovers
|upkeep
|
|t:|1728950383
|switch|p2a: Starmie|Starmie|100/100
|turn|15
|
|t:|1728950389
|move|p2a: Starmie|Surf|p1a: Claydol
|-supereffective|p1a: Claydol
|-damage|p1a: Claydol|0 fnt
|faint|p1a: Claydol
|
|t:|1728950394
|switch|p1a: Jirachi|Jirachi|100/100
|
|-weather|Sandstorm|[upkeep]
|-damage|p2a: Starmie|94/100|[from] Sandstorm
|-heal|p2a: Starmie|100/100|[from] item: Leftovers
|upkeep
|turn|16
|inactive|GreenCity has 240 seconds left.
|
|t:|1728950435
|switch|p2a: Dugtrio|Dugtrio, M|100/100
|switch|p1a: Suicune|Suicune|100/100 slp
|
|-weather|Sandstorm|[upkeep]
|-damage|p1a: Suicune|94/100 slp|[from] Sandstorm
|-heal|p1a: Suicune|100/100 slp|[from] item: Leftovers
|upkeep
|turn|17
|
|t:|1728950449
|move|p2a: Dugtrio|Earthquake|p1a: Suicune
|-damage|p1a: Suicune|54/100 slp
|cant|p1a: Suicune|slp
|
|-weather|Sandstorm|[upkeep]
|-damage|p1a: Suicune|48/100 slp|[from] Sandstorm
|-heal|p1a: Suicune|54/100 slp|[from] item: Leftovers
|upkeep
|turn|18
|
|t:|1728950455
|switch|p2a: Starmie|Starmie|100/100
|-curestatus|p1a: Suicune|slp|[msg]
|move|p1a: Suicune|Surf|p2a: Starmie
|-resisted|p2a: Starmie
|-damage|p2a: Starmie|69/100
|
|-weather|Sandstorm|[upkeep]
|-damage|p2a: Starmie|63/100|[from] Sandstorm
|-damage|p1a: Suicune|48/100|[from] Sandstorm
|-heal|p2a: Starmie|69/100|[from] item: Leftovers
|-heal|p1a: Suicune|54/100|[from] item: Leftovers
|upkeep
|turn|19
|inactive|goldmason has 270 seconds left.
|
|t:|1728950461
|switch|p1a: Jirachi|Jirachi|100/100
|move|p2a: Starmie|Thunderbolt|p1a: Jirachi
|-damage|p1a: Jirachi|72/100
|
|-weather|Sandstorm|[upkeep]
|-damage|p2a: Starmie|63/100|[from] Sandstorm
|-heal|p2a: Starmie|69/100|[from] item: Leftovers
|-heal|p1a: Jirachi|78/100|[from] item: Leftovers
|upkeep
|turn|20
|
|t:|1728950476
|switch|p2a: Dugtrio|Dugtrio, M|100/100
|move|p1a: Jirachi|Hidden Power|p2a: Dugtrio
|-supereffective|p2a: Dugtrio
|-damage|p2a: Dugtrio|24/100
|
|-weather|Sandstorm|[upkeep]
|-heal|p1a: Jirachi|84/100|[from] item: Leftovers
|upkeep
|turn|21
|
|t:|1728950484
|move|p2a: Dugtrio|Earthquake|p1a: Jirachi
|-supereffective|p1a: Jirachi
|-crit|p1a: Jirachi
|-damage|p1a: Jirachi|0 fnt
|faint|p1a: Jirachi
|
|t:|1728950486
|switch|p1a: Salamence|Salamence, M|100/100
|-ability|p1a: Salamence|Intimidate|boost
|-unboost|p2a: Dugtrio|atk|1
|
|-weather|Sandstorm|[upkeep]
|-damage|p1a: Salamence|94/100|[from] Sandstorm
|-heal|p1a: Salamence|100/100|[from] item: Leftovers
|upkeep
|turn|22
|
|t:|1728950507
|move|p2a: Dugtrio|Earthquake|p1a: Salamence
|-immune|p1a: Salamence
|move|p1a: Salamence|Hidden Power|p2a: Dugtrio
|-supereffective|p2a: Dugtrio
|-damage|p2a: Dugtrio|0 fnt
|faint|p2a: Dugtrio
|
|t:|1728950508
|switch|p2a: Starmie|Starmie|69/100
|
|-weather|Sandstorm|[upkeep]
|-damage|p2a: Starmie|63/100|[from] Sandstorm
|-damage|p1a: Salamence|94/100|[from] Sandstorm
|-heal|p2a: Starmie|69/100|[from] item: Leftovers
|-heal|p1a: Salamence|100/100|[from] item: Leftovers
|upkeep
|turn|23
|
|t:|1728950516
|move|p2a: Starmie|Ice Beam|p1a: Salamence
|-supereffective|p1a: Salamence
|-damage|p1a: Salamence|0 fnt
|faint|p1a: Salamence
|
|t:|1728950518
|switch|p1a: Suicune|Suicune|54/100
|
|-weather|Sandstorm|[upkeep]
|-damage|p2a: Starmie|63/100|[from] Sandstorm
|-damage|p1a: Suicune|48/100|[from] Sandstorm
|-heal|p2a: Starmie|69/100|[from] item: Leftovers
|-heal|p1a: Suicune|54/100|[from] item: Leftovers
|upkeep
|turn|24
|
|t:|1728950522
|move|p2a: Starmie|Thunderbolt|p1a: Suicune
|-supereffective|p1a: Suicune
|-damage|p1a: Suicune|11/100
|move|p1a: Suicune|Ice Beam|p2a: Starmie
|-resisted|p2a: Starmie
|-damage|p2a: Starmie|49/100
|
|-weather|Sandstorm|[upkeep]
|-damage|p2a: Starmie|43/100|[from] Sandstorm
|-damage|p1a: Suicune|5/100|[from] Sandstorm
|-heal|p2a: Starmie|49/100|[from] item: Leftovers
|-heal|p1a: Suicune|11/100|[from] item: Leftovers
|upkeep
|turn|25
|
|t:|1728950524
|move|p2a: Starmie|Thunderbolt|p1a: Suicune
|-supereffective|p1a: Suicune
|-damage|p1a: Suicune|0 fnt
|faint|p1a: Suicune
|
|win|GreenCity
|c|☆goldmason|gg
|c|☆GreenCity|gg

</script>
<script type="application/json" class="data" id="replaydata-smogtours-gen3ou-798839">
{"id":"smogtours-gen3ou-798839","format":"[Gen 3] OU","players":["goldmason","GreenCity"],"uploadtime":1728950524,"views":127,"formatid":"gen3ou","rating":null,"private":0,"password":null}
</script>

<script defer src="js/replays.js?9d40a366"></script>
