<!DOCTYPE html>
<meta charset="utf-8" />
<meta name="viewport" content="width=device-width" />

<title>[Gen 3] OU: ADV Fella vs. Jnho - Replays - Pok&eacute;mon Showdown!</title>

<meta name="description" content="Watch a replay of a Pok&eacute;mon battle between ADV Fella and Jnho! Format: [Gen 3] OU; Date: Nov 4, 2024" />
<!--

Hey, you! Looking in the source for the replay log?

You can find them in JSON format, just add `.json` at the end of a replay URL.

https://replay.pokemonshowdown.com/gen7randomdoublesbattle-865046831.json

Or, if you only need the log itself, add `.log` instead:

https://replay.pokemonshowdown.com/gen7randomdoublesbattle-865046831.log

-->

<link rel="stylesheet" href="//pokemonshowdown.com/style/global.css?0.023195364461161105" />
<link rel="stylesheet" href="//play.pokemonshowdown.com/style/font-awesome.css?0.13261647063804238" />
<link rel="stylesheet" href="//play.pokemonshowdown.com/style/battle.css?0.8753245789963631" />
<link rel="stylesheet" href="//play.pokemonshowdown.com/style/utilichart.css?0.8627959624976733" />

<!-- Global site tag (gtag.js) - Google Analytics -->
<script async src="https://www.googletagmanager.com/gtag/js?id=UA-26211653-1"></script>
<script>
  window.dataLayer = window.dataLayer || [];
  function gtag(){dataLayer.push(arguments);}
  gtag('js', new Date());

  gtag('config', 'UA-26211653-1');
</script>
<!-- End Google Analytics -->
<!-- Venatus Ad Manager - Install in <HEAD> of page -->
	<script src="https://hb.vntsm.com/v3/live/ad-manager.min.js" type="text/javascript" data-site-id="642aba63ec9a7b11c3c9c1be" data-mode="scan" async></script>
<!-- / Venatus Ad Manager -->

<style>
	@media (max-width:820px) {
		.battle {
			margin: 0 auto;
		}
		.battle-log {
			margin: 7px auto 0;
			max-width: 640px;
			height: 300px;
			position: static;
		}
	}
	.optgroup {
		display: inline-block;
		line-height: 22px;
		font-size: 10pt;
	}
	.optgroup .button {
		height: 25px;
		padding-top: 0;
		padding-bottom: 0;
	}
	.optgroup button.button {
		padding-left: 12px;
		padding-right: 12px;
	}
	.linklist {
		list-style: none;
		margin: 0.5em 0;
		padding: 0;
	}
	.linklist li {
		padding: 2px 0;
	}
	.sidebar {
		float: left;
		width: 320px;
	}
	.bar-wrapper {
		max-width: 1100px;
		margin: 0 auto;
	}
	.bar-wrapper.has-sidebar {
		max-width: 1430px;
	}
	.mainbar {
		margin: 0;
		padding-right: 1px;
	}
	.mainbar.has-sidebar {
		margin-left: 330px;
	}
	@media (min-width: 1511px) {
		.sidebar {
			width: 400px;
		}
		.bar-wrapper.has-sidebar {
			max-width: 1510px;
		}
		.mainbar.has-sidebar {
			margin-left: 410px;
		}
	}
	.section.first-section {
		margin-top: 9px;
	}
	.blocklink small {
		white-space: normal;
	}
	.button {
		vertical-align: middle;
	}
	.replay-controls {
		padding-top: 10px;
	}
	.replay-controls h1 {
		font-size: 16pt;
		font-weight: normal;
		color: #CCC;
	}
	.pagelink {
		text-align: center;
	}
	.pagelink a {
		width: 150px;
	}
	.textbox, .button {
		font-size: 11pt;
		vertical-align: middle;
	}
	@media (max-width: 450px) {
		.button {
			font-size: 9pt;
		}
	}
</style>

<div>

	<header>
		<div class="nav-wrapper"><ul class="nav">
			<li><a class="button nav-first" href="//pokemonshowdown.com/"><img src="//pokemonshowdown.com/images/pokemonshowdownbeta.png" srcset="//pokemonshowdown.com/images/pokemonshowdownbeta.png 1x, //pokemonshowdown.com/images/pokemonshowdownbeta@2x.png 2x" alt="Pok&eacute;mon Showdown" width="146" height="44" /> Home</a></li>
			<li><a class="button" href="//pokemonshowdown.com/dex/">Pok&eacute;dex</a></li>
			<li><a class="button cur" href="/">Replays</a></li>
			<li><a class="button" href="//pokemonshowdown.com/ladder/">Ladder</a></li>
			<li><a class="button nav-last" href="//pokemonshowdown.com/forums/">Forum</a></li>
			<li><a class="button greenbutton nav-first nav-last" href="//play.pokemonshowdown.com/">Play</a></li>
		</ul></div>
	</header>

	<div class="main" id="main">

		<noscript><section class="section">You need to enable JavaScript to use this page; sorry!</section></noscript>

	</div>

</div>

<script defer nomodule src="//play.pokemonshowdown.com/js/lib/ps-polyfill.js"></script>
<script defer src="//play.pokemonshowdown.com/js/lib/preact.min.js"></script>

<script defer src="//play.pokemonshowdown.com/config/config.js?2bddbc15"></script>
<script defer src="//play.pokemonshowdown.com/js/lib/jquery-1.11.0.min.js"></script>
<script defer src="//play.pokemonshowdown.com/js/lib/html-sanitizer-minified.js"></script>
<script defer src="//play.pokemonshowdown.com/js/battle-sound.js"></script>
<script defer src="//play.pokemonshowdown.com/js/battledata.js?0.7209276989879541"></script>
<script defer src="//play.pokemonshowdown.com/data/pokedex-mini.js?0.6111056340867951"></script>
<script defer src="//play.pokemonshowdown.com/data/pokedex-mini-bw.js?0.3532142036491459"></script>
<script defer src="//play.pokemonshowdown.com/data/graphics.js?0.24223875632456182"></script>
<script defer src="//play.pokemonshowdown.com/data/pokedex.js?0.38839984266356864"></script>
<script defer src="//play.pokemonshowdown.com/data/moves.js?0.21866028504024015"></script>
<script defer src="//play.pokemonshowdown.com/data/abilities.js?0.2005157953846628"></script>
<script defer src="//play.pokemonshowdown.com/data/items.js?0.9894211263848525"></script>
<script defer src="//play.pokemonshowdown.com/data/teambuilder-tables.js?0.6008791140282215"></script>
<script defer src="//play.pokemonshowdown.com/js/battle-tooltips.js?0.7580118955022959"></script>
<script defer src="//play.pokemonshowdown.com/js/battle.js?0.6057722274234274"></script>

<script defer src="js/utils.js?e31f9a17"></script>
<script defer src="js/replays-battle.js?7008c182"></script>

<!-- don't scrape this data! just add .json or .log after the URL!
Full API docs: https://github.com/smogon/pokemon-showdown-client/blob/master/WEB-API.md -->
<script type="text/plain" class="log" id="replaylog-smogtours-gen3ou-804783">
|inactive|Battle timer is ON: inactive players will automatically lose when time's up.
|t:|1730750458
|gametype|singles
|player|p1|ADV Fella|blackbelt-gen4dp|
|player|p2|Jnho|caitlin|
|teamsize|p1|6
|teamsize|p2|6
|gen|3
|tier|[Gen 3] OU
|rule|Sleep Clause Mod: Limit one foe put to sleep
|rule|Switch Priority Clause Mod: Faster Pokémon switch first
|rule|Species Clause: Limit one of each Pokémon
|rule|OHKO Clause: OHKO moves are banned
|rule|Evasion Items Clause: Evasion items are banned
|rule|Evasion Moves Clause: Evasion moves are banned
|rule|Endless Battle Clause: Forcing endless battles is banned
|rule|HP Percentage Mod: HP is shown in percentages
|rule|One Boost Passer Clause: Limit one Baton Passer that has a way to boost its stats
|rule|Freeze Clause Mod: Limit one foe frozen
|
|t:|1730750458
|start
|switch|p1a: Hitmontop|Hitmontop, M, shiny|100/100
|switch|p2a: Tyranitar|Tyranitar, F|100/100
|-weather|Sandstorm|[from] ability: Sand Stream|[of] p2a: Tyranitar
|-ability|p1a: Hitmontop|Intimidate|boost
|-unboost|p2a: Tyranitar|atk|1
|turn|1
|
|t:|1730750485
|switch|p2a: Gengar|Gengar, F|100/100
|move|p1a: Hitmontop|Toxic|p2a: Gengar
|-immune|p2a: Gengar
|
|-weather|Sandstorm|[upkeep]
|-damage|p2a: Gengar|94/100|[from] Sandstorm
|-damage|p1a: Hitmontop|94/100|[from] Sandstorm
|-heal|p2a: Gengar|100/100|[from] item: Leftovers
|-heal|p1a: Hitmontop|100/100|[from] item: Leftovers
|upkeep
|turn|2
|
|t:|1730750490
|switch|p1a: Umbreon|Umbreon, F, shiny|100/100
|move|p2a: Gengar|Will-O-Wisp|p1a: Umbreon
|-status|p1a: Umbreon|brn
|-status|p2a: Gengar|brn|[from] ability: Synchronize|[of] p1a: Umbreon
|
|-weather|Sandstorm|[upkeep]
|-damage|p2a: Gengar|94/100 brn|[from] Sandstorm
|-damage|p1a: Umbreon|94/100 brn|[from] Sandstorm
|-heal|p2a: Gengar|100/100 brn|[from] item: Leftovers
|-damage|p2a: Gengar|88/100 brn|[from] brn
|-heal|p1a: Umbreon|100/100 brn|[from] item: Leftovers
|-damage|p1a: Umbreon|88/100 brn|[from] brn
|upkeep
|turn|3
|inactive|Jnho has 270 seconds left.
|
|t:|1730750530
|-activate|p2a: Gengar|move: Pursuit
|move|p1a: Umbreon|Pursuit|p2a: Gengar|[from]Pursuit
|-supereffective|p2a: Gengar
|-damage|p2a: Gengar|31/100 brn
|switch|p2a: Skarmory|Skarmory, M|100/100
|
|-weather|Sandstorm|[upkeep]
|-damage|p1a: Umbreon|82/100 brn|[from] Sandstorm
|-heal|p1a: Umbreon|88/100 brn|[from] item: Leftovers
|-damage|p1a: Umbreon|76/100 brn|[from] brn
|upkeep
|turn|4
|
|t:|1730750536
|switch|p1a: Magneton|Magneton|100/100
|move|p2a: Skarmory|Spikes|p1a: Magneton
|-sidestart|p1: ADV Fella|Spikes
|
|-weather|Sandstorm|[upkeep]
|upkeep
|turn|5
|
|t:|1730750546
|move|p2a: Skarmory|Spikes|p1a: Magneton
|-sidestart|p1: ADV Fella|Spikes
|move|p1a: Magneton|Thunderbolt|p2a: Skarmory
|-supereffective|p2a: Skarmory
|-damage|p2a: Skarmory|10/100
|
|-weather|Sandstorm|[upkeep]
|-heal|p2a: Skarmory|16/100|[from] item: Leftovers
|upkeep
|turn|6
|
|t:|1730750551
|move|p2a: Skarmory|Spikes|p1a: Magneton
|-sidestart|p1: ADV Fella|Spikes
|move|p1a: Magneton|Thunderbolt|p2a: Skarmory
|-supereffective|p2a: Skarmory
|-damage|p2a: Skarmory|0 fnt
|faint|p2a: Skarmory
|
|t:|1730750563
|switch|p2a: Moltres|Moltres|100/100
|
|-weather|Sandstorm|[upkeep]
|-damage|p2a: Moltres|94/100|[from] Sandstorm
|-heal|p2a: Moltres|100/100|[from] item: Leftovers
|upkeep
|turn|7
|inactive|ADV Fella has 270 seconds left.
|
|t:|1730750599
|switch|p1a: Gyarados|Gyarados, M, shiny|100/100
|-ability|p1a: Gyarados|Intimidate|boost
|-unboost|p2a: Moltres|atk|1
|move|p2a: Moltres|Flamethrower|p1a: Gyarados
|-resisted|p1a: Gyarados
|-damage|p1a: Gyarados|77/100
|
|-weather|Sandstorm|[upkeep]
|-damage|p2a: Moltres|94/100|[from] Sandstorm
|-damage|p1a: Gyarados|71/100|[from] Sandstorm
|-heal|p2a: Moltres|100/100|[from] item: Leftovers
|-heal|p1a: Gyarados|77/100|[from] item: Leftovers
|upkeep
|turn|8
|inactive|ADV Fella has 270 seconds left.
|
|t:|1730750613
|move|p2a: Moltres|Will-O-Wisp|p1a: Gyarados
|-status|p1a: Gyarados|brn
|move|p1a: Gyarados|Dragon Dance|p1a: Gyarados
|-boost|p1a: Gyarados|atk|1
|-boost|p1a: Gyarados|spe|1
|
|-weather|Sandstorm|[upkeep]
|-damage|p1a: Gyarados|71/100 brn|[from] Sandstorm
|-damage|p2a: Moltres|94/100|[from] Sandstorm
|-heal|p1a: Gyarados|77/100 brn|[from] item: Leftovers
|-damage|p1a: Gyarados|65/100 brn|[from] brn
|-heal|p2a: Moltres|100/100|[from] item: Leftovers
|upkeep
|turn|9
|
|t:|1730750619
|switch|p2a: Swampert|Swampert, F|100/100
|move|p1a: Gyarados|Toxic|p2a: Swampert
|-status|p2a: Swampert|tox
|
|-weather|Sandstorm|[upkeep]
|-damage|p1a: Gyarados|59/100 brn|[from] Sandstorm
|-heal|p1a: Gyarados|65/100 brn|[from] item: Leftovers
|-damage|p1a: Gyarados|52/100 brn|[from] brn
|-damage|p2a: Swampert|94/100 tox|[from] psn
|upkeep
|turn|10
|
|t:|1730750628
|switch|p1a: Hitmontop|Hitmontop, M, shiny|100/100
|-damage|p1a: Hitmontop|75/100|[from] Spikes
|-ability|p1a: Hitmontop|Intimidate|boost
|-unboost|p2a: Swampert|atk|1
|move|p2a: Swampert|Ice Beam|p1a: Hitmontop
|-damage|p1a: Hitmontop|52/100
|
|-weather|Sandstorm|[upkeep]
|-damage|p1a: Hitmontop|46/100|[from] Sandstorm
|-heal|p1a: Hitmontop|52/100|[from] item: Leftovers
|-heal|p2a: Swampert|100/100 tox|[from] item: Leftovers
|-damage|p2a: Swampert|88/100 tox|[from] psn
|upkeep
|turn|11
|
|t:|1730750634
|switch|p1a: Umbreon|Umbreon, F, shiny|76/100 brn
|-damage|p1a: Umbreon|51/100 brn|[from] Spikes
|switch|p2a: Gengar|Gengar, F|31/100 brn
|
|-weather|Sandstorm|[upkeep]
|-damage|p2a: Gengar|25/100 brn|[from] Sandstorm
|-damage|p1a: Umbreon|45/100 brn|[from] Sandstorm
|-heal|p2a: Gengar|31/100 brn|[from] item: Leftovers
|-damage|p2a: Gengar|19/100 brn|[from] brn
|-heal|p1a: Umbreon|51/100 brn|[from] item: Leftovers
|-damage|p1a: Umbreon|38/100 brn|[from] brn
|upkeep
|turn|12
|
|t:|1730750638
|move|p2a: Gengar|Taunt|p1a: Umbreon
|-start|p1a: Umbreon|move: Taunt
|move|p1a: Umbreon|Pursuit|p2a: Gengar
|-supereffective|p2a: Gengar
|-damage|p2a: Gengar|0 fnt
|faint|p2a: Gengar
|
|t:|1730750644
|switch|p2a: Moltres|Moltres|100/100
|
|-weather|Sandstorm|[upkeep]
|-damage|p2a: Moltres|94/100|[from] Sandstorm
|-damage|p1a: Umbreon|32/100 brn|[from] Sandstorm
|-heal|p2a: Moltres|100/100|[from] item: Leftovers
|-heal|p1a: Umbreon|38/100 brn|[from] item: Leftovers
|-damage|p1a: Umbreon|26/100 brn|[from] brn
|upkeep
|turn|13
|
|t:|1730750653
|move|p2a: Moltres|Flamethrower|p1a: Umbreon
|-damage|p1a: Umbreon|0 fnt
|faint|p1a: Umbreon
|
|t:|1730750667
|switch|p1a: Gyarados|Gyarados, M, shiny|52/100 brn
|-ability|p1a: Gyarados|Intimidate|boost
|-unboost|p2a: Moltres|atk|1
|
|-weather|Sandstorm|[upkeep]
|-damage|p2a: Moltres|94/100|[from] Sandstorm
|-damage|p1a: Gyarados|46/100 brn|[from] Sandstorm
|-heal|p2a: Moltres|100/100|[from] item: Leftovers
|-heal|p1a: Gyarados|52/100 brn|[from] item: Leftovers
|-damage|p1a: Gyarados|40/100 brn|[from] brn
|upkeep
|turn|14
|
|t:|1730750672
|move|p1a: Gyarados|Toxic|p2a: Moltres|[miss]
|-miss|p1a: Gyarados|p2a: Moltres
|move|p2a: Moltres|Roar|p1a: Gyarados
|drag|p1a: Snorlax|Snorlax, M|100/100
|-damage|p1a: Snorlax|76/100|[from] Spikes
|
|-weather|Sandstorm|[upkeep]
|-damage|p2a: Moltres|94/100|[from] Sandstorm
|-damage|p1a: Snorlax|69/100|[from] Sandstorm
|-heal|p2a: Moltres|100/100|[from] item: Leftovers
|-heal|p1a: Snorlax|76/100|[from] item: Leftovers
|upkeep
|turn|15
|
|t:|1730750685
|move|p1a: Snorlax|Return|p2a: Moltres
|-damage|p2a: Moltres|52/100
|move|p2a: Moltres|Roar|p1a: Snorlax
|drag|p1a: Steelix|Steelix, M|100/100
|-damage|p1a: Steelix|76/100|[from] Spikes
|
|-weather|Sandstorm|[upkeep]
|-damage|p2a: Moltres|45/100|[from] Sandstorm
|-heal|p2a: Moltres|52/100|[from] item: Leftovers
|-heal|p1a: Steelix|82/100|[from] item: Leftovers
|upkeep
|turn|16
|
|t:|1730750692
|switch|p1a: Gyarados|Gyarados, M, shiny|40/100 brn
|-ability|p1a: Gyarados|Intimidate|boost
|-unboost|p2a: Moltres|atk|1
|move|p2a: Moltres|Flamethrower|p1a: Gyarados
|-resisted|p1a: Gyarados
|-damage|p1a: Gyarados|19/100 brn
|
|-weather|Sandstorm|[upkeep]
|-damage|p2a: Moltres|45/100|[from] Sandstorm
|-damage|p1a: Gyarados|13/100 brn|[from] Sandstorm
|-heal|p2a: Moltres|52/100|[from] item: Leftovers
|-heal|p1a: Gyarados|19/100 brn|[from] item: Leftovers
|-damage|p1a: Gyarados|7/100 brn|[from] brn
|upkeep
|turn|17
|
|t:|1730750702
|move|p2a: Moltres|Flamethrower|p1a: Gyarados
|-resisted|p1a: Gyarados
|-damage|p1a: Gyarados|0 fnt
|faint|p1a: Gyarados
|
|t:|1730750720
|switch|p1a: Snorlax|Snorlax, M|76/100
|-damage|p1a: Snorlax|51/100|[from] Spikes
|
|-weather|Sandstorm|[upkeep]
|-damage|p2a: Moltres|45/100|[from] Sandstorm
|-damage|p1a: Snorlax|44/100|[from] Sandstorm
|-heal|p2a: Moltres|52/100|[from] item: Leftovers
|-heal|p1a: Snorlax|51/100|[from] item: Leftovers
|upkeep
|turn|18
|
|t:|1730750723
|move|p2a: Moltres|Flamethrower|p1a: Snorlax
|-damage|p1a: Snorlax|24/100
|move|p1a: Snorlax|Return|p2a: Moltres
|-damage|p2a: Moltres|4/100
|
|-weather|Sandstorm|[upkeep]
|-damage|p2a: Moltres|0 fnt|[from] Sandstorm
|-damage|p1a: Snorlax|18/100|[from] Sandstorm
|faint|p2a: Moltres
|-heal|p1a: Snorlax|24/100|[from] item: Leftovers
|upkeep
|
|t:|1730750732
|switch|p2a: Swampert|Swampert, F|88/100 tox
|turn|19
|
|t:|1730750738
|move|p2a: Swampert|Earthquake|p1a: Snorlax
|-crit|p1a: Snorlax
|-damage|p1a: Snorlax|0 fnt
|faint|p1a: Snorlax
|
|t:|1730750742
|switch|p1a: Hitmontop|Hitmontop, M, shiny|52/100
|-damage|p1a: Hitmontop|27/100|[from] Spikes
|-ability|p1a: Hitmontop|Intimidate|boost
|-unboost|p2a: Swampert|atk|1
|
|-weather|Sandstorm|[upkeep]
|-damage|p1a: Hitmontop|21/100|[from] Sandstorm
|-heal|p1a: Hitmontop|27/100|[from] item: Leftovers
|-heal|p2a: Swampert|94/100 tox|[from] item: Leftovers
|-damage|p2a: Swampert|88/100 tox|[from] psn
|upkeep
|turn|20
|
|t:|1730750746
|move|p1a: Hitmontop|Rapid Spin|p2a: Swampert
|-damage|p2a: Swampert|83/100 tox
|-sideend|p1: ADV Fella|Spikes|[from] move: Rapid Spin|[of] p1a: Hitmontop
|move|p2a: Swampert|Earthquake|p1a: Hitmontop
|-damage|p1a: Hitmontop|0 fnt
|faint|p1a: Hitmontop
|
|t:|1730750759
|switch|p1a: Steelix|Steelix, M|82/100
|
|-weather|Sandstorm|[upkeep]
|-heal|p2a: Swampert|90/100 tox|[from] item: Leftovers
|-damage|p2a: Swampert|77/100 tox|[from] psn
|-heal|p1a: Steelix|88/100|[from] item: Leftovers
|upkeep
|turn|21
|
|t:|1730750762
|switch|p1a: Magneton|Magneton|100/100
|move|p2a: Swampert|Hydro Pump|p1a: Magneton
|-damage|p1a: Magneton|38/100
|
|-weather|Sandstorm|[upkeep]
|-heal|p1a: Magneton|44/100|[from] item: Leftovers
|-heal|p2a: Swampert|83/100 tox|[from] item: Leftovers
|-damage|p2a: Swampert|65/100 tox|[from] psn
|upkeep
|turn|22
|
|t:|1730750768
|switch|p2a: Blissey|Blissey, F|100/100
|move|p1a: Magneton|Hidden Power|p2a: Blissey
|-damage|p2a: Blissey|91/100
|
|-weather|Sandstorm|[upkeep]
|-damage|p2a: Blissey|85/100|[from] Sandstorm
|-heal|p1a: Magneton|50/100|[from] item: Leftovers
|-heal|p2a: Blissey|91/100|[from] item: Leftovers
|upkeep
|turn|23
|
|t:|1730750774
|switch|p2a: Tyranitar|Tyranitar, F|100/100
|move|p1a: Magneton|Toxic|p2a: Tyranitar
|-status|p2a: Tyranitar|tox
|
|-weather|Sandstorm|[upkeep]
|-damage|p2a: Tyranitar|94/100 tox|[from] psn
|-heal|p1a: Magneton|56/100|[from] item: Leftovers
|upkeep
|turn|24
|
|t:|1730750778
|move|p2a: Tyranitar|Earthquake|p1a: Magneton
|-supereffective|p1a: Magneton
|-damage|p1a: Magneton|0 fnt
|faint|p1a: Magneton
|
|t:|1730750780
|switch|p1a: Steelix|Steelix, M|88/100
|
|-weather|Sandstorm|[upkeep]
|-heal|p2a: Tyranitar|100/100 tox|[from] item: Leftovers
|-damage|p2a: Tyranitar|88/100 tox|[from] psn
|-heal|p1a: Steelix|94/100|[from] item: Leftovers
|upkeep
|turn|25
|
|t:|1730750786
|move|p2a: Tyranitar|Taunt|p1a: Steelix
|-start|p1a: Steelix|move: Taunt
|cant|p1a: Steelix|move: Taunt|Roar
|
|-weather|Sandstorm|[upkeep]
|-heal|p2a: Tyranitar|94/100 tox|[from] item: Leftovers
|-damage|p2a: Tyranitar|76/100 tox|[from] psn
|-heal|p1a: Steelix|100/100|[from] item: Leftovers
|upkeep
|turn|26
|
|t:|1730750788
|move|p2a: Tyranitar|Earthquake|p1a: Steelix
|-supereffective|p1a: Steelix
|-damage|p1a: Steelix|67/100
|move|p1a: Steelix|Earthquake|p2a: Tyranitar
|-supereffective|p2a: Tyranitar
|-damage|p2a: Tyranitar|21/100 tox
|
|-weather|Sandstorm|[upkeep]
|-heal|p2a: Tyranitar|27/100 tox|[from] item: Leftovers
|-damage|p2a: Tyranitar|2/100 tox|[from] psn
|-heal|p1a: Steelix|73/100|[from] item: Leftovers
|-end|p1a: Steelix|move: Taunt|[silent]
|upkeep
|turn|27
|
|t:|1730750792
|move|p2a: Tyranitar|Taunt|p1a: Steelix
|-start|p1a: Steelix|move: Taunt
|move|p1a: Steelix|Earthquake|p2a: Tyranitar
|-supereffective|p2a: Tyranitar
|-damage|p2a: Tyranitar|0 fnt
|faint|p2a: Tyranitar
|
|t:|1730750795
|switch|p2a: Swampert|Swampert, F|65/100 tox
|
|-weather|Sandstorm|[upkeep]
|-heal|p2a: Swampert|71/100 tox|[from] item: Leftovers
|-damage|p2a: Swampert|65/100 tox|[from] psn
|-heal|p1a: Steelix|80/100|[from] item: Leftovers
|upkeep
|turn|28
|
|t:|1730750797
|move|p2a: Swampert|Hydro Pump|p1a: Steelix
|-supereffective|p1a: Steelix
|-damage|p1a: Steelix|0 fnt
|faint|p1a: Steelix
|
|win|Jnho
|c|☆Jnho|gg
|c|☆ADV Fella|gg
|player|p1|

</script>
<script type="application/json" class="data" id="replaydata-smogtours-gen3ou-804783">
{"id":"smogtours-gen3ou-804783","format":"[Gen 3] OU","players":["ADV Fella","Jnho"],"uploadtime":1730750797,"views":38,"formatid":"gen3ou","rating":null,"private":0,"password":null}
</script>

<script defer src="js/replays.js?9d40a366"></script>
