<!DOCTYPE html>
<meta charset="utf-8" />
<meta name="viewport" content="width=device-width" />

<title>[Gen 3] OU: LoopingPyre vs. Venik777 - Replays - Pok&eacute;mon Showdown!</title>

<meta name="description" content="Watch a replay of a Pok&eacute;mon battle between LoopingPyre and Venik777! Format: [Gen 3] OU; Date: Oct 4, 2024" />
<!--

Hey, you! Looking in the source for the replay log?

You can find them in JSON format, just add `.json` at the end of a replay URL.

https://replay.pokemonshowdown.com/gen7randomdoublesbattle-865046831.json

Or, if you only need the log itself, add `.log` instead:

https://replay.pokemonshowdown.com/gen7randomdoublesbattle-865046831.log

-->

<link rel="stylesheet" href="//pokemonshowdown.com/style/global.css?0.767286132409787" />
<link rel="stylesheet" href="//play.pokemonshowdown.com/style/font-awesome.css?0.9266228007934947" />
<link rel="stylesheet" href="//play.pokemonshowdown.com/style/battle.css?0.7924700842790926" />
<link rel="stylesheet" href="//play.pokemonshowdown.com/style/utilichart.css?0.8777417872839479" />

<!-- Global site tag (gtag.js) - Google Analytics -->
<script async src="https://www.googletagmanager.com/gtag/js?id=UA-26211653-1"></script>
<script>
  window.dataLayer = window.dataLayer || [];
  function gtag(){dataLayer.push(arguments);}
  gtag('js', new Date());

  gtag('config', 'UA-26211653-1');
</script>
<!-- End Google Analytics -->
<!-- Venatus Ad Manager - Install in <HEAD> of page -->
	<script src="https://hb.vntsm.com/v3/live/ad-manager.min.js" type="text/javascript" data-site-id="642aba63ec9a7b11c3c9c1be" data-mode="scan" async></script>
<!-- / Venatus Ad Manager -->

<style>
	@media (max-width:820px) {
		.battle {
			margin: 0 auto;
		}
		.battle-log {
			margin: 7px auto 0;
			max-width: 640px;
			height: 300px;
			position: static;
		}
	}
	.optgroup {
		display: inline-block;
		line-height: 22px;
		font-size: 10pt;
	}
	.optgroup .button {
		height: 25px;
		padding-top: 0;
		padding-bottom: 0;
	}
	.optgroup button.button {
		padding-left: 12px;
		padding-right: 12px;
	}
	.linklist {
		list-style: none;
		margin: 0.5em 0;
		padding: 0;
	}
	.linklist li {
		padding: 2px 0;
	}
	.sidebar {
		float: left;
		width: 320px;
	}
	.bar-wrapper {
		max-width: 1100px;
		margin: 0 auto;
	}
	.bar-wrapper.has-sidebar {
		max-width: 1430px;
	}
	.mainbar {
		margin: 0;
		padding-right: 1px;
	}
	.mainbar.has-sidebar {
		margin-left: 330px;
	}
	@media (min-width: 1511px) {
		.sidebar {
			width: 400px;
		}
		.bar-wrapper.has-sidebar {
			max-width: 1510px;
		}
		.mainbar.has-sidebar {
			margin-left: 410px;
		}
	}
	.section.first-section {
		margin-top: 9px;
	}
	.blocklink small {
		white-space: normal;
	}
	.button {
		vertical-align: middle;
	}
	.replay-controls {
		padding-top: 10px;
	}
	.replay-controls h1 {
		font-size: 16pt;
		font-weight: normal;
		color: #CCC;
	}
	.pagelink {
		text-align: center;
	}
	.pagelink a {
		width: 150px;
	}
	.textbox, .button {
		font-size: 11pt;
		vertical-align: middle;
	}
	@media (max-width: 450px) {
		.button {
			font-size: 9pt;
		}
	}
</style>

<div>

	<header>
		<div class="nav-wrapper"><ul class="nav">
			<li><a class="button nav-first" href="//pokemonshowdown.com/"><img src="//pokemonshowdown.com/images/pokemonshowdownbeta.png" srcset="//pokemonshowdown.com/images/pokemonshowdownbeta.png 1x, //pokemonshowdown.com/images/pokemonshowdownbeta@2x.png 2x" alt="Pok&eacute;mon Showdown" width="146" height="44" /> Home</a></li>
			<li><a class="button" href="//pokemonshowdown.com/dex/">Pok&eacute;dex</a></li>
			<li><a class="button cur" href="/">Replays</a></li>
			<li><a class="button" href="//pokemonshowdown.com/ladder/">Ladder</a></li>
			<li><a class="button nav-last" href="//pokemonshowdown.com/forums/">Forum</a></li>
			<li><a class="button greenbutton nav-first nav-last" href="//play.pokemonshowdown.com/">Play</a></li>
		</ul></div>
	</header>

	<div class="main" id="main">

		<noscript><section class="section">You need to enable JavaScript to use this page; sorry!</section></noscript>

	</div>

</div>

<script defer nomodule src="//play.pokemonshowdown.com/js/lib/ps-polyfill.js"></script>
<script defer src="//play.pokemonshowdown.com/js/lib/preact.min.js"></script>

<script defer src="//play.pokemonshowdown.com/config/config.js?6dec07f6"></script>
<script defer src="//play.pokemonshowdown.com/js/lib/jquery-1.11.0.min.js"></script>
<script defer src="//play.pokemonshowdown.com/js/lib/html-sanitizer-minified.js"></script>
<script defer src="//play.pokemonshowdown.com/js/battle-sound.js"></script>
<script defer src="//play.pokemonshowdown.com/js/battledata.js?0.6315294753075389"></script>
<script defer src="//play.pokemonshowdown.com/data/pokedex-mini.js?0.7603743185311358"></script>
<script defer src="//play.pokemonshowdown.com/data/pokedex-mini-bw.js?0.030888842834281283"></script>
<script defer src="//play.pokemonshowdown.com/data/graphics.js?0.05593094747507488"></script>
<script defer src="//play.pokemonshowdown.com/data/pokedex.js?0.47064822249611904"></script>
<script defer src="//play.pokemonshowdown.com/data/moves.js?0.8583693120512459"></script>
<script defer src="//play.pokemonshowdown.com/data/abilities.js?0.16017181182386842"></script>
<script defer src="//play.pokemonshowdown.com/data/items.js?0.4163379185673943"></script>
<script defer src="//play.pokemonshowdown.com/data/teambuilder-tables.js?0.31075597372830477"></script>
<script defer src="//play.pokemonshowdown.com/js/battle-tooltips.js?0.6536193500708172"></script>
<script defer src="//play.pokemonshowdown.com/js/battle.js?0.1916591943277901"></script>

<script defer src="js/utils.js?e31f9a17"></script>
<script defer src="js/replays-battle.js?7008c182"></script>

<!-- don't scrape this data! just add .json or .log after the URL!
Full API docs: https://github.com/smogon/pokemon-showdown-client/blob/master/WEB-API.md -->
<script type="text/plain" class="log" id="replaylog-smogtours-gen3ou-794539">
|inactive|Battle timer is ON: inactive players will automatically lose when time's up.
|t:|1728048272
|gametype|singles
|player|p1|LoopingPyre|cheryl|
|player|p2|Venik777|bellelba|
|teamsize|p1|6
|teamsize|p2|6
|gen|3
|tier|[Gen 3] OU
|rule|Sleep Clause Mod: Limit one foe put to sleep
|rule|Switch Priority Clause Mod: Faster Pokémon switch first
|rule|Species Clause: Limit one of each Pokémon
|rule|OHKO Clause: OHKO moves are banned
|rule|Evasion Items Clause: Evasion items are banned
|rule|Evasion Moves Clause: Evasion moves are banned
|rule|Endless Battle Clause: Forcing endless battles is banned
|rule|HP Percentage Mod: HP is shown in percentages
|rule|One Boost Passer Clause: Limit one Baton Passer that has a way to boost its stats
|rule|Freeze Clause Mod: Limit one foe frozen
|
|t:|1728048272
|start
|switch|p1a: Skarmory|Skarmory, M|100/100
|switch|p2a: Salamence|Salamence, F|100/100
|-ability|p2a: Salamence|Intimidate|boost
|-unboost|p1a: Skarmory|atk|1
|turn|1
|inactive|Venik777 has 270 seconds left.
|
|t:|1728048313
|switch|p2a: Breloom|Breloom, F|100/100
|switch|p1a: Magneton|Magneton|100/100
|
|upkeep
|turn|2
|
|t:|1728048333
|move|p2a: Breloom|Spore|p1a: Magneton
|-status|p1a: Magneton|slp|[from] move: Spore
|cant|p1a: Magneton|slp
|
|upkeep
|turn|3
|
|t:|1728048343
|-singleturn|p2a: Breloom|move: Focus Punch
|switch|p1a: Skarmory|Skarmory, M|100/100
|move|p2a: Breloom|Focus Punch|p1a: Skarmory
|-damage|p1a: Skarmory|45/100
|
|-heal|p1a: Skarmory|51/100|[from] item: Leftovers
|upkeep
|turn|4
|
|t:|1728048358
|switch|p2a: Skarmory|Skarmory, M|100/100
|move|p1a: Skarmory|Spikes|p2a: Skarmory
|-sidestart|p2: Venik777|Spikes
|
|-heal|p1a: Skarmory|57/100|[from] item: Leftovers
|upkeep
|turn|5
|
|t:|1728048373
|switch|p1a: Magneton|Magneton|100/100 slp
|move|p2a: Skarmory|Spikes|p1a: Magneton
|-sidestart|p1: LoopingPyre|Spikes
|
|upkeep
|turn|6
|
|t:|1728048389
|cant|p1a: Magneton|slp
|move|p2a: Skarmory|Spikes|p1a: Magneton
|-sidestart|p1: LoopingPyre|Spikes
|
|upkeep
|turn|7
|
|t:|1728048400
|cant|p1a: Magneton|slp
|move|p2a: Skarmory|Spikes|p1a: Magneton
|-sidestart|p1: LoopingPyre|Spikes
|
|upkeep
|turn|8
|
|t:|1728048407
|cant|p1a: Magneton|slp
|move|p2a: Skarmory|Roar|p1a: Magneton
|drag|p1a: Blissey|Blissey, F|100/100
|-damage|p1a: Blissey|76/100|[from] Spikes
|
|-heal|p1a: Blissey|82/100|[from] item: Leftovers
|upkeep
|turn|9
|inactive|Venik777 has 270 seconds left.
|inactive|Venik777 has 240 seconds left.
|
|t:|1728048480
|switch|p2a: Blissey|Blissey, F|100/100
|-damage|p2a: Blissey|88/100|[from] Spikes
|move|p1a: Blissey|Thunder Wave|p2a: Blissey
|-status|p2a: Blissey|par
|
|-heal|p1a: Blissey|88/100|[from] item: Leftovers
|-heal|p2a: Blissey|94/100 par|[from] item: Leftovers
|upkeep
|turn|10
|
|t:|1728048499
|switch|p1a: Skarmory|Skarmory, M|57/100
|move|p2a: Blissey|Thunder Wave|p1a: Skarmory
|-status|p1a: Skarmory|par
|
|-heal|p1a: Skarmory|63/100 par|[from] item: Leftovers
|-heal|p2a: Blissey|99/100 par|[from] item: Leftovers
|upkeep
|turn|11
|
|t:|1728048518
|-curestatus|p2a: Blissey|par|[from] ability: Natural Cure
|switch|p2a: Breloom|Breloom, F|100/100
|-damage|p2a: Breloom|88/100|[from] Spikes
|move|p1a: Skarmory|Spikes|p2a: Breloom
|-sidestart|p2: Venik777|Spikes
|
|-heal|p2a: Breloom|94/100|[from] item: Leftovers
|-heal|p1a: Skarmory|69/100 par|[from] item: Leftovers
|upkeep
|turn|12
|
|t:|1728048528
|-singleturn|p2a: Breloom|move: Focus Punch
|cant|p1a: Skarmory|par
|move|p2a: Breloom|Focus Punch|p1a: Skarmory
|-damage|p1a: Skarmory|9/100 par
|
|-heal|p2a: Breloom|100/100|[from] item: Leftovers
|-heal|p1a: Skarmory|15/100 par|[from] item: Leftovers
|upkeep
|turn|13
|
|t:|1728048539
|move|p2a: Breloom|Sky Uppercut|p1a: Skarmory
|-damage|p1a: Skarmory|0 fnt
|faint|p1a: Skarmory
|
|t:|1728048562
|switch|p1a: Aerodactyl|Aerodactyl, M|100/100
|
|upkeep
|turn|14
|inactive|LoopingPyre has 270 seconds left.
|
|t:|1728048586
|switch|p1a: Swampert|Swampert, M|100/100
|-damage|p1a: Swampert|75/100|[from] Spikes
|switch|p2a: Donphan|Donphan, M|100/100
|-damage|p2a: Donphan|84/100|[from] Spikes
|
|-heal|p2a: Donphan|90/100|[from] item: Leftovers
|-heal|p1a: Swampert|82/100|[from] item: Leftovers
|upkeep
|turn|15
|inactive|Venik777 has 240 seconds left.
|inactive|LoopingPyre has 270 seconds left.
|
|t:|1728048608
|switch|p2a: Skarmory|Skarmory, M|100/100
|move|p1a: Swampert|Curse|p1a: Swampert
|-unboost|p1a: Swampert|spe|1
|-boost|p1a: Swampert|atk|1
|-boost|p1a: Swampert|def|1
|
|-heal|p1a: Swampert|88/100|[from] item: Leftovers
|upkeep
|turn|16
|
|t:|1728048617
|move|p2a: Skarmory|Toxic|p1a: Swampert
|-status|p1a: Swampert|tox
|move|p1a: Swampert|Ice Beam|p2a: Skarmory
|-damage|p2a: Skarmory|84/100
|
|-heal|p2a: Skarmory|90/100|[from] item: Leftovers
|-heal|p1a: Swampert|94/100 tox|[from] item: Leftovers
|-damage|p1a: Swampert|88/100 tox|[from] psn
|upkeep
|turn|17
|
|t:|1728048632
|switch|p1a: Blissey|Blissey, F|88/100
|-damage|p1a: Blissey|63/100|[from] Spikes
|move|p2a: Skarmory|Roar|p1a: Blissey
|drag|p1a: Aerodactyl|Aerodactyl, M|100/100
|
|-heal|p2a: Skarmory|96/100|[from] item: Leftovers
|upkeep
|turn|18
|
|t:|1728048647
|switch|p2a: Donphan|Donphan, M|90/100
|-damage|p2a: Donphan|73/100|[from] Spikes
|move|p1a: Aerodactyl|Rock Slide|p2a: Donphan
|-resisted|p2a: Donphan
|-damage|p2a: Donphan|58/100
|
|-heal|p2a: Donphan|65/100|[from] item: Leftovers
|upkeep
|turn|19
|
|t:|1728048659
|switch|p1a: Celebi|Celebi|100/100
|-damage|p1a: Celebi|75/100|[from] Spikes
|move|p2a: Donphan|Rapid Spin|p1a: Celebi
|-damage|p1a: Celebi|72/100
|-sideend|p2: Venik777|Spikes|[from] move: Rapid Spin|[of] p2a: Donphan
|
|-heal|p1a: Celebi|78/100|[from] item: Leftovers
|-heal|p2a: Donphan|71/100|[from] item: Leftovers
|upkeep
|turn|20
|inactive|Venik777 has 240 seconds left.
|
|t:|1728048682
|switch|p1a: Swampert|Swampert, M|88/100 tox
|-damage|p1a: Swampert|63/100 tox|[from] Spikes
|switch|p2a: Tyranitar|Tyranitar, F|100/100
|-weather|Sandstorm|[from] ability: Sand Stream|[of] p2a: Tyranitar
|
|-weather|Sandstorm|[upkeep]
|-heal|p1a: Swampert|69/100 tox|[from] item: Leftovers
|-damage|p1a: Swampert|63/100 tox|[from] psn
|upkeep
|turn|21
|
|t:|1728048697
|switch|p2a: Skarmory|Skarmory, M|96/100
|move|p1a: Swampert|Curse|p1a: Swampert
|-unboost|p1a: Swampert|spe|1
|-boost|p1a: Swampert|atk|1
|-boost|p1a: Swampert|def|1
|
|-weather|Sandstorm|[upkeep]
|-heal|p2a: Skarmory|100/100|[from] item: Leftovers
|-heal|p1a: Swampert|69/100 tox|[from] item: Leftovers
|-damage|p1a: Swampert|57/100 tox|[from] psn
|upkeep
|turn|22
|
|t:|1728048714
|move|p1a: Swampert|Rest|p1a: Swampert
|-status|p1a: Swampert|slp|[from] move: Rest
|-heal|p1a: Swampert|100/100 slp|[silent]
|move|p2a: Skarmory|Roar|p1a: Swampert
|drag|p1a: Blissey|Blissey, F|63/100
|-damage|p1a: Blissey|38/100|[from] Spikes
|
|-weather|Sandstorm|[upkeep]
|-damage|p1a: Blissey|32/100|[from] Sandstorm
|-heal|p1a: Blissey|38/100|[from] item: Leftovers
|upkeep
|turn|23
|inactive|Venik777 has 210 seconds left.
|
|t:|1728048742
|move|p2a: Skarmory|Toxic|p1a: Blissey
|-status|p1a: Blissey|tox
|move|p1a: Blissey|Thunder Wave|p2a: Skarmory
|-status|p2a: Skarmory|par
|
|-weather|Sandstorm|[upkeep]
|-damage|p1a: Blissey|32/100 tox|[from] Sandstorm
|-heal|p1a: Blissey|38/100 tox|[from] item: Leftovers
|-damage|p1a: Blissey|32/100 tox|[from] psn
|upkeep
|turn|24
|inactive|Venik777 has 210 seconds left.
|inactive|Venik777 has 180 seconds left.
|
|t:|1728048796
|switch|p2a: Donphan|Donphan, M|71/100
|move|p1a: Blissey|Aromatherapy|p1a: Blissey
|-cureteam|p1a: Blissey|[from] move: Aromatherapy
|
|-weather|Sandstorm|[upkeep]
|-damage|p1a: Blissey|26/100|[from] Sandstorm
|-heal|p1a: Blissey|32/100|[from] item: Leftovers
|-heal|p2a: Donphan|77/100|[from] item: Leftovers
|upkeep
|turn|25
|
|t:|1728048811
|move|p1a: Blissey|Soft-Boiled|p1a: Blissey
|-heal|p1a: Blissey|82/100
|move|p2a: Donphan|Hidden Power|p1a: Blissey
|-damage|p1a: Blissey|65/100
|
|-weather|Sandstorm|[upkeep]
|-damage|p1a: Blissey|59/100|[from] Sandstorm
|-heal|p1a: Blissey|65/100|[from] item: Leftovers
|-heal|p2a: Donphan|83/100|[from] item: Leftovers
|upkeep
|turn|26
|
|t:|1728048832
|switch|p2a: Blissey|Blissey, F|99/100
|move|p1a: Blissey|Soft-Boiled|p1a: Blissey
|-heal|p1a: Blissey|100/100
|
|-weather|Sandstorm|[upkeep]
|-damage|p1a: Blissey|94/100|[from] Sandstorm
|-damage|p2a: Blissey|94/100|[from] Sandstorm
|-heal|p1a: Blissey|100/100|[from] item: Leftovers
|-heal|p2a: Blissey|99/100|[from] item: Leftovers
|upkeep
|turn|27
|
|t:|1728048843
|move|p1a: Blissey|Thunder Wave|p2a: Blissey
|-status|p2a: Blissey|par
|move|p2a: Blissey|Thunder Wave|p1a: Blissey
|-status|p1a: Blissey|par
|
|-weather|Sandstorm|[upkeep]
|-damage|p1a: Blissey|94/100 par|[from] Sandstorm
|-damage|p2a: Blissey|94/100 par|[from] Sandstorm
|-heal|p1a: Blissey|100/100 par|[from] item: Leftovers
|-heal|p2a: Blissey|99/100 par|[from] item: Leftovers
|upkeep
|turn|28
|
|t:|1728048859
|move|p1a: Blissey|Seismic Toss|p2a: Blissey
|-damage|p2a: Blissey|85/100 par
|move|p2a: Blissey|Seismic Toss|p1a: Blissey
|-damage|p1a: Blissey|86/100 par
|
|-weather|Sandstorm|[upkeep]
|-damage|p1a: Blissey|80/100 par|[from] Sandstorm
|-damage|p2a: Blissey|79/100 par|[from] Sandstorm
|-heal|p1a: Blissey|86/100 par|[from] item: Leftovers
|-heal|p2a: Blissey|85/100 par|[from] item: Leftovers
|upkeep
|turn|29
|
|t:|1728048873
|-curestatus|p1a: Blissey|par|[from] ability: Natural Cure
|switch|p1a: Swampert|Swampert, M|100/100
|-damage|p1a: Swampert|75/100|[from] Spikes
|-curestatus|p2a: Blissey|par|[from] ability: Natural Cure
|switch|p2a: Skarmory|Skarmory, M|100/100 par
|
|-weather|Sandstorm|[upkeep]
|-heal|p1a: Swampert|82/100|[from] item: Leftovers
|upkeep
|turn|30
|
|t:|1728048893
|switch|p1a: Magneton|Magneton|100/100
|-damage|p1a: Magneton|76/100|[from] Spikes
|move|p2a: Skarmory|Roar|p1a: Magneton
|drag|p1a: Celebi|Celebi|78/100
|-damage|p1a: Celebi|53/100|[from] Spikes
|
|-weather|Sandstorm|[upkeep]
|-damage|p1a: Celebi|47/100|[from] Sandstorm
|-heal|p1a: Celebi|53/100|[from] item: Leftovers
|upkeep
|turn|31
|
|t:|1728048911
|switch|p1a: Magneton|Magneton|76/100
|-damage|p1a: Magneton|51/100|[from] Spikes
|move|p2a: Skarmory|Roar|p1a: Magneton
|drag|p1a: Aerodactyl|Aerodactyl, M|100/100
|
|-weather|Sandstorm|[upkeep]
|upkeep
|turn|32
|
|t:|1728048925
|switch|p1a: Magneton|Magneton|51/100
|-damage|p1a: Magneton|26/100|[from] Spikes
|move|p2a: Skarmory|Roar|p1a: Magneton
|drag|p1a: Swampert|Swampert, M|82/100
|-damage|p1a: Swampert|57/100|[from] Spikes
|
|-weather|Sandstorm|[upkeep]
|-heal|p1a: Swampert|63/100|[from] item: Leftovers
|upkeep
|turn|33
|inactive|Venik777 has 150 seconds left.
|inactive|Venik777 has 120 seconds left.
|
|t:|1728048977
|switch|p2a: Breloom|Breloom, F|100/100
|move|p1a: Swampert|Ice Beam|p2a: Breloom
|-supereffective|p2a: Breloom
|-damage|p2a: Breloom|21/100
|
|-weather|Sandstorm|[upkeep]
|-damage|p2a: Breloom|15/100|[from] Sandstorm
|-heal|p2a: Breloom|21/100|[from] item: Leftovers
|-heal|p1a: Swampert|69/100|[from] item: Leftovers
|upkeep
|turn|34
|inactive|Venik777 has 120 seconds left.
|
|t:|1728048988
|move|p2a: Breloom|Spore|p1a: Swampert
|-status|p1a: Swampert|slp|[from] move: Spore
|cant|p1a: Swampert|slp
|
|-weather|Sandstorm|[upkeep]
|-damage|p2a: Breloom|15/100|[from] Sandstorm
|-heal|p2a: Breloom|21/100|[from] item: Leftovers
|-heal|p1a: Swampert|75/100 slp|[from] item: Leftovers
|upkeep
|turn|35
|inactive|Venik777 has 120 seconds left.
|
|t:|1728048998
|-singleturn|p2a: Breloom|move: Focus Punch
|cant|p1a: Swampert|slp
|move|p2a: Breloom|Focus Punch|p1a: Swampert
|-damage|p1a: Swampert|28/100 slp
|
|-weather|Sandstorm|[upkeep]
|-damage|p2a: Breloom|15/100|[from] Sandstorm
|-heal|p2a: Breloom|21/100|[from] item: Leftovers
|-heal|p1a: Swampert|34/100 slp|[from] item: Leftovers
|upkeep
|turn|36
|inactive|Venik777 has 120 seconds left.
|
|t:|1728049010
|-singleturn|p2a: Breloom|move: Focus Punch
|-curestatus|p1a: Swampert|slp|[msg]
|move|p1a: Swampert|Ice Beam|p2a: Breloom
|-supereffective|p2a: Breloom
|-damage|p2a: Breloom|0 fnt
|faint|p2a: Breloom
|inactive|Venik777 has 120 seconds left.
|
|t:|1728049031
|switch|p2a: Tyranitar|Tyranitar, F|100/100
|
|-weather|Sandstorm|[upkeep]
|-heal|p1a: Swampert|40/100|[from] item: Leftovers
|upkeep
|turn|37
|
|t:|1728049042
|move|p2a: Tyranitar|Hidden Power|p1a: Swampert
|-supereffective|p1a: Swampert
|-damage|p1a: Swampert|0 fnt
|faint|p1a: Swampert
|
|t:|1728049057
|switch|p1a: Magneton|Magneton|26/100
|-damage|p1a: Magneton|1/100|[from] Spikes
|
|-weather|Sandstorm|[upkeep]
|upkeep
|turn|38
|
|t:|1728049083
|switch|p2a: Blissey|Blissey, F|85/100
|move|p1a: Magneton|Toxic|p2a: Blissey
|-status|p2a: Blissey|tox
|
|-weather|Sandstorm|[upkeep]
|-damage|p2a: Blissey|79/100 tox|[from] Sandstorm
|-heal|p2a: Blissey|85/100 tox|[from] item: Leftovers
|-damage|p2a: Blissey|79/100 tox|[from] psn
|upkeep
|turn|39
|
|t:|1728049094
|move|p1a: Magneton|Thunderbolt|p2a: Blissey
|-damage|p2a: Blissey|57/100 tox
|move|p2a: Blissey|Seismic Toss|p1a: Magneton
|-damage|p1a: Magneton|0 fnt
|faint|p1a: Magneton
|
|t:|1728049104
|switch|p1a: Aerodactyl|Aerodactyl, M|100/100
|
|-weather|Sandstorm|[upkeep]
|-damage|p2a: Blissey|51/100 tox|[from] Sandstorm
|-heal|p2a: Blissey|57/100 tox|[from] item: Leftovers
|-damage|p2a: Blissey|45/100 tox|[from] psn
|upkeep
|turn|40
|
|t:|1728049114
|-curestatus|p2a: Blissey|tox|[from] ability: Natural Cure
|switch|p2a: Donphan|Donphan, M|83/100
|move|p1a: Aerodactyl|Double-Edge|p2a: Donphan
|-damage|p2a: Donphan|45/100
|
|-weather|Sandstorm|[upkeep]
|-heal|p2a: Donphan|52/100|[from] item: Leftovers
|upkeep
|turn|41
|
|t:|1728049127
|move|p1a: Aerodactyl|Double-Edge|p2a: Donphan
|-damage|p2a: Donphan|17/100
|move|p2a: Donphan|Hidden Power|p1a: Aerodactyl
|-supereffective|p1a: Aerodactyl
|-damage|p1a: Aerodactyl|35/100
|
|-weather|Sandstorm|[upkeep]
|-heal|p2a: Donphan|24/100|[from] item: Leftovers
|upkeep
|turn|42
|
|t:|1728049137
|switch|p2a: Skarmory|Skarmory, M|100/100 par
|move|p1a: Aerodactyl|Double-Edge|p2a: Skarmory
|-resisted|p2a: Skarmory
|-damage|p2a: Skarmory|77/100 par
|
|-weather|Sandstorm|[upkeep]
|-heal|p2a: Skarmory|83/100 par|[from] item: Leftovers
|upkeep
|turn|43
|
|t:|1728049145
|move|p1a: Aerodactyl|Double-Edge|p2a: Skarmory
|-resisted|p2a: Skarmory
|-damage|p2a: Skarmory|62/100 par
|move|p2a: Skarmory|Roar|p1a: Aerodactyl
|drag|p1a: Blissey|Blissey, F|86/100
|-damage|p1a: Blissey|61/100|[from] Spikes
|
|-weather|Sandstorm|[upkeep]
|-damage|p1a: Blissey|55/100|[from] Sandstorm
|-heal|p1a: Blissey|61/100|[from] item: Leftovers
|-heal|p2a: Skarmory|68/100 par|[from] item: Leftovers
|upkeep
|turn|44
|inactive|Venik777 has 90 seconds left.
|
|t:|1728049197
|move|p1a: Blissey|Seismic Toss|p2a: Skarmory
|-damage|p2a: Skarmory|38/100 par
|move|p2a: Skarmory|Roar|p1a: Blissey
|drag|p1a: Celebi|Celebi|53/100
|-damage|p1a: Celebi|28/100|[from] Spikes
|
|-weather|Sandstorm|[upkeep]
|-damage|p1a: Celebi|22/100|[from] Sandstorm
|-heal|p1a: Celebi|28/100|[from] item: Leftovers
|-heal|p2a: Skarmory|44/100 par|[from] item: Leftovers
|upkeep
|turn|45
|inactive|Venik777 has 90 seconds left.
|inactive|Venik777 has 60 seconds left.
|
|t:|1728049233
|move|p1a: Celebi|Leech Seed|p2a: Skarmory
|-start|p2a: Skarmory|move: Leech Seed
|move|p2a: Skarmory|Toxic|p1a: Celebi
|-status|p1a: Celebi|tox
|
|-weather|Sandstorm|[upkeep]
|-damage|p1a: Celebi|22/100 tox|[from] Sandstorm
|-heal|p1a: Celebi|28/100 tox|[from] item: Leftovers
|-damage|p1a: Celebi|22/100 tox|[from] psn
|-heal|p2a: Skarmory|50/100 par|[from] item: Leftovers
|-damage|p2a: Skarmory|38/100 par|[from] Leech Seed|[of] p1a: Celebi
|-heal|p1a: Celebi|32/100 tox|[silent]
|upkeep
|turn|46
|inactive|Venik777 has 60 seconds left.
|inactive|LoopingPyre has 270 seconds left.
|inactive|Venik777 has 30 seconds left.
|
|t:|1728049274
|switch|p2a: Salamence|Salamence, F|100/100
|-ability|p2a: Salamence|Intimidate|boost
|-unboost|p1a: Celebi|atk|1
|move|p1a: Celebi|Leech Seed|p2a: Salamence
|-start|p2a: Salamence|move: Leech Seed
|
|-weather|Sandstorm|[upkeep]
|-damage|p2a: Salamence|94/100|[from] Sandstorm
|-damage|p1a: Celebi|26/100 tox|[from] Sandstorm
|-heal|p2a: Salamence|100/100|[from] item: Leftovers
|-damage|p2a: Salamence|88/100|[from] Leech Seed|[of] p1a: Celebi
|-heal|p1a: Celebi|37/100 tox|[silent]
|-heal|p1a: Celebi|43/100 tox|[from] item: Leftovers
|-damage|p1a: Celebi|31/100 tox|[from] psn
|upkeep
|turn|47
|inactive|LoopingPyre has 270 seconds left.
|inactive|Venik777 has 30 seconds left.
|inactive|Venik777 has 20 seconds left.
|inactive|Venik777 has 15 seconds left.
|inactive|Venik777 has 10 seconds left.
|
|t:|1728049308
|move|p2a: Salamence|Dragon Dance|p2a: Salamence
|-boost|p2a: Salamence|atk|1
|-boost|p2a: Salamence|spe|1
|move|p1a: Celebi|Recover|p1a: Celebi
|-heal|p1a: Celebi|81/100 tox
|
|-weather|Sandstorm|[upkeep]
|-damage|p2a: Salamence|82/100|[from] Sandstorm
|-damage|p1a: Celebi|75/100 tox|[from] Sandstorm
|-heal|p2a: Salamence|88/100|[from] item: Leftovers
|-damage|p2a: Salamence|75/100|[from] Leech Seed|[of] p1a: Celebi
|-heal|p1a: Celebi|86/100 tox|[silent]
|-heal|p1a: Celebi|92/100 tox|[from] item: Leftovers
|-damage|p1a: Celebi|74/100 tox|[from] psn
|upkeep
|turn|48
|inactive|Venik777 has 20 seconds left this turn.
|inactive|LoopingPyre has 270 seconds left.
|inactive|Venik777 has 15 seconds left.
|
|t:|1728049322
|-curestatus|p1a: Celebi|tox|[from] ability: Natural Cure
|switch|p1a: Aerodactyl|Aerodactyl, M|35/100
|move|p2a: Salamence|Dragon Dance|p2a: Salamence
|-boost|p2a: Salamence|atk|1
|-boost|p2a: Salamence|spe|1
|
|-weather|Sandstorm|[upkeep]
|-damage|p2a: Salamence|69/100|[from] Sandstorm
|-heal|p2a: Salamence|75/100|[from] item: Leftovers
|-damage|p2a: Salamence|63/100|[from] Leech Seed|[of] p1a: Aerodactyl
|-heal|p1a: Aerodactyl|50/100|[silent]
|upkeep
|turn|49
|inactive|Venik777 has 25 seconds left this turn.
|inactive|LoopingPyre has 270 seconds left.
|inactive|Venik777 has 20 seconds left.
|
|t:|1728049333
|move|p2a: Salamence|Rock Slide|p1a: Aerodactyl
|-supereffective|p1a: Aerodactyl
|-damage|p1a: Aerodactyl|0 fnt
|faint|p1a: Aerodactyl
|inactive|Venik777 has 25 seconds left this turn.
|
|t:|1728049337
|switch|p1a: Celebi|Celebi|74/100
|-damage|p1a: Celebi|49/100|[from] Spikes
|
|-weather|Sandstorm|[upkeep]
|-damage|p2a: Salamence|57/100|[from] Sandstorm
|-damage|p1a: Celebi|42/100|[from] Sandstorm
|-heal|p2a: Salamence|63/100|[from] item: Leftovers
|-damage|p2a: Salamence|50/100|[from] Leech Seed|[of] p1a: Celebi
|-heal|p1a: Celebi|53/100|[silent]
|-heal|p1a: Celebi|60/100|[from] item: Leftovers
|upkeep
|turn|50
|
|t:|1728049340
|move|p2a: Salamence|Hidden Power|p1a: Celebi
|-supereffective|p1a: Celebi
|-damage|p1a: Celebi|0 fnt
|faint|p1a: Celebi
|
|t:|1728049344
|switch|p1a: Blissey|Blissey, F|61/100
|-damage|p1a: Blissey|36/100|[from] Spikes
|
|-weather|Sandstorm|[upkeep]
|-damage|p2a: Salamence|44/100|[from] Sandstorm
|-damage|p1a: Blissey|30/100|[from] Sandstorm
|-heal|p2a: Salamence|50/100|[from] item: Leftovers
|-damage|p2a: Salamence|38/100|[from] Leech Seed|[of] p1a: Blissey
|-heal|p1a: Blissey|37/100|[silent]
|-heal|p1a: Blissey|43/100|[from] item: Leftovers
|upkeep
|turn|51
|
|t:|1728049349
|move|p2a: Salamence|Hidden Power|p1a: Blissey
|-damage|p1a: Blissey|0 fnt
|faint|p1a: Blissey
|
|win|Venik777
|c|☆LoopingPyre|gg
|c|☆Venik777|g
|player|p2|

</script>
<script type="application/json" class="data" id="replaydata-smogtours-gen3ou-794539">
{"id":"smogtours-gen3ou-794539","format":"[Gen 3] OU","players":["LoopingPyre","Venik777"],"uploadtime":1728049349,"views":94,"formatid":"gen3ou","rating":null,"private":0,"password":null}
</script>

<script defer src="js/replays.js?9d40a366"></script>
