<!DOCTYPE html>
<meta charset="utf-8" />
<meta name="viewport" content="width=device-width" />

<title>[Gen 3] OU: stinkyaccountant vs. JustFruitSalad - Replays - Pok&eacute;mon Showdown!</title>

<meta name="description" content="Watch a replay of a Pok&eacute;mon battle between stinkyaccountant and JustFruitSalad! Format: [Gen 3] OU; Date: Oct 18, 2024" />
<!--

Hey, you! Looking in the source for the replay log?

You can find them in JSON format, just add `.json` at the end of a replay URL.

https://replay.pokemonshowdown.com/gen7randomdoublesbattle-865046831.json

Or, if you only need the log itself, add `.log` instead:

https://replay.pokemonshowdown.com/gen7randomdoublesbattle-865046831.log

-->

<link rel="stylesheet" href="//pokemonshowdown.com/style/global.css?0.023195364461161105" />
<link rel="stylesheet" href="//play.pokemonshowdown.com/style/font-awesome.css?0.13261647063804238" />
<link rel="stylesheet" href="//play.pokemonshowdown.com/style/battle.css?0.8753245789963631" />
<link rel="stylesheet" href="//play.pokemonshowdown.com/style/utilichart.css?0.8627959624976733" />

<!-- Global site tag (gtag.js) - Google Analytics -->
<script async src="https://www.googletagmanager.com/gtag/js?id=UA-26211653-1"></script>
<script>
  window.dataLayer = window.dataLayer || [];
  function gtag(){dataLayer.push(arguments);}
  gtag('js', new Date());

  gtag('config', 'UA-26211653-1');
</script>
<!-- End Google Analytics -->
<!-- Venatus Ad Manager - Install in <HEAD> of page -->
	<script src="https://hb.vntsm.com/v3/live/ad-manager.min.js" type="text/javascript" data-site-id="642aba63ec9a7b11c3c9c1be" data-mode="scan" async></script>
<!-- / Venatus Ad Manager -->

<style>
	@media (max-width:820px) {
		.battle {
			margin: 0 auto;
		}
		.battle-log {
			margin: 7px auto 0;
			max-width: 640px;
			height: 300px;
			position: static;
		}
	}
	.optgroup {
		display: inline-block;
		line-height: 22px;
		font-size: 10pt;
	}
	.optgroup .button {
		height: 25px;
		padding-top: 0;
		padding-bottom: 0;
	}
	.optgroup button.button {
		padding-left: 12px;
		padding-right: 12px;
	}
	.linklist {
		list-style: none;
		margin: 0.5em 0;
		padding: 0;
	}
	.linklist li {
		padding: 2px 0;
	}
	.sidebar {
		float: left;
		width: 320px;
	}
	.bar-wrapper {
		max-width: 1100px;
		margin: 0 auto;
	}
	.bar-wrapper.has-sidebar {
		max-width: 1430px;
	}
	.mainbar {
		margin: 0;
		padding-right: 1px;
	}
	.mainbar.has-sidebar {
		margin-left: 330px;
	}
	@media (min-width: 1511px) {
		.sidebar {
			width: 400px;
		}
		.bar-wrapper.has-sidebar {
			max-width: 1510px;
		}
		.mainbar.has-sidebar {
			margin-left: 410px;
		}
	}
	.section.first-section {
		margin-top: 9px;
	}
	.blocklink small {
		white-space: normal;
	}
	.button {
		vertical-align: middle;
	}
	.replay-controls {
		padding-top: 10px;
	}
	.replay-controls h1 {
		font-size: 16pt;
		font-weight: normal;
		color: #CCC;
	}
	.pagelink {
		text-align: center;
	}
	.pagelink a {
		width: 150px;
	}
	.textbox, .button {
		font-size: 11pt;
		vertical-align: middle;
	}
	@media (max-width: 450px) {
		.button {
			font-size: 9pt;
		}
	}
</style>

<div>

	<header>
		<div class="nav-wrapper"><ul class="nav">
			<li><a class="button nav-first" href="//pokemonshowdown.com/"><img src="//pokemonshowdown.com/images/pokemonshowdownbeta.png" srcset="//pokemonshowdown.com/images/pokemonshowdownbeta.png 1x, //pokemonshowdown.com/images/pokemonshowdownbeta@2x.png 2x" alt="Pok&eacute;mon Showdown" width="146" height="44" /> Home</a></li>
			<li><a class="button" href="//pokemonshowdown.com/dex/">Pok&eacute;dex</a></li>
			<li><a class="button cur" href="/">Replays</a></li>
			<li><a class="button" href="//pokemonshowdown.com/ladder/">Ladder</a></li>
			<li><a class="button nav-last" href="//pokemonshowdown.com/forums/">Forum</a></li>
			<li><a class="button greenbutton nav-first nav-last" href="//play.pokemonshowdown.com/">Play</a></li>
		</ul></div>
	</header>

	<div class="main" id="main">

		<noscript><section class="section">You need to enable JavaScript to use this page; sorry!</section></noscript>

	</div>

</div>

<script defer nomodule src="//play.pokemonshowdown.com/js/lib/ps-polyfill.js"></script>
<script defer src="//play.pokemonshowdown.com/js/lib/preact.min.js"></script>

<script defer src="//play.pokemonshowdown.com/config/config.js?2bddbc15"></script>
<script defer src="//play.pokemonshowdown.com/js/lib/jquery-1.11.0.min.js"></script>
<script defer src="//play.pokemonshowdown.com/js/lib/html-sanitizer-minified.js"></script>
<script defer src="//play.pokemonshowdown.com/js/battle-sound.js"></script>
<script defer src="//play.pokemonshowdown.com/js/battledata.js?0.7209276989879541"></script>
<script defer src="//play.pokemonshowdown.com/data/pokedex-mini.js?0.6111056340867951"></script>
<script defer src="//play.pokemonshowdown.com/data/pokedex-mini-bw.js?0.3532142036491459"></script>
<script defer src="//play.pokemonshowdown.com/data/graphics.js?0.24223875632456182"></script>
<script defer src="//play.pokemonshowdown.com/data/pokedex.js?0.38839984266356864"></script>
<script defer src="//play.pokemonshowdown.com/data/moves.js?0.21866028504024015"></script>
<script defer src="//play.pokemonshowdown.com/data/abilities.js?0.2005157953846628"></script>
<script defer src="//play.pokemonshowdown.com/data/items.js?0.9894211263848525"></script>
<script defer src="//play.pokemonshowdown.com/data/teambuilder-tables.js?0.6008791140282215"></script>
<script defer src="//play.pokemonshowdown.com/js/battle-tooltips.js?0.7580118955022959"></script>
<script defer src="//play.pokemonshowdown.com/js/battle.js?0.6057722274234274"></script>

<script defer src="js/utils.js?e31f9a17"></script>
<script defer src="js/replays-battle.js?7008c182"></script>

<!-- don't scrape this data! just add .json or .log after the URL!
Full API docs: https://github.com/smogon/pokemon-showdown-client/blob/master/WEB-API.md -->
<script type="text/plain" class="log" id="replaylog-smogtours-gen3ou-799668">
|inactive|Battle timer is ON: inactive players will automatically lose when time's up.
|t:|1729281812
|gametype|singles
|player|p1|stinkyaccountant|101|
|player|p2|JustFruitSalad|101|
|teamsize|p1|6
|teamsize|p2|6
|gen|3
|tier|[Gen 3] OU
|rule|Sleep Clause Mod: Limit one foe put to sleep
|rule|Switch Priority Clause Mod: Faster Pokémon switch first
|rule|Species Clause: Limit one of each Pokémon
|rule|OHKO Clause: OHKO moves are banned
|rule|Evasion Items Clause: Evasion items are banned
|rule|Evasion Moves Clause: Evasion moves are banned
|rule|Endless Battle Clause: Forcing endless battles is banned
|rule|HP Percentage Mod: HP is shown in percentages
|rule|One Boost Passer Clause: Limit one Baton Passer that has a way to boost its stats
|rule|Freeze Clause Mod: Limit one foe frozen
|
|t:|1729281812
|start
|switch|p1a: Salamence|Salamence, F|100/100
|switch|p2a: Eight of Diamonds|Tyranitar, M, shiny|100/100
|-ability|p1a: Salamence|Intimidate|boost
|-unboost|p2a: Eight of Diamonds|atk|1
|-weather|Sandstorm|[from] ability: Sand Stream|[of] p2a: Eight of Diamonds
|turn|1
|c|☆stinkyaccountant|glhf
|inactive|stinkyaccountant has 270 seconds left.
|inactive|JustFruitSalad has 270 seconds left.
|
|t:|1729281848
|switch|p1a: Forretress|Forretress, F|100/100
|switch|p2a: Nine of Hearts|Milotic, F, shiny|100/100
|
|-weather|Sandstorm|[upkeep]
|-damage|p2a: Nine of Hearts|94/100|[from] Sandstorm
|-heal|p2a: Nine of Hearts|100/100|[from] item: Leftovers
|upkeep
|turn|2
|
|t:|1729281870
|move|p2a: Nine of Hearts|Surf|p1a: Forretress
|-damage|p1a: Forretress|67/100
|move|p1a: Forretress|Spikes|p2a: Nine of Hearts
|-sidestart|p2: JustFruitSalad|Spikes
|
|-weather|Sandstorm|[upkeep]
|-damage|p2a: Nine of Hearts|94/100|[from] Sandstorm
|-heal|p2a: Nine of Hearts|100/100|[from] item: Leftovers
|-heal|p1a: Forretress|73/100|[from] item: Leftovers
|upkeep
|turn|3
|
|t:|1729281891
|switch|p2a: Five of Clubs|Magneton, shiny|100/100
|-damage|p2a: Five of Clubs|88/100|[from] Spikes
|switch|p1a: Blissey|Blissey, F|100/100
|
|-weather|Sandstorm|[upkeep]
|-damage|p1a: Blissey|94/100|[from] Sandstorm
|-heal|p1a: Blissey|100/100|[from] item: Leftovers
|upkeep
|turn|4
|
|t:|1729281921
|switch|p2a: Nine of Hearts|Milotic, F, shiny|100/100
|-damage|p2a: Nine of Hearts|88/100|[from] Spikes
|move|p1a: Blissey|Thunder Wave|p2a: Nine of Hearts
|-status|p2a: Nine of Hearts|par
|
|-weather|Sandstorm|[upkeep]
|-damage|p1a: Blissey|94/100|[from] Sandstorm
|-damage|p2a: Nine of Hearts|82/100 par|[from] Sandstorm
|-heal|p1a: Blissey|100/100|[from] item: Leftovers
|-heal|p2a: Nine of Hearts|88/100 par|[from] item: Leftovers
|upkeep
|turn|5
|
|t:|1729281934
|move|p1a: Blissey|Seismic Toss|p2a: Nine of Hearts
|-damage|p2a: Nine of Hearts|63/100 par
|cant|p2a: Nine of Hearts|par
|
|-weather|Sandstorm|[upkeep]
|-damage|p1a: Blissey|94/100|[from] Sandstorm
|-damage|p2a: Nine of Hearts|57/100 par|[from] Sandstorm
|-heal|p1a: Blissey|100/100|[from] item: Leftovers
|-heal|p2a: Nine of Hearts|63/100 par|[from] item: Leftovers
|upkeep
|turn|6
|
|t:|1729281952
|move|p1a: Blissey|Seismic Toss|p2a: Nine of Hearts
|-damage|p2a: Nine of Hearts|37/100 par
|cant|p2a: Nine of Hearts|par
|
|-weather|Sandstorm|[upkeep]
|-damage|p1a: Blissey|94/100|[from] Sandstorm
|-damage|p2a: Nine of Hearts|31/100 par|[from] Sandstorm
|-heal|p1a: Blissey|100/100|[from] item: Leftovers
|-heal|p2a: Nine of Hearts|37/100 par|[from] item: Leftovers
|upkeep
|turn|7
|inactive|JustFruitSalad has 270 seconds left.
|
|t:|1729281974
|switch|p2a: Jack of Diamonds|Metagross, shiny|100/100
|-damage|p2a: Jack of Diamonds|88/100|[from] Spikes
|move|p1a: Blissey|Seismic Toss|p2a: Jack of Diamonds
|-damage|p2a: Jack of Diamonds|61/100
|
|-weather|Sandstorm|[upkeep]
|-damage|p1a: Blissey|94/100|[from] Sandstorm
|-heal|p2a: Jack of Diamonds|67/100|[from] item: Leftovers
|-heal|p1a: Blissey|100/100|[from] item: Leftovers
|upkeep
|turn|8
|inactive|JustFruitSalad has 270 seconds left.
|
|t:|1729281988
|move|p2a: Jack of Diamonds|Earthquake|p1a: Blissey
|-damage|p1a: Blissey|66/100
|move|p1a: Blissey|Counter|p2a: Jack of Diamonds
|-damage|p2a: Jack of Diamonds|0 fnt
|faint|p2a: Jack of Diamonds
|inactive|JustFruitSalad has 270 seconds left.
|
|t:|1729282011
|switch|p2a: Three of Spades|Celebi|100/100
|-damage|p2a: Three of Spades|88/100|[from] Spikes
|
|-weather|Sandstorm|[upkeep]
|-damage|p2a: Three of Spades|82/100|[from] Sandstorm
|-damage|p1a: Blissey|60/100|[from] Sandstorm
|-heal|p2a: Three of Spades|88/100|[from] item: Leftovers
|-heal|p1a: Blissey|66/100|[from] item: Leftovers
|upkeep
|turn|9
|
|t:|1729282032
|move|p2a: Three of Spades|Leech Seed|p1a: Blissey
|-start|p1a: Blissey|move: Leech Seed
|move|p1a: Blissey|Thunder Wave|p2a: Three of Spades
|-status|p2a: Three of Spades|par
|
|-weather|Sandstorm|[upkeep]
|-damage|p1a: Blissey|60/100|[from] Sandstorm
|-damage|p2a: Three of Spades|82/100 par|[from] Sandstorm
|-heal|p1a: Blissey|66/100|[from] item: Leftovers
|-damage|p1a: Blissey|54/100|[from] Leech Seed|[of] p2a: Three of Spades
|-heal|p2a: Three of Spades|100/100 par|[silent]
|upkeep
|turn|10
|inactive|JustFruitSalad has 270 seconds left.
|
|t:|1729282046
|switch|p1a: Salamence|Salamence, F|100/100
|-ability|p1a: Salamence|Intimidate|boost
|-unboost|p2a: Three of Spades|atk|1
|cant|p2a: Three of Spades|par
|
|-weather|Sandstorm|[upkeep]
|-damage|p1a: Salamence|95/100|[from] Sandstorm
|-damage|p2a: Three of Spades|94/100 par|[from] Sandstorm
|-heal|p1a: Salamence|100/100|[from] item: Leftovers
|-heal|p2a: Three of Spades|100/100 par|[from] item: Leftovers
|upkeep
|turn|11
|inactive|JustFruitSalad has 270 seconds left.
|inactive|stinkyaccountant has 270 seconds left.
|
|t:|1729282062
|move|p1a: Salamence|Dragon Claw|p2a: Three of Spades
|-damage|p2a: Three of Spades|73/100 par
|move|p2a: Three of Spades|Leech Seed|p1a: Salamence
|-start|p1a: Salamence|move: Leech Seed
|
|-weather|Sandstorm|[upkeep]
|-damage|p1a: Salamence|95/100|[from] Sandstorm
|-damage|p2a: Three of Spades|67/100 par|[from] Sandstorm
|-heal|p1a: Salamence|100/100|[from] item: Leftovers
|-damage|p1a: Salamence|88/100|[from] Leech Seed|[of] p2a: Three of Spades
|-heal|p2a: Three of Spades|78/100 par|[silent]
|-heal|p2a: Three of Spades|84/100 par|[from] item: Leftovers
|upkeep
|turn|12
|inactive|JustFruitSalad has 270 seconds left.
|inactive|stinkyaccountant has 270 seconds left.
|
|t:|1729282097
|switch|p1a: Tyranitar|Tyranitar, F|100/100
|move|p2a: Three of Spades|Psychic|p1a: Tyranitar
|-immune|p1a: Tyranitar
|
|-weather|Sandstorm|[upkeep]
|-damage|p2a: Three of Spades|78/100 par|[from] Sandstorm
|-heal|p2a: Three of Spades|84/100 par|[from] item: Leftovers
|upkeep
|turn|13
|
|t:|1729282110
|-activate|p2a: Three of Spades|move: Pursuit
|move|p1a: Tyranitar|Pursuit|p2a: Three of Spades|[from]Pursuit
|-supereffective|p2a: Three of Spades
|-damage|p2a: Three of Spades|35/100 par
|-curestatus|p2a: Three of Spades|par|[from] ability: Natural Cure
|switch|p2a: Ace of Hearts|Salamence, F, shiny|100/100
|-ability|p2a: Ace of Hearts|Intimidate|boost
|-unboost|p1a: Tyranitar|atk|1
|
|-weather|Sandstorm|[upkeep]
|-damage|p2a: Ace of Hearts|94/100|[from] Sandstorm
|-heal|p2a: Ace of Hearts|100/100|[from] item: Leftovers
|upkeep
|turn|14
|inactive|stinkyaccountant has 270 seconds left.
|inactive|JustFruitSalad has 240 seconds left.
|
|t:|1729282130
|switch|p1a: Forretress|Forretress, F|73/100
|move|p2a: Ace of Hearts|Dragon Dance|p2a: Ace of Hearts
|-boost|p2a: Ace of Hearts|atk|1
|-boost|p2a: Ace of Hearts|spe|1
|
|-weather|Sandstorm|[upkeep]
|-damage|p2a: Ace of Hearts|94/100|[from] Sandstorm
|-heal|p2a: Ace of Hearts|100/100|[from] item: Leftovers
|-heal|p1a: Forretress|80/100|[from] item: Leftovers
|upkeep
|turn|15
|inactive|JustFruitSalad has 240 seconds left.
|
|t:|1729282158
|switch|p2a: Five of Clubs|Magneton, shiny|88/100
|-damage|p2a: Five of Clubs|76/100|[from] Spikes
|move|p1a: Forretress|Explosion|p2a: Five of Clubs
|-resisted|p2a: Five of Clubs
|-damage|p2a: Five of Clubs|7/100
|faint|p1a: Forretress
|inactive|stinkyaccountant has 240 seconds left.
|inactive|stinkyaccountant has 210 seconds left.
|
|t:|1729282206
|switch|p1a: Aerodactyl|Aerodactyl, F|100/100
|
|-weather|Sandstorm|[upkeep]
|upkeep
|turn|16
|inactive|stinkyaccountant has 210 seconds left.
|inactive|JustFruitSalad has 240 seconds left.
|
|t:|1729282220
|move|p1a: Aerodactyl|Earthquake|p2a: Five of Clubs
|-supereffective|p2a: Five of Clubs
|-damage|p2a: Five of Clubs|0 fnt
|faint|p2a: Five of Clubs
|
|t:|1729282224
|switch|p2a: Ace of Hearts|Salamence, F, shiny|100/100
|-ability|p2a: Ace of Hearts|Intimidate|boost
|-unboost|p1a: Aerodactyl|atk|1
|
|-weather|Sandstorm|[upkeep]
|-damage|p2a: Ace of Hearts|94/100|[from] Sandstorm
|-heal|p2a: Ace of Hearts|100/100|[from] item: Leftovers
|upkeep
|turn|17
|
|t:|1729282231
|switch|p1a: Salamence|Salamence, F|88/100
|-ability|p1a: Salamence|Intimidate|boost
|-unboost|p2a: Ace of Hearts|atk|1
|move|p2a: Ace of Hearts|Dragon Dance|p2a: Ace of Hearts
|-boost|p2a: Ace of Hearts|atk|1
|-boost|p2a: Ace of Hearts|spe|1
|
|-weather|Sandstorm|[upkeep]
|-damage|p2a: Ace of Hearts|94/100|[from] Sandstorm
|-damage|p1a: Salamence|82/100|[from] Sandstorm
|-heal|p2a: Ace of Hearts|100/100|[from] item: Leftovers
|-heal|p1a: Salamence|88/100|[from] item: Leftovers
|upkeep
|turn|18
|inactive|stinkyaccountant has 210 seconds left.
|
|t:|1729282257
|move|p2a: Ace of Hearts|Rock Slide|p1a: Salamence
|-supereffective|p1a: Salamence
|-damage|p1a: Salamence|23/100
|move|p1a: Salamence|Dragon Claw|p2a: Ace of Hearts
|-supereffective|p2a: Ace of Hearts
|-damage|p2a: Ace of Hearts|0 fnt
|faint|p2a: Ace of Hearts
|c|☆JustFruitSalad|bruh that was a 12% roll
|inactive|JustFruitSalad has 240 seconds left.
|
|t:|1729282279
|switch|p2a: Nine of Hearts|Milotic, F, shiny|37/100 par
|-damage|p2a: Nine of Hearts|25/100 par|[from] Spikes
|
|-weather|Sandstorm|[upkeep]
|-damage|p1a: Salamence|17/100|[from] Sandstorm
|-damage|p2a: Nine of Hearts|19/100 par|[from] Sandstorm
|-heal|p1a: Salamence|23/100|[from] item: Leftovers
|-heal|p2a: Nine of Hearts|25/100 par|[from] item: Leftovers
|upkeep
|turn|19
|inactive|stinkyaccountant has 210 seconds left.
|
|t:|1729282304
|move|p1a: Salamence|Dragon Claw|p2a: Nine of Hearts
|-damage|p2a: Nine of Hearts|0 fnt
|faint|p2a: Nine of Hearts
|inactive|JustFruitSalad has 240 seconds left.
|c|☆stinkyaccountant|It was?!
|c|☆stinkyaccountant|i got luck today
|
|t:|1729282331
|switch|p2a: Eight of Diamonds|Tyranitar, M, shiny|100/100
|-damage|p2a: Eight of Diamonds|88/100|[from] Spikes
|
|-weather|Sandstorm|[upkeep]
|-damage|p1a: Salamence|17/100|[from] Sandstorm
|-heal|p1a: Salamence|23/100|[from] item: Leftovers
|upkeep
|turn|20
|inactive|stinkyaccountant has 210 seconds left.
|
|t:|1729282349
|move|p1a: Salamence|Brick Break|p2a: Eight of Diamonds
|-supereffective|p2a: Eight of Diamonds
|-damage|p2a: Eight of Diamonds|5/100
|move|p2a: Eight of Diamonds|Dragon Dance|p2a: Eight of Diamonds
|-boost|p2a: Eight of Diamonds|atk|1
|-boost|p2a: Eight of Diamonds|spe|1
|
|-weather|Sandstorm|[upkeep]
|-damage|p1a: Salamence|17/100|[from] Sandstorm
|-heal|p1a: Salamence|23/100|[from] item: Leftovers
|upkeep
|turn|21
|inactive|JustFruitSalad has 240 seconds left.
|
|t:|1729282358
|move|p2a: Eight of Diamonds|Rock Slide|p1a: Salamence
|-supereffective|p1a: Salamence
|-damage|p1a: Salamence|0 fnt
|faint|p1a: Salamence
|
|t:|1729282374
|switch|p1a: Jirachi|Jirachi|100/100
|
|-weather|Sandstorm|[upkeep]
|upkeep
|turn|22
|
|t:|1729282380
|move|p2a: Eight of Diamonds|Earthquake|p1a: Jirachi
|-supereffective|p1a: Jirachi
|-damage|p1a: Jirachi|40/100
|move|p1a: Jirachi|Fire Punch|p2a: Eight of Diamonds
|-resisted|p2a: Eight of Diamonds
|-damage|p2a: Eight of Diamonds|0 fnt
|faint|p2a: Eight of Diamonds
|inactive|JustFruitSalad has 240 seconds left.
|
|t:|1729282404
|switch|p2a: Three of Spades|Celebi|35/100
|-damage|p2a: Three of Spades|22/100|[from] Spikes
|
|-weather|Sandstorm|[upkeep]
|-damage|p2a: Three of Spades|16/100|[from] Sandstorm
|-heal|p2a: Three of Spades|22/100|[from] item: Leftovers
|-heal|p1a: Jirachi|46/100|[from] item: Leftovers
|upkeep
|turn|23
|inactive|stinkyaccountant has 210 seconds left.
|
|t:|1729282418
|move|p2a: Three of Spades|Recover|p2a: Three of Spades
|-heal|p2a: Three of Spades|72/100
|move|p1a: Jirachi|Toxic|p2a: Three of Spades
|-status|p2a: Three of Spades|tox
|
|-weather|Sandstorm|[upkeep]
|-damage|p2a: Three of Spades|66/100 tox|[from] Sandstorm
|-heal|p2a: Three of Spades|72/100 tox|[from] item: Leftovers
|-damage|p2a: Three of Spades|66/100 tox|[from] psn
|-heal|p1a: Jirachi|52/100|[from] item: Leftovers
|upkeep
|turn|24
|inactive|stinkyaccountant has 210 seconds left.
|inactive|JustFruitSalad has 240 seconds left.
|-message|JustFruitSalad forfeited.
|
|win|stinkyaccountant
|c|☆JustFruitSalad|GG
|c|☆stinkyaccountant|gg
|player|p2|
|player|p2|JustFruitSalad|101|

</script>
<script type="application/json" class="data" id="replaydata-smogtours-gen3ou-799668">
{"id":"smogtours-gen3ou-799668","format":"[Gen 3] OU","players":["stinkyaccountant","JustFruitSalad"],"uploadtime":1729282435,"views":75,"formatid":"gen3ou","rating":null,"private":0,"password":null}
</script>

<script defer src="js/replays.js?9d40a366"></script>
