<!DOCTYPE html>
<meta charset="utf-8" />
<meta name="viewport" content="width=device-width" />

<title>[Gen 3] OU: Salty Lame-o vs. troglodyte480 - Replays - Pok&eacute;mon Showdown!</title>

<meta name="description" content="Watch a replay of a Pok&eacute;mon battle between Salty Lame-o and troglodyte480! Format: [Gen 3] OU; Date: Oct 31, 2024" />
<!--

Hey, you! Looking in the source for the replay log?

You can find them in JSON format, just add `.json` at the end of a replay URL.

https://replay.pokemonshowdown.com/gen7randomdoublesbattle-865046831.json

Or, if you only need the log itself, add `.log` instead:

https://replay.pokemonshowdown.com/gen7randomdoublesbattle-865046831.log

-->

<link rel="stylesheet" href="//pokemonshowdown.com/style/global.css?0.023195364461161105" />
<link rel="stylesheet" href="//play.pokemonshowdown.com/style/font-awesome.css?0.13261647063804238" />
<link rel="stylesheet" href="//play.pokemonshowdown.com/style/battle.css?0.8753245789963631" />
<link rel="stylesheet" href="//play.pokemonshowdown.com/style/utilichart.css?0.8627959624976733" />

<!-- Global site tag (gtag.js) - Google Analytics -->
<script async src="https://www.googletagmanager.com/gtag/js?id=UA-26211653-1"></script>
<script>
  window.dataLayer = window.dataLayer || [];
  function gtag(){dataLayer.push(arguments);}
  gtag('js', new Date());

  gtag('config', 'UA-26211653-1');
</script>
<!-- End Google Analytics -->
<!-- Venatus Ad Manager - Install in <HEAD> of page -->
	<script src="https://hb.vntsm.com/v3/live/ad-manager.min.js" type="text/javascript" data-site-id="642aba63ec9a7b11c3c9c1be" data-mode="scan" async></script>
<!-- / Venatus Ad Manager -->

<style>
	@media (max-width:820px) {
		.battle {
			margin: 0 auto;
		}
		.battle-log {
			margin: 7px auto 0;
			max-width: 640px;
			height: 300px;
			position: static;
		}
	}
	.optgroup {
		display: inline-block;
		line-height: 22px;
		font-size: 10pt;
	}
	.optgroup .button {
		height: 25px;
		padding-top: 0;
		padding-bottom: 0;
	}
	.optgroup button.button {
		padding-left: 12px;
		padding-right: 12px;
	}
	.linklist {
		list-style: none;
		margin: 0.5em 0;
		padding: 0;
	}
	.linklist li {
		padding: 2px 0;
	}
	.sidebar {
		float: left;
		width: 320px;
	}
	.bar-wrapper {
		max-width: 1100px;
		margin: 0 auto;
	}
	.bar-wrapper.has-sidebar {
		max-width: 1430px;
	}
	.mainbar {
		margin: 0;
		padding-right: 1px;
	}
	.mainbar.has-sidebar {
		margin-left: 330px;
	}
	@media (min-width: 1511px) {
		.sidebar {
			width: 400px;
		}
		.bar-wrapper.has-sidebar {
			max-width: 1510px;
		}
		.mainbar.has-sidebar {
			margin-left: 410px;
		}
	}
	.section.first-section {
		margin-top: 9px;
	}
	.blocklink small {
		white-space: normal;
	}
	.button {
		vertical-align: middle;
	}
	.replay-controls {
		padding-top: 10px;
	}
	.replay-controls h1 {
		font-size: 16pt;
		font-weight: normal;
		color: #CCC;
	}
	.pagelink {
		text-align: center;
	}
	.pagelink a {
		width: 150px;
	}
	.textbox, .button {
		font-size: 11pt;
		vertical-align: middle;
	}
	@media (max-width: 450px) {
		.button {
			font-size: 9pt;
		}
	}
</style>

<div>

	<header>
		<div class="nav-wrapper"><ul class="nav">
			<li><a class="button nav-first" href="//pokemonshowdown.com/"><img src="//pokemonshowdown.com/images/pokemonshowdownbeta.png" srcset="//pokemonshowdown.com/images/pokemonshowdownbeta.png 1x, //pokemonshowdown.com/images/pokemonshowdownbeta@2x.png 2x" alt="Pok&eacute;mon Showdown" width="146" height="44" /> Home</a></li>
			<li><a class="button" href="//pokemonshowdown.com/dex/">Pok&eacute;dex</a></li>
			<li><a class="button cur" href="/">Replays</a></li>
			<li><a class="button" href="//pokemonshowdown.com/ladder/">Ladder</a></li>
			<li><a class="button nav-last" href="//pokemonshowdown.com/forums/">Forum</a></li>
			<li><a class="button greenbutton nav-first nav-last" href="//play.pokemonshowdown.com/">Play</a></li>
		</ul></div>
	</header>

	<div class="main" id="main">

		<noscript><section class="section">You need to enable JavaScript to use this page; sorry!</section></noscript>

	</div>

</div>

<script defer nomodule src="//play.pokemonshowdown.com/js/lib/ps-polyfill.js"></script>
<script defer src="//play.pokemonshowdown.com/js/lib/preact.min.js"></script>

<script defer src="//play.pokemonshowdown.com/config/config.js?2bddbc15"></script>
<script defer src="//play.pokemonshowdown.com/js/lib/jquery-1.11.0.min.js"></script>
<script defer src="//play.pokemonshowdown.com/js/lib/html-sanitizer-minified.js"></script>
<script defer src="//play.pokemonshowdown.com/js/battle-sound.js"></script>
<script defer src="//play.pokemonshowdown.com/js/battledata.js?0.7209276989879541"></script>
<script defer src="//play.pokemonshowdown.com/data/pokedex-mini.js?0.6111056340867951"></script>
<script defer src="//play.pokemonshowdown.com/data/pokedex-mini-bw.js?0.3532142036491459"></script>
<script defer src="//play.pokemonshowdown.com/data/graphics.js?0.24223875632456182"></script>
<script defer src="//play.pokemonshowdown.com/data/pokedex.js?0.38839984266356864"></script>
<script defer src="//play.pokemonshowdown.com/data/moves.js?0.21866028504024015"></script>
<script defer src="//play.pokemonshowdown.com/data/abilities.js?0.2005157953846628"></script>
<script defer src="//play.pokemonshowdown.com/data/items.js?0.9894211263848525"></script>
<script defer src="//play.pokemonshowdown.com/data/teambuilder-tables.js?0.6008791140282215"></script>
<script defer src="//play.pokemonshowdown.com/js/battle-tooltips.js?0.7580118955022959"></script>
<script defer src="//play.pokemonshowdown.com/js/battle.js?0.6057722274234274"></script>

<script defer src="js/utils.js?e31f9a17"></script>
<script defer src="js/replays-battle.js?7008c182"></script>

<!-- don't scrape this data! just add .json or .log after the URL!
Full API docs: https://github.com/smogon/pokemon-showdown-client/blob/master/WEB-API.md -->
<script type="text/plain" class="log" id="replaylog-smogtours-gen3ou-803547">
|inactive|Battle timer is ON: inactive players will automatically lose when time's up.
|t:|1730340982
|gametype|singles
|player|p1|Salty Lame-o|hoopster|
|player|p2|troglodyte480|pokemonbreeder|
|teamsize|p1|6
|teamsize|p2|6
|gen|3
|tier|[Gen 3] OU
|rule|Sleep Clause Mod: Limit one foe put to sleep
|rule|Switch Priority Clause Mod: Faster Pokémon switch first
|rule|Species Clause: Limit one of each Pokémon
|rule|OHKO Clause: OHKO moves are banned
|rule|Evasion Items Clause: Evasion items are banned
|rule|Evasion Moves Clause: Evasion moves are banned
|rule|Endless Battle Clause: Forcing endless battles is banned
|rule|HP Percentage Mod: HP is shown in percentages
|rule|One Boost Passer Clause: Limit one Baton Passer that has a way to boost its stats
|rule|Freeze Clause Mod: Limit one foe frozen
|
|t:|1730340982
|start
|switch|p1a: Zapdos|Zapdos|100/100
|switch|p2a: Slaking|Slaking, F|100/100
|turn|1
|
|t:|1730341003
|move|p1a: Zapdos|Substitute|p1a: Zapdos
|-start|p1a: Zapdos|Substitute
|-damage|p1a: Zapdos|76/100
|move|p2a: Slaking|Return|p1a: Zapdos
|-end|p1a: Zapdos|Substitute
|
|-heal|p1a: Zapdos|82/100|[from] item: Leftovers
|upkeep
|turn|2
|inactive|troglodyte480 has 270 seconds left.
|
|t:|1730341038
|switch|p2a: Jirachi|Jirachi|100/100
|move|p1a: Zapdos|Substitute|p1a: Zapdos
|-start|p1a: Zapdos|Substitute
|-damage|p1a: Zapdos|57/100
|
|-heal|p1a: Zapdos|63/100|[from] item: Leftovers
|upkeep
|turn|3
|inactive|troglodyte480 has 270 seconds left.
|
|t:|1730341068
|move|p1a: Zapdos|Baton Pass|p1a: Zapdos
|
|t:|1730341072
|switch|p1a: Dugtrio|Dugtrio, M|100/100|[from] Baton Pass
|move|p2a: Jirachi|Body Slam|p1a: Dugtrio
|-end|p1a: Dugtrio|Substitute
|
|upkeep
|turn|4
|
|t:|1730341085
|move|p2a: Jirachi|Protect|p2a: Jirachi
|-singleturn|p2a: Jirachi|Protect
|move|p1a: Dugtrio|Earthquake|p2a: Jirachi
|-activate|p2a: Jirachi|Protect
|
|upkeep
|turn|5
|
|t:|1730341091
|move|p1a: Dugtrio|Earthquake|p2a: Jirachi
|-supereffective|p2a: Jirachi
|-damage|p2a: Jirachi|9/100
|move|p2a: Jirachi|Wish|p2a: Jirachi
|
|-heal|p2a: Jirachi|15/100|[from] item: Leftovers
|upkeep
|turn|6
|
|t:|1730341099
|move|p1a: Dugtrio|Earthquake|p2a: Jirachi
|-supereffective|p2a: Jirachi
|-damage|p2a: Jirachi|0 fnt
|faint|p2a: Jirachi
|
|t:|1730341105
|switch|p2a: Flygon|Flygon, F|100/100
|
|upkeep
|turn|7
|inactive|troglodyte480 has 270 seconds left.
|
|t:|1730341128
|switch|p1a: Suicune|Suicune|100/100
|move|p2a: Flygon|Toxic|p1a: Suicune
|-status|p1a: Suicune|tox
|
|-damage|p1a: Suicune|94/100 tox|[from] psn
|upkeep
|turn|8
|inactive|troglodyte480 has 270 seconds left.
|
|t:|1730341145
|switch|p2a: Blastoise|Blastoise, M|100/100
|move|p1a: Suicune|Ice Beam|p2a: Blastoise
|-resisted|p2a: Blastoise
|-damage|p2a: Blastoise|90/100
|
|-heal|p1a: Suicune|100/100 tox|[from] item: Leftovers
|-damage|p1a: Suicune|88/100 tox|[from] psn
|-heal|p2a: Blastoise|96/100|[from] item: Leftovers
|upkeep
|turn|9
|inactive|troglodyte480 has 270 seconds left.
|inactive|Salty Lame-o has 270 seconds left.
|
|t:|1730341181
|switch|p1a: Zapdos|Zapdos|63/100
|move|p2a: Blastoise|Roar|p1a: Zapdos
|drag|p1a: Raikou|Raikou|100/100
|
|-heal|p2a: Blastoise|100/100|[from] item: Leftovers
|upkeep
|turn|10
|inactive|troglodyte480 has 270 seconds left.
|inactive|troglodyte480 has 240 seconds left.
|
|t:|1730341231
|switch|p2a: Flygon|Flygon, F|100/100
|move|p1a: Raikou|Substitute|p1a: Raikou
|-start|p1a: Raikou|Substitute
|-damage|p1a: Raikou|76/100
|
|-heal|p1a: Raikou|82/100|[from] item: Leftovers
|upkeep
|turn|11
|
|t:|1730341255
|move|p1a: Raikou|Hidden Power|p2a: Flygon
|-damage|p2a: Flygon|69/100
|move|p2a: Flygon|Earthquake|p1a: Raikou
|-supereffective|p1a: Raikou
|-end|p1a: Raikou|Substitute
|
|-heal|p1a: Raikou|88/100|[from] item: Leftovers
|-heal|p2a: Flygon|75/100|[from] item: Leftovers
|upkeep
|turn|12
|inactive|troglodyte480 has 240 seconds left.
|inactive|troglodyte480 has 210 seconds left.
|
|t:|1730341302
|switch|p1a: Ludicolo|Ludicolo, F|100/100
|move|p2a: Flygon|Rock Slide|p1a: Ludicolo|[miss]
|-miss|p2a: Flygon|p1a: Ludicolo
|
|-heal|p2a: Flygon|81/100|[from] item: Leftovers
|upkeep
|turn|13
|inactive|troglodyte480 has 180 seconds left.
|inactive|troglodyte480 has 150 seconds left.
|
|t:|1730341372
|switch|p2a: Blissey|Blissey, F|100/100
|move|p1a: Ludicolo|Rain Dance|p1a: Ludicolo
|-weather|RainDance
|
|-weather|RainDance|[upkeep]
|upkeep
|turn|14
|
|t:|1730341386
|switch|p1a: Metagross|Metagross|100/100
|move|p2a: Blissey|Ice Beam|p1a: Metagross
|-resisted|p1a: Metagross
|-damage|p1a: Metagross|87/100
|
|-weather|RainDance|[upkeep]
|-heal|p1a: Metagross|93/100|[from] item: Leftovers
|upkeep
|turn|15
|inactive|troglodyte480 has 150 seconds left.
|inactive|Salty Lame-o has 240 seconds left.
|
|t:|1730341413
|switch|p1a: Zapdos|Zapdos|63/100
|switch|p2a: Skarmory|Skarmory, F|100/100
|
|-weather|RainDance|[upkeep]
|-heal|p1a: Zapdos|69/100|[from] item: Leftovers
|upkeep
|turn|16
|inactive|Salty Lame-o has 240 seconds left.
|inactive|troglodyte480 has 150 seconds left.
|
|t:|1730341430
|move|p1a: Zapdos|Baton Pass|p1a: Zapdos
|
|t:|1730341434
|switch|p1a: Raikou|Raikou|88/100|[from] Baton Pass
|move|p2a: Skarmory|Roar|p1a: Raikou
|drag|p1a: Suicune|Suicune|88/100 tox
|
|-weather|RainDance|[upkeep]
|-heal|p1a: Suicune|94/100 tox|[from] item: Leftovers
|-damage|p1a: Suicune|88/100 tox|[from] psn
|upkeep
|turn|17
|
|t:|1730341449
|move|p2a: Skarmory|Protect|p2a: Skarmory
|-singleturn|p2a: Skarmory|Protect
|move|p1a: Suicune|Surf|p2a: Skarmory
|-activate|p2a: Skarmory|Protect
|
|-weather|none
|-heal|p1a: Suicune|94/100 tox|[from] item: Leftovers
|-damage|p1a: Suicune|82/100 tox|[from] psn
|upkeep
|turn|18
|inactive|Salty Lame-o has 240 seconds left.
|
|t:|1730341484
|switch|p1a: Zapdos|Zapdos|69/100
|move|p2a: Skarmory|Spikes|p1a: Zapdos
|-sidestart|p1: Salty Lame-o|Spikes
|
|-heal|p1a: Zapdos|76/100|[from] item: Leftovers
|upkeep
|turn|19
|inactive|troglodyte480 has 150 seconds left.
|
|t:|1730341516
|switch|p2a: Flygon|Flygon, F|81/100
|move|p1a: Zapdos|Thunderbolt|p2a: Flygon
|-immune|p2a: Flygon
|
|-heal|p1a: Zapdos|82/100|[from] item: Leftovers
|-heal|p2a: Flygon|87/100|[from] item: Leftovers
|upkeep
|turn|20
|inactive|Salty Lame-o has 210 seconds left.
|
|t:|1730341558
|move|p2a: Flygon|Rock Slide|p1a: Zapdos
|-supereffective|p1a: Zapdos
|-damage|p1a: Zapdos|33/100
|cant|p1a: Zapdos|flinch
|
|-heal|p1a: Zapdos|39/100|[from] item: Leftovers
|-heal|p2a: Flygon|93/100|[from] item: Leftovers
|upkeep
|turn|21
|
|t:|1730341572
|switch|p1a: Ludicolo|Ludicolo, F|100/100
|-damage|p1a: Ludicolo|88/100|[from] Spikes
|move|p2a: Flygon|Rock Slide|p1a: Ludicolo
|-damage|p1a: Ludicolo|63/100
|
|-heal|p2a: Flygon|99/100|[from] item: Leftovers
|upkeep
|turn|22
|
|t:|1730341592
|move|p2a: Flygon|Hidden Power|p1a: Ludicolo
|-supereffective|p1a: Ludicolo
|-damage|p1a: Ludicolo|14/100
|move|p1a: Ludicolo|Rain Dance|p1a: Ludicolo
|-weather|RainDance
|
|-weather|RainDance|[upkeep]
|-heal|p2a: Flygon|100/100|[from] item: Leftovers
|upkeep
|turn|23
|inactive|Salty Lame-o has 210 seconds left.
|
|t:|1730341608
|switch|p2a: Blissey|Blissey, F|100/100
|move|p1a: Ludicolo|Surf|p2a: Blissey
|-crit|p2a: Blissey
|-damage|p2a: Blissey|51/100
|
|-weather|RainDance|[upkeep]
|-heal|p2a: Blissey|57/100|[from] item: Leftovers
|upkeep
|turn|24
|inactive|Salty Lame-o has 210 seconds left.
|
|t:|1730341640
|move|p1a: Ludicolo|Surf|p2a: Blissey
|-damage|p2a: Blissey|33/100
|move|p2a: Blissey|Soft-Boiled|p2a: Blissey
|-heal|p2a: Blissey|83/100
|
|-weather|RainDance|[upkeep]
|-heal|p2a: Blissey|89/100|[from] item: Leftovers
|upkeep
|turn|25
|
|t:|1730341647
|move|p1a: Ludicolo|Surf|p2a: Blissey
|-damage|p2a: Blissey|63/100
|move|p2a: Blissey|Ice Beam|p1a: Ludicolo
|-damage|p1a: Ludicolo|0 fnt
|faint|p1a: Ludicolo
|
|t:|1730341653
|switch|p1a: Dugtrio|Dugtrio, M|100/100
|-damage|p1a: Dugtrio|88/100|[from] Spikes
|
|-weather|RainDance|[upkeep]
|-heal|p2a: Blissey|69/100|[from] item: Leftovers
|upkeep
|turn|26
|inactive|troglodyte480 has 150 seconds left.
|
|t:|1730341668
|move|p1a: Dugtrio|Earthquake|p2a: Blissey
|-damage|p2a: Blissey|9/100
|move|p2a: Blissey|Ice Beam|p1a: Dugtrio
|-supereffective|p1a: Dugtrio
|-damage|p1a: Dugtrio|0 fnt
|faint|p1a: Dugtrio
|
|t:|1730341687
|switch|p1a: Zapdos|Zapdos|39/100
|
|-weather|none
|-heal|p1a: Zapdos|45/100|[from] item: Leftovers
|-heal|p2a: Blissey|15/100|[from] item: Leftovers
|upkeep
|turn|27
|inactive|troglodyte480 has 150 seconds left.
|
|t:|1730341710
|switch|p2a: Flygon|Flygon, F|100/100
|move|p1a: Zapdos|Thunderbolt|p2a: Flygon
|-immune|p2a: Flygon
|
|-heal|p1a: Zapdos|51/100|[from] item: Leftovers
|upkeep
|turn|28
|inactive|troglodyte480 has 150 seconds left.
|
|t:|1730341720
|move|p2a: Flygon|Rock Slide|p1a: Zapdos
|-supereffective|p1a: Zapdos
|-damage|p1a: Zapdos|0 fnt
|faint|p1a: Zapdos
|
|t:|1730341726
|switch|p1a: Suicune|Suicune|82/100 tox
|-damage|p1a: Suicune|70/100 tox|[from] Spikes
|
|-heal|p1a: Suicune|76/100 tox|[from] item: Leftovers
|-damage|p1a: Suicune|70/100 tox|[from] psn
|upkeep
|turn|29
|
|t:|1730341737
|switch|p2a: Skarmory|Skarmory, F|100/100
|move|p1a: Suicune|Ice Beam|p2a: Skarmory
|-damage|p2a: Skarmory|59/100
|
|-heal|p1a: Suicune|76/100 tox|[from] item: Leftovers
|-damage|p1a: Suicune|64/100 tox|[from] psn
|-heal|p2a: Skarmory|65/100|[from] item: Leftovers
|upkeep
|turn|30
|
|t:|1730341749
|move|p1a: Suicune|Calm Mind|p1a: Suicune
|-boost|p1a: Suicune|spa|1
|-boost|p1a: Suicune|spd|1
|move|p2a: Skarmory|Spikes|p1a: Suicune
|-sidestart|p1: Salty Lame-o|Spikes
|
|-heal|p1a: Suicune|70/100 tox|[from] item: Leftovers
|-damage|p1a: Suicune|52/100 tox|[from] psn
|-heal|p2a: Skarmory|71/100|[from] item: Leftovers
|upkeep
|turn|31
|
|t:|1730341768
|move|p2a: Skarmory|Protect|p2a: Skarmory
|-singleturn|p2a: Skarmory|Protect
|move|p1a: Suicune|Calm Mind|p1a: Suicune
|-boost|p1a: Suicune|spa|1
|-boost|p1a: Suicune|spd|1
|
|-heal|p1a: Suicune|58/100 tox|[from] item: Leftovers
|-damage|p1a: Suicune|33/100 tox|[from] psn
|-heal|p2a: Skarmory|77/100|[from] item: Leftovers
|upkeep
|turn|32
|
|t:|1730341779
|switch|p2a: Blastoise|Blastoise, M|100/100
|move|p1a: Suicune|Surf|p2a: Blastoise
|-resisted|p2a: Blastoise
|-damage|p2a: Blastoise|70/100
|
|-heal|p1a: Suicune|40/100 tox|[from] item: Leftovers
|-damage|p1a: Suicune|9/100 tox|[from] psn
|-heal|p2a: Blastoise|76/100|[from] item: Leftovers
|upkeep
|turn|33
|
|t:|1730341790
|move|p1a: Suicune|Rest|p1a: Suicune
|-status|p1a: Suicune|slp|[from] move: Rest
|-heal|p1a: Suicune|100/100 slp|[silent]
|move|p2a: Blastoise|Surf|p1a: Suicune
|-resisted|p1a: Suicune
|-damage|p1a: Suicune|94/100 slp
|
|-heal|p1a: Suicune|100/100 slp|[from] item: Leftovers
|-heal|p2a: Blastoise|83/100|[from] item: Leftovers
|upkeep
|turn|34
|inactive|Salty Lame-o has 210 seconds left.
|
|t:|1730341802
|switch|p2a: Skarmory|Skarmory, F|77/100
|cant|p1a: Suicune|slp
|
|-heal|p2a: Skarmory|83/100|[from] item: Leftovers
|upkeep
|turn|35
|inactive|Salty Lame-o has 210 seconds left.
|
|t:|1730341814
|cant|p1a: Suicune|slp
|move|p2a: Skarmory|Roar|p1a: Suicune
|drag|p1a: Raikou|Raikou|88/100
|-damage|p1a: Raikou|72/100|[from] Spikes
|
|-heal|p1a: Raikou|78/100|[from] item: Leftovers
|-heal|p2a: Skarmory|89/100|[from] item: Leftovers
|upkeep
|turn|36
|inactive|Salty Lame-o has 210 seconds left.
|
|t:|1730341824
|move|p1a: Raikou|Calm Mind|p1a: Raikou
|-boost|p1a: Raikou|spa|1
|-boost|p1a: Raikou|spd|1
|move|p2a: Skarmory|Roar|p1a: Raikou
|drag|p1a: Suicune|Suicune|100/100 slp
|-damage|p1a: Suicune|84/100 slp|[from] Spikes
|
|-heal|p1a: Suicune|90/100 slp|[from] item: Leftovers
|-heal|p2a: Skarmory|95/100|[from] item: Leftovers
|upkeep
|turn|37
|inactive|Salty Lame-o has 210 seconds left.
|
|t:|1730341839
|-curestatus|p1a: Suicune|slp|[msg]
|move|p1a: Suicune|Ice Beam|p2a: Skarmory
|-crit|p2a: Skarmory
|-damage|p2a: Skarmory|24/100
|move|p2a: Skarmory|Spikes|p1a: Suicune
|-sidestart|p1: Salty Lame-o|Spikes
|
|-heal|p1a: Suicune|96/100|[from] item: Leftovers
|-heal|p2a: Skarmory|30/100|[from] item: Leftovers
|upkeep
|turn|38
|inactive|Salty Lame-o has 210 seconds left.
|
|t:|1730341853
|move|p1a: Suicune|Surf|p2a: Skarmory
|-damage|p2a: Skarmory|0 fnt
|faint|p2a: Skarmory
|
|t:|1730341856
|switch|p2a: Blissey|Blissey, F|15/100
|
|-heal|p1a: Suicune|100/100|[from] item: Leftovers
|-heal|p2a: Blissey|21/100|[from] item: Leftovers
|upkeep
|turn|39
|
|t:|1730341862
|move|p1a: Suicune|Surf|p2a: Blissey
|-damage|p2a: Blissey|3/100
|move|p2a: Blissey|Soft-Boiled|p2a: Blissey
|-heal|p2a: Blissey|53/100
|
|-heal|p2a: Blissey|59/100|[from] item: Leftovers
|upkeep
|turn|40
|
|t:|1730341875
|switch|p1a: Metagross|Metagross|93/100
|-damage|p1a: Metagross|68/100|[from] Spikes
|switch|p2a: Slaking|Slaking, F|100/100
|
|-heal|p1a: Metagross|74/100|[from] item: Leftovers
|upkeep
|turn|41
|
|t:|1730341882
|move|p1a: Metagross|Protect|p1a: Metagross
|-singleturn|p1a: Metagross|Protect
|move|p2a: Slaking|Earthquake|p1a: Metagross
|-activate|p1a: Metagross|Protect
|
|-heal|p1a: Metagross|80/100|[from] item: Leftovers
|upkeep
|turn|42
|inactive|troglodyte480 has 180 seconds left.
|
|t:|1730341892
|switch|p2a: Blastoise|Blastoise, M|83/100
|move|p1a: Metagross|Meteor Mash|p2a: Blastoise
|-resisted|p2a: Blastoise
|-damage|p2a: Blastoise|61/100
|-boost|p1a: Metagross|atk|1
|
|-heal|p2a: Blastoise|67/100|[from] item: Leftovers
|-heal|p1a: Metagross|86/100|[from] item: Leftovers
|upkeep
|turn|43
|
|t:|1730341901
|move|p1a: Metagross|Protect|p1a: Metagross
|-singleturn|p1a: Metagross|Protect
|move|p2a: Blastoise|Roar|p1a: Metagross
|-activate|p1a: Metagross|Protect
|
|-heal|p2a: Blastoise|73/100|[from] item: Leftovers
|-heal|p1a: Metagross|93/100|[from] item: Leftovers
|upkeep
|turn|44
|inactive|Salty Lame-o has 240 seconds left.
|
|t:|1730341910
|move|p1a: Metagross|Earthquake|p2a: Blastoise
|-crit|p2a: Blastoise
|-damage|p2a: Blastoise|0 fnt
|faint|p2a: Blastoise
|
|t:|1730341915
|switch|p2a: Flygon|Flygon, F|100/100
|
|-heal|p1a: Metagross|99/100|[from] item: Leftovers
|upkeep
|turn|45
|
|t:|1730341920
|move|p1a: Metagross|Protect|p1a: Metagross
|-singleturn|p1a: Metagross|Protect
|move|p2a: Flygon|Earthquake|p1a: Metagross
|-activate|p1a: Metagross|Protect
|
|-heal|p1a: Metagross|100/100|[from] item: Leftovers
|upkeep
|turn|46
|inactive|Salty Lame-o has 240 seconds left.
|
|t:|1730341967
|move|p2a: Flygon|Earthquake|p1a: Metagross
|-supereffective|p1a: Metagross
|-damage|p1a: Metagross|44/100
|move|p1a: Metagross|Meteor Mash|p2a: Flygon
|-damage|p2a: Flygon|0 fnt
|-boost|p1a: Metagross|atk|1
|faint|p2a: Flygon
|c|☆troglodyte480|this feels like way more than 17 turns
|c|☆Salty Lame-o|true lol
|c|☆troglodyte480|oh nvm i scrolled up
|c|☆troglodyte480|gg
|c|☆troglodyte480|I think I'
|c|☆Salty Lame-o|gg
|inactive|troglodyte480 has 180 seconds left.
|c|☆Salty Lame-o|yeah likely
|
|t:|1730342001
|switch|p2a: Blissey|Blissey, F|59/100
|
|-heal|p1a: Metagross|50/100|[from] item: Leftovers
|-heal|p2a: Blissey|66/100|[from] item: Leftovers
|upkeep
|turn|47
|
|t:|1730342007
|move|p1a: Metagross|Earthquake|p2a: Blissey
|-damage|p2a: Blissey|0 fnt
|faint|p2a: Blissey
|c|☆troglodyte480|ggs
|inactive|troglodyte480 has 180 seconds left.
|c|☆Salty Lame-o|ggs
|c|☆troglodyte480|good luck hereafter
|
|t:|1730342023
|switch|p2a: Slaking|Slaking, F|100/100
|
|-heal|p1a: Metagross|56/100|[from] item: Leftovers
|upkeep
|turn|48
|
|t:|1730342027
|move|p1a: Metagross|Protect|p1a: Metagross
|-singleturn|p1a: Metagross|Protect
|move|p2a: Slaking|Earthquake|p1a: Metagross
|-activate|p1a: Metagross|Protect
|
|-heal|p1a: Metagross|62/100|[from] item: Leftovers
|upkeep
|turn|49
|
|t:|1730342036
|cant|p2a: Slaking|ability: Truant
|move|p1a: Metagross|Explosion|p2a: Slaking
|-damage|p2a: Slaking|0 fnt
|faint|p1a: Metagross
|faint|p2a: Slaking
|
|win|Salty Lame-o
|player|p2|
|player|p1|
|player|p1|Salty Lame-o|hoopster|

</script>
<script type="application/json" class="data" id="replaydata-smogtours-gen3ou-803547">
{"id":"smogtours-gen3ou-803547","format":"[Gen 3] OU","players":["Salty Lame-o","troglodyte480"],"uploadtime":1730342036,"views":70,"formatid":"gen3ou","rating":null,"private":0,"password":null}
</script>

<script defer src="js/replays.js?9d40a366"></script>
