<!DOCTYPE html>
<meta charset="utf-8" />
<meta name="viewport" content="width=device-width" />

<title>[Gen 3] OU: Ghostfall22 vs. Loneling - Replays - Pok&eacute;mon Showdown!</title>

<meta name="description" content="Watch a replay of a Pok&eacute;mon battle between Ghostfall22 and Loneling! Format: [Gen 3] OU; Date: Oct 30, 2024" />
<!--

Hey, you! Looking in the source for the replay log?

You can find them in JSON format, just add `.json` at the end of a replay URL.

https://replay.pokemonshowdown.com/gen7randomdoublesbattle-865046831.json

Or, if you only need the log itself, add `.log` instead:

https://replay.pokemonshowdown.com/gen7randomdoublesbattle-865046831.log

-->

<link rel="stylesheet" href="//pokemonshowdown.com/style/global.css?0.023195364461161105" />
<link rel="stylesheet" href="//play.pokemonshowdown.com/style/font-awesome.css?0.13261647063804238" />
<link rel="stylesheet" href="//play.pokemonshowdown.com/style/battle.css?0.8753245789963631" />
<link rel="stylesheet" href="//play.pokemonshowdown.com/style/utilichart.css?0.8627959624976733" />

<!-- Global site tag (gtag.js) - Google Analytics -->
<script async src="https://www.googletagmanager.com/gtag/js?id=UA-26211653-1"></script>
<script>
  window.dataLayer = window.dataLayer || [];
  function gtag(){dataLayer.push(arguments);}
  gtag('js', new Date());

  gtag('config', 'UA-26211653-1');
</script>
<!-- End Google Analytics -->
<!-- Venatus Ad Manager - Install in <HEAD> of page -->
	<script src="https://hb.vntsm.com/v3/live/ad-manager.min.js" type="text/javascript" data-site-id="642aba63ec9a7b11c3c9c1be" data-mode="scan" async></script>
<!-- / Venatus Ad Manager -->

<style>
	@media (max-width:820px) {
		.battle {
			margin: 0 auto;
		}
		.battle-log {
			margin: 7px auto 0;
			max-width: 640px;
			height: 300px;
			position: static;
		}
	}
	.optgroup {
		display: inline-block;
		line-height: 22px;
		font-size: 10pt;
	}
	.optgroup .button {
		height: 25px;
		padding-top: 0;
		padding-bottom: 0;
	}
	.optgroup button.button {
		padding-left: 12px;
		padding-right: 12px;
	}
	.linklist {
		list-style: none;
		margin: 0.5em 0;
		padding: 0;
	}
	.linklist li {
		padding: 2px 0;
	}
	.sidebar {
		float: left;
		width: 320px;
	}
	.bar-wrapper {
		max-width: 1100px;
		margin: 0 auto;
	}
	.bar-wrapper.has-sidebar {
		max-width: 1430px;
	}
	.mainbar {
		margin: 0;
		padding-right: 1px;
	}
	.mainbar.has-sidebar {
		margin-left: 330px;
	}
	@media (min-width: 1511px) {
		.sidebar {
			width: 400px;
		}
		.bar-wrapper.has-sidebar {
			max-width: 1510px;
		}
		.mainbar.has-sidebar {
			margin-left: 410px;
		}
	}
	.section.first-section {
		margin-top: 9px;
	}
	.blocklink small {
		white-space: normal;
	}
	.button {
		vertical-align: middle;
	}
	.replay-controls {
		padding-top: 10px;
	}
	.replay-controls h1 {
		font-size: 16pt;
		font-weight: normal;
		color: #CCC;
	}
	.pagelink {
		text-align: center;
	}
	.pagelink a {
		width: 150px;
	}
	.textbox, .button {
		font-size: 11pt;
		vertical-align: middle;
	}
	@media (max-width: 450px) {
		.button {
			font-size: 9pt;
		}
	}
</style>

<div>

	<header>
		<div class="nav-wrapper"><ul class="nav">
			<li><a class="button nav-first" href="//pokemonshowdown.com/"><img src="//pokemonshowdown.com/images/pokemonshowdownbeta.png" srcset="//pokemonshowdown.com/images/pokemonshowdownbeta.png 1x, //pokemonshowdown.com/images/pokemonshowdownbeta@2x.png 2x" alt="Pok&eacute;mon Showdown" width="146" height="44" /> Home</a></li>
			<li><a class="button" href="//pokemonshowdown.com/dex/">Pok&eacute;dex</a></li>
			<li><a class="button cur" href="/">Replays</a></li>
			<li><a class="button" href="//pokemonshowdown.com/ladder/">Ladder</a></li>
			<li><a class="button nav-last" href="//pokemonshowdown.com/forums/">Forum</a></li>
			<li><a class="button greenbutton nav-first nav-last" href="//play.pokemonshowdown.com/">Play</a></li>
		</ul></div>
	</header>

	<div class="main" id="main">

		<noscript><section class="section">You need to enable JavaScript to use this page; sorry!</section></noscript>

	</div>

</div>

<script defer nomodule src="//play.pokemonshowdown.com/js/lib/ps-polyfill.js"></script>
<script defer src="//play.pokemonshowdown.com/js/lib/preact.min.js"></script>

<script defer src="//play.pokemonshowdown.com/config/config.js?2bddbc15"></script>
<script defer src="//play.pokemonshowdown.com/js/lib/jquery-1.11.0.min.js"></script>
<script defer src="//play.pokemonshowdown.com/js/lib/html-sanitizer-minified.js"></script>
<script defer src="//play.pokemonshowdown.com/js/battle-sound.js"></script>
<script defer src="//play.pokemonshowdown.com/js/battledata.js?0.7209276989879541"></script>
<script defer src="//play.pokemonshowdown.com/data/pokedex-mini.js?0.6111056340867951"></script>
<script defer src="//play.pokemonshowdown.com/data/pokedex-mini-bw.js?0.3532142036491459"></script>
<script defer src="//play.pokemonshowdown.com/data/graphics.js?0.24223875632456182"></script>
<script defer src="//play.pokemonshowdown.com/data/pokedex.js?0.38839984266356864"></script>
<script defer src="//play.pokemonshowdown.com/data/moves.js?0.21866028504024015"></script>
<script defer src="//play.pokemonshowdown.com/data/abilities.js?0.2005157953846628"></script>
<script defer src="//play.pokemonshowdown.com/data/items.js?0.9894211263848525"></script>
<script defer src="//play.pokemonshowdown.com/data/teambuilder-tables.js?0.6008791140282215"></script>
<script defer src="//play.pokemonshowdown.com/js/battle-tooltips.js?0.7580118955022959"></script>
<script defer src="//play.pokemonshowdown.com/js/battle.js?0.6057722274234274"></script>

<script defer src="js/utils.js?e31f9a17"></script>
<script defer src="js/replays-battle.js?7008c182"></script>

<!-- don't scrape this data! just add .json or .log after the URL!
Full API docs: https://github.com/smogon/pokemon-showdown-client/blob/master/WEB-API.md -->
<script type="text/plain" class="log" id="replaylog-smogtours-gen3ou-803394">
|inactive|Battle timer is ON: inactive players will automatically lose when time's up.
|t:|1730247621
|gametype|singles
|player|p1|Ghostfall22|lady-gen4|
|player|p2|Loneling|mallow-masters|
|teamsize|p1|6
|teamsize|p2|6
|gen|3
|tier|[Gen 3] OU
|rule|Sleep Clause Mod: Limit one foe put to sleep
|rule|Switch Priority Clause Mod: Faster Pokémon switch first
|rule|Species Clause: Limit one of each Pokémon
|rule|OHKO Clause: OHKO moves are banned
|rule|Evasion Items Clause: Evasion items are banned
|rule|Evasion Moves Clause: Evasion moves are banned
|rule|Endless Battle Clause: Forcing endless battles is banned
|rule|HP Percentage Mod: HP is shown in percentages
|rule|One Boost Passer Clause: Limit one Baton Passer that has a way to boost its stats
|rule|Freeze Clause Mod: Limit one foe frozen
|
|t:|1730247621
|start
|switch|p1a: Tyranitar|Tyranitar, F, shiny|100/100
|switch|p2a: Metagross|Metagross|100/100
|-weather|Sandstorm|[from] ability: Sand Stream|[of] p1a: Tyranitar
|turn|1
|c|☆Ghostfall22|hf
|c|☆Loneling|Hf
|
|t:|1730247642
|switch|p1a: Forretress|Forretress, F, shiny|100/100
|move|p2a: Metagross|Meteor Mash|p1a: Forretress
|-resisted|p1a: Forretress
|-damage|p1a: Forretress|69/100
|
|-weather|Sandstorm|[upkeep]
|-heal|p1a: Forretress|75/100|[from] item: Leftovers
|upkeep
|turn|2
|
|t:|1730247656
|move|p2a: Metagross|Meteor Mash|p1a: Forretress
|-resisted|p1a: Forretress
|-damage|p1a: Forretress|44/100
|move|p1a: Forretress|Spikes|p2a: Metagross
|-sidestart|p2: Loneling|Spikes
|
|-weather|Sandstorm|[upkeep]
|-heal|p1a: Forretress|50/100|[from] item: Leftovers
|upkeep
|turn|3
|
|t:|1730247665
|move|p2a: Metagross|Meteor Mash|p1a: Forretress
|-resisted|p1a: Forretress
|-damage|p1a: Forretress|17/100
|move|p1a: Forretress|Counter|p2a: Metagross
|-damage|p2a: Metagross|28/100
|
|-weather|Sandstorm|[upkeep]
|-heal|p1a: Forretress|24/100|[from] item: Leftovers
|upkeep
|turn|4
|
|t:|1730247692
|move|p2a: Metagross|Meteor Mash|p1a: Forretress
|-resisted|p1a: Forretress
|-damage|p1a: Forretress|0 fnt
|-boost|p2a: Metagross|atk|1
|faint|p1a: Forretress
|
|t:|1730247698
|switch|p1a: Zapdos|Zapdos|100/100
|
|-weather|Sandstorm|[upkeep]
|-damage|p1a: Zapdos|94/100|[from] Sandstorm
|-heal|p1a: Zapdos|100/100|[from] item: Leftovers
|upkeep
|turn|5
|
|t:|1730247702
|switch|p2a: Magneton|Magneton|100/100
|-damage|p2a: Magneton|88/100|[from] Spikes
|move|p1a: Zapdos|Thunderbolt|p2a: Magneton
|-resisted|p2a: Magneton
|-damage|p2a: Magneton|38/100
|
|-weather|Sandstorm|[upkeep]
|-damage|p1a: Zapdos|94/100|[from] Sandstorm
|-heal|p1a: Zapdos|100/100|[from] item: Leftovers
|upkeep
|turn|6
|
|t:|1730247709
|move|p1a: Zapdos|Thunderbolt|p2a: Magneton
|-resisted|p2a: Magneton
|-crit|p2a: Magneton
|-damage|p2a: Magneton|0 fnt
|faint|p2a: Magneton
|
|t:|1730247711
|switch|p2a: Snorlax|Snorlax, F|100/100
|-damage|p2a: Snorlax|88/100|[from] Spikes
|
|-weather|Sandstorm|[upkeep]
|-damage|p1a: Zapdos|94/100|[from] Sandstorm
|-damage|p2a: Snorlax|82/100|[from] Sandstorm
|-heal|p1a: Zapdos|100/100|[from] item: Leftovers
|-heal|p2a: Snorlax|88/100|[from] item: Leftovers
|upkeep
|turn|7
|
|t:|1730247715
|switch|p1a: Tyranitar|Tyranitar, F, shiny|100/100
|move|p2a: Snorlax|Body Slam|p1a: Tyranitar
|-resisted|p1a: Tyranitar
|-damage|p1a: Tyranitar|84/100
|-status|p1a: Tyranitar|par
|-enditem|p1a: Tyranitar|Lum Berry|[eat]
|-curestatus|p1a: Tyranitar|par|[msg]
|
|-weather|Sandstorm|[upkeep]
|-damage|p2a: Snorlax|82/100|[from] Sandstorm
|-heal|p2a: Snorlax|88/100|[from] item: Leftovers
|upkeep
|turn|8
|inactive|Loneling has 270 seconds left.
|
|t:|1730247769
|switch|p2a: Suicune|Suicune|100/100
|-damage|p2a: Suicune|88/100|[from] Spikes
|move|p1a: Tyranitar|Earthquake|p2a: Suicune
|-damage|p2a: Suicune|68/100
|
|-weather|Sandstorm|[upkeep]
|-damage|p2a: Suicune|61/100|[from] Sandstorm
|-heal|p2a: Suicune|68/100|[from] item: Leftovers
|upkeep
|turn|9
|
|t:|1730247779
|switch|p1a: Jirachi|Jirachi|100/100
|move|p2a: Suicune|Surf|p1a: Jirachi
|-damage|p1a: Jirachi|73/100
|
|-weather|Sandstorm|[upkeep]
|-damage|p2a: Suicune|61/100|[from] Sandstorm
|-heal|p1a: Jirachi|79/100|[from] item: Leftovers
|-heal|p2a: Suicune|68/100|[from] item: Leftovers
|upkeep
|turn|10
|
|t:|1730247789
|switch|p2a: Snorlax|Snorlax, F|88/100
|-damage|p2a: Snorlax|76/100|[from] Spikes
|move|p1a: Jirachi|Psychic|p2a: Snorlax
|-damage|p2a: Snorlax|52/100
|
|-weather|Sandstorm|[upkeep]
|-damage|p2a: Snorlax|46/100|[from] Sandstorm
|-heal|p1a: Jirachi|85/100|[from] item: Leftovers
|-heal|p2a: Snorlax|52/100|[from] item: Leftovers
|upkeep
|turn|11
|
|t:|1730247804
|switch|p1a: Tyranitar|Tyranitar, F, shiny|84/100
|move|p2a: Snorlax|Earthquake|p1a: Tyranitar
|-supereffective|p1a: Tyranitar
|-damage|p1a: Tyranitar|39/100
|
|-weather|Sandstorm|[upkeep]
|-damage|p2a: Snorlax|46/100|[from] Sandstorm
|-heal|p2a: Snorlax|52/100|[from] item: Leftovers
|upkeep
|turn|12
|inactive|Loneling has 270 seconds left.
|
|t:|1730247815
|switch|p2a: Salamence|Salamence, M|100/100
|-ability|p2a: Salamence|Intimidate|boost
|-unboost|p1a: Tyranitar|atk|1
|move|p1a: Tyranitar|Rock Slide|p2a: Salamence
|-supereffective|p2a: Salamence
|-damage|p2a: Salamence|30/100
|
|-weather|Sandstorm|[upkeep]
|-damage|p2a: Salamence|24/100|[from] Sandstorm
|-heal|p2a: Salamence|30/100|[from] item: Leftovers
|upkeep
|turn|13
|inactive|Loneling has 270 seconds left.
|
|t:|1730247824
|switch|p1a: Starmie|Starmie, shiny|100/100
|move|p2a: Salamence|Dragon Claw|p1a: Starmie
|-damage|p1a: Starmie|37/100
|
|-weather|Sandstorm|[upkeep]
|-damage|p1a: Starmie|31/100|[from] Sandstorm
|-damage|p2a: Salamence|24/100|[from] Sandstorm
|-heal|p1a: Starmie|37/100|[from] item: Leftovers
|-heal|p2a: Salamence|30/100|[from] item: Leftovers
|upkeep
|turn|14
|inactive|Loneling has 270 seconds left.
|
|t:|1730247840
|move|p1a: Starmie|Ice Beam|p2a: Salamence
|-supereffective|p2a: Salamence
|-damage|p2a: Salamence|0 fnt
|faint|p2a: Salamence
|
|t:|1730247842
|switch|p2a: Snorlax|Snorlax, F|52/100
|-damage|p2a: Snorlax|39/100|[from] Spikes
|
|-weather|Sandstorm|[upkeep]
|-damage|p1a: Starmie|31/100|[from] Sandstorm
|-damage|p2a: Snorlax|33/100|[from] Sandstorm
|-heal|p1a: Starmie|37/100|[from] item: Leftovers
|-heal|p2a: Snorlax|39/100|[from] item: Leftovers
|upkeep
|turn|15
|
|t:|1730247846
|switch|p1a: Tyranitar|Tyranitar, F, shiny|39/100
|move|p2a: Snorlax|Earthquake|p1a: Tyranitar
|-supereffective|p1a: Tyranitar
|-damage|p1a: Tyranitar|0 fnt
|faint|p1a: Tyranitar
|
|t:|1730247854
|switch|p1a: Flygon|Flygon, M, shiny|100/100
|
|-weather|Sandstorm|[upkeep]
|-damage|p2a: Snorlax|33/100|[from] Sandstorm
|-heal|p2a: Snorlax|39/100|[from] item: Leftovers
|upkeep
|turn|16
|
|t:|1730247860
|switch|p2a: Suicune|Suicune|68/100
|-damage|p2a: Suicune|55/100|[from] Spikes
|move|p1a: Flygon|Protect||[still]
|-fail|p1a: Flygon
|
|-weather|Sandstorm|[upkeep]
|-damage|p2a: Suicune|49/100|[from] Sandstorm
|-heal|p2a: Suicune|55/100|[from] item: Leftovers
|upkeep
|turn|17
|
|t:|1730247863
|switch|p1a: Jirachi|Jirachi|85/100
|move|p2a: Suicune|Calm Mind|p2a: Suicune
|-boost|p2a: Suicune|spa|1
|-boost|p2a: Suicune|spd|1
|
|-weather|Sandstorm|[upkeep]
|-damage|p2a: Suicune|49/100|[from] Sandstorm
|-heal|p1a: Jirachi|91/100|[from] item: Leftovers
|-heal|p2a: Suicune|55/100|[from] item: Leftovers
|upkeep
|turn|18
|
|t:|1730247868
|move|p1a: Jirachi|Calm Mind|p1a: Jirachi
|-boost|p1a: Jirachi|spa|1
|-boost|p1a: Jirachi|spd|1
|move|p2a: Suicune|Calm Mind|p2a: Suicune
|-boost|p2a: Suicune|spa|1
|-boost|p2a: Suicune|spd|1
|
|-weather|Sandstorm|[upkeep]
|-damage|p2a: Suicune|49/100|[from] Sandstorm
|-heal|p1a: Jirachi|98/100|[from] item: Leftovers
|-heal|p2a: Suicune|55/100|[from] item: Leftovers
|upkeep
|turn|19
|
|t:|1730247871
|move|p1a: Jirachi|Hidden Power|p2a: Suicune
|-supereffective|p2a: Suicune
|-damage|p2a: Suicune|30/100
|move|p2a: Suicune|Roar|p1a: Jirachi
|drag|p1a: Flygon|Flygon, M, shiny|100/100
|
|-weather|Sandstorm|[upkeep]
|-damage|p2a: Suicune|24/100|[from] Sandstorm
|-heal|p2a: Suicune|30/100|[from] item: Leftovers
|upkeep
|turn|20
|
|t:|1730247882
|move|p1a: Flygon|Earthquake|p2a: Suicune
|-damage|p2a: Suicune|8/100
|move|p2a: Suicune|Rest|p2a: Suicune
|-status|p2a: Suicune|slp|[from] move: Rest
|-heal|p2a: Suicune|100/100 slp|[silent]
|
|-weather|Sandstorm|[upkeep]
|-damage|p2a: Suicune|94/100 slp|[from] Sandstorm
|-heal|p2a: Suicune|100/100 slp|[from] item: Leftovers
|upkeep
|turn|21
|
|t:|1730247889
|switch|p1a: Zapdos|Zapdos|100/100
|cant|p2a: Suicune|slp
|
|-weather|Sandstorm|[upkeep]
|-damage|p1a: Zapdos|94/100|[from] Sandstorm
|-damage|p2a: Suicune|94/100 slp|[from] Sandstorm
|-heal|p1a: Zapdos|100/100|[from] item: Leftovers
|-heal|p2a: Suicune|100/100 slp|[from] item: Leftovers
|upkeep
|turn|22
|
|t:|1730247893
|move|p1a: Zapdos|Thunderbolt|p2a: Suicune
|-supereffective|p2a: Suicune
|-damage|p2a: Suicune|64/100 slp
|cant|p2a: Suicune|slp
|
|-weather|Sandstorm|[upkeep]
|-damage|p1a: Zapdos|94/100|[from] Sandstorm
|-damage|p2a: Suicune|58/100 slp|[from] Sandstorm
|-heal|p1a: Zapdos|100/100|[from] item: Leftovers
|-heal|p2a: Suicune|64/100 slp|[from] item: Leftovers
|upkeep
|turn|23
|
|t:|1730247905
|move|p1a: Zapdos|Thunderbolt|p2a: Suicune
|-supereffective|p2a: Suicune
|-damage|p2a: Suicune|25/100 slp
|-curestatus|p2a: Suicune|slp|[msg]
|move|p2a: Suicune|Calm Mind|p2a: Suicune
|-boost|p2a: Suicune|spa|1
|-boost|p2a: Suicune|spd|1
|
|-weather|Sandstorm|[upkeep]
|-damage|p1a: Zapdos|94/100|[from] Sandstorm
|-damage|p2a: Suicune|19/100|[from] Sandstorm
|-heal|p1a: Zapdos|100/100|[from] item: Leftovers
|-heal|p2a: Suicune|25/100|[from] item: Leftovers
|upkeep
|turn|24
|
|t:|1730247911
|move|p1a: Zapdos|Thunderbolt|p2a: Suicune
|-supereffective|p2a: Suicune
|-damage|p2a: Suicune|0 fnt
|faint|p2a: Suicune
|
|t:|1730247924
|switch|p2a: Snorlax|Snorlax, F|39/100
|-damage|p2a: Snorlax|27/100|[from] Spikes
|
|-weather|Sandstorm|[upkeep]
|-damage|p1a: Zapdos|94/100|[from] Sandstorm
|-damage|p2a: Snorlax|21/100|[from] Sandstorm
|-heal|p1a: Zapdos|100/100|[from] item: Leftovers
|-heal|p2a: Snorlax|27/100|[from] item: Leftovers
|upkeep
|turn|25
|
|t:|1730247931
|move|p1a: Zapdos|Drill Peck|p2a: Snorlax
|-damage|p2a: Snorlax|2/100
|move|p2a: Snorlax|Body Slam|p1a: Zapdos
|-damage|p1a: Zapdos|48/100
|
|-weather|Sandstorm|[upkeep]
|-damage|p1a: Zapdos|41/100|[from] Sandstorm
|-damage|p2a: Snorlax|0 fnt|[from] Sandstorm
|faint|p2a: Snorlax
|-heal|p1a: Zapdos|48/100|[from] item: Leftovers
|upkeep
|
|t:|1730247938
|switch|p2a: Metagross|Metagross|28/100
|-damage|p2a: Metagross|16/100|[from] Spikes
|turn|26
|
|t:|1730247941
|move|p1a: Zapdos|Thunderbolt|p2a: Metagross
|-damage|p2a: Metagross|0 fnt
|faint|p2a: Metagross
|
|t:|1730247943
|switch|p2a: Heracross|Heracross, F|100/100
|-damage|p2a: Heracross|88/100|[from] Spikes
|
|-weather|Sandstorm|[upkeep]
|-damage|p1a: Zapdos|41/100|[from] Sandstorm
|-damage|p2a: Heracross|82/100|[from] Sandstorm
|-heal|p1a: Zapdos|48/100|[from] item: Leftovers
|upkeep
|turn|27
|
|t:|1730247951
|move|p1a: Zapdos|Drill Peck|p2a: Heracross
|-supereffective|p2a: Heracross
|-damage|p2a: Heracross|0 fnt
|faint|p2a: Heracross
|
|win|Ghostfall22
|c|☆Ghostfall22|gg
|c|☆Loneling|Gg

</script>
<script type="application/json" class="data" id="replaydata-smogtours-gen3ou-803394">
{"id":"smogtours-gen3ou-803394","format":"[Gen 3] OU","players":["Ghostfall22","Loneling"],"uploadtime":1730247951,"views":56,"formatid":"gen3ou","rating":null,"private":0,"password":null}
</script>

<script defer src="js/replays.js?9d40a366"></script>
