<!DOCTYPE html>
<meta charset="utf-8" />
<meta name="viewport" content="width=device-width" />

<title>[Gen 3] OU: Depres_ionCher_y vs. Fakes - Replays - Pok&eacute;mon Showdown!</title>

<meta name="description" content="Watch a replay of a Pok&eacute;mon battle between Depres_ionCher_y and Fakes! Format: [Gen 3] OU; Date: Oct 28, 2024" />
<!--

Hey, you! Looking in the source for the replay log?

You can find them in JSON format, just add `.json` at the end of a replay URL.

https://replay.pokemonshowdown.com/gen7randomdoublesbattle-865046831.json

Or, if you only need the log itself, add `.log` instead:

https://replay.pokemonshowdown.com/gen7randomdoublesbattle-865046831.log

-->

<link rel="stylesheet" href="//pokemonshowdown.com/style/global.css?0.767286132409787" />
<link rel="stylesheet" href="//play.pokemonshowdown.com/style/font-awesome.css?0.9266228007934947" />
<link rel="stylesheet" href="//play.pokemonshowdown.com/style/battle.css?0.7924700842790926" />
<link rel="stylesheet" href="//play.pokemonshowdown.com/style/utilichart.css?0.8777417872839479" />

<!-- Global site tag (gtag.js) - Google Analytics -->
<script async src="https://www.googletagmanager.com/gtag/js?id=UA-26211653-1"></script>
<script>
  window.dataLayer = window.dataLayer || [];
  function gtag(){dataLayer.push(arguments);}
  gtag('js', new Date());

  gtag('config', 'UA-26211653-1');
</script>
<!-- End Google Analytics -->
<!-- Venatus Ad Manager - Install in <HEAD> of page -->
	<script src="https://hb.vntsm.com/v3/live/ad-manager.min.js" type="text/javascript" data-site-id="642aba63ec9a7b11c3c9c1be" data-mode="scan" async></script>
<!-- / Venatus Ad Manager -->

<style>
	@media (max-width:820px) {
		.battle {
			margin: 0 auto;
		}
		.battle-log {
			margin: 7px auto 0;
			max-width: 640px;
			height: 300px;
			position: static;
		}
	}
	.optgroup {
		display: inline-block;
		line-height: 22px;
		font-size: 10pt;
	}
	.optgroup .button {
		height: 25px;
		padding-top: 0;
		padding-bottom: 0;
	}
	.optgroup button.button {
		padding-left: 12px;
		padding-right: 12px;
	}
	.linklist {
		list-style: none;
		margin: 0.5em 0;
		padding: 0;
	}
	.linklist li {
		padding: 2px 0;
	}
	.sidebar {
		float: left;
		width: 320px;
	}
	.bar-wrapper {
		max-width: 1100px;
		margin: 0 auto;
	}
	.bar-wrapper.has-sidebar {
		max-width: 1430px;
	}
	.mainbar {
		margin: 0;
		padding-right: 1px;
	}
	.mainbar.has-sidebar {
		margin-left: 330px;
	}
	@media (min-width: 1511px) {
		.sidebar {
			width: 400px;
		}
		.bar-wrapper.has-sidebar {
			max-width: 1510px;
		}
		.mainbar.has-sidebar {
			margin-left: 410px;
		}
	}
	.section.first-section {
		margin-top: 9px;
	}
	.blocklink small {
		white-space: normal;
	}
	.button {
		vertical-align: middle;
	}
	.replay-controls {
		padding-top: 10px;
	}
	.replay-controls h1 {
		font-size: 16pt;
		font-weight: normal;
		color: #CCC;
	}
	.pagelink {
		text-align: center;
	}
	.pagelink a {
		width: 150px;
	}
	.textbox, .button {
		font-size: 11pt;
		vertical-align: middle;
	}
	@media (max-width: 450px) {
		.button {
			font-size: 9pt;
		}
	}
</style>

<div>

	<header>
		<div class="nav-wrapper"><ul class="nav">
			<li><a class="button nav-first" href="//pokemonshowdown.com/"><img src="//pokemonshowdown.com/images/pokemonshowdownbeta.png" srcset="//pokemonshowdown.com/images/pokemonshowdownbeta.png 1x, //pokemonshowdown.com/images/pokemonshowdownbeta@2x.png 2x" alt="Pok&eacute;mon Showdown" width="146" height="44" /> Home</a></li>
			<li><a class="button" href="//pokemonshowdown.com/dex/">Pok&eacute;dex</a></li>
			<li><a class="button cur" href="/">Replays</a></li>
			<li><a class="button" href="//pokemonshowdown.com/ladder/">Ladder</a></li>
			<li><a class="button nav-last" href="//pokemonshowdown.com/forums/">Forum</a></li>
			<li><a class="button greenbutton nav-first nav-last" href="//play.pokemonshowdown.com/">Play</a></li>
		</ul></div>
	</header>

	<div class="main" id="main">

		<noscript><section class="section">You need to enable JavaScript to use this page; sorry!</section></noscript>

	</div>

</div>

<script defer nomodule src="//play.pokemonshowdown.com/js/lib/ps-polyfill.js"></script>
<script defer src="//play.pokemonshowdown.com/js/lib/preact.min.js"></script>

<script defer src="//play.pokemonshowdown.com/config/config.js?6dec07f6"></script>
<script defer src="//play.pokemonshowdown.com/js/lib/jquery-1.11.0.min.js"></script>
<script defer src="//play.pokemonshowdown.com/js/lib/html-sanitizer-minified.js"></script>
<script defer src="//play.pokemonshowdown.com/js/battle-sound.js"></script>
<script defer src="//play.pokemonshowdown.com/js/battledata.js?0.6315294753075389"></script>
<script defer src="//play.pokemonshowdown.com/data/pokedex-mini.js?0.7603743185311358"></script>
<script defer src="//play.pokemonshowdown.com/data/pokedex-mini-bw.js?0.030888842834281283"></script>
<script defer src="//play.pokemonshowdown.com/data/graphics.js?0.05593094747507488"></script>
<script defer src="//play.pokemonshowdown.com/data/pokedex.js?0.47064822249611904"></script>
<script defer src="//play.pokemonshowdown.com/data/moves.js?0.8583693120512459"></script>
<script defer src="//play.pokemonshowdown.com/data/abilities.js?0.16017181182386842"></script>
<script defer src="//play.pokemonshowdown.com/data/items.js?0.4163379185673943"></script>
<script defer src="//play.pokemonshowdown.com/data/teambuilder-tables.js?0.31075597372830477"></script>
<script defer src="//play.pokemonshowdown.com/js/battle-tooltips.js?0.6536193500708172"></script>
<script defer src="//play.pokemonshowdown.com/js/battle.js?0.1916591943277901"></script>

<script defer src="js/utils.js?e31f9a17"></script>
<script defer src="js/replays-battle.js?7008c182"></script>

<!-- don't scrape this data! just add .json or .log after the URL!
Full API docs: https://github.com/smogon/pokemon-showdown-client/blob/master/WEB-API.md -->
<script type="text/plain" class="log" id="replaylog-smogtours-gen3ou-803055">
|inactive|Battle timer is ON: inactive players will automatically lose when time's up.
|t:|1730123855
|gametype|singles
|player|p1|Depres_ionCher_y|waitress-gen4|
|player|p2|Fakes|lucas|
|teamsize|p1|6
|teamsize|p2|6
|gen|3
|tier|[Gen 3] OU
|rule|Sleep Clause Mod: Limit one foe put to sleep
|rule|Switch Priority Clause Mod: Faster Pokémon switch first
|rule|Species Clause: Limit one of each Pokémon
|rule|OHKO Clause: OHKO moves are banned
|rule|Evasion Items Clause: Evasion items are banned
|rule|Evasion Moves Clause: Evasion moves are banned
|rule|Endless Battle Clause: Forcing endless battles is banned
|rule|HP Percentage Mod: HP is shown in percentages
|rule|One Boost Passer Clause: Limit one Baton Passer that has a way to boost its stats
|rule|Freeze Clause Mod: Limit one foe frozen
|
|t:|1730123855
|start
|switch|p1a: Skarmory|Skarmory, M|100/100
|switch|p2a: Tyranitar|Tyranitar, M|100/100
|-weather|Sandstorm|[from] ability: Sand Stream|[of] p2a: Tyranitar
|turn|1
|c|☆Depres_ionCher_y|hf
|c|☆Fakes|hf
|
|t:|1730123872
|-singleturn|p2a: Tyranitar|move: Focus Punch
|move|p1a: Skarmory|Spikes|p2a: Tyranitar
|-sidestart|p2: Fakes|Spikes
|move|p2a: Tyranitar|Focus Punch|p1a: Skarmory
|-damage|p1a: Skarmory|51/100
|
|-weather|Sandstorm|[upkeep]
|-heal|p1a: Skarmory|57/100|[from] item: Leftovers
|upkeep
|turn|2
|
|t:|1730123885
|switch|p1a: Metagross|Metagross|100/100
|move|p2a: Tyranitar|Rock Slide|p1a: Metagross
|-resisted|p1a: Metagross
|-damage|p1a: Metagross|84/100
|
|-weather|Sandstorm|[upkeep]
|-heal|p1a: Metagross|90/100|[from] item: Leftovers
|upkeep
|turn|3
|inactive|Depres_ionCher_y has 270 seconds left.
|
|t:|1730123920
|switch|p2a: Skarmory|Skarmory, M|100/100
|move|p1a: Metagross|Hidden Power|p2a: Skarmory
|-supereffective|p2a: Skarmory
|-damage|p2a: Skarmory|61/100
|
|-weather|Sandstorm|[upkeep]
|-heal|p1a: Metagross|96/100|[from] item: Leftovers
|-heal|p2a: Skarmory|67/100|[from] item: Leftovers
|upkeep
|turn|4
|inactive|Depres_ionCher_y has 270 seconds left.
|
|t:|1730123929
|move|p2a: Skarmory|Protect|p2a: Skarmory
|-singleturn|p2a: Skarmory|Protect
|move|p1a: Metagross|Hidden Power|p2a: Skarmory
|-activate|p2a: Skarmory|Protect
|
|-weather|Sandstorm|[upkeep]
|-heal|p1a: Metagross|100/100|[from] item: Leftovers
|-heal|p2a: Skarmory|73/100|[from] item: Leftovers
|upkeep
|turn|5
|
|t:|1730123937
|move|p1a: Metagross|Hidden Power|p2a: Skarmory
|-supereffective|p2a: Skarmory
|-damage|p2a: Skarmory|33/100
|move|p2a: Skarmory|Spikes|p1a: Metagross
|-sidestart|p1: Depres_ionCher_y|Spikes
|
|-weather|Sandstorm|[upkeep]
|-heal|p2a: Skarmory|39/100|[from] item: Leftovers
|upkeep
|turn|6
|
|t:|1730123942
|move|p2a: Skarmory|Protect|p2a: Skarmory
|-singleturn|p2a: Skarmory|Protect
|move|p1a: Metagross|Hidden Power|p2a: Skarmory
|-activate|p2a: Skarmory|Protect
|
|-weather|Sandstorm|[upkeep]
|-heal|p2a: Skarmory|45/100|[from] item: Leftovers
|upkeep
|turn|7
|
|t:|1730123946
|move|p1a: Metagross|Hidden Power|p2a: Skarmory
|-supereffective|p2a: Skarmory
|-damage|p2a: Skarmory|5/100
|move|p2a: Skarmory|Roar|p1a: Metagross
|drag|p1a: Blissey|Blissey, F|100/100
|-damage|p1a: Blissey|88/100|[from] Spikes
|
|-weather|Sandstorm|[upkeep]
|-damage|p1a: Blissey|82/100|[from] Sandstorm
|-heal|p2a: Skarmory|11/100|[from] item: Leftovers
|-heal|p1a: Blissey|88/100|[from] item: Leftovers
|upkeep
|turn|8
|
|t:|1730123953
|switch|p2a: Tyranitar|Tyranitar, M|100/100
|-damage|p2a: Tyranitar|88/100|[from] Spikes
|move|p1a: Blissey|Ice Beam|p2a: Tyranitar
|-crit|p2a: Tyranitar
|-damage|p2a: Tyranitar|46/100
|
|-weather|Sandstorm|[upkeep]
|-damage|p1a: Blissey|82/100|[from] Sandstorm
|-heal|p2a: Tyranitar|52/100|[from] item: Leftovers
|-heal|p1a: Blissey|88/100|[from] item: Leftovers
|upkeep
|turn|9
|
|t:|1730123964
|-singleturn|p2a: Tyranitar|move: Focus Punch
|switch|p1a: Swampert|Swampert, F|100/100
|-damage|p1a: Swampert|88/100|[from] Spikes
|move|p2a: Tyranitar|Focus Punch|p1a: Swampert
|-damage|p1a: Swampert|44/100
|
|-weather|Sandstorm|[upkeep]
|-heal|p2a: Tyranitar|58/100|[from] item: Leftovers
|-heal|p1a: Swampert|50/100|[from] item: Leftovers
|upkeep
|turn|10
|
|t:|1730123975
|switch|p2a: Swampert|Swampert, M|100/100
|-damage|p2a: Swampert|88/100|[from] Spikes
|move|p1a: Swampert|Hydro Pump|p2a: Swampert
|-damage|p2a: Swampert|59/100
|
|-weather|Sandstorm|[upkeep]
|-heal|p2a: Swampert|65/100|[from] item: Leftovers
|-heal|p1a: Swampert|56/100|[from] item: Leftovers
|upkeep
|turn|11
|
|t:|1730123997
|move|p1a: Swampert|Protect|p1a: Swampert
|-singleturn|p1a: Swampert|Protect
|move|p2a: Swampert|Surf|p1a: Swampert
|-activate|p1a: Swampert|Protect
|
|-weather|Sandstorm|[upkeep]
|-heal|p2a: Swampert|72/100|[from] item: Leftovers
|-heal|p1a: Swampert|62/100|[from] item: Leftovers
|upkeep
|turn|12
|
|t:|1730124003
|switch|p1a: Blissey|Blissey, F|88/100
|-damage|p1a: Blissey|76/100|[from] Spikes
|move|p2a: Swampert|Toxic|p1a: Blissey|[miss]
|-miss|p2a: Swampert|p1a: Blissey
|
|-weather|Sandstorm|[upkeep]
|-damage|p1a: Blissey|69/100|[from] Sandstorm
|-heal|p2a: Swampert|78/100|[from] item: Leftovers
|-heal|p1a: Blissey|76/100|[from] item: Leftovers
|upkeep
|turn|13
|
|t:|1730124008
|switch|p1a: Gengar|Gengar, M|100/100
|move|p2a: Swampert|Toxic|p1a: Gengar
|-immune|p1a: Gengar
|
|-weather|Sandstorm|[upkeep]
|-damage|p1a: Gengar|94/100|[from] Sandstorm
|-heal|p1a: Gengar|100/100|[from] item: Leftovers
|-heal|p2a: Swampert|84/100|[from] item: Leftovers
|upkeep
|turn|14
|
|t:|1730124011
|move|p2a: Swampert|Protect|p2a: Swampert
|-singleturn|p2a: Swampert|Protect
|move|p1a: Gengar|Will-O-Wisp|p2a: Swampert
|-activate|p2a: Swampert|Protect
|
|-weather|Sandstorm|[upkeep]
|-damage|p1a: Gengar|94/100|[from] Sandstorm
|-heal|p1a: Gengar|100/100|[from] item: Leftovers
|-heal|p2a: Swampert|90/100|[from] item: Leftovers
|upkeep
|turn|15
|
|t:|1730124015
|switch|p2a: Blissey|Blissey, F|100/100
|-damage|p2a: Blissey|88/100|[from] Spikes
|move|p1a: Gengar|Will-O-Wisp|p2a: Blissey
|-status|p2a: Blissey|brn
|
|-weather|Sandstorm|[upkeep]
|-damage|p1a: Gengar|94/100|[from] Sandstorm
|-damage|p2a: Blissey|82/100 brn|[from] Sandstorm
|-heal|p1a: Gengar|100/100|[from] item: Leftovers
|-heal|p2a: Blissey|88/100 brn|[from] item: Leftovers
|-damage|p2a: Blissey|76/100 brn|[from] brn
|upkeep
|turn|16
|
|t:|1730124021
|switch|p1a: Skarmory|Skarmory, M|57/100
|move|p2a: Blissey|Wish|p2a: Blissey
|
|-weather|Sandstorm|[upkeep]
|-damage|p2a: Blissey|70/100 brn|[from] Sandstorm
|-heal|p1a: Skarmory|63/100|[from] item: Leftovers
|-heal|p2a: Blissey|76/100 brn|[from] item: Leftovers
|-damage|p2a: Blissey|63/100 brn|[from] brn
|upkeep
|turn|17
|
|t:|1730124028
|-curestatus|p2a: Blissey|brn|[from] ability: Natural Cure
|switch|p2a: Skarmory|Skarmory, M|11/100
|move|p1a: Skarmory|Spikes|p2a: Skarmory
|-sidestart|p2: Fakes|Spikes
|
|-heal|p2a: Skarmory|61/100|[from] move: Wish|[wisher] Blissey
|-weather|Sandstorm|[upkeep]
|-heal|p1a: Skarmory|69/100|[from] item: Leftovers
|-heal|p2a: Skarmory|67/100|[from] item: Leftovers
|upkeep
|turn|18
|
|t:|1730124033
|move|p1a: Skarmory|Taunt|p2a: Skarmory
|-start|p2a: Skarmory|move: Taunt
|cant|p2a: Skarmory|move: Taunt|Spikes
|
|-weather|Sandstorm|[upkeep]
|-heal|p1a: Skarmory|75/100|[from] item: Leftovers
|-heal|p2a: Skarmory|73/100|[from] item: Leftovers
|upkeep
|turn|19
|
|t:|1730124037
|switch|p2a: Starmie|Starmie|100/100
|-damage|p2a: Starmie|84/100|[from] Spikes
|move|p1a: Skarmory|Spikes|p2a: Starmie
|-sidestart|p2: Fakes|Spikes
|
|-weather|Sandstorm|[upkeep]
|-damage|p2a: Starmie|78/100|[from] Sandstorm
|-heal|p2a: Starmie|84/100|[from] item: Leftovers
|-heal|p1a: Skarmory|81/100|[from] item: Leftovers
|upkeep
|turn|20
|
|t:|1730124043
|move|p2a: Starmie|Hydro Pump|p1a: Skarmory
|-damage|p1a: Skarmory|26/100
|move|p1a: Skarmory|Toxic|p2a: Starmie
|-status|p2a: Starmie|tox
|
|-weather|Sandstorm|[upkeep]
|-damage|p2a: Starmie|78/100 tox|[from] Sandstorm
|-heal|p2a: Starmie|84/100 tox|[from] item: Leftovers
|-damage|p2a: Starmie|78/100 tox|[from] psn
|-heal|p1a: Skarmory|32/100|[from] item: Leftovers
|upkeep
|turn|21
|
|t:|1730124049
|switch|p1a: Gengar|Gengar, M|100/100
|move|p2a: Starmie|Hydro Pump|p1a: Gengar
|-damage|p1a: Gengar|41/100
|
|-weather|Sandstorm|[upkeep]
|-damage|p2a: Starmie|72/100 tox|[from] Sandstorm
|-damage|p1a: Gengar|34/100|[from] Sandstorm
|-heal|p2a: Starmie|78/100 tox|[from] item: Leftovers
|-damage|p2a: Starmie|66/100 tox|[from] psn
|-heal|p1a: Gengar|41/100|[from] item: Leftovers
|upkeep
|turn|22
|
|t:|1730124061
|move|p2a: Starmie|Hydro Pump|p1a: Gengar
|-damage|p1a: Gengar|0 fnt
|faint|p1a: Gengar
|
|t:|1730124064
|switch|p1a: Raikou|Raikou|100/100
|-damage|p1a: Raikou|88/100|[from] Spikes
|
|-weather|Sandstorm|[upkeep]
|-damage|p1a: Raikou|82/100|[from] Sandstorm
|-damage|p2a: Starmie|60/100 tox|[from] Sandstorm
|-heal|p1a: Raikou|88/100|[from] item: Leftovers
|-heal|p2a: Starmie|66/100 tox|[from] item: Leftovers
|-damage|p2a: Starmie|47/100 tox|[from] psn
|upkeep
|turn|23
|inactive|Fakes has 270 seconds left.
|inactive|Fakes has 240 seconds left.
|
|t:|1730124124
|-curestatus|p2a: Starmie|tox|[from] ability: Natural Cure
|switch|p2a: Tyranitar|Tyranitar, M|58/100
|-damage|p2a: Tyranitar|33/100|[from] Spikes
|move|p1a: Raikou|Thunderbolt|p2a: Tyranitar
|-damage|p2a: Tyranitar|0 fnt
|faint|p2a: Tyranitar
|
|t:|1730124127
|switch|p2a: Blissey|Blissey, F|63/100
|-damage|p2a: Blissey|39/100|[from] Spikes
|
|-weather|Sandstorm|[upkeep]
|-damage|p1a: Raikou|82/100|[from] Sandstorm
|-damage|p2a: Blissey|32/100|[from] Sandstorm
|-heal|p1a: Raikou|88/100|[from] item: Leftovers
|-heal|p2a: Blissey|39/100|[from] item: Leftovers
|upkeep
|turn|24
|
|t:|1730124133
|switch|p1a: Metagross|Metagross|100/100
|-damage|p1a: Metagross|88/100|[from] Spikes
|move|p2a: Blissey|Soft-Boiled|p2a: Blissey
|-heal|p2a: Blissey|88/100
|
|-weather|Sandstorm|[upkeep]
|-damage|p2a: Blissey|82/100|[from] Sandstorm
|-heal|p1a: Metagross|94/100|[from] item: Leftovers
|-heal|p2a: Blissey|88/100|[from] item: Leftovers
|upkeep
|turn|25
|
|t:|1730124141
|switch|p2a: Skarmory|Skarmory, M|73/100
|move|p1a: Metagross|Hidden Power|p2a: Skarmory
|-supereffective|p2a: Skarmory
|-damage|p2a: Skarmory|34/100
|
|-weather|Sandstorm|[upkeep]
|-heal|p1a: Metagross|100/100|[from] item: Leftovers
|-heal|p2a: Skarmory|40/100|[from] item: Leftovers
|upkeep
|turn|26
|
|t:|1730124146
|move|p2a: Skarmory|Protect|p2a: Skarmory
|-singleturn|p2a: Skarmory|Protect
|move|p1a: Metagross|Hidden Power|p2a: Skarmory
|-activate|p2a: Skarmory|Protect
|
|-weather|Sandstorm|[upkeep]
|-heal|p2a: Skarmory|46/100|[from] item: Leftovers
|upkeep
|turn|27
|
|t:|1730124148
|move|p1a: Metagross|Hidden Power|p2a: Skarmory
|-supereffective|p2a: Skarmory
|-damage|p2a: Skarmory|4/100
|move|p2a: Skarmory|Roar|p1a: Metagross
|drag|p1a: Skarmory|Skarmory, M|32/100
|
|-weather|Sandstorm|[upkeep]
|-heal|p1a: Skarmory|38/100|[from] item: Leftovers
|-heal|p2a: Skarmory|10/100|[from] item: Leftovers
|upkeep
|turn|28
|
|t:|1730124160
|move|p2a: Skarmory|Spikes|p1a: Skarmory
|-sidestart|p1: Depres_ionCher_y|Spikes
|move|p1a: Skarmory|Roar|p2a: Skarmory
|drag|p2a: Gengar|Gengar, M|100/100
|
|-weather|Sandstorm|[upkeep]
|-damage|p2a: Gengar|94/100|[from] Sandstorm
|-heal|p2a: Gengar|100/100|[from] item: Leftovers
|-heal|p1a: Skarmory|44/100|[from] item: Leftovers
|upkeep
|turn|29
|
|t:|1730124165
|switch|p1a: Blissey|Blissey, F|76/100
|-damage|p1a: Blissey|59/100|[from] Spikes
|move|p2a: Gengar|Will-O-Wisp|p1a: Blissey
|-status|p1a: Blissey|brn
|
|-weather|Sandstorm|[upkeep]
|-damage|p2a: Gengar|94/100|[from] Sandstorm
|-damage|p1a: Blissey|53/100 brn|[from] Sandstorm
|-heal|p2a: Gengar|100/100|[from] item: Leftovers
|-heal|p1a: Blissey|59/100 brn|[from] item: Leftovers
|-damage|p1a: Blissey|47/100 brn|[from] brn
|upkeep
|turn|30
|
|t:|1730124170
|move|p2a: Gengar|Taunt|p1a: Blissey
|-start|p1a: Blissey|move: Taunt
|move|p1a: Blissey|Fire Blast|p2a: Gengar
|-damage|p2a: Gengar|62/100
|
|-weather|Sandstorm|[upkeep]
|-damage|p2a: Gengar|56/100|[from] Sandstorm
|-damage|p1a: Blissey|40/100 brn|[from] Sandstorm
|-heal|p2a: Gengar|62/100|[from] item: Leftovers
|-heal|p1a: Blissey|47/100 brn|[from] item: Leftovers
|-damage|p1a: Blissey|34/100 brn|[from] brn
|upkeep
|turn|31
|
|t:|1730124186
|move|p2a: Gengar|Thunderbolt|p1a: Blissey
|-damage|p1a: Blissey|23/100 brn
|move|p1a: Blissey|Fire Blast|p2a: Gengar
|-damage|p2a: Gengar|25/100
|-status|p2a: Gengar|brn
|
|-weather|Sandstorm|[upkeep]
|-damage|p2a: Gengar|19/100 brn|[from] Sandstorm
|-damage|p1a: Blissey|17/100 brn|[from] Sandstorm
|-heal|p2a: Gengar|25/100 brn|[from] item: Leftovers
|-damage|p2a: Gengar|13/100 brn|[from] brn
|-heal|p1a: Blissey|23/100 brn|[from] item: Leftovers
|-damage|p1a: Blissey|10/100 brn|[from] brn
|-end|p1a: Blissey|move: Taunt|[silent]
|upkeep
|turn|32
|
|t:|1730124194
|move|p2a: Gengar|Thunderbolt|p1a: Blissey
|-damage|p1a: Blissey|0 fnt
|faint|p1a: Blissey
|
|t:|1730124205
|switch|p1a: Raikou|Raikou|88/100
|-damage|p1a: Raikou|72/100|[from] Spikes
|
|-weather|Sandstorm|[upkeep]
|-damage|p1a: Raikou|65/100|[from] Sandstorm
|-damage|p2a: Gengar|7/100 brn|[from] Sandstorm
|-heal|p1a: Raikou|72/100|[from] item: Leftovers
|-heal|p2a: Gengar|13/100 brn|[from] item: Leftovers
|-damage|p2a: Gengar|0 fnt|[from] brn
|faint|p2a: Gengar
|upkeep
|
|t:|1730124211
|switch|p2a: Blissey|Blissey, F|88/100
|-damage|p2a: Blissey|64/100|[from] Spikes
|turn|33
|
|t:|1730124215
|switch|p1a: Metagross|Metagross|100/100
|-damage|p1a: Metagross|84/100|[from] Spikes
|move|p2a: Blissey|Wish|p2a: Blissey
|
|-weather|Sandstorm|[upkeep]
|-damage|p2a: Blissey|57/100|[from] Sandstorm
|-heal|p1a: Metagross|90/100|[from] item: Leftovers
|-heal|p2a: Blissey|64/100|[from] item: Leftovers
|upkeep
|turn|34
|
|t:|1730124219
|switch|p2a: Skarmory|Skarmory, M|10/100
|move|p1a: Metagross|Hidden Power|p2a: Skarmory
|-supereffective|p2a: Skarmory
|-damage|p2a: Skarmory|0 fnt
|faint|p2a: Skarmory
|
|t:|1730124222
|switch|p2a: Starmie|Starmie|47/100
|-damage|p2a: Starmie|23/100|[from] Spikes
|
|-heal|p2a: Starmie|73/100|[from] move: Wish|[wisher] Blissey
|-weather|Sandstorm|[upkeep]
|-damage|p2a: Starmie|67/100|[from] Sandstorm
|-heal|p2a: Starmie|73/100|[from] item: Leftovers
|-heal|p1a: Metagross|96/100|[from] item: Leftovers
|upkeep
|turn|35
|inactive|Fakes has 270 seconds left.
|
|t:|1730124259
|move|p2a: Starmie|Rapid Spin|p1a: Metagross
|-resisted|p1a: Metagross
|-damage|p1a: Metagross|95/100
|-sideend|p2: Fakes|Spikes|[from] move: Rapid Spin|[of] p2a: Starmie
|move|p1a: Metagross|Meteor Mash|p2a: Starmie|[miss]
|-miss|p1a: Metagross|p2a: Starmie
|
|-weather|Sandstorm|[upkeep]
|-damage|p2a: Starmie|67/100|[from] Sandstorm
|-heal|p2a: Starmie|73/100|[from] item: Leftovers
|-heal|p1a: Metagross|100/100|[from] item: Leftovers
|upkeep
|turn|36
|
|t:|1730124264
|move|p2a: Starmie|Hydro Pump|p1a: Metagross
|-damage|p1a: Metagross|31/100
|move|p1a: Metagross|Meteor Mash|p2a: Starmie
|-resisted|p2a: Starmie
|-damage|p2a: Starmie|39/100
|-boost|p1a: Metagross|atk|1
|
|-weather|Sandstorm|[upkeep]
|-damage|p2a: Starmie|33/100|[from] Sandstorm
|-heal|p2a: Starmie|39/100|[from] item: Leftovers
|-heal|p1a: Metagross|37/100|[from] item: Leftovers
|upkeep
|turn|37
|
|t:|1730124271
|move|p2a: Starmie|Hydro Pump|p1a: Metagross
|-damage|p1a: Metagross|0 fnt
|faint|p1a: Metagross
|
|t:|1730124276
|switch|p1a: Raikou|Raikou|72/100
|-damage|p1a: Raikou|55/100|[from] Spikes
|
|-weather|Sandstorm|[upkeep]
|-damage|p1a: Raikou|49/100|[from] Sandstorm
|-damage|p2a: Starmie|33/100|[from] Sandstorm
|-heal|p1a: Raikou|55/100|[from] item: Leftovers
|-heal|p2a: Starmie|39/100|[from] item: Leftovers
|upkeep
|turn|38
|
|t:|1730124281
|switch|p2a: Blissey|Blissey, F|64/100
|switch|p1a: Skarmory|Skarmory, M|44/100
|
|-weather|Sandstorm|[upkeep]
|-damage|p2a: Blissey|57/100|[from] Sandstorm
|-heal|p1a: Skarmory|50/100|[from] item: Leftovers
|-heal|p2a: Blissey|64/100|[from] item: Leftovers
|upkeep
|turn|39
|
|t:|1730124285
|switch|p2a: Starmie|Starmie|39/100
|move|p1a: Skarmory|Spikes|p2a: Starmie
|-sidestart|p2: Fakes|Spikes
|
|-weather|Sandstorm|[upkeep]
|-damage|p2a: Starmie|33/100|[from] Sandstorm
|-heal|p2a: Starmie|39/100|[from] item: Leftovers
|-heal|p1a: Skarmory|57/100|[from] item: Leftovers
|upkeep
|turn|40
|
|t:|1730124289
|switch|p1a: Raikou|Raikou|55/100
|-damage|p1a: Raikou|39/100|[from] Spikes
|move|p2a: Starmie|Thunderbolt|p1a: Raikou
|-resisted|p1a: Raikou
|-damage|p1a: Raikou|25/100
|
|-weather|Sandstorm|[upkeep]
|-damage|p1a: Raikou|19/100|[from] Sandstorm
|-damage|p2a: Starmie|33/100|[from] Sandstorm
|-heal|p2a: Starmie|39/100|[from] item: Leftovers
|-heal|p1a: Raikou|25/100|[from] item: Leftovers
|upkeep
|turn|41
|
|t:|1730124293
|switch|p2a: Blissey|Blissey, F|64/100
|-damage|p2a: Blissey|51/100|[from] Spikes
|move|p1a: Raikou|Thunderbolt|p2a: Blissey
|-damage|p2a: Blissey|34/100
|
|-weather|Sandstorm|[upkeep]
|-damage|p1a: Raikou|19/100|[from] Sandstorm
|-damage|p2a: Blissey|27/100|[from] Sandstorm
|-heal|p1a: Raikou|25/100|[from] item: Leftovers
|-heal|p2a: Blissey|34/100|[from] item: Leftovers
|upkeep
|turn|42
|
|t:|1730124296
|switch|p1a: Skarmory|Skarmory, M|57/100
|move|p2a: Blissey|Soft-Boiled|p2a: Blissey
|-heal|p2a: Blissey|83/100
|
|-weather|Sandstorm|[upkeep]
|-damage|p2a: Blissey|77/100|[from] Sandstorm
|-heal|p1a: Skarmory|63/100|[from] item: Leftovers
|-heal|p2a: Blissey|83/100|[from] item: Leftovers
|upkeep
|turn|43
|
|t:|1730124301
|move|p1a: Skarmory|Spikes|p2a: Blissey
|-sidestart|p2: Fakes|Spikes
|move|p2a: Blissey|Wish|p2a: Blissey
|
|-weather|Sandstorm|[upkeep]
|-damage|p2a: Blissey|77/100|[from] Sandstorm
|-heal|p1a: Skarmory|69/100|[from] item: Leftovers
|-heal|p2a: Blissey|83/100|[from] item: Leftovers
|upkeep
|turn|44
|
|t:|1730124308
|move|p1a: Skarmory|Toxic|p2a: Blissey
|-status|p2a: Blissey|tox
|move|p2a: Blissey|Seismic Toss|p1a: Skarmory
|-damage|p1a: Skarmory|38/100
|
|-heal|p2a: Blissey|100/100 tox|[from] move: Wish|[wisher] Blissey
|-weather|Sandstorm|[upkeep]
|-damage|p2a: Blissey|94/100 tox|[from] Sandstorm
|-heal|p1a: Skarmory|44/100|[from] item: Leftovers
|-heal|p2a: Blissey|100/100 tox|[from] item: Leftovers
|-damage|p2a: Blissey|94/100 tox|[from] psn
|upkeep
|turn|45
|
|t:|1730124317
|move|p2a: Blissey|Wish|p2a: Blissey
|move|p1a: Skarmory|Roar|p2a: Blissey
|-curestatus|p2a: Blissey|tox|[from] ability: Natural Cure
|drag|p2a: Starmie|Starmie|39/100
|-damage|p2a: Starmie|22/100|[from] Spikes
|
|-weather|Sandstorm|[upkeep]
|-damage|p2a: Starmie|16/100|[from] Sandstorm
|-heal|p2a: Starmie|22/100|[from] item: Leftovers
|-heal|p1a: Skarmory|50/100|[from] item: Leftovers
|upkeep
|turn|46
|
|t:|1730124323
|move|p2a: Starmie|Thunderbolt|p1a: Skarmory
|-supereffective|p1a: Skarmory
|-damage|p1a: Skarmory|0 fnt
|faint|p1a: Skarmory
|
|t:|1730124326
|switch|p1a: Raikou|Raikou|25/100
|-damage|p1a: Raikou|9/100|[from] Spikes
|
|-heal|p2a: Starmie|72/100|[from] move: Wish|[wisher] Blissey
|-weather|Sandstorm|[upkeep]
|-damage|p1a: Raikou|3/100|[from] Sandstorm
|-damage|p2a: Starmie|66/100|[from] Sandstorm
|-heal|p1a: Raikou|9/100|[from] item: Leftovers
|-heal|p2a: Starmie|72/100|[from] item: Leftovers
|upkeep
|turn|47
|c|☆Depres_ionCher_y|gg
|c|☆Fakes|gg
|-message|Depres_ionCher_y forfeited.
|
|win|Fakes
|player|p1|

</script>
<script type="application/json" class="data" id="replaydata-smogtours-gen3ou-803055">
{"id":"smogtours-gen3ou-803055","format":"[Gen 3] OU","players":["Depres_ionCher_y","Fakes"],"uploadtime":1730124338,"views":147,"formatid":"gen3ou","rating":null,"private":1,"password":null}
</script>

<script defer src="js/replays.js?9d40a366"></script>
