<!DOCTYPE html>
<meta charset="utf-8" />
<meta name="viewport" content="width=device-width" />

<title>[Gen 3] OU: hitmonYEE vs. MintChocolateGuy - Replays - Pok&eacute;mon Showdown!</title>

<meta name="description" content="Watch a replay of a Pok&eacute;mon battle between hitmonYEE and MintChocolateGuy! Format: [Gen 3] OU; Date: Oct 31, 2024" />
<!--

Hey, you! Looking in the source for the replay log?

You can find them in JSON format, just add `.json` at the end of a replay URL.

https://replay.pokemonshowdown.com/gen7randomdoublesbattle-865046831.json

Or, if you only need the log itself, add `.log` instead:

https://replay.pokemonshowdown.com/gen7randomdoublesbattle-865046831.log

-->

<link rel="stylesheet" href="//pokemonshowdown.com/style/global.css?0.023195364461161105" />
<link rel="stylesheet" href="//play.pokemonshowdown.com/style/font-awesome.css?0.13261647063804238" />
<link rel="stylesheet" href="//play.pokemonshowdown.com/style/battle.css?0.8753245789963631" />
<link rel="stylesheet" href="//play.pokemonshowdown.com/style/utilichart.css?0.8627959624976733" />

<!-- Global site tag (gtag.js) - Google Analytics -->
<script async src="https://www.googletagmanager.com/gtag/js?id=UA-26211653-1"></script>
<script>
  window.dataLayer = window.dataLayer || [];
  function gtag(){dataLayer.push(arguments);}
  gtag('js', new Date());

  gtag('config', 'UA-26211653-1');
</script>
<!-- End Google Analytics -->
<!-- Venatus Ad Manager - Install in <HEAD> of page -->
	<script src="https://hb.vntsm.com/v3/live/ad-manager.min.js" type="text/javascript" data-site-id="642aba63ec9a7b11c3c9c1be" data-mode="scan" async></script>
<!-- / Venatus Ad Manager -->

<style>
	@media (max-width:820px) {
		.battle {
			margin: 0 auto;
		}
		.battle-log {
			margin: 7px auto 0;
			max-width: 640px;
			height: 300px;
			position: static;
		}
	}
	.optgroup {
		display: inline-block;
		line-height: 22px;
		font-size: 10pt;
	}
	.optgroup .button {
		height: 25px;
		padding-top: 0;
		padding-bottom: 0;
	}
	.optgroup button.button {
		padding-left: 12px;
		padding-right: 12px;
	}
	.linklist {
		list-style: none;
		margin: 0.5em 0;
		padding: 0;
	}
	.linklist li {
		padding: 2px 0;
	}
	.sidebar {
		float: left;
		width: 320px;
	}
	.bar-wrapper {
		max-width: 1100px;
		margin: 0 auto;
	}
	.bar-wrapper.has-sidebar {
		max-width: 1430px;
	}
	.mainbar {
		margin: 0;
		padding-right: 1px;
	}
	.mainbar.has-sidebar {
		margin-left: 330px;
	}
	@media (min-width: 1511px) {
		.sidebar {
			width: 400px;
		}
		.bar-wrapper.has-sidebar {
			max-width: 1510px;
		}
		.mainbar.has-sidebar {
			margin-left: 410px;
		}
	}
	.section.first-section {
		margin-top: 9px;
	}
	.blocklink small {
		white-space: normal;
	}
	.button {
		vertical-align: middle;
	}
	.replay-controls {
		padding-top: 10px;
	}
	.replay-controls h1 {
		font-size: 16pt;
		font-weight: normal;
		color: #CCC;
	}
	.pagelink {
		text-align: center;
	}
	.pagelink a {
		width: 150px;
	}
	.textbox, .button {
		font-size: 11pt;
		vertical-align: middle;
	}
	@media (max-width: 450px) {
		.button {
			font-size: 9pt;
		}
	}
</style>

<div>

	<header>
		<div class="nav-wrapper"><ul class="nav">
			<li><a class="button nav-first" href="//pokemonshowdown.com/"><img src="//pokemonshowdown.com/images/pokemonshowdownbeta.png" srcset="//pokemonshowdown.com/images/pokemonshowdownbeta.png 1x, //pokemonshowdown.com/images/pokemonshowdownbeta@2x.png 2x" alt="Pok&eacute;mon Showdown" width="146" height="44" /> Home</a></li>
			<li><a class="button" href="//pokemonshowdown.com/dex/">Pok&eacute;dex</a></li>
			<li><a class="button cur" href="/">Replays</a></li>
			<li><a class="button" href="//pokemonshowdown.com/ladder/">Ladder</a></li>
			<li><a class="button nav-last" href="//pokemonshowdown.com/forums/">Forum</a></li>
			<li><a class="button greenbutton nav-first nav-last" href="//play.pokemonshowdown.com/">Play</a></li>
		</ul></div>
	</header>

	<div class="main" id="main">

		<noscript><section class="section">You need to enable JavaScript to use this page; sorry!</section></noscript>

	</div>

</div>

<script defer nomodule src="//play.pokemonshowdown.com/js/lib/ps-polyfill.js"></script>
<script defer src="//play.pokemonshowdown.com/js/lib/preact.min.js"></script>

<script defer src="//play.pokemonshowdown.com/config/config.js?2bddbc15"></script>
<script defer src="//play.pokemonshowdown.com/js/lib/jquery-1.11.0.min.js"></script>
<script defer src="//play.pokemonshowdown.com/js/lib/html-sanitizer-minified.js"></script>
<script defer src="//play.pokemonshowdown.com/js/battle-sound.js"></script>
<script defer src="//play.pokemonshowdown.com/js/battledata.js?0.7209276989879541"></script>
<script defer src="//play.pokemonshowdown.com/data/pokedex-mini.js?0.6111056340867951"></script>
<script defer src="//play.pokemonshowdown.com/data/pokedex-mini-bw.js?0.3532142036491459"></script>
<script defer src="//play.pokemonshowdown.com/data/graphics.js?0.24223875632456182"></script>
<script defer src="//play.pokemonshowdown.com/data/pokedex.js?0.38839984266356864"></script>
<script defer src="//play.pokemonshowdown.com/data/moves.js?0.21866028504024015"></script>
<script defer src="//play.pokemonshowdown.com/data/abilities.js?0.2005157953846628"></script>
<script defer src="//play.pokemonshowdown.com/data/items.js?0.9894211263848525"></script>
<script defer src="//play.pokemonshowdown.com/data/teambuilder-tables.js?0.6008791140282215"></script>
<script defer src="//play.pokemonshowdown.com/js/battle-tooltips.js?0.7580118955022959"></script>
<script defer src="//play.pokemonshowdown.com/js/battle.js?0.6057722274234274"></script>

<script defer src="js/utils.js?e31f9a17"></script>
<script defer src="js/replays-battle.js?7008c182"></script>

<!-- don't scrape this data! just add .json or .log after the URL!
Full API docs: https://github.com/smogon/pokemon-showdown-client/blob/master/WEB-API.md -->
<script type="text/plain" class="log" id="replaylog-smogtours-gen3ou-803529">
|inactive|Battle timer is ON: inactive players will automatically lose when time's up.
|t:|1730334950
|gametype|singles
|player|p1|hitmonYEE|2|
|player|p2|MintChocolateGuy|gambler|
|teamsize|p1|6
|teamsize|p2|6
|gen|3
|tier|[Gen 3] OU
|rule|Sleep Clause Mod: Limit one foe put to sleep
|rule|Switch Priority Clause Mod: Faster Pokémon switch first
|rule|Species Clause: Limit one of each Pokémon
|rule|OHKO Clause: OHKO moves are banned
|rule|Evasion Items Clause: Evasion items are banned
|rule|Evasion Moves Clause: Evasion moves are banned
|rule|Endless Battle Clause: Forcing endless battles is banned
|rule|HP Percentage Mod: HP is shown in percentages
|rule|One Boost Passer Clause: Limit one Baton Passer that has a way to boost its stats
|rule|Freeze Clause Mod: Limit one foe frozen
|
|t:|1730334950
|start
|switch|p1a: Zapdos|Zapdos|100/100
|switch|p2a: Suicune|Suicune|100/100
|turn|1
|
|t:|1730334964
|switch|p2a: Celebi|Celebi|100/100
|move|p1a: Zapdos|Thunderbolt|p2a: Celebi
|-resisted|p2a: Celebi
|-damage|p2a: Celebi|78/100
|
|-heal|p2a: Celebi|84/100|[from] item: Leftovers
|upkeep
|turn|2
|
|t:|1730334988
|switch|p1a: Metagross|Metagross|100/100
|move|p2a: Celebi|Leech Seed|p1a: Metagross
|-start|p1a: Metagross|move: Leech Seed
|
|-heal|p2a: Celebi|91/100|[from] item: Leftovers
|-damage|p1a: Metagross|88/100|[from] Leech Seed|[of] p2a: Celebi
|-heal|p2a: Celebi|100/100|[silent]
|upkeep
|turn|3
|
|t:|1730335007
|switch|p2a: Forretress|Forretress, F|100/100
|move|p1a: Metagross|Hidden Power|p2a: Forretress
|-supereffective|p2a: Forretress
|-damage|p2a: Forretress|11/100
|
|-heal|p1a: Metagross|94/100|[from] item: Leftovers
|-damage|p1a: Metagross|82/100|[from] Leech Seed|[of] p2a: Forretress
|-heal|p2a: Forretress|23/100|[silent]
|-heal|p2a: Forretress|29/100|[from] item: Leftovers
|upkeep
|turn|4
|
|t:|1730335020
|switch|p2a: Suicune|Suicune|100/100
|move|p1a: Metagross|Hidden Power|p2a: Suicune
|-resisted|p2a: Suicune
|-damage|p2a: Suicune|90/100
|
|-heal|p2a: Suicune|96/100|[from] item: Leftovers
|-heal|p1a: Metagross|88/100|[from] item: Leftovers
|-damage|p1a: Metagross|76/100|[from] Leech Seed|[of] p2a: Suicune
|-heal|p2a: Suicune|100/100|[silent]
|upkeep
|turn|5
|
|t:|1730335029
|switch|p1a: Swampert|Swampert, M|100/100
|move|p2a: Suicune|Substitute|p2a: Suicune
|-start|p2a: Suicune|Substitute
|-damage|p2a: Suicune|75/100
|
|-heal|p2a: Suicune|82/100|[from] item: Leftovers
|upkeep
|turn|6
|
|t:|1730335041
|move|p2a: Suicune|Calm Mind|p2a: Suicune
|-boost|p2a: Suicune|spa|1
|-boost|p2a: Suicune|spd|1
|move|p1a: Swampert|Earthquake|p2a: Suicune
|-end|p2a: Suicune|Substitute
|
|-heal|p2a: Suicune|88/100|[from] item: Leftovers
|upkeep
|turn|7
|
|t:|1730335066
|switch|p1a: Zapdos|Zapdos|100/100
|move|p2a: Suicune|Hydro Pump|p1a: Zapdos
|-damage|p1a: Zapdos|11/100
|
|-heal|p1a: Zapdos|17/100|[from] item: Leftovers
|-heal|p2a: Suicune|94/100|[from] item: Leftovers
|upkeep
|turn|8
|
|t:|1730335078
|switch|p2a: Tyranitar|Tyranitar, F|100/100
|-weather|Sandstorm|[from] ability: Sand Stream|[of] p2a: Tyranitar
|move|p1a: Zapdos|Thunder Wave|p2a: Tyranitar
|-status|p2a: Tyranitar|par
|
|-weather|Sandstorm|[upkeep]
|-damage|p1a: Zapdos|11/100|[from] Sandstorm
|-heal|p1a: Zapdos|17/100|[from] item: Leftovers
|upkeep
|turn|9
|inactive|hitmonYEE has 270 seconds left.
|
|t:|1730335100
|switch|p1a: Swampert|Swampert, M|100/100
|cant|p2a: Tyranitar|par
|
|-weather|Sandstorm|[upkeep]
|upkeep
|turn|10
|inactive|hitmonYEE has 270 seconds left.
|inactive|hitmonYEE has 240 seconds left.
|
|t:|1730335141
|switch|p2a: Celebi|Celebi|100/100
|move|p1a: Swampert|Hydro Pump|p2a: Celebi
|-resisted|p2a: Celebi
|-damage|p2a: Celebi|82/100
|
|-weather|Sandstorm|[upkeep]
|-damage|p2a: Celebi|76/100|[from] Sandstorm
|-heal|p2a: Celebi|82/100|[from] item: Leftovers
|upkeep
|turn|11
|inactive|hitmonYEE has 240 seconds left.
|
|t:|1730335158
|move|p2a: Celebi|Leech Seed|p1a: Swampert
|-start|p1a: Swampert|move: Leech Seed
|move|p1a: Swampert|Ice Beam|p2a: Celebi
|-supereffective|p2a: Celebi
|-damage|p2a: Celebi|41/100
|
|-weather|Sandstorm|[upkeep]
|-damage|p2a: Celebi|35/100|[from] Sandstorm
|-heal|p2a: Celebi|41/100|[from] item: Leftovers
|-damage|p1a: Swampert|88/100|[from] Leech Seed|[of] p2a: Celebi
|-heal|p2a: Celebi|53/100|[silent]
|upkeep
|turn|12
|inactive|MintChocolateGuy has 270 seconds left.
|inactive|hitmonYEE has 210 seconds left.
|inactive|MintChocolateGuy has 240 seconds left.
|
|t:|1730335230
|switch|p1a: Zapdos|Zapdos|17/100
|move|p2a: Celebi|Recover|p2a: Celebi
|-heal|p2a: Celebi|100/100
|
|-weather|Sandstorm|[upkeep]
|-damage|p1a: Zapdos|11/100|[from] Sandstorm
|-damage|p2a: Celebi|94/100|[from] Sandstorm
|-heal|p1a: Zapdos|17/100|[from] item: Leftovers
|-heal|p2a: Celebi|100/100|[from] item: Leftovers
|upkeep
|turn|13
|inactive|hitmonYEE has 210 seconds left.
|
|t:|1730335260
|switch|p1a: Salamence|Salamence, M|100/100
|-ability|p1a: Salamence|Intimidate|boost
|-unboost|p2a: Celebi|atk|1
|move|p2a: Celebi|Leech Seed|p1a: Salamence
|-start|p1a: Salamence|move: Leech Seed
|
|-weather|Sandstorm|[upkeep]
|-damage|p1a: Salamence|94/100|[from] Sandstorm
|-damage|p2a: Celebi|94/100|[from] Sandstorm
|-heal|p1a: Salamence|100/100|[from] item: Leftovers
|-damage|p1a: Salamence|88/100|[from] Leech Seed|[of] p2a: Celebi
|-heal|p2a: Celebi|100/100|[silent]
|upkeep
|turn|14
|inactive|MintChocolateGuy has 240 seconds left.
|
|t:|1730335272
|switch|p2a: Suicune|Suicune|94/100
|move|p1a: Salamence|Dragon Dance|p1a: Salamence
|-boost|p1a: Salamence|atk|1
|-boost|p1a: Salamence|spe|1
|
|-weather|Sandstorm|[upkeep]
|-damage|p1a: Salamence|82/100|[from] Sandstorm
|-damage|p2a: Suicune|88/100|[from] Sandstorm
|-heal|p1a: Salamence|88/100|[from] item: Leftovers
|-damage|p1a: Salamence|76/100|[from] Leech Seed|[of] p2a: Suicune
|-heal|p2a: Suicune|99/100|[silent]
|-heal|p2a: Suicune|100/100|[from] item: Leftovers
|upkeep
|turn|15
|
|t:|1730335286
|move|p1a: Salamence|Hidden Power|p2a: Suicune
|-damage|p2a: Suicune|54/100
|move|p2a: Suicune|Ice Beam|p1a: Salamence
|-supereffective|p1a: Salamence
|-damage|p1a: Salamence|0 fnt
|faint|p1a: Salamence
|
|t:|1730335289
|switch|p1a: Zapdos|Zapdos|17/100
|
|-weather|Sandstorm|[upkeep]
|-damage|p1a: Zapdos|11/100|[from] Sandstorm
|-damage|p2a: Suicune|48/100|[from] Sandstorm
|-heal|p1a: Zapdos|17/100|[from] item: Leftovers
|-heal|p2a: Suicune|54/100|[from] item: Leftovers
|upkeep
|turn|16
|
|t:|1730335297
|switch|p2a: Celebi|Celebi|100/100
|move|p1a: Zapdos|Thunderbolt|p2a: Celebi
|-resisted|p2a: Celebi
|-damage|p2a: Celebi|79/100
|
|-weather|Sandstorm|[upkeep]
|-damage|p1a: Zapdos|11/100|[from] Sandstorm
|-damage|p2a: Celebi|73/100|[from] Sandstorm
|-heal|p1a: Zapdos|17/100|[from] item: Leftovers
|-heal|p2a: Celebi|79/100|[from] item: Leftovers
|upkeep
|turn|17
|
|t:|1730335308
|switch|p1a: Charizard|Charizard, M|100/100
|move|p2a: Celebi|Leech Seed|p1a: Charizard|[miss]
|-miss|p2a: Celebi|p1a: Charizard
|
|-weather|Sandstorm|[upkeep]
|-damage|p1a: Charizard|94/100|[from] Sandstorm
|-damage|p2a: Celebi|73/100|[from] Sandstorm
|-heal|p1a: Charizard|100/100|[from] item: Leftovers
|-heal|p2a: Celebi|79/100|[from] item: Leftovers
|upkeep
|turn|18
|inactive|MintChocolateGuy has 270 seconds left.
|
|t:|1730335326
|switch|p2a: Aerodactyl|Aerodactyl, F|100/100
|move|p1a: Charizard|Hidden Power|p2a: Aerodactyl
|-damage|p2a: Aerodactyl|70/100
|
|-weather|Sandstorm|[upkeep]
|-damage|p1a: Charizard|94/100|[from] Sandstorm
|-heal|p1a: Charizard|100/100|[from] item: Leftovers
|upkeep
|turn|19
|inactive|MintChocolateGuy has 270 seconds left.
|inactive|hitmonYEE has 210 seconds left.
|
|t:|1730335355
|switch|p1a: Swampert|Swampert, M|88/100
|move|p2a: Aerodactyl|Rock Slide|p1a: Swampert
|-resisted|p1a: Swampert
|-damage|p1a: Swampert|67/100
|
|-weather|Sandstorm|[upkeep]
|-heal|p1a: Swampert|73/100|[from] item: Leftovers
|upkeep
|turn|20
|inactive|hitmonYEE has 210 seconds left.
|
|t:|1730335375
|switch|p2a: Tyranitar|Tyranitar, F|100/100 par
|move|p1a: Swampert|Ice Beam|p2a: Tyranitar
|-damage|p2a: Tyranitar|78/100 par
|
|-weather|Sandstorm|[upkeep]
|-heal|p1a: Swampert|79/100|[from] item: Leftovers
|-heal|p2a: Tyranitar|84/100 par|[from] item: Leftovers
|upkeep
|turn|21
|
|t:|1730335386
|switch|p2a: Suicune|Suicune|54/100
|move|p1a: Swampert|Hydro Pump|p2a: Suicune
|-resisted|p2a: Suicune
|-damage|p2a: Suicune|32/100
|
|-weather|Sandstorm|[upkeep]
|-damage|p2a: Suicune|26/100|[from] Sandstorm
|-heal|p2a: Suicune|32/100|[from] item: Leftovers
|-heal|p1a: Swampert|85/100|[from] item: Leftovers
|upkeep
|turn|22
|
|t:|1730335392
|move|p2a: Suicune|Hydro Pump|p1a: Swampert
|-damage|p1a: Swampert|31/100
|move|p1a: Swampert|Earthquake|p2a: Suicune
|-damage|p2a: Suicune|0 fnt
|faint|p2a: Suicune
|
|t:|1730335404
|switch|p2a: Forretress|Forretress, F|29/100
|
|-weather|Sandstorm|[upkeep]
|-heal|p1a: Swampert|38/100|[from] item: Leftovers
|-heal|p2a: Forretress|36/100|[from] item: Leftovers
|upkeep
|turn|23
|
|t:|1730335412
|move|p1a: Swampert|Hydro Pump|p2a: Forretress|[miss]
|-miss|p1a: Swampert|p2a: Forretress
|move|p2a: Forretress|Spikes|p1a: Swampert
|-sidestart|p1: hitmonYEE|Spikes
|
|-weather|Sandstorm|[upkeep]
|-heal|p1a: Swampert|44/100|[from] item: Leftovers
|-heal|p2a: Forretress|42/100|[from] item: Leftovers
|upkeep
|turn|24
|
|t:|1730335434
|move|p1a: Swampert|Hydro Pump|p2a: Forretress
|-crit|p2a: Forretress
|-damage|p2a: Forretress|0 fnt
|faint|p2a: Forretress
|
|t:|1730335437
|switch|p2a: Celebi|Celebi|79/100
|
|-weather|Sandstorm|[upkeep]
|-damage|p2a: Celebi|73/100|[from] Sandstorm
|-heal|p2a: Celebi|79/100|[from] item: Leftovers
|-heal|p1a: Swampert|50/100|[from] item: Leftovers
|upkeep
|turn|25
|
|t:|1730335444
|switch|p1a: Charizard|Charizard, M|100/100
|move|p2a: Celebi|Leech Seed|p1a: Charizard
|-start|p1a: Charizard|move: Leech Seed
|
|-weather|Sandstorm|[upkeep]
|-damage|p1a: Charizard|94/100|[from] Sandstorm
|-damage|p2a: Celebi|73/100|[from] Sandstorm
|-heal|p1a: Charizard|100/100|[from] item: Leftovers
|-damage|p1a: Charizard|88/100|[from] Leech Seed|[of] p2a: Celebi
|-heal|p2a: Celebi|82/100|[silent]
|-heal|p2a: Celebi|88/100|[from] item: Leftovers
|upkeep
|turn|26
|inactive|MintChocolateGuy has 240 seconds left.
|
|t:|1730335486
|switch|p1a: Tyranitar|Tyranitar, M|100/100
|-damage|p1a: Tyranitar|88/100|[from] Spikes
|switch|p2a: Tyranitar|Tyranitar, F|84/100 par
|
|-weather|Sandstorm|[upkeep]
|-heal|p1a: Tyranitar|94/100|[from] item: Leftovers
|-heal|p2a: Tyranitar|90/100 par|[from] item: Leftovers
|upkeep
|turn|27
|
|t:|1730335499
|move|p1a: Tyranitar|Earthquake|p2a: Tyranitar
|-supereffective|p2a: Tyranitar
|-damage|p2a: Tyranitar|36/100 par
|cant|p2a: Tyranitar|par
|
|-weather|Sandstorm|[upkeep]
|-heal|p1a: Tyranitar|100/100|[from] item: Leftovers
|-heal|p2a: Tyranitar|42/100 par|[from] item: Leftovers
|upkeep
|turn|28
|
|t:|1730335508
|move|p1a: Tyranitar|Earthquake|p2a: Tyranitar
|-supereffective|p2a: Tyranitar
|-damage|p2a: Tyranitar|0 fnt
|faint|p2a: Tyranitar
|
|t:|1730335517
|switch|p2a: Metagross|Metagross|100/100
|
|-weather|Sandstorm|[upkeep]
|upkeep
|turn|29
|
|t:|1730335540
|move|p1a: Tyranitar|Earthquake|p2a: Metagross
|-supereffective|p2a: Metagross
|-damage|p2a: Metagross|38/100
|move|p2a: Metagross|Meteor Mash|p1a: Tyranitar
|-supereffective|p1a: Tyranitar
|-damage|p1a: Tyranitar|3/100
|
|-weather|Sandstorm|[upkeep]
|-heal|p1a: Tyranitar|9/100|[from] item: Leftovers
|upkeep
|turn|30
|
|t:|1730335547
|switch|p2a: Aerodactyl|Aerodactyl, F|70/100
|move|p1a: Tyranitar|Earthquake|p2a: Aerodactyl
|-immune|p2a: Aerodactyl
|
|-weather|Sandstorm|[upkeep]
|-heal|p1a: Tyranitar|15/100|[from] item: Leftovers
|upkeep
|turn|31
|inactive|MintChocolateGuy has 270 seconds left.
|inactive|hitmonYEE has 240 seconds left.
|inactive|hitmonYEE has 210 seconds left.
|inactive|hitmonYEE has 180 seconds left.
|
|t:|1730335655
|move|p2a: Aerodactyl|Double-Edge|p1a: Tyranitar
|-resisted|p1a: Tyranitar
|-damage|p1a: Tyranitar|0 fnt
|faint|p1a: Tyranitar
|
|t:|1730335674
|switch|p1a: Metagross|Metagross|76/100
|-damage|p1a: Metagross|64/100|[from] Spikes
|
|-weather|Sandstorm|[upkeep]
|-heal|p1a: Metagross|70/100|[from] item: Leftovers
|upkeep
|turn|32
|
|t:|1730335680
|switch|p2a: Metagross|Metagross|38/100
|move|p1a: Metagross|Meteor Mash|p2a: Metagross
|-resisted|p2a: Metagross
|-damage|p2a: Metagross|19/100
|-boost|p1a: Metagross|atk|1
|
|-weather|Sandstorm|[upkeep]
|-heal|p1a: Metagross|76/100|[from] item: Leftovers
|upkeep
|turn|33
|inactive|MintChocolateGuy has 270 seconds left.
|
|t:|1730335695
|move|p2a: Metagross|Earthquake|p1a: Metagross
|-supereffective|p1a: Metagross
|-damage|p1a: Metagross|11/100
|move|p1a: Metagross|Hidden Power|p2a: Metagross
|-supereffective|p2a: Metagross
|-crit|p2a: Metagross
|-damage|p2a: Metagross|0 fnt
|faint|p2a: Metagross
|inactive|MintChocolateGuy has 270 seconds left.
|
|t:|1730335720
|switch|p2a: Aerodactyl|Aerodactyl, F|70/100
|
|-weather|Sandstorm|[upkeep]
|-heal|p1a: Metagross|17/100|[from] item: Leftovers
|upkeep
|turn|34
|
|t:|1730335734
|move|p2a: Aerodactyl|Double-Edge|p1a: Metagross
|-resisted|p1a: Metagross
|-damage|p1a: Metagross|0 fnt
|faint|p1a: Metagross
|
|t:|1730335745
|switch|p1a: Swampert|Swampert, M|50/100
|-damage|p1a: Swampert|38/100|[from] Spikes
|
|-weather|Sandstorm|[upkeep]
|-heal|p1a: Swampert|44/100|[from] item: Leftovers
|upkeep
|turn|35
|
|t:|1730335759
|switch|p2a: Celebi|Celebi|88/100
|move|p1a: Swampert|Ice Beam|p2a: Celebi
|-supereffective|p2a: Celebi
|-damage|p2a: Celebi|45/100
|
|-weather|Sandstorm|[upkeep]
|-damage|p2a: Celebi|39/100|[from] Sandstorm
|-heal|p2a: Celebi|45/100|[from] item: Leftovers
|-heal|p1a: Swampert|50/100|[from] item: Leftovers
|upkeep
|turn|36
|
|t:|1730335767
|switch|p1a: Charizard|Charizard, M|88/100
|move|p2a: Celebi|Hidden Power|p1a: Charizard
|-resisted|p1a: Charizard
|-damage|p1a: Charizard|81/100
|
|-weather|Sandstorm|[upkeep]
|-damage|p1a: Charizard|75/100|[from] Sandstorm
|-damage|p2a: Celebi|39/100|[from] Sandstorm
|-heal|p1a: Charizard|81/100|[from] item: Leftovers
|-heal|p2a: Celebi|45/100|[from] item: Leftovers
|upkeep
|turn|37
|inactive|hitmonYEE has 150 seconds left.
|inactive|MintChocolateGuy has 240 seconds left.
|inactive|hitmonYEE has 120 seconds left.
|
|t:|1730335835
|switch|p2a: Aerodactyl|Aerodactyl, F|70/100
|move|p1a: Charizard|Flamethrower|p2a: Aerodactyl
|-resisted|p2a: Aerodactyl
|-crit|p2a: Aerodactyl
|-damage|p2a: Aerodactyl|9/100
|
|-weather|Sandstorm|[upkeep]
|-damage|p1a: Charizard|75/100|[from] Sandstorm
|-heal|p1a: Charizard|81/100|[from] item: Leftovers
|upkeep
|turn|38
|inactive|hitmonYEE has 120 seconds left.
|inactive|MintChocolateGuy has 240 seconds left.
|
|t:|1730335848
|switch|p1a: Zapdos|Zapdos|17/100
|move|p2a: Aerodactyl|Rock Slide|p1a: Zapdos
|-supereffective|p1a: Zapdos
|-crit|p1a: Zapdos
|-damage|p1a: Zapdos|0 fnt
|faint|p1a: Zapdos
|
|t:|1730335850
|switch|p1a: Swampert|Swampert, M|50/100
|-damage|p1a: Swampert|38/100|[from] Spikes
|
|-weather|Sandstorm|[upkeep]
|-heal|p1a: Swampert|44/100|[from] item: Leftovers
|upkeep
|turn|39
|inactive|hitmonYEE has 120 seconds left.
|inactive|MintChocolateGuy has 240 seconds left.
|
|t:|1730335867
|switch|p2a: Celebi|Celebi|45/100
|move|p1a: Swampert|Ice Beam|p2a: Celebi
|-supereffective|p2a: Celebi
|-damage|p2a: Celebi|4/100
|
|-weather|Sandstorm|[upkeep]
|-damage|p2a: Celebi|0 fnt|[from] Sandstorm
|faint|p2a: Celebi
|-heal|p1a: Swampert|50/100|[from] item: Leftovers
|upkeep
|inactive|MintChocolateGuy has 240 seconds left.
|
|t:|1730335873
|switch|p2a: Aerodactyl|Aerodactyl, F|9/100
|turn|40
|inactive|MintChocolateGuy has 240 seconds left.
|
|t:|1730335906
|move|p2a: Aerodactyl|Double-Edge|p1a: Swampert
|-damage|p1a: Swampert|2/100
|move|p1a: Swampert|Ice Beam|p2a: Aerodactyl
|-supereffective|p2a: Aerodactyl
|-damage|p2a: Aerodactyl|0 fnt
|faint|p2a: Aerodactyl
|
|win|hitmonYEE
|c|☆hitmonYEE|gg
|c|☆MintChocolateGuy|gg
|c|☆hitmonYEE|insanely close games fr
|c|☆MintChocolateGuy|ye
|player|p2|
|c|☆hitmonYEE|I
|c|☆hitmonYEE|didnt realize
|c|☆hitmonYEE|it was banded aero for like 80% of the game somehow
|c|☆hitmonYEE|and I thought I was swept earlier

</script>
<script type="application/json" class="data" id="replaydata-smogtours-gen3ou-803529">
{"id":"smogtours-gen3ou-803529","format":"[Gen 3] OU","players":["hitmonYEE","MintChocolateGuy"],"uploadtime":1730335906,"views":55,"formatid":"gen3ou","rating":null,"private":0,"password":null}
</script>

<script defer src="js/replays.js?9d40a366"></script>
