<!DOCTYPE html>
<meta charset="utf-8" />
<meta name="viewport" content="width=device-width" />

<title>[Gen 3] OU: Im at the offices vs. Gooball99 - Replays - Pok&eacute;mon Showdown!</title>

<meta name="description" content="Watch a replay of a Pok&eacute;mon battle between Im at the offices and Gooball99! Format: [Gen 3] OU; Date: Oct 9, 2024" />
<!--

Hey, you! Looking in the source for the replay log?

You can find them in JSON format, just add `.json` at the end of a replay URL.

https://replay.pokemonshowdown.com/gen7randomdoublesbattle-865046831.json

Or, if you only need the log itself, add `.log` instead:

https://replay.pokemonshowdown.com/gen7randomdoublesbattle-865046831.log

-->

<link rel="stylesheet" href="//pokemonshowdown.com/style/global.css?0.767286132409787" />
<link rel="stylesheet" href="//play.pokemonshowdown.com/style/font-awesome.css?0.9266228007934947" />
<link rel="stylesheet" href="//play.pokemonshowdown.com/style/battle.css?0.7924700842790926" />
<link rel="stylesheet" href="//play.pokemonshowdown.com/style/utilichart.css?0.8777417872839479" />

<!-- Global site tag (gtag.js) - Google Analytics -->
<script async src="https://www.googletagmanager.com/gtag/js?id=UA-26211653-1"></script>
<script>
  window.dataLayer = window.dataLayer || [];
  function gtag(){dataLayer.push(arguments);}
  gtag('js', new Date());

  gtag('config', 'UA-26211653-1');
</script>
<!-- End Google Analytics -->
<!-- Venatus Ad Manager - Install in <HEAD> of page -->
	<script src="https://hb.vntsm.com/v3/live/ad-manager.min.js" type="text/javascript" data-site-id="642aba63ec9a7b11c3c9c1be" data-mode="scan" async></script>
<!-- / Venatus Ad Manager -->

<style>
	@media (max-width:820px) {
		.battle {
			margin: 0 auto;
		}
		.battle-log {
			margin: 7px auto 0;
			max-width: 640px;
			height: 300px;
			position: static;
		}
	}
	.optgroup {
		display: inline-block;
		line-height: 22px;
		font-size: 10pt;
	}
	.optgroup .button {
		height: 25px;
		padding-top: 0;
		padding-bottom: 0;
	}
	.optgroup button.button {
		padding-left: 12px;
		padding-right: 12px;
	}
	.linklist {
		list-style: none;
		margin: 0.5em 0;
		padding: 0;
	}
	.linklist li {
		padding: 2px 0;
	}
	.sidebar {
		float: left;
		width: 320px;
	}
	.bar-wrapper {
		max-width: 1100px;
		margin: 0 auto;
	}
	.bar-wrapper.has-sidebar {
		max-width: 1430px;
	}
	.mainbar {
		margin: 0;
		padding-right: 1px;
	}
	.mainbar.has-sidebar {
		margin-left: 330px;
	}
	@media (min-width: 1511px) {
		.sidebar {
			width: 400px;
		}
		.bar-wrapper.has-sidebar {
			max-width: 1510px;
		}
		.mainbar.has-sidebar {
			margin-left: 410px;
		}
	}
	.section.first-section {
		margin-top: 9px;
	}
	.blocklink small {
		white-space: normal;
	}
	.button {
		vertical-align: middle;
	}
	.replay-controls {
		padding-top: 10px;
	}
	.replay-controls h1 {
		font-size: 16pt;
		font-weight: normal;
		color: #CCC;
	}
	.pagelink {
		text-align: center;
	}
	.pagelink a {
		width: 150px;
	}
	.textbox, .button {
		font-size: 11pt;
		vertical-align: middle;
	}
	@media (max-width: 450px) {
		.button {
			font-size: 9pt;
		}
	}
</style>

<div>

	<header>
		<div class="nav-wrapper"><ul class="nav">
			<li><a class="button nav-first" href="//pokemonshowdown.com/"><img src="//pokemonshowdown.com/images/pokemonshowdownbeta.png" srcset="//pokemonshowdown.com/images/pokemonshowdownbeta.png 1x, //pokemonshowdown.com/images/pokemonshowdownbeta@2x.png 2x" alt="Pok&eacute;mon Showdown" width="146" height="44" /> Home</a></li>
			<li><a class="button" href="//pokemonshowdown.com/dex/">Pok&eacute;dex</a></li>
			<li><a class="button cur" href="/">Replays</a></li>
			<li><a class="button" href="//pokemonshowdown.com/ladder/">Ladder</a></li>
			<li><a class="button nav-last" href="//pokemonshowdown.com/forums/">Forum</a></li>
			<li><a class="button greenbutton nav-first nav-last" href="//play.pokemonshowdown.com/">Play</a></li>
		</ul></div>
	</header>

	<div class="main" id="main">

		<noscript><section class="section">You need to enable JavaScript to use this page; sorry!</section></noscript>

	</div>

</div>

<script defer nomodule src="//play.pokemonshowdown.com/js/lib/ps-polyfill.js"></script>
<script defer src="//play.pokemonshowdown.com/js/lib/preact.min.js"></script>

<script defer src="//play.pokemonshowdown.com/config/config.js?6dec07f6"></script>
<script defer src="//play.pokemonshowdown.com/js/lib/jquery-1.11.0.min.js"></script>
<script defer src="//play.pokemonshowdown.com/js/lib/html-sanitizer-minified.js"></script>
<script defer src="//play.pokemonshowdown.com/js/battle-sound.js"></script>
<script defer src="//play.pokemonshowdown.com/js/battledata.js?0.6315294753075389"></script>
<script defer src="//play.pokemonshowdown.com/data/pokedex-mini.js?0.7603743185311358"></script>
<script defer src="//play.pokemonshowdown.com/data/pokedex-mini-bw.js?0.030888842834281283"></script>
<script defer src="//play.pokemonshowdown.com/data/graphics.js?0.05593094747507488"></script>
<script defer src="//play.pokemonshowdown.com/data/pokedex.js?0.47064822249611904"></script>
<script defer src="//play.pokemonshowdown.com/data/moves.js?0.8583693120512459"></script>
<script defer src="//play.pokemonshowdown.com/data/abilities.js?0.16017181182386842"></script>
<script defer src="//play.pokemonshowdown.com/data/items.js?0.4163379185673943"></script>
<script defer src="//play.pokemonshowdown.com/data/teambuilder-tables.js?0.31075597372830477"></script>
<script defer src="//play.pokemonshowdown.com/js/battle-tooltips.js?0.6536193500708172"></script>
<script defer src="//play.pokemonshowdown.com/js/battle.js?0.1916591943277901"></script>

<script defer src="js/utils.js?e31f9a17"></script>
<script defer src="js/replays-battle.js?7008c182"></script>

<!-- don't scrape this data! just add .json or .log after the URL!
Full API docs: https://github.com/smogon/pokemon-showdown-client/blob/master/WEB-API.md -->
<script type="text/plain" class="log" id="replaylog-smogtours-gen3ou-796779">
|inactive|Battle timer is ON: inactive players will automatically lose when time's up.
|t:|1728511147
|gametype|singles
|player|p1|Im at the offices|101|
|player|p2|Gooball99|170|
|teamsize|p1|6
|teamsize|p2|6
|gen|3
|tier|[Gen 3] OU
|rule|Sleep Clause Mod: Limit one foe put to sleep
|rule|Switch Priority Clause Mod: Faster Pokémon switch first
|rule|Species Clause: Limit one of each Pokémon
|rule|OHKO Clause: OHKO moves are banned
|rule|Evasion Items Clause: Evasion items are banned
|rule|Evasion Moves Clause: Evasion moves are banned
|rule|Endless Battle Clause: Forcing endless battles is banned
|rule|HP Percentage Mod: HP is shown in percentages
|rule|One Boost Passer Clause: Limit one Baton Passer that has a way to boost its stats
|rule|Freeze Clause Mod: Limit one foe frozen
|
|t:|1728511147
|start
|switch|p1a: Zapdos|Zapdos|100/100
|switch|p2a: Breloom|Breloom, F|100/100
|turn|1
|c|☆Gooball99|I hope this is the right opponent, Toru, right?
|
|t:|1728511172
|switch|p1a: Starmie|Starmie|100/100
|switch|p2a: Blissey|Blissey, F|100/100
|
|upkeep
|turn|2
|
|t:|1728511179
|switch|p1a: Swampert|Swampert, F|100/100
|move|p2a: Blissey|Thunderbolt|p1a: Swampert
|-immune|p1a: Swampert
|
|upkeep
|turn|3
|
|t:|1728511186
|switch|p2a: Skarmory|Skarmory, F|100/100
|move|p1a: Swampert|Ice Beam|p2a: Skarmory
|-damage|p2a: Skarmory|82/100
|
|upkeep
|turn|4
|
|t:|1728511193
|switch|p1a: Zapdos|Zapdos|100/100
|move|p2a: Skarmory|Thief|p1a: Zapdos
|-damage|p1a: Zapdos|96/100
|-enditem|p1a: Zapdos|Leftovers|[silent]|[from] move: Thief|[of] p2a: Skarmory
|-item|p2a: Skarmory|Leftovers|[from] move: Thief|[of] p1a: Zapdos
|
|-heal|p2a: Skarmory|88/100|[from] item: Leftovers
|upkeep
|turn|5
|
|t:|1728511201
|switch|p2a: Blissey|Blissey, F|100/100
|move|p1a: Zapdos|Thunder Wave|p2a: Blissey
|-status|p2a: Blissey|par
|
|upkeep
|turn|6
|
|t:|1728511209
|move|p1a: Zapdos|Baton Pass|p1a: Zapdos
|
|t:|1728511211
|switch|p1a: Metagross|Metagross, shiny|100/100|[from] Baton Pass
|move|p2a: Blissey|Ice Beam|p1a: Metagross
|-resisted|p1a: Metagross
|-damage|p1a: Metagross|86/100
|
|upkeep
|turn|7
|
|t:|1728511220
|-curestatus|p2a: Blissey|par|[from] ability: Natural Cure
|switch|p2a: Swampert|Swampert, M|100/100
|move|p1a: Metagross|Meteor Mash|p2a: Swampert
|-resisted|p2a: Swampert
|-damage|p2a: Swampert|79/100
|-boost|p1a: Metagross|atk|1
|
|-heal|p2a: Swampert|86/100|[from] item: Leftovers
|upkeep
|turn|8
|
|t:|1728511233
|switch|p1a: Celebi|Celebi|100/100
|move|p2a: Swampert|Ice Beam|p1a: Celebi
|-supereffective|p1a: Celebi
|-damage|p1a: Celebi|74/100
|
|-heal|p1a: Celebi|80/100|[from] item: Leftovers
|-heal|p2a: Swampert|92/100|[from] item: Leftovers
|upkeep
|turn|9
|
|t:|1728511252
|switch|p2a: Breloom|Breloom, F|100/100
|move|p1a: Celebi|Leech Seed|p2a: Breloom
|-immune|p2a: Breloom
|
|-heal|p1a: Celebi|87/100|[from] item: Leftovers
|upkeep
|turn|10
|
|t:|1728511259
|move|p2a: Breloom|Spore|p1a: Celebi
|-status|p1a: Celebi|slp|[from] move: Spore
|cant|p1a: Celebi|slp
|
|-heal|p1a: Celebi|93/100 slp|[from] item: Leftovers
|upkeep
|turn|11
|
|t:|1728511266
|-curestatus|p1a: Celebi|slp|[from] ability: Natural Cure
|switch|p1a: Starmie|Starmie|100/100
|move|p2a: Breloom|Hidden Power|p1a: Starmie
|-supereffective|p1a: Starmie
|-damage|p1a: Starmie|23/100
|
|-heal|p1a: Starmie|29/100|[from] item: Leftovers
|upkeep
|turn|12
|
|t:|1728511278
|switch|p1a: Celebi|Celebi|93/100
|move|p2a: Breloom|Hidden Power|p1a: Celebi
|-supereffective|p1a: Celebi
|-damage|p1a: Celebi|54/100
|
|-heal|p1a: Celebi|60/100|[from] item: Leftovers
|upkeep
|turn|13
|
|t:|1728511285
|move|p1a: Celebi|Protect|p1a: Celebi
|-singleturn|p1a: Celebi|Protect
|move|p2a: Breloom|Spore|p1a: Celebi
|-activate|p1a: Celebi|Protect
|
|-heal|p1a: Celebi|67/100|[from] item: Leftovers
|upkeep
|turn|14
|
|t:|1728511295
|move|p2a: Breloom|Spore|p1a: Celebi
|-status|p1a: Celebi|slp|[from] move: Spore
|cant|p1a: Celebi|slp
|
|-heal|p1a: Celebi|73/100 slp|[from] item: Leftovers
|upkeep
|turn|15
|
|t:|1728511302
|-singleturn|p2a: Breloom|move: Focus Punch
|-curestatus|p1a: Celebi|slp|[from] ability: Natural Cure
|switch|p1a: Zapdos|Zapdos|96/100
|move|p2a: Breloom|Focus Punch|p1a: Zapdos
|-resisted|p1a: Zapdos
|-damage|p1a: Zapdos|44/100
|
|upkeep
|turn|16
|
|t:|1728511311
|switch|p2a: Blissey|Blissey, F|100/100
|move|p1a: Zapdos|Thunder Wave|p2a: Blissey
|-status|p2a: Blissey|par
|
|upkeep
|turn|17
|
|t:|1728511318
|-curestatus|p2a: Blissey|par|[from] ability: Natural Cure
|switch|p2a: Tyranitar|Tyranitar, M|100/100
|-weather|Sandstorm|[from] ability: Sand Stream|[of] p2a: Tyranitar
|move|p1a: Zapdos|Baton Pass|p1a: Zapdos
|
|t:|1728511324
|switch|p1a: Metagross|Metagross, shiny|86/100|[from] Baton Pass
|
|-weather|Sandstorm|[upkeep]
|upkeep
|turn|18
|
|t:|1728511331
|switch|p2a: Suicune|Suicune|100/100
|move|p1a: Metagross|Meteor Mash|p2a: Suicune
|-resisted|p2a: Suicune
|-damage|p2a: Suicune|82/100
|-boost|p1a: Metagross|atk|1
|
|-weather|Sandstorm|[upkeep]
|-damage|p2a: Suicune|76/100|[from] Sandstorm
|-heal|p2a: Suicune|82/100|[from] item: Leftovers
|upkeep
|turn|19
|
|t:|1728511340
|switch|p1a: Celebi|Celebi|73/100
|move|p2a: Suicune|Calm Mind|p2a: Suicune
|-boost|p2a: Suicune|spa|1
|-boost|p2a: Suicune|spd|1
|
|-weather|Sandstorm|[upkeep]
|-damage|p1a: Celebi|67/100|[from] Sandstorm
|-damage|p2a: Suicune|76/100|[from] Sandstorm
|-heal|p1a: Celebi|73/100|[from] item: Leftovers
|-heal|p2a: Suicune|82/100|[from] item: Leftovers
|upkeep
|turn|20
|
|t:|1728511351
|switch|p2a: Breloom|Breloom, F|100/100
|move|p1a: Celebi|Perish Song|p1a: Celebi
|-start|p1a: Celebi|perish3|[silent]
|-start|p2a: Breloom|perish3|[silent]
|-fieldactivate|move: Perish Song
|
|-weather|Sandstorm|[upkeep]
|-damage|p2a: Breloom|94/100|[from] Sandstorm
|-damage|p1a: Celebi|67/100|[from] Sandstorm
|-heal|p2a: Breloom|100/100|[from] item: Leftovers
|-heal|p1a: Celebi|73/100|[from] item: Leftovers
|-start|p2a: Breloom|perish3
|-start|p1a: Celebi|perish3
|upkeep
|turn|21
|
|t:|1728511363
|switch|p1a: Blissey|Blissey, F|100/100
|move|p2a: Breloom|Spore|p1a: Blissey
|-status|p1a: Blissey|slp|[from] move: Spore
|
|-weather|Sandstorm|[upkeep]
|-damage|p2a: Breloom|94/100|[from] Sandstorm
|-damage|p1a: Blissey|94/100 slp|[from] Sandstorm
|-heal|p2a: Breloom|100/100|[from] item: Leftovers
|-heal|p1a: Blissey|100/100 slp|[from] item: Leftovers
|-start|p2a: Breloom|perish2
|upkeep
|turn|22
|
|t:|1728511374
|-singleturn|p2a: Breloom|move: Focus Punch
|-curestatus|p1a: Blissey|slp|[from] ability: Natural Cure
|switch|p1a: Zapdos|Zapdos|44/100
|move|p2a: Breloom|Focus Punch|p1a: Zapdos
|-resisted|p1a: Zapdos
|-damage|p1a: Zapdos|0 fnt
|faint|p1a: Zapdos
|
|t:|1728511377
|switch|p1a: Starmie|Starmie|29/100
|
|-weather|Sandstorm|[upkeep]
|-damage|p1a: Starmie|23/100|[from] Sandstorm
|-damage|p2a: Breloom|94/100|[from] Sandstorm
|-heal|p1a: Starmie|29/100|[from] item: Leftovers
|-heal|p2a: Breloom|100/100|[from] item: Leftovers
|-start|p2a: Breloom|perish1
|upkeep
|turn|23
|
|t:|1728511389
|switch|p1a: Metagross|Metagross, shiny|86/100
|switch|p2a: Blissey|Blissey, F|100/100
|
|-weather|Sandstorm|[upkeep]
|-damage|p2a: Blissey|94/100|[from] Sandstorm
|-heal|p2a: Blissey|100/100|[from] item: Leftovers
|upkeep
|turn|24
|
|t:|1728511397
|switch|p2a: Swampert|Swampert, M|92/100
|move|p1a: Metagross|Double-Edge|p2a: Swampert
|-damage|p2a: Swampert|53/100
|-damage|p1a: Metagross|70/100|[from] Recoil|[of] p2a: Swampert
|
|-weather|Sandstorm|[upkeep]
|-heal|p2a: Swampert|59/100|[from] item: Leftovers
|upkeep
|turn|25
|
|t:|1728511406
|switch|p1a: Celebi|Celebi|73/100
|move|p2a: Swampert|Earthquake|p1a: Celebi
|-resisted|p1a: Celebi
|-damage|p1a: Celebi|57/100
|
|-weather|Sandstorm|[upkeep]
|-damage|p1a: Celebi|51/100|[from] Sandstorm
|-heal|p1a: Celebi|57/100|[from] item: Leftovers
|-heal|p2a: Swampert|65/100|[from] item: Leftovers
|upkeep
|turn|26
|
|t:|1728511416
|switch|p1a: Starmie|Starmie|29/100
|move|p2a: Swampert|Protect||[still]
|-fail|p2a: Swampert
|
|-weather|Sandstorm|[upkeep]
|-damage|p1a: Starmie|23/100|[from] Sandstorm
|-heal|p1a: Starmie|29/100|[from] item: Leftovers
|-heal|p2a: Swampert|71/100|[from] item: Leftovers
|upkeep
|turn|27
|
|t:|1728511424
|move|p1a: Starmie|Hydro Pump|p2a: Swampert|[miss]
|-miss|p1a: Starmie|p2a: Swampert
|move|p2a: Swampert|Earthquake|p1a: Starmie
|-damage|p1a: Starmie|0 fnt
|faint|p1a: Starmie
|
|t:|1728511428
|switch|p1a: Metagross|Metagross, shiny|70/100
|
|-weather|Sandstorm|[upkeep]
|-heal|p2a: Swampert|78/100|[from] item: Leftovers
|upkeep
|turn|28
|
|t:|1728511434
|move|p1a: Metagross|Explosion|p2a: Swampert
|-damage|p2a: Swampert|0 fnt
|faint|p1a: Metagross
|faint|p2a: Swampert
|
|t:|1728511438
|switch|p1a: Blissey|Blissey, F|100/100
|switch|p2a: Breloom|Breloom, F|100/100
|
|-weather|Sandstorm|[upkeep]
|-damage|p2a: Breloom|94/100|[from] Sandstorm
|-damage|p1a: Blissey|94/100|[from] Sandstorm
|-heal|p2a: Breloom|100/100|[from] item: Leftovers
|-heal|p1a: Blissey|100/100|[from] item: Leftovers
|upkeep
|turn|29
|
|t:|1728511446
|switch|p1a: Swampert|Swampert, F|100/100
|move|p2a: Breloom|Spore|p1a: Swampert
|-status|p1a: Swampert|slp|[from] move: Spore
|
|-weather|Sandstorm|[upkeep]
|-damage|p2a: Breloom|94/100|[from] Sandstorm
|-heal|p2a: Breloom|100/100|[from] item: Leftovers
|upkeep
|turn|30
|
|t:|1728511454
|-singleturn|p2a: Breloom|move: Focus Punch
|switch|p1a: Celebi|Celebi|57/100
|move|p2a: Breloom|Focus Punch|p1a: Celebi
|-resisted|p1a: Celebi
|-damage|p1a: Celebi|23/100
|
|-weather|Sandstorm|[upkeep]
|-damage|p2a: Breloom|94/100|[from] Sandstorm
|-damage|p1a: Celebi|17/100|[from] Sandstorm
|-heal|p2a: Breloom|100/100|[from] item: Leftovers
|-heal|p1a: Celebi|23/100|[from] item: Leftovers
|upkeep
|turn|31
|
|t:|1728511464
|-singleturn|p2a: Breloom|move: Focus Punch
|move|p1a: Celebi|Protect|p1a: Celebi
|-singleturn|p1a: Celebi|Protect
|move|p2a: Breloom|Focus Punch|p1a: Celebi
|-activate|p1a: Celebi|Protect
|
|-weather|Sandstorm|[upkeep]
|-damage|p2a: Breloom|94/100|[from] Sandstorm
|-damage|p1a: Celebi|17/100|[from] Sandstorm
|-heal|p2a: Breloom|100/100|[from] item: Leftovers
|-heal|p1a: Celebi|23/100|[from] item: Leftovers
|upkeep
|turn|32
|
|t:|1728511475
|-singleturn|p2a: Breloom|move: Focus Punch
|move|p1a: Celebi|Perish Song|p1a: Celebi
|-start|p1a: Celebi|perish3|[silent]
|-start|p2a: Breloom|perish3|[silent]
|-fieldactivate|move: Perish Song
|move|p2a: Breloom|Focus Punch|p1a: Celebi
|-resisted|p1a: Celebi
|-damage|p1a: Celebi|0 fnt
|faint|p1a: Celebi
|
|t:|1728511480
|switch|p1a: Blissey|Blissey, F|100/100
|
|-weather|Sandstorm|[upkeep]
|-damage|p2a: Breloom|94/100|[from] Sandstorm
|-damage|p1a: Blissey|94/100|[from] Sandstorm
|-heal|p2a: Breloom|100/100|[from] item: Leftovers
|-heal|p1a: Blissey|100/100|[from] item: Leftovers
|-start|p2a: Breloom|perish3
|upkeep
|turn|33
|
|t:|1728511489
|-singleturn|p2a: Breloom|move: Focus Punch
|move|p1a: Blissey|Ice Beam|p2a: Breloom
|-supereffective|p2a: Breloom
|-damage|p2a: Breloom|28/100
|move|p2a: Breloom|Focus Punch||[still]
|cant|p2a: Breloom|Focus Punch|Focus Punch
|
|-weather|Sandstorm|[upkeep]
|-damage|p2a: Breloom|22/100|[from] Sandstorm
|-damage|p1a: Blissey|94/100|[from] Sandstorm
|-heal|p2a: Breloom|28/100|[from] item: Leftovers
|-heal|p1a: Blissey|100/100|[from] item: Leftovers
|-start|p2a: Breloom|perish2
|upkeep
|turn|34
|
|t:|1728511506
|switch|p2a: Skarmory|Skarmory, F|88/100
|move|p1a: Blissey|Ice Beam|p2a: Skarmory
|-damage|p2a: Skarmory|73/100
|
|-weather|Sandstorm|[upkeep]
|-damage|p1a: Blissey|94/100|[from] Sandstorm
|-heal|p2a: Skarmory|79/100|[from] item: Leftovers
|-heal|p1a: Blissey|100/100|[from] item: Leftovers
|upkeep
|turn|35
|
|t:|1728511522
|switch|p2a: Tyranitar|Tyranitar, M|100/100
|switch|p1a: Swampert|Swampert, F|100/100 slp
|
|-weather|Sandstorm|[upkeep]
|upkeep
|turn|36
|
|t:|1728511535
|move|p2a: Tyranitar|Dragon Dance|p2a: Tyranitar
|-boost|p2a: Tyranitar|atk|1
|-boost|p2a: Tyranitar|spe|1
|cant|p1a: Swampert|slp
|
|-weather|Sandstorm|[upkeep]
|upkeep
|turn|37
|
|t:|1728511540
|move|p2a: Tyranitar|Earthquake|p1a: Swampert
|-damage|p1a: Swampert|60/100 slp
|-curestatus|p1a: Swampert|slp|[msg]
|move|p1a: Swampert|Hydro Pump|p2a: Tyranitar|[miss]
|-miss|p1a: Swampert|p2a: Tyranitar
|
|-weather|Sandstorm|[upkeep]
|-heal|p1a: Swampert|66/100|[from] item: Leftovers
|upkeep
|turn|38
|
|t:|1728511560
|move|p2a: Tyranitar|Earthquake|p1a: Swampert
|-damage|p1a: Swampert|25/100
|move|p1a: Swampert|Hydro Pump|p2a: Tyranitar
|-supereffective|p2a: Tyranitar
|-damage|p2a: Tyranitar|0 fnt
|faint|p2a: Tyranitar
|
|t:|1728511566
|switch|p2a: Suicune|Suicune|82/100
|
|-weather|Sandstorm|[upkeep]
|-damage|p2a: Suicune|76/100|[from] Sandstorm
|-heal|p2a: Suicune|82/100|[from] item: Leftovers
|-heal|p1a: Swampert|31/100|[from] item: Leftovers
|upkeep
|turn|39
|
|t:|1728511572
|switch|p1a: Blissey|Blissey, F|100/100
|move|p2a: Suicune|Calm Mind|p2a: Suicune
|-boost|p2a: Suicune|spa|1
|-boost|p2a: Suicune|spd|1
|
|-weather|Sandstorm|[upkeep]
|-damage|p2a: Suicune|76/100|[from] Sandstorm
|-damage|p1a: Blissey|94/100|[from] Sandstorm
|-heal|p2a: Suicune|82/100|[from] item: Leftovers
|-heal|p1a: Blissey|100/100|[from] item: Leftovers
|upkeep
|turn|40
|
|t:|1728511588
|switch|p2a: Breloom|Breloom, F|28/100
|move|p1a: Blissey|Toxic|p2a: Breloom
|-status|p2a: Breloom|tox
|
|-weather|Sandstorm|[upkeep]
|-damage|p2a: Breloom|22/100 tox|[from] Sandstorm
|-damage|p1a: Blissey|94/100|[from] Sandstorm
|-heal|p2a: Breloom|28/100 tox|[from] item: Leftovers
|-damage|p2a: Breloom|22/100 tox|[from] psn
|-heal|p1a: Blissey|100/100|[from] item: Leftovers
|upkeep
|turn|41
|
|t:|1728511598
|move|p2a: Breloom|Spore|p1a: Blissey
|-status|p1a: Blissey|slp|[from] move: Spore
|cant|p1a: Blissey|slp
|
|-weather|Sandstorm|[upkeep]
|-damage|p2a: Breloom|16/100 tox|[from] Sandstorm
|-damage|p1a: Blissey|94/100 slp|[from] Sandstorm
|-heal|p2a: Breloom|22/100 tox|[from] item: Leftovers
|-damage|p2a: Breloom|10/100 tox|[from] psn
|-heal|p1a: Blissey|100/100 slp|[from] item: Leftovers
|upkeep
|turn|42
|
|t:|1728511610
|-singleturn|p2a: Breloom|move: Focus Punch
|-curestatus|p1a: Blissey|slp|[from] ability: Natural Cure
|switch|p1a: Swampert|Swampert, F|31/100
|move|p2a: Breloom|Focus Punch|p1a: Swampert
|-damage|p1a: Swampert|0 fnt
|faint|p1a: Swampert
|
|t:|1728511611
|switch|p1a: Blissey|Blissey, F|100/100
|
|-weather|Sandstorm|[upkeep]
|-damage|p2a: Breloom|4/100 tox|[from] Sandstorm
|-damage|p1a: Blissey|94/100|[from] Sandstorm
|-heal|p2a: Breloom|10/100 tox|[from] item: Leftovers
|-damage|p2a: Breloom|0 fnt|[from] psn
|faint|p2a: Breloom
|-heal|p1a: Blissey|100/100|[from] item: Leftovers
|upkeep
|
|t:|1728511624
|switch|p2a: Skarmory|Skarmory, F|79/100
|turn|43
|
|t:|1728511628
|move|p2a: Skarmory|Toxic|p1a: Blissey
|-status|p1a: Blissey|tox
|move|p1a: Blissey|Ice Beam|p2a: Skarmory
|-crit|p2a: Skarmory
|-damage|p2a: Skarmory|47/100
|
|-weather|Sandstorm|[upkeep]
|-damage|p1a: Blissey|94/100 tox|[from] Sandstorm
|-heal|p2a: Skarmory|53/100|[from] item: Leftovers
|-heal|p1a: Blissey|100/100 tox|[from] item: Leftovers
|-damage|p1a: Blissey|94/100 tox|[from] psn
|upkeep
|turn|44
|
|t:|1728511646
|move|p2a: Skarmory|Protect|p2a: Skarmory
|-singleturn|p2a: Skarmory|Protect
|move|p1a: Blissey|Ice Beam|p2a: Skarmory
|-activate|p2a: Skarmory|Protect
|
|-weather|Sandstorm|[upkeep]
|-damage|p1a: Blissey|88/100 tox|[from] Sandstorm
|-heal|p2a: Skarmory|59/100|[from] item: Leftovers
|-heal|p1a: Blissey|94/100 tox|[from] item: Leftovers
|-damage|p1a: Blissey|82/100 tox|[from] psn
|upkeep
|turn|45
|
|t:|1728511656
|switch|p2a: Blissey|Blissey, F|100/100
|move|p1a: Blissey|Ice Beam|p2a: Blissey
|-damage|p2a: Blissey|94/100
|
|-weather|Sandstorm|[upkeep]
|-damage|p2a: Blissey|88/100|[from] Sandstorm
|-damage|p1a: Blissey|76/100 tox|[from] Sandstorm
|-heal|p2a: Blissey|94/100|[from] item: Leftovers
|-heal|p1a: Blissey|82/100 tox|[from] item: Leftovers
|-damage|p1a: Blissey|64/100 tox|[from] psn
|upkeep
|turn|46
|-message|Im at the offices forfeited.
|
|win|Gooball99
|c|☆Gooball99|gg wp
|player|p1|
|player|p2|
|player|p2|Gooball99|170|
|player|p2|
|player|p2|Gooball99|170|

</script>
<script type="application/json" class="data" id="replaydata-smogtours-gen3ou-796779">
{"id":"smogtours-gen3ou-796779","format":"[Gen 3] OU","players":["Im at the offices","Gooball99"],"uploadtime":1728511666,"views":110,"formatid":"gen3ou","rating":null,"private":0,"password":null}
</script>

<script defer src="js/replays.js?9d40a366"></script>
