<!DOCTYPE html>
<meta charset="utf-8" />
<meta name="viewport" content="width=device-width" />

<title>[Gen 3] OU: MeEsSm vs. resen65 - Replays - Pok&eacute;mon Showdown!</title>

<meta name="description" content="Watch a replay of a Pok&eacute;mon battle between MeEsSm and resen65! Format: [Gen 3] OU; Date: Oct 9, 2024" />
<!--

Hey, you! Looking in the source for the replay log?

You can find them in JSON format, just add `.json` at the end of a replay URL.

https://replay.pokemonshowdown.com/gen7randomdoublesbattle-865046831.json

Or, if you only need the log itself, add `.log` instead:

https://replay.pokemonshowdown.com/gen7randomdoublesbattle-865046831.log

-->

<link rel="stylesheet" href="//pokemonshowdown.com/style/global.css?0.767286132409787" />
<link rel="stylesheet" href="//play.pokemonshowdown.com/style/font-awesome.css?0.9266228007934947" />
<link rel="stylesheet" href="//play.pokemonshowdown.com/style/battle.css?0.7924700842790926" />
<link rel="stylesheet" href="//play.pokemonshowdown.com/style/utilichart.css?0.8777417872839479" />

<!-- Global site tag (gtag.js) - Google Analytics -->
<script async src="https://www.googletagmanager.com/gtag/js?id=UA-26211653-1"></script>
<script>
  window.dataLayer = window.dataLayer || [];
  function gtag(){dataLayer.push(arguments);}
  gtag('js', new Date());

  gtag('config', 'UA-26211653-1');
</script>
<!-- End Google Analytics -->
<!-- Venatus Ad Manager - Install in <HEAD> of page -->
	<script src="https://hb.vntsm.com/v3/live/ad-manager.min.js" type="text/javascript" data-site-id="642aba63ec9a7b11c3c9c1be" data-mode="scan" async></script>
<!-- / Venatus Ad Manager -->

<style>
	@media (max-width:820px) {
		.battle {
			margin: 0 auto;
		}
		.battle-log {
			margin: 7px auto 0;
			max-width: 640px;
			height: 300px;
			position: static;
		}
	}
	.optgroup {
		display: inline-block;
		line-height: 22px;
		font-size: 10pt;
	}
	.optgroup .button {
		height: 25px;
		padding-top: 0;
		padding-bottom: 0;
	}
	.optgroup button.button {
		padding-left: 12px;
		padding-right: 12px;
	}
	.linklist {
		list-style: none;
		margin: 0.5em 0;
		padding: 0;
	}
	.linklist li {
		padding: 2px 0;
	}
	.sidebar {
		float: left;
		width: 320px;
	}
	.bar-wrapper {
		max-width: 1100px;
		margin: 0 auto;
	}
	.bar-wrapper.has-sidebar {
		max-width: 1430px;
	}
	.mainbar {
		margin: 0;
		padding-right: 1px;
	}
	.mainbar.has-sidebar {
		margin-left: 330px;
	}
	@media (min-width: 1511px) {
		.sidebar {
			width: 400px;
		}
		.bar-wrapper.has-sidebar {
			max-width: 1510px;
		}
		.mainbar.has-sidebar {
			margin-left: 410px;
		}
	}
	.section.first-section {
		margin-top: 9px;
	}
	.blocklink small {
		white-space: normal;
	}
	.button {
		vertical-align: middle;
	}
	.replay-controls {
		padding-top: 10px;
	}
	.replay-controls h1 {
		font-size: 16pt;
		font-weight: normal;
		color: #CCC;
	}
	.pagelink {
		text-align: center;
	}
	.pagelink a {
		width: 150px;
	}
	.textbox, .button {
		font-size: 11pt;
		vertical-align: middle;
	}
	@media (max-width: 450px) {
		.button {
			font-size: 9pt;
		}
	}
</style>

<div>

	<header>
		<div class="nav-wrapper"><ul class="nav">
			<li><a class="button nav-first" href="//pokemonshowdown.com/"><img src="//pokemonshowdown.com/images/pokemonshowdownbeta.png" srcset="//pokemonshowdown.com/images/pokemonshowdownbeta.png 1x, //pokemonshowdown.com/images/pokemonshowdownbeta@2x.png 2x" alt="Pok&eacute;mon Showdown" width="146" height="44" /> Home</a></li>
			<li><a class="button" href="//pokemonshowdown.com/dex/">Pok&eacute;dex</a></li>
			<li><a class="button cur" href="/">Replays</a></li>
			<li><a class="button" href="//pokemonshowdown.com/ladder/">Ladder</a></li>
			<li><a class="button nav-last" href="//pokemonshowdown.com/forums/">Forum</a></li>
			<li><a class="button greenbutton nav-first nav-last" href="//play.pokemonshowdown.com/">Play</a></li>
		</ul></div>
	</header>

	<div class="main" id="main">

		<noscript><section class="section">You need to enable JavaScript to use this page; sorry!</section></noscript>

	</div>

</div>

<script defer nomodule src="//play.pokemonshowdown.com/js/lib/ps-polyfill.js"></script>
<script defer src="//play.pokemonshowdown.com/js/lib/preact.min.js"></script>

<script defer src="//play.pokemonshowdown.com/config/config.js?6dec07f6"></script>
<script defer src="//play.pokemonshowdown.com/js/lib/jquery-1.11.0.min.js"></script>
<script defer src="//play.pokemonshowdown.com/js/lib/html-sanitizer-minified.js"></script>
<script defer src="//play.pokemonshowdown.com/js/battle-sound.js"></script>
<script defer src="//play.pokemonshowdown.com/js/battledata.js?0.6315294753075389"></script>
<script defer src="//play.pokemonshowdown.com/data/pokedex-mini.js?0.7603743185311358"></script>
<script defer src="//play.pokemonshowdown.com/data/pokedex-mini-bw.js?0.030888842834281283"></script>
<script defer src="//play.pokemonshowdown.com/data/graphics.js?0.05593094747507488"></script>
<script defer src="//play.pokemonshowdown.com/data/pokedex.js?0.47064822249611904"></script>
<script defer src="//play.pokemonshowdown.com/data/moves.js?0.8583693120512459"></script>
<script defer src="//play.pokemonshowdown.com/data/abilities.js?0.16017181182386842"></script>
<script defer src="//play.pokemonshowdown.com/data/items.js?0.4163379185673943"></script>
<script defer src="//play.pokemonshowdown.com/data/teambuilder-tables.js?0.31075597372830477"></script>
<script defer src="//play.pokemonshowdown.com/js/battle-tooltips.js?0.6536193500708172"></script>
<script defer src="//play.pokemonshowdown.com/js/battle.js?0.1916591943277901"></script>

<script defer src="js/utils.js?e31f9a17"></script>
<script defer src="js/replays-battle.js?7008c182"></script>

<!-- don't scrape this data! just add .json or .log after the URL!
Full API docs: https://github.com/smogon/pokemon-showdown-client/blob/master/WEB-API.md -->
<script type="text/plain" class="log" id="replaylog-smogtours-gen3ou-796691">
|inactive|Battle timer is ON: inactive players will automatically lose when time's up.
|t:|1728497374
|gametype|singles
|player|p1|MeEsSm|#roaplxyorknewyanma|
|player|p2|resen65|2|
|teamsize|p1|6
|teamsize|p2|6
|gen|3
|tier|[Gen 3] OU
|rule|Sleep Clause Mod: Limit one foe put to sleep
|rule|Switch Priority Clause Mod: Faster Pokémon switch first
|rule|Species Clause: Limit one of each Pokémon
|rule|OHKO Clause: OHKO moves are banned
|rule|Evasion Items Clause: Evasion items are banned
|rule|Evasion Moves Clause: Evasion moves are banned
|rule|Endless Battle Clause: Forcing endless battles is banned
|rule|HP Percentage Mod: HP is shown in percentages
|rule|One Boost Passer Clause: Limit one Baton Passer that has a way to boost its stats
|rule|Freeze Clause Mod: Limit one foe frozen
|
|t:|1728497374
|start
|switch|p1a: Gypodactyl|Aerodactyl, F|100/100
|switch|p2a: Metagross|Metagross|100/100
|turn|1
|c|☆resen65|glhf!
|c|☆MeEsSm|hf
|inactive|MeEsSm has 270 seconds left.
|inactive|resen65 has 270 seconds left.
|
|t:|1728497416
|switch|p1a: Gyprachi|Jirachi|100/100
|move|p2a: Metagross|Meteor Mash|p1a: Gyprachi
|-resisted|p1a: Gyprachi
|-damage|p1a: Gyprachi|72/100
|-boost|p2a: Metagross|atk|1
|
|-heal|p1a: Gyprachi|78/100|[from] item: Leftovers
|upkeep
|turn|2
|inactive|MeEsSm has 270 seconds left.
|
|t:|1728497454
|switch|p2a: Snorlax|Snorlax, M|100/100
|move|p1a: Gyprachi|Protect||[still]
|-fail|p1a: Gyprachi
|
|-heal|p1a: Gyprachi|85/100|[from] item: Leftovers
|upkeep
|turn|3
|inactive|MeEsSm has 270 seconds left.
|
|t:|1728497469
|switch|p1a: Gypmory|Skarmory, M|100/100
|move|p2a: Snorlax|Curse|p2a: Snorlax
|-unboost|p2a: Snorlax|spe|1
|-boost|p2a: Snorlax|atk|1
|-boost|p2a: Snorlax|def|1
|
|upkeep
|turn|4
|inactive|MeEsSm has 270 seconds left.
|
|t:|1728497478
|move|p1a: Gypmory|Spikes|p2a: Snorlax
|-sidestart|p2: resen65|Spikes
|move|p2a: Snorlax|Fire Blast|p1a: Gypmory
|-supereffective|p1a: Gypmory
|-damage|p1a: Gypmory|35/100
|
|-heal|p1a: Gypmory|41/100|[from] item: Leftovers
|upkeep
|turn|5
|inactive|MeEsSm has 270 seconds left.
|
|t:|1728497495
|switch|p1a: Gypgar|Gengar, F|100/100
|move|p2a: Snorlax|Curse|p2a: Snorlax
|-unboost|p2a: Snorlax|spe|1
|-boost|p2a: Snorlax|atk|1
|-boost|p2a: Snorlax|def|1
|
|upkeep
|turn|6
|inactive|MeEsSm has 270 seconds left.
|inactive|resen65 has 270 seconds left.
|inactive|resen65 has 240 seconds left.
|
|t:|1728497570
|move|p1a: Gypgar|Will-O-Wisp|p2a: Snorlax
|-status|p2a: Snorlax|brn
|move|p2a: Snorlax|Fire Blast|p1a: Gypgar
|-damage|p1a: Gypgar|66/100
|
|-heal|p1a: Gypgar|72/100|[from] item: Leftovers
|-damage|p2a: Snorlax|88/100 brn|[from] brn
|upkeep
|turn|7
|inactive|MeEsSm has 270 seconds left.
|
|t:|1728497585
|switch|p1a: Gypgon|Flygon, M|100/100
|move|p2a: Snorlax|Fire Blast|p1a: Gypgon
|-resisted|p1a: Gypgon
|-damage|p1a: Gypgon|85/100
|
|-heal|p1a: Gypgon|91/100|[from] item: Leftovers
|-heal|p2a: Snorlax|94/100 brn|[from] item: Leftovers
|-damage|p2a: Snorlax|82/100 brn|[from] brn
|upkeep
|turn|8
|inactive|MeEsSm has 270 seconds left.
|inactive|resen65 has 240 seconds left.
|
|t:|1728497596
|switch|p2a: Gengar|Gengar, M|100/100
|move|p1a: Gypgon|Protect||[still]
|-fail|p1a: Gypgon
|
|-heal|p1a: Gypgon|97/100|[from] item: Leftovers
|upkeep
|turn|9
|inactive|resen65 has 240 seconds left.
|inactive|MeEsSm has 270 seconds left.
|
|t:|1728497613
|switch|p1a: Gypdos|Zapdos|100/100
|move|p2a: Gengar|Will-O-Wisp|p1a: Gypdos|[miss]
|-miss|p2a: Gengar|p1a: Gypdos
|
|upkeep
|turn|10
|inactive|MeEsSm has 270 seconds left.
|inactive|resen65 has 240 seconds left.
|inactive|resen65 has 210 seconds left.
|
|t:|1728497664
|move|p2a: Gengar|Will-O-Wisp|p1a: Gypdos
|-status|p1a: Gypdos|brn
|move|p1a: Gypdos|Thunderbolt|p2a: Gengar
|-damage|p2a: Gengar|53/100
|
|-heal|p2a: Gengar|59/100|[from] item: Leftovers
|-damage|p1a: Gypdos|88/100 brn|[from] brn
|upkeep
|turn|11
|inactive|MeEsSm has 270 seconds left.
|
|t:|1728497688
|move|p2a: Gengar|Night Shade|p1a: Gypdos
|-damage|p1a: Gypdos|62/100 brn
|move|p1a: Gypdos|Thunderbolt|p2a: Gengar
|-damage|p2a: Gengar|8/100
|
|-heal|p2a: Gengar|14/100|[from] item: Leftovers
|-heal|p1a: Gypdos|68/100 brn|[from] item: Leftovers
|-damage|p1a: Gypdos|55/100 brn|[from] brn
|upkeep
|turn|12
|inactive|MeEsSm has 270 seconds left.
|
|t:|1728497707
|switch|p1a: Gyprachi|Jirachi|85/100
|move|p2a: Gengar|Rain Dance|p2a: Gengar
|-weather|RainDance
|
|-weather|RainDance|[upkeep]
|-heal|p2a: Gengar|20/100|[from] item: Leftovers
|-heal|p1a: Gyprachi|91/100|[from] item: Leftovers
|upkeep
|turn|13
|inactive|MeEsSm has 240 seconds left.
|inactive|resen65 has 180 seconds left.
|
|t:|1728497778
|switch|p1a: Gypgar|Gengar, F|72/100
|move|p2a: Gengar|Will-O-Wisp|p1a: Gypgar|[miss]
|-miss|p2a: Gengar|p1a: Gypgar
|
|-weather|RainDance|[upkeep]
|-heal|p2a: Gengar|27/100|[from] item: Leftovers
|-heal|p1a: Gypgar|79/100|[from] item: Leftovers
|upkeep
|turn|14
|
|t:|1728497794
|switch|p2a: Metagross|Metagross|100/100
|-damage|p2a: Metagross|88/100|[from] Spikes
|move|p1a: Gypgar|Thunderbolt|p2a: Metagross
|-damage|p2a: Metagross|59/100
|
|-weather|RainDance|[upkeep]
|-heal|p1a: Gypgar|85/100|[from] item: Leftovers
|upkeep
|turn|15
|inactive|MeEsSm has 240 seconds left.
|inactive|MeEsSm has 210 seconds left.
|
|t:|1728497846
|switch|p1a: Gypmory|Skarmory, M|41/100
|move|p2a: Metagross|Meteor Mash|p1a: Gypmory
|-resisted|p1a: Gypmory
|-crit|p1a: Gypmory
|-damage|p1a: Gypmory|0 fnt
|faint|p1a: Gypmory
|
|t:|1728497857
|switch|p1a: Gyprachi|Jirachi|91/100
|
|-weather|RainDance|[upkeep]
|-heal|p1a: Gyprachi|97/100|[from] item: Leftovers
|upkeep
|turn|16
|
|t:|1728497862
|switch|p2a: Snorlax|Snorlax, M|82/100 brn
|-damage|p2a: Snorlax|69/100 brn|[from] Spikes
|move|p1a: Gyprachi|Wish|p1a: Gyprachi
|
|-weather|none
|-heal|p1a: Gyprachi|100/100|[from] item: Leftovers
|-heal|p2a: Snorlax|76/100 brn|[from] item: Leftovers
|-damage|p2a: Snorlax|63/100 brn|[from] brn
|upkeep
|turn|17
|inactive|resen65 has 150 seconds left.
|
|t:|1728497894
|switch|p1a: Gypgar|Gengar, F|85/100
|move|p2a: Snorlax|Curse|p2a: Snorlax
|-unboost|p2a: Snorlax|spe|1
|-boost|p2a: Snorlax|atk|1
|-boost|p2a: Snorlax|def|1
|
|-heal|p1a: Gypgar|100/100|[from] move: Wish|[wisher] Gyprachi
|-heal|p2a: Snorlax|69/100 brn|[from] item: Leftovers
|-damage|p2a: Snorlax|57/100 brn|[from] brn
|upkeep
|turn|18
|inactive|MeEsSm has 210 seconds left.
|inactive|resen65 has 150 seconds left.
|
|t:|1728497912
|move|p1a: Gypgar|Thunderbolt|p2a: Snorlax
|-damage|p2a: Snorlax|38/100 brn
|move|p2a: Snorlax|Fire Blast|p1a: Gypgar
|-damage|p1a: Gypgar|69/100
|
|-heal|p1a: Gypgar|75/100|[from] item: Leftovers
|-heal|p2a: Snorlax|45/100 brn|[from] item: Leftovers
|-damage|p2a: Snorlax|32/100 brn|[from] brn
|upkeep
|turn|19
|inactive|MeEsSm has 210 seconds left.
|
|t:|1728497926
|switch|p1a: Gypgon|Flygon, M|97/100
|move|p2a: Snorlax|Fire Blast|p1a: Gypgon
|-resisted|p1a: Gypgon
|-damage|p1a: Gypgon|82/100
|-status|p1a: Gypgon|brn
|
|-heal|p1a: Gypgon|88/100 brn|[from] item: Leftovers
|-damage|p1a: Gypgon|75/100 brn|[from] brn
|-heal|p2a: Snorlax|38/100 brn|[from] item: Leftovers
|-damage|p2a: Snorlax|26/100 brn|[from] brn
|upkeep
|turn|20
|inactive|MeEsSm has 210 seconds left.
|inactive|resen65 has 150 seconds left.
|c|☆resen65|sorry
|
|t:|1728497956
|move|p1a: Gypgon|Protect|p1a: Gypgon
|-singleturn|p1a: Gypgon|Protect
|move|p2a: Snorlax|Self-Destruct|p1a: Gypgon
|-activate|p1a: Gypgon|Protect
|faint|p2a: Snorlax
|
|t:|1728497966
|switch|p2a: Gengar|Gengar, M|27/100
|
|-heal|p2a: Gengar|33/100|[from] item: Leftovers
|-heal|p1a: Gypgon|81/100 brn|[from] item: Leftovers
|-damage|p1a: Gypgon|69/100 brn|[from] brn
|upkeep
|turn|21
|inactive|MeEsSm has 210 seconds left.
|inactive|resen65 has 120 seconds left.
|
|t:|1728498012
|switch|p1a: Gypgar|Gengar, F|75/100
|move|p2a: Gengar|Will-O-Wisp|p1a: Gypgar
|-status|p1a: Gypgar|brn
|
|-heal|p2a: Gengar|39/100|[from] item: Leftovers
|-heal|p1a: Gypgar|81/100 brn|[from] item: Leftovers
|-damage|p1a: Gypgar|69/100 brn|[from] brn
|upkeep
|turn|22
|inactive|resen65 has 90 seconds left.
|inactive|resen65 has 60 seconds left.
|
|t:|1728498076
|move|p2a: Gengar|Night Shade|p1a: Gypgar
|-damage|p1a: Gypgar|38/100 brn
|move|p1a: Gypgar|Thunderbolt|p2a: Gengar
|-damage|p2a: Gengar|2/100
|
|-heal|p2a: Gengar|8/100|[from] item: Leftovers
|-heal|p1a: Gypgar|44/100 brn|[from] item: Leftovers
|-damage|p1a: Gypgar|32/100 brn|[from] brn
|upkeep
|turn|23
|
|t:|1728498086
|move|p2a: Gengar|Rain Dance|p2a: Gengar
|-weather|RainDance
|move|p1a: Gypgar|Thunderbolt|p2a: Gengar
|-damage|p2a: Gengar|0 fnt
|faint|p2a: Gengar
|
|t:|1728498089
|switch|p2a: Gorebyss|Gorebyss, M|100/100
|-damage|p2a: Gorebyss|88/100|[from] Spikes
|
|-weather|RainDance|[upkeep]
|-heal|p1a: Gypgar|38/100 brn|[from] item: Leftovers
|-damage|p1a: Gypgar|26/100 brn|[from] brn
|upkeep
|turn|24
|inactive|MeEsSm has 210 seconds left.
|
|t:|1728498127
|move|p2a: Gorebyss|Ice Beam|p1a: Gypgar
|-damage|p1a: Gypgar|0 fnt
|faint|p1a: Gypgar
|inactive|MeEsSm has 180 seconds left.
|inactive|MeEsSm has 150 seconds left.
|inactive|MeEsSm has 120 seconds left.
|
|t:|1728498198
|switch|p1a: Gyprachi|Jirachi|100/100
|
|-weather|RainDance|[upkeep]
|upkeep
|turn|25
|inactive|MeEsSm has 120 seconds left.
|
|t:|1728498211
|move|p2a: Gorebyss|Hydro Pump|p1a: Gyprachi
|-damage|p1a: Gyprachi|21/100
|move|p1a: Gyprachi|Wish|p1a: Gyprachi
|
|-weather|RainDance|[upkeep]
|-heal|p1a: Gyprachi|27/100|[from] item: Leftovers
|upkeep
|turn|26
|inactive|resen65 has 60 seconds left.
|
|t:|1728498252
|move|p1a: Gyprachi|Protect|p1a: Gyprachi
|-singleturn|p1a: Gyprachi|Protect
|move|p2a: Gorebyss|Hydro Pump|p1a: Gyprachi
|-activate|p1a: Gyprachi|Protect
|
|-heal|p1a: Gyprachi|77/100|[from] move: Wish|[wisher] Gyprachi
|-weather|RainDance|[upkeep]
|-heal|p1a: Gyprachi|84/100|[from] item: Leftovers
|upkeep
|turn|27
|
|t:|1728498265
|move|p2a: Gorebyss|Hydro Pump|p1a: Gyprachi|[miss]
|-miss|p2a: Gorebyss|p1a: Gyprachi
|move|p1a: Gyprachi|Wish|p1a: Gyprachi
|
|-weather|none
|-heal|p1a: Gyprachi|90/100|[from] item: Leftovers
|upkeep
|turn|28
|inactive|resen65 has 60 seconds left.
|
|t:|1728498280
|switch|p2a: Metagross|Metagross|59/100
|-damage|p2a: Metagross|47/100|[from] Spikes
|move|p1a: Gyprachi|Toxic|p2a: Metagross
|-immune|p2a: Metagross
|
|-heal|p1a: Gyprachi|100/100|[from] move: Wish|[wisher] Gyprachi
|upkeep
|turn|29
|inactive|resen65 has 60 seconds left.
|
|t:|1728498309
|move|p1a: Gyprachi|Protect|p1a: Gyprachi
|-singleturn|p1a: Gyprachi|Protect
|move|p2a: Metagross|Meteor Mash|p1a: Gyprachi
|-activate|p1a: Gyprachi|Protect
|
|upkeep
|turn|30
|
|t:|1728498317
|move|p1a: Gyprachi|Fire Punch|p2a: Metagross
|-supereffective|p2a: Metagross
|-damage|p2a: Metagross|6/100
|move|p2a: Metagross|Meteor Mash|p1a: Gyprachi
|-resisted|p1a: Gyprachi
|-damage|p1a: Gyprachi|72/100
|
|-heal|p1a: Gyprachi|78/100|[from] item: Leftovers
|upkeep
|turn|31
|
|t:|1728498326
|move|p1a: Gyprachi|Protect|p1a: Gyprachi
|-singleturn|p1a: Gyprachi|Protect
|move|p2a: Metagross|Meteor Mash|p1a: Gyprachi
|-activate|p1a: Gyprachi|Protect
|
|-heal|p1a: Gyprachi|84/100|[from] item: Leftovers
|upkeep
|turn|32
|
|t:|1728498330
|move|p1a: Gyprachi|Wish|p1a: Gyprachi
|move|p2a: Metagross|Meteor Mash|p1a: Gyprachi
|-resisted|p1a: Gyprachi
|-damage|p1a: Gyprachi|57/100
|-boost|p2a: Metagross|atk|1
|
|-heal|p1a: Gyprachi|63/100|[from] item: Leftovers
|upkeep
|turn|33
|inactive|resen65 has 60 seconds left.
|
|t:|1728498346
|switch|p2a: Gorebyss|Gorebyss, M|88/100
|-damage|p2a: Gorebyss|76/100|[from] Spikes
|move|p1a: Gyprachi|Fire Punch|p2a: Gorebyss
|-resisted|p2a: Gorebyss
|-damage|p2a: Gorebyss|61/100
|
|-heal|p1a: Gyprachi|100/100|[from] move: Wish|[wisher] Gyprachi
|upkeep
|turn|34
|inactive|resen65 has 60 seconds left.
|
|t:|1728498358
|move|p1a: Gyprachi|Toxic|p2a: Gorebyss
|-status|p2a: Gorebyss|tox
|-enditem|p2a: Gorebyss|Lum Berry|[eat]
|-curestatus|p2a: Gorebyss|tox|[msg]
|move|p2a: Gorebyss|Rain Dance|p2a: Gorebyss
|-weather|RainDance
|
|-weather|RainDance|[upkeep]
|upkeep
|turn|35
|
|t:|1728498367
|move|p1a: Gyprachi|Protect|p1a: Gyprachi
|-singleturn|p1a: Gyprachi|Protect
|move|p2a: Gorebyss|Hydro Pump|p1a: Gyprachi|[miss]
|-miss|p2a: Gorebyss|p1a: Gyprachi
|
|-weather|RainDance|[upkeep]
|upkeep
|turn|36
|
|t:|1728498373
|move|p2a: Gorebyss|Hydro Pump|p1a: Gyprachi
|-damage|p1a: Gyprachi|20/100
|move|p1a: Gyprachi|Wish|p1a: Gyprachi
|
|-weather|RainDance|[upkeep]
|-heal|p1a: Gyprachi|26/100|[from] item: Leftovers
|upkeep
|turn|37
|inactive|MeEsSm has 180 seconds left.
|
|t:|1728498380
|switch|p2a: Metagross|Metagross|6/100
|-damage|p2a: Metagross|0 fnt|[from] Spikes
|faint|p2a: Metagross
|
|t:|1728498382
|switch|p2a: Dugtrio|Dugtrio, M|100/100
|-damage|p2a: Dugtrio|88/100|[from] Spikes
|
|-heal|p1a: Gyprachi|76/100|[from] move: Wish|[wisher] Gyprachi
|-weather|RainDance|[upkeep]
|-heal|p1a: Gyprachi|82/100|[from] item: Leftovers
|upkeep
|turn|38
|
|t:|1728498391
|move|p1a: Gyprachi|Protect|p1a: Gyprachi
|-singleturn|p1a: Gyprachi|Protect
|move|p2a: Dugtrio|Earthquake|p1a: Gyprachi
|-activate|p1a: Gyprachi|Protect
|
|-weather|none
|-heal|p1a: Gyprachi|88/100|[from] item: Leftovers
|upkeep
|turn|39
|
|t:|1728498402
|move|p2a: Dugtrio|Earthquake|p1a: Gyprachi
|-supereffective|p1a: Gyprachi
|-damage|p1a: Gyprachi|19/100
|move|p1a: Gyprachi|Wish|p1a: Gyprachi
|
|-heal|p1a: Gyprachi|25/100|[from] item: Leftovers
|upkeep
|turn|40
|
|t:|1728498407
|move|p1a: Gyprachi|Protect|p1a: Gyprachi
|-singleturn|p1a: Gyprachi|Protect
|move|p2a: Dugtrio|Earthquake|p1a: Gyprachi
|-activate|p1a: Gyprachi|Protect
|
|-heal|p1a: Gyprachi|75/100|[from] move: Wish|[wisher] Gyprachi
|-heal|p1a: Gyprachi|81/100|[from] item: Leftovers
|upkeep
|turn|41
|
|t:|1728498414
|move|p2a: Dugtrio|Earthquake|p1a: Gyprachi
|-supereffective|p1a: Gyprachi
|-damage|p1a: Gyprachi|6/100
|move|p1a: Gyprachi|Wish|p1a: Gyprachi
|
|-heal|p1a: Gyprachi|12/100|[from] item: Leftovers
|upkeep
|turn|42
|
|t:|1728498425
|move|p1a: Gyprachi|Protect|p1a: Gyprachi
|-singleturn|p1a: Gyprachi|Protect
|move|p2a: Dugtrio|Earthquake|p1a: Gyprachi
|-activate|p1a: Gyprachi|Protect
|
|-heal|p1a: Gyprachi|62/100|[from] move: Wish|[wisher] Gyprachi
|-heal|p1a: Gyprachi|68/100|[from] item: Leftovers
|upkeep
|turn|43
|
|t:|1728498434
|move|p1a: Gyprachi|Protect||[still]
|-fail|p1a: Gyprachi
|move|p2a: Dugtrio|Earthquake|p1a: Gyprachi
|-supereffective|p1a: Gyprachi
|-crit|p1a: Gyprachi
|-damage|p1a: Gyprachi|0 fnt
|faint|p1a: Gyprachi
|
|t:|1728498452
|switch|p1a: Gypodactyl|Aerodactyl, F|100/100
|
|upkeep
|turn|44
|inactive|resen65 has 150 seconds left.
|
|t:|1728498472
|move|p1a: Gypodactyl|Double-Edge|p2a: Dugtrio
|-damage|p2a: Dugtrio|0 fnt
|faint|p2a: Dugtrio
|
|t:|1728498479
|switch|p2a: Gorebyss|Gorebyss, M|61/100
|-damage|p2a: Gorebyss|49/100|[from] Spikes
|
|upkeep
|turn|45
|
|t:|1728498483
|move|p1a: Gypodactyl|Double-Edge|p2a: Gorebyss
|-damage|p2a: Gorebyss|0 fnt
|faint|p2a: Gorebyss
|
|t:|1728498486
|switch|p2a: Medicham|Medicham, M|100/100
|-damage|p2a: Medicham|88/100|[from] Spikes
|
|upkeep
|turn|46
|inactive|resen65 has 150 seconds left.
|
|t:|1728498513
|move|p1a: Gypodactyl|Double-Edge|p2a: Medicham
|-damage|p2a: Medicham|4/100
|move|p2a: Medicham|Bulk Up|p2a: Medicham
|-boost|p2a: Medicham|atk|1
|-boost|p2a: Medicham|def|1
|
|-enditem|p2a: Medicham|Salac Berry|[eat]
|-boost|p2a: Medicham|spe|1|[from] item: Salac Berry
|upkeep
|turn|47
|
|t:|1728498521
|move|p2a: Medicham|Reversal|p1a: Gypodactyl
|-damage|p1a: Gypodactyl|0 fnt
|faint|p1a: Gypodactyl
|
|t:|1728498532
|switch|p1a: Gypgon|Flygon, M|69/100 brn
|
|-heal|p1a: Gypgon|75/100 brn|[from] item: Leftovers
|-damage|p1a: Gypgon|63/100 brn|[from] brn
|upkeep
|turn|48
|
|t:|1728498540
|move|p2a: Medicham|Reversal|p1a: Gypgon
|-damage|p1a: Gypgon|0 fnt
|faint|p1a: Gypgon
|
|t:|1728498542
|switch|p1a: Gypdos|Zapdos|55/100 brn
|
|-heal|p1a: Gypdos|61/100 brn|[from] item: Leftovers
|-damage|p1a: Gypdos|49/100 brn|[from] brn
|upkeep
|turn|49
|
|t:|1728498547
|move|p2a: Medicham|Reversal|p1a: Gypdos
|-resisted|p1a: Gypdos
|-damage|p1a: Gypdos|0 fnt
|faint|p1a: Gypdos
|
|win|resen65
|c|☆MeEsSm|dedge 60% 
|c|☆MeEsSm|sad
|c|☆MeEsSm|gg
|c|☆resen65|gg
|c|☆MeEsSm|/log MeEsSm made the replay of this battle unlisted.
|player|p1|

</script>
<script type="application/json" class="data" id="replaydata-smogtours-gen3ou-796691">
{"id":"smogtours-gen3ou-796691","format":"[Gen 3] OU","players":["MeEsSm","resen65"],"uploadtime":1728498547,"views":152,"formatid":"gen3ou","rating":null,"private":1,"password":null}
</script>

<script defer src="js/replays.js?9d40a366"></script>
