<!DOCTYPE html>
<meta charset="utf-8" />
<meta name="viewport" content="width=device-width" />

<title>[Gen 3] OU: lunasran vs. Gooball99 - Replays - Pok&eacute;mon Showdown!</title>

<meta name="description" content="Watch a replay of a Pok&eacute;mon battle between lunasran and Gooball99! Format: [Gen 3] OU; Date: Oct 5, 2024" />
<!--

Hey, you! Looking in the source for the replay log?

You can find them in JSON format, just add `.json` at the end of a replay URL.

https://replay.pokemonshowdown.com/gen7randomdoublesbattle-865046831.json

Or, if you only need the log itself, add `.log` instead:

https://replay.pokemonshowdown.com/gen7randomdoublesbattle-865046831.log

-->

<link rel="stylesheet" href="//pokemonshowdown.com/style/global.css?0.023195364461161105" />
<link rel="stylesheet" href="//play.pokemonshowdown.com/style/font-awesome.css?0.13261647063804238" />
<link rel="stylesheet" href="//play.pokemonshowdown.com/style/battle.css?0.8753245789963631" />
<link rel="stylesheet" href="//play.pokemonshowdown.com/style/utilichart.css?0.8627959624976733" />

<!-- Global site tag (gtag.js) - Google Analytics -->
<script async src="https://www.googletagmanager.com/gtag/js?id=UA-26211653-1"></script>
<script>
  window.dataLayer = window.dataLayer || [];
  function gtag(){dataLayer.push(arguments);}
  gtag('js', new Date());

  gtag('config', 'UA-26211653-1');
</script>
<!-- End Google Analytics -->
<!-- Venatus Ad Manager - Install in <HEAD> of page -->
	<script src="https://hb.vntsm.com/v3/live/ad-manager.min.js" type="text/javascript" data-site-id="642aba63ec9a7b11c3c9c1be" data-mode="scan" async></script>
<!-- / Venatus Ad Manager -->

<style>
	@media (max-width:820px) {
		.battle {
			margin: 0 auto;
		}
		.battle-log {
			margin: 7px auto 0;
			max-width: 640px;
			height: 300px;
			position: static;
		}
	}
	.optgroup {
		display: inline-block;
		line-height: 22px;
		font-size: 10pt;
	}
	.optgroup .button {
		height: 25px;
		padding-top: 0;
		padding-bottom: 0;
	}
	.optgroup button.button {
		padding-left: 12px;
		padding-right: 12px;
	}
	.linklist {
		list-style: none;
		margin: 0.5em 0;
		padding: 0;
	}
	.linklist li {
		padding: 2px 0;
	}
	.sidebar {
		float: left;
		width: 320px;
	}
	.bar-wrapper {
		max-width: 1100px;
		margin: 0 auto;
	}
	.bar-wrapper.has-sidebar {
		max-width: 1430px;
	}
	.mainbar {
		margin: 0;
		padding-right: 1px;
	}
	.mainbar.has-sidebar {
		margin-left: 330px;
	}
	@media (min-width: 1511px) {
		.sidebar {
			width: 400px;
		}
		.bar-wrapper.has-sidebar {
			max-width: 1510px;
		}
		.mainbar.has-sidebar {
			margin-left: 410px;
		}
	}
	.section.first-section {
		margin-top: 9px;
	}
	.blocklink small {
		white-space: normal;
	}
	.button {
		vertical-align: middle;
	}
	.replay-controls {
		padding-top: 10px;
	}
	.replay-controls h1 {
		font-size: 16pt;
		font-weight: normal;
		color: #CCC;
	}
	.pagelink {
		text-align: center;
	}
	.pagelink a {
		width: 150px;
	}
	.textbox, .button {
		font-size: 11pt;
		vertical-align: middle;
	}
	@media (max-width: 450px) {
		.button {
			font-size: 9pt;
		}
	}
</style>

<div>

	<header>
		<div class="nav-wrapper"><ul class="nav">
			<li><a class="button nav-first" href="//pokemonshowdown.com/"><img src="//pokemonshowdown.com/images/pokemonshowdownbeta.png" srcset="//pokemonshowdown.com/images/pokemonshowdownbeta.png 1x, //pokemonshowdown.com/images/pokemonshowdownbeta@2x.png 2x" alt="Pok&eacute;mon Showdown" width="146" height="44" /> Home</a></li>
			<li><a class="button" href="//pokemonshowdown.com/dex/">Pok&eacute;dex</a></li>
			<li><a class="button cur" href="/">Replays</a></li>
			<li><a class="button" href="//pokemonshowdown.com/ladder/">Ladder</a></li>
			<li><a class="button nav-last" href="//pokemonshowdown.com/forums/">Forum</a></li>
			<li><a class="button greenbutton nav-first nav-last" href="//play.pokemonshowdown.com/">Play</a></li>
		</ul></div>
	</header>

	<div class="main" id="main">

		<noscript><section class="section">You need to enable JavaScript to use this page; sorry!</section></noscript>

	</div>

</div>

<script defer nomodule src="//play.pokemonshowdown.com/js/lib/ps-polyfill.js"></script>
<script defer src="//play.pokemonshowdown.com/js/lib/preact.min.js"></script>

<script defer src="//play.pokemonshowdown.com/config/config.js?2bddbc15"></script>
<script defer src="//play.pokemonshowdown.com/js/lib/jquery-1.11.0.min.js"></script>
<script defer src="//play.pokemonshowdown.com/js/lib/html-sanitizer-minified.js"></script>
<script defer src="//play.pokemonshowdown.com/js/battle-sound.js"></script>
<script defer src="//play.pokemonshowdown.com/js/battledata.js?0.7209276989879541"></script>
<script defer src="//play.pokemonshowdown.com/data/pokedex-mini.js?0.6111056340867951"></script>
<script defer src="//play.pokemonshowdown.com/data/pokedex-mini-bw.js?0.3532142036491459"></script>
<script defer src="//play.pokemonshowdown.com/data/graphics.js?0.24223875632456182"></script>
<script defer src="//play.pokemonshowdown.com/data/pokedex.js?0.38839984266356864"></script>
<script defer src="//play.pokemonshowdown.com/data/moves.js?0.21866028504024015"></script>
<script defer src="//play.pokemonshowdown.com/data/abilities.js?0.2005157953846628"></script>
<script defer src="//play.pokemonshowdown.com/data/items.js?0.9894211263848525"></script>
<script defer src="//play.pokemonshowdown.com/data/teambuilder-tables.js?0.6008791140282215"></script>
<script defer src="//play.pokemonshowdown.com/js/battle-tooltips.js?0.7580118955022959"></script>
<script defer src="//play.pokemonshowdown.com/js/battle.js?0.6057722274234274"></script>

<script defer src="js/utils.js?e31f9a17"></script>
<script defer src="js/replays-battle.js?7008c182"></script>

<!-- don't scrape this data! just add .json or .log after the URL!
Full API docs: https://github.com/smogon/pokemon-showdown-client/blob/master/WEB-API.md -->
<script type="text/plain" class="log" id="replaylog-smogtours-gen3ou-795197">
|inactive|Battle timer is ON: inactive players will automatically lose when time's up.
|t:|1728161818
|gametype|singles
|player|p1|lunasran|erika|
|player|p2|Gooball99|169|
|teamsize|p1|6
|teamsize|p2|6
|gen|3
|tier|[Gen 3] OU
|rule|Sleep Clause Mod: Limit one foe put to sleep
|rule|Switch Priority Clause Mod: Faster Pokémon switch first
|rule|Species Clause: Limit one of each Pokémon
|rule|OHKO Clause: OHKO moves are banned
|rule|Evasion Items Clause: Evasion items are banned
|rule|Evasion Moves Clause: Evasion moves are banned
|rule|Endless Battle Clause: Forcing endless battles is banned
|rule|HP Percentage Mod: HP is shown in percentages
|rule|One Boost Passer Clause: Limit one Baton Passer that has a way to boost its stats
|rule|Freeze Clause Mod: Limit one foe frozen
|
|t:|1728161818
|start
|switch|p1a: Breloom|Breloom, M, shiny|100/100
|switch|p2a: Zapdos|Zapdos|100/100
|turn|1
|c|☆Gooball99|Good luck! Have fun!
|c|☆lunasran|glhf <3
|
|t:|1728161840
|switch|p1a: Snorlax|Snorlax, M, shiny|100/100
|move|p2a: Zapdos|Thunderbolt|p1a: Snorlax
|-damage|p1a: Snorlax|80/100
|
|-heal|p1a: Snorlax|86/100|[from] item: Leftovers
|upkeep
|turn|2
|
|t:|1728161857
|switch|p2a: Forretress|Forretress, M|100/100
|move|p1a: Snorlax|Curse|p1a: Snorlax
|-unboost|p1a: Snorlax|spe|1
|-boost|p1a: Snorlax|atk|1
|-boost|p1a: Snorlax|def|1
|
|-heal|p1a: Snorlax|92/100|[from] item: Leftovers
|upkeep
|turn|3
|
|t:|1728161866
|switch|p2a: Zapdos|Zapdos|100/100
|move|p1a: Snorlax|Curse|p1a: Snorlax
|-unboost|p1a: Snorlax|spe|1
|-boost|p1a: Snorlax|atk|1
|-boost|p1a: Snorlax|def|1
|
|-heal|p1a: Snorlax|98/100|[from] item: Leftovers
|upkeep
|turn|4
|
|t:|1728161876
|move|p1a: Snorlax|Curse|p1a: Snorlax
|-unboost|p1a: Snorlax|spe|1
|-boost|p1a: Snorlax|atk|1
|-boost|p1a: Snorlax|def|1
|move|p2a: Zapdos|Roar|p1a: Snorlax
|drag|p1a: Aerodactyl|Aerodactyl, M, shiny|100/100
|
|upkeep
|turn|5
|
|t:|1728161891
|switch|p2a: Flygon|Flygon, F|100/100
|move|p1a: Aerodactyl|Rock Slide|p2a: Flygon
|-resisted|p2a: Flygon
|-damage|p2a: Flygon|82/100
|
|-heal|p2a: Flygon|88/100|[from] item: Leftovers
|upkeep
|turn|6
|inactive|lunasran has 270 seconds left.
|
|t:|1728161921
|switch|p1a: Breloom|Breloom, M, shiny|100/100
|move|p2a: Flygon|Toxic|p1a: Breloom
|-status|p1a: Breloom|tox
|
|-damage|p1a: Breloom|94/100 tox|[from] psn
|-heal|p2a: Flygon|94/100|[from] item: Leftovers
|upkeep
|turn|7
|inactive|lunasran has 270 seconds left.
|
|t:|1728161931
|move|p2a: Flygon|Protect|p2a: Flygon
|-singleturn|p2a: Flygon|Protect
|move|p1a: Breloom|Spore|p2a: Flygon
|-activate|p2a: Flygon|Protect
|
|-heal|p1a: Breloom|100/100 tox|[from] item: Leftovers
|-damage|p1a: Breloom|88/100 tox|[from] psn
|-heal|p2a: Flygon|99/100|[from] item: Leftovers
|upkeep
|turn|8
|inactive|lunasran has 270 seconds left.
|
|t:|1728161951
|switch|p2a: Forretress|Forretress, M|100/100
|move|p1a: Breloom|Spore|p2a: Forretress
|-status|p2a: Forretress|slp|[from] move: Spore
|
|-heal|p1a: Breloom|94/100 tox|[from] item: Leftovers
|-damage|p1a: Breloom|76/100 tox|[from] psn
|upkeep
|turn|9
|inactive|lunasran has 270 seconds left.
|inactive|lunasran has 240 seconds left.
|
|t:|1728161993
|switch|p1a: Snorlax|Snorlax, M, shiny|98/100
|switch|p2a: Zapdos|Zapdos|100/100
|
|-heal|p1a: Snorlax|100/100|[from] item: Leftovers
|upkeep
|turn|10
|
|t:|1728161999
|move|p1a: Snorlax|Body Slam|p2a: Zapdos
|-damage|p2a: Zapdos|67/100
|move|p2a: Zapdos|Roar|p1a: Snorlax
|drag|p1a: Breloom|Breloom, M, shiny|76/100 tox
|
|-heal|p1a: Breloom|82/100 tox|[from] item: Leftovers
|-damage|p1a: Breloom|76/100 tox|[from] psn
|-heal|p2a: Zapdos|73/100|[from] item: Leftovers
|upkeep
|turn|11
|inactive|lunasran has 240 seconds left.
|
|t:|1728162021
|switch|p1a: Snorlax|Snorlax, M, shiny|100/100
|move|p2a: Zapdos|Thunderbolt|p1a: Snorlax
|-damage|p1a: Snorlax|76/100
|
|-heal|p2a: Zapdos|80/100|[from] item: Leftovers
|-heal|p1a: Snorlax|83/100|[from] item: Leftovers
|upkeep
|turn|12
|inactive|lunasran has 240 seconds left.
|
|t:|1728162031
|move|p1a: Snorlax|Body Slam|p2a: Zapdos
|-damage|p2a: Zapdos|47/100
|-status|p2a: Zapdos|par
|move|p2a: Zapdos|Roar|p1a: Snorlax
|drag|p1a: Zapdos|Zapdos, shiny|100/100
|
|-heal|p2a: Zapdos|53/100 par|[from] item: Leftovers
|upkeep
|turn|13
|inactive|lunasran has 240 seconds left.
|
|t:|1728162056
|switch|p2a: Snorlax|Snorlax, F|100/100
|move|p1a: Zapdos|Substitute|p1a: Zapdos
|-start|p1a: Zapdos|Substitute
|-damage|p1a: Zapdos|76/100
|
|-heal|p1a: Zapdos|82/100|[from] item: Leftovers
|upkeep
|turn|14
|
|t:|1728162064
|move|p1a: Zapdos|Thunder Wave|p2a: Snorlax
|-status|p2a: Snorlax|par
|cant|p2a: Snorlax|par
|
|-heal|p1a: Zapdos|88/100|[from] item: Leftovers
|upkeep
|turn|15
|
|t:|1728162071
|move|p1a: Zapdos|Thunderbolt|p2a: Snorlax
|-damage|p2a: Snorlax|77/100 par
|move|p2a: Snorlax|Body Slam|p1a: Zapdos
|-end|p1a: Zapdos|Substitute
|
|-heal|p1a: Zapdos|94/100|[from] item: Leftovers
|-heal|p2a: Snorlax|83/100 par|[from] item: Leftovers
|upkeep
|turn|16
|
|t:|1728162081
|switch|p1a: Aerodactyl|Aerodactyl, M, shiny|100/100
|move|p2a: Snorlax|Curse|p2a: Snorlax
|-unboost|p2a: Snorlax|spe|1
|-boost|p2a: Snorlax|atk|1
|-boost|p2a: Snorlax|def|1
|
|-heal|p2a: Snorlax|89/100 par|[from] item: Leftovers
|upkeep
|turn|17
|inactive|lunasran has 240 seconds left.
|
|t:|1728162090
|move|p1a: Aerodactyl|Double-Edge|p2a: Snorlax
|-damage|p2a: Snorlax|61/100 par
|move|p2a: Snorlax|Curse|p2a: Snorlax
|-unboost|p2a: Snorlax|spe|1
|-boost|p2a: Snorlax|atk|1
|-boost|p2a: Snorlax|def|1
|
|-heal|p2a: Snorlax|67/100 par|[from] item: Leftovers
|upkeep
|turn|18
|inactive|lunasran has 240 seconds left.
|
|t:|1728162112
|switch|p1a: Breloom|Breloom, M, shiny|76/100 tox
|move|p2a: Snorlax|Curse|p2a: Snorlax
|-unboost|p2a: Snorlax|spe|1
|-boost|p2a: Snorlax|atk|1
|-boost|p2a: Snorlax|def|1
|
|-heal|p1a: Breloom|82/100 tox|[from] item: Leftovers
|-damage|p1a: Breloom|76/100 tox|[from] psn
|-heal|p2a: Snorlax|74/100 par|[from] item: Leftovers
|upkeep
|turn|19
|
|t:|1728162126
|move|p1a: Breloom|Brick Break|p2a: Snorlax
|-supereffective|p2a: Snorlax
|-damage|p2a: Snorlax|46/100 par
|move|p2a: Snorlax|Body Slam|p1a: Breloom
|-damage|p1a: Breloom|0 fnt
|faint|p1a: Breloom
|inactive|lunasran has 210 seconds left.
|
|t:|1728162154
|switch|p1a: Jirachi|Jirachi, shiny|100/100
|
|-heal|p2a: Snorlax|52/100 par|[from] item: Leftovers
|upkeep
|turn|20
|
|t:|1728162158
|move|p1a: Jirachi|Wish|p1a: Jirachi
|move|p2a: Snorlax|Shadow Ball|p1a: Jirachi
|-damage|p1a: Jirachi|61/100
|
|-heal|p1a: Jirachi|67/100|[from] item: Leftovers
|-heal|p2a: Snorlax|58/100 par|[from] item: Leftovers
|upkeep
|turn|21
|
|t:|1728162166
|move|p1a: Jirachi|Calm Mind|p1a: Jirachi
|-boost|p1a: Jirachi|spa|1
|-boost|p1a: Jirachi|spd|1
|move|p2a: Snorlax|Curse|p2a: Snorlax
|-unboost|p2a: Snorlax|spe|1
|-boost|p2a: Snorlax|atk|1
|-boost|p2a: Snorlax|def|1
|
|-heal|p1a: Jirachi|100/100|[from] move: Wish|[wisher] Jirachi
|-heal|p2a: Snorlax|65/100 par|[from] item: Leftovers
|upkeep
|turn|22
|
|t:|1728162178
|move|p1a: Jirachi|Calm Mind|p1a: Jirachi
|-boost|p1a: Jirachi|spa|1
|-boost|p1a: Jirachi|spd|1
|move|p2a: Snorlax|Shadow Ball|p1a: Jirachi
|-damage|p1a: Jirachi|50/100
|
|-heal|p1a: Jirachi|56/100|[from] item: Leftovers
|-heal|p2a: Snorlax|71/100 par|[from] item: Leftovers
|upkeep
|turn|23
|
|t:|1728162188
|move|p1a: Jirachi|Wish|p1a: Jirachi
|cant|p2a: Snorlax|par
|
|-heal|p1a: Jirachi|63/100|[from] item: Leftovers
|-heal|p2a: Snorlax|77/100 par|[from] item: Leftovers
|upkeep
|turn|24
|
|t:|1728162194
|move|p1a: Jirachi|Calm Mind|p1a: Jirachi
|-boost|p1a: Jirachi|spa|1
|-boost|p1a: Jirachi|spd|1
|move|p2a: Snorlax|Shadow Ball|p1a: Jirachi
|-damage|p1a: Jirachi|16/100
|
|-heal|p1a: Jirachi|66/100|[from] move: Wish|[wisher] Jirachi
|-heal|p1a: Jirachi|72/100|[from] item: Leftovers
|-heal|p2a: Snorlax|83/100 par|[from] item: Leftovers
|upkeep
|turn|25
|inactive|lunasran has 240 seconds left.
|
|t:|1728162205
|move|p1a: Jirachi|Wish|p1a: Jirachi
|cant|p2a: Snorlax|par
|
|-heal|p1a: Jirachi|78/100|[from] item: Leftovers
|-heal|p2a: Snorlax|90/100 par|[from] item: Leftovers
|upkeep
|turn|26
|inactive|lunasran has 240 seconds left.
|
|t:|1728162234
|move|p1a: Jirachi|Psychic|p2a: Snorlax
|-damage|p2a: Snorlax|50/100 par
|move|p2a: Snorlax|Shadow Ball|p1a: Jirachi
|-damage|p1a: Jirachi|28/100
|
|-heal|p1a: Jirachi|78/100|[from] move: Wish|[wisher] Jirachi
|-heal|p1a: Jirachi|85/100|[from] item: Leftovers
|-heal|p2a: Snorlax|56/100 par|[from] item: Leftovers
|upkeep
|turn|27
|
|t:|1728162247
|move|p1a: Jirachi|Wish|p1a: Jirachi
|move|p2a: Snorlax|Shadow Ball|p1a: Jirachi
|-damage|p1a: Jirachi|34/100
|
|-heal|p1a: Jirachi|40/100|[from] item: Leftovers
|-heal|p2a: Snorlax|63/100 par|[from] item: Leftovers
|upkeep
|turn|28
|inactive|lunasran has 210 seconds left.
|
|t:|1728162267
|move|p1a: Jirachi|Psychic|p2a: Snorlax
|-damage|p2a: Snorlax|23/100 par
|-unboost|p2a: Snorlax|spd|1
|move|p2a: Snorlax|Shadow Ball|p1a: Jirachi
|-damage|p1a: Jirachi|0 fnt
|faint|p1a: Jirachi
|inactive|lunasran has 210 seconds left.
|
|t:|1728162283
|switch|p1a: Zapdos|Zapdos, shiny|94/100
|
|-heal|p1a: Zapdos|100/100|[from] move: Wish|[wisher] Jirachi
|-heal|p2a: Snorlax|29/100 par|[from] item: Leftovers
|upkeep
|turn|29
|
|t:|1728162293
|move|p1a: Zapdos|Thunderbolt|p2a: Snorlax
|-damage|p2a: Snorlax|0 fnt
|faint|p2a: Snorlax
|
|t:|1728162299
|switch|p2a: Aerodactyl|Aerodactyl, F|100/100
|
|upkeep
|turn|30
|inactive|lunasran has 210 seconds left.
|
|t:|1728162308
|switch|p1a: Suicune|Suicune, shiny|100/100
|move|p2a: Aerodactyl|Rock Slide|p1a: Suicune
|-damage|p1a: Suicune|50/100
|
|-heal|p1a: Suicune|56/100|[from] item: Leftovers
|upkeep
|turn|31
|inactive|lunasran has 210 seconds left.
|
|t:|1728162326
|move|p2a: Aerodactyl|Rock Slide|p1a: Suicune
|-damage|p1a: Suicune|9/100
|move|p1a: Suicune|Surf|p2a: Aerodactyl
|-supereffective|p2a: Aerodactyl
|-damage|p2a: Aerodactyl|0 fnt
|faint|p2a: Aerodactyl
|
|t:|1728162336
|switch|p2a: Jirachi|Jirachi|100/100
|
|-heal|p1a: Suicune|15/100|[from] item: Leftovers
|upkeep
|turn|32
|inactive|lunasran has 210 seconds left.
|
|t:|1728162348
|switch|p1a: Snorlax|Snorlax, M, shiny|83/100
|move|p2a: Jirachi|Calm Mind|p2a: Jirachi
|-boost|p2a: Jirachi|spa|1
|-boost|p2a: Jirachi|spd|1
|
|-heal|p1a: Snorlax|89/100|[from] item: Leftovers
|upkeep
|turn|33
|inactive|lunasran has 210 seconds left.
|
|t:|1728162361
|move|p2a: Jirachi|Substitute|p2a: Jirachi
|-start|p2a: Jirachi|Substitute
|-damage|p2a: Jirachi|75/100
|move|p1a: Snorlax|Curse|p1a: Snorlax
|-unboost|p1a: Snorlax|spe|1
|-boost|p1a: Snorlax|atk|1
|-boost|p1a: Snorlax|def|1
|
|-heal|p2a: Jirachi|82/100|[from] item: Leftovers
|-heal|p1a: Snorlax|95/100|[from] item: Leftovers
|upkeep
|turn|34
|
|t:|1728162371
|move|p2a: Jirachi|Calm Mind|p2a: Jirachi
|-boost|p2a: Jirachi|spa|1
|-boost|p2a: Jirachi|spd|1
|move|p1a: Snorlax|Curse|p1a: Snorlax
|-unboost|p1a: Snorlax|spe|1
|-boost|p1a: Snorlax|atk|1
|-boost|p1a: Snorlax|def|1
|
|-heal|p2a: Jirachi|88/100|[from] item: Leftovers
|-heal|p1a: Snorlax|100/100|[from] item: Leftovers
|upkeep
|turn|35
|
|t:|1728162381
|move|p2a: Jirachi|Calm Mind|p2a: Jirachi
|-boost|p2a: Jirachi|spa|1
|-boost|p2a: Jirachi|spd|1
|move|p1a: Snorlax|Body Slam|p2a: Jirachi
|-resisted|p2a: Jirachi
|-end|p2a: Jirachi|Substitute
|
|-heal|p2a: Jirachi|94/100|[from] item: Leftovers
|upkeep
|turn|36
|
|t:|1728162389
|move|p2a: Jirachi|Thunderbolt|p1a: Snorlax
|-damage|p1a: Snorlax|66/100
|move|p1a: Snorlax|Body Slam|p2a: Jirachi
|-resisted|p2a: Jirachi
|-damage|p2a: Jirachi|68/100
|
|-heal|p2a: Jirachi|74/100|[from] item: Leftovers
|-heal|p1a: Snorlax|72/100|[from] item: Leftovers
|upkeep
|turn|37
|
|t:|1728162398
|move|p2a: Jirachi|Substitute|p2a: Jirachi
|-start|p2a: Jirachi|Substitute
|-damage|p2a: Jirachi|49/100
|move|p1a: Snorlax|Body Slam|p2a: Jirachi
|-resisted|p2a: Jirachi
|-end|p2a: Jirachi|Substitute
|
|-heal|p2a: Jirachi|55/100|[from] item: Leftovers
|-heal|p1a: Snorlax|79/100|[from] item: Leftovers
|upkeep
|turn|38
|
|t:|1728162407
|move|p2a: Jirachi|Thunderbolt|p1a: Snorlax
|-damage|p1a: Snorlax|44/100
|move|p1a: Snorlax|Body Slam|p2a: Jirachi
|-resisted|p2a: Jirachi
|-crit|p2a: Jirachi
|-damage|p2a: Jirachi|4/100
|
|-heal|p2a: Jirachi|10/100|[from] item: Leftovers
|-heal|p1a: Snorlax|50/100|[from] item: Leftovers
|upkeep
|turn|39
|inactive|lunasran has 240 seconds left.
|
|t:|1728162417
|move|p2a: Jirachi|Thunderbolt|p1a: Snorlax
|-damage|p1a: Snorlax|19/100
|move|p1a: Snorlax|Body Slam|p2a: Jirachi
|-resisted|p2a: Jirachi
|-damage|p2a: Jirachi|0 fnt
|faint|p2a: Jirachi
|
|t:|1728162428
|switch|p2a: Zapdos|Zapdos|53/100 par
|
|-heal|p2a: Zapdos|59/100 par|[from] item: Leftovers
|-heal|p1a: Snorlax|25/100|[from] item: Leftovers
|upkeep
|turn|40
|
|t:|1728162434
|move|p2a: Zapdos|Thunderbolt|p1a: Snorlax
|-damage|p1a: Snorlax|1/100
|move|p1a: Snorlax|Rest|p1a: Snorlax
|-status|p1a: Snorlax|slp|[from] move: Rest
|-heal|p1a: Snorlax|100/100 slp|[silent]
|
|-heal|p2a: Zapdos|65/100 par|[from] item: Leftovers
|upkeep
|turn|41
|inactive|lunasran has 240 seconds left.
|
|t:|1728162453
|move|p2a: Zapdos|Thunderbolt|p1a: Snorlax
|-damage|p1a: Snorlax|79/100 slp
|cant|p1a: Snorlax|slp
|move|p1a: Snorlax|Sleep Talk|p1a: Snorlax
|move|p1a: Snorlax|Body Slam|p2a: Zapdos|[from]Sleep Talk
|-damage|p2a: Zapdos|0 fnt
|faint|p2a: Zapdos
|
|t:|1728162460
|switch|p2a: Flygon|Flygon, F|99/100
|
|-heal|p2a: Flygon|100/100|[from] item: Leftovers
|-heal|p1a: Snorlax|85/100 slp|[from] item: Leftovers
|upkeep
|turn|42
|
|t:|1728162467
|move|p2a: Flygon|Earthquake|p1a: Snorlax
|-damage|p1a: Snorlax|72/100 slp
|cant|p1a: Snorlax|slp
|move|p1a: Snorlax|Sleep Talk|p1a: Snorlax
|move|p1a: Snorlax|Curse|p1a: Snorlax|[from]Sleep Talk
|-unboost|p1a: Snorlax|spe|1
|-boost|p1a: Snorlax|atk|1
|-boost|p1a: Snorlax|def|1
|
|-heal|p1a: Snorlax|78/100 slp|[from] item: Leftovers
|upkeep
|turn|43
|
|t:|1728162483
|move|p2a: Flygon|Earthquake|p1a: Snorlax
|-damage|p1a: Snorlax|67/100 slp
|-curestatus|p1a: Snorlax|slp|[msg]
|move|p1a: Snorlax|Body Slam|p2a: Flygon
|-damage|p2a: Flygon|34/100
|
|-heal|p2a: Flygon|40/100|[from] item: Leftovers
|-heal|p1a: Snorlax|73/100|[from] item: Leftovers
|upkeep
|turn|44
|
|t:|1728162495
|move|p2a: Flygon|Earthquake|p1a: Snorlax
|-crit|p1a: Snorlax
|-damage|p1a: Snorlax|20/100
|move|p1a: Snorlax|Body Slam|p2a: Flygon
|-damage|p2a: Flygon|0 fnt
|faint|p2a: Flygon
|
|t:|1728162502
|switch|p2a: Forretress|Forretress, M|100/100 slp
|
|-heal|p1a: Snorlax|26/100|[from] item: Leftovers
|upkeep
|turn|45
|
|t:|1728162506
|cant|p2a: Forretress|slp
|move|p1a: Snorlax|Rest|p1a: Snorlax
|-status|p1a: Snorlax|slp|[from] move: Rest
|-heal|p1a: Snorlax|100/100 slp|[silent]
|
|upkeep
|turn|46
|
|t:|1728162512
|cant|p2a: Forretress|slp
|cant|p1a: Snorlax|slp
|move|p1a: Snorlax|Sleep Talk|p1a: Snorlax
|move|p1a: Snorlax|Rest|p1a: Snorlax|[from]Sleep Talk
|
|upkeep
|turn|47
|inactive|lunasran has 270 seconds left.
|
|t:|1728162519
|cant|p2a: Forretress|slp
|cant|p1a: Snorlax|slp
|move|p1a: Snorlax|Sleep Talk|p1a: Snorlax
|move|p1a: Snorlax|Body Slam|p2a: Forretress|[from]Sleep Talk
|-resisted|p2a: Forretress
|-damage|p2a: Forretress|69/100 slp
|
|-heal|p2a: Forretress|76/100 slp|[from] item: Leftovers
|upkeep
|turn|48
|inactive|lunasran has 270 seconds left.
|
|t:|1728162531
|-curestatus|p2a: Forretress|slp|[msg]
|move|p2a: Forretress|Explosion|p1a: Snorlax
|-damage|p1a: Snorlax|70/100 slp
|faint|p2a: Forretress
|
|win|lunasran
|c|☆lunasran|ggs
|c|☆Gooball99|GG
|player|p2|

</script>
<script type="application/json" class="data" id="replaydata-smogtours-gen3ou-795197">
{"id":"smogtours-gen3ou-795197","format":"[Gen 3] OU","players":["lunasran","Gooball99"],"uploadtime":1728162531,"views":105,"formatid":"gen3ou","rating":null,"private":0,"password":null}
</script>

<script defer src="js/replays.js?9d40a366"></script>
