<!DOCTYPE html>
<meta charset="utf-8" />
<meta name="viewport" content="width=device-width" />

<title>[Gen 3] OU: Drekt93 vs. FlareLiger - Replays - Pok&eacute;mon Showdown!</title>

<meta name="description" content="Watch a replay of a Pok&eacute;mon battle between Drekt93 and FlareLiger! Format: [Gen 3] OU; Date: Oct 18, 2024" />
<!--

Hey, you! Looking in the source for the replay log?

You can find them in JSON format, just add `.json` at the end of a replay URL.

https://replay.pokemonshowdown.com/gen7randomdoublesbattle-865046831.json

Or, if you only need the log itself, add `.log` instead:

https://replay.pokemonshowdown.com/gen7randomdoublesbattle-865046831.log

-->

<link rel="stylesheet" href="//pokemonshowdown.com/style/global.css?0.023195364461161105" />
<link rel="stylesheet" href="//play.pokemonshowdown.com/style/font-awesome.css?0.13261647063804238" />
<link rel="stylesheet" href="//play.pokemonshowdown.com/style/battle.css?0.8753245789963631" />
<link rel="stylesheet" href="//play.pokemonshowdown.com/style/utilichart.css?0.8627959624976733" />

<!-- Global site tag (gtag.js) - Google Analytics -->
<script async src="https://www.googletagmanager.com/gtag/js?id=UA-26211653-1"></script>
<script>
  window.dataLayer = window.dataLayer || [];
  function gtag(){dataLayer.push(arguments);}
  gtag('js', new Date());

  gtag('config', 'UA-26211653-1');
</script>
<!-- End Google Analytics -->
<!-- Venatus Ad Manager - Install in <HEAD> of page -->
	<script src="https://hb.vntsm.com/v3/live/ad-manager.min.js" type="text/javascript" data-site-id="642aba63ec9a7b11c3c9c1be" data-mode="scan" async></script>
<!-- / Venatus Ad Manager -->

<style>
	@media (max-width:820px) {
		.battle {
			margin: 0 auto;
		}
		.battle-log {
			margin: 7px auto 0;
			max-width: 640px;
			height: 300px;
			position: static;
		}
	}
	.optgroup {
		display: inline-block;
		line-height: 22px;
		font-size: 10pt;
	}
	.optgroup .button {
		height: 25px;
		padding-top: 0;
		padding-bottom: 0;
	}
	.optgroup button.button {
		padding-left: 12px;
		padding-right: 12px;
	}
	.linklist {
		list-style: none;
		margin: 0.5em 0;
		padding: 0;
	}
	.linklist li {
		padding: 2px 0;
	}
	.sidebar {
		float: left;
		width: 320px;
	}
	.bar-wrapper {
		max-width: 1100px;
		margin: 0 auto;
	}
	.bar-wrapper.has-sidebar {
		max-width: 1430px;
	}
	.mainbar {
		margin: 0;
		padding-right: 1px;
	}
	.mainbar.has-sidebar {
		margin-left: 330px;
	}
	@media (min-width: 1511px) {
		.sidebar {
			width: 400px;
		}
		.bar-wrapper.has-sidebar {
			max-width: 1510px;
		}
		.mainbar.has-sidebar {
			margin-left: 410px;
		}
	}
	.section.first-section {
		margin-top: 9px;
	}
	.blocklink small {
		white-space: normal;
	}
	.button {
		vertical-align: middle;
	}
	.replay-controls {
		padding-top: 10px;
	}
	.replay-controls h1 {
		font-size: 16pt;
		font-weight: normal;
		color: #CCC;
	}
	.pagelink {
		text-align: center;
	}
	.pagelink a {
		width: 150px;
	}
	.textbox, .button {
		font-size: 11pt;
		vertical-align: middle;
	}
	@media (max-width: 450px) {
		.button {
			font-size: 9pt;
		}
	}
</style>

<div>

	<header>
		<div class="nav-wrapper"><ul class="nav">
			<li><a class="button nav-first" href="//pokemonshowdown.com/"><img src="//pokemonshowdown.com/images/pokemonshowdownbeta.png" srcset="//pokemonshowdown.com/images/pokemonshowdownbeta.png 1x, //pokemonshowdown.com/images/pokemonshowdownbeta@2x.png 2x" alt="Pok&eacute;mon Showdown" width="146" height="44" /> Home</a></li>
			<li><a class="button" href="//pokemonshowdown.com/dex/">Pok&eacute;dex</a></li>
			<li><a class="button cur" href="/">Replays</a></li>
			<li><a class="button" href="//pokemonshowdown.com/ladder/">Ladder</a></li>
			<li><a class="button nav-last" href="//pokemonshowdown.com/forums/">Forum</a></li>
			<li><a class="button greenbutton nav-first nav-last" href="//play.pokemonshowdown.com/">Play</a></li>
		</ul></div>
	</header>

	<div class="main" id="main">

		<noscript><section class="section">You need to enable JavaScript to use this page; sorry!</section></noscript>

	</div>

</div>

<script defer nomodule src="//play.pokemonshowdown.com/js/lib/ps-polyfill.js"></script>
<script defer src="//play.pokemonshowdown.com/js/lib/preact.min.js"></script>

<script defer src="//play.pokemonshowdown.com/config/config.js?2bddbc15"></script>
<script defer src="//play.pokemonshowdown.com/js/lib/jquery-1.11.0.min.js"></script>
<script defer src="//play.pokemonshowdown.com/js/lib/html-sanitizer-minified.js"></script>
<script defer src="//play.pokemonshowdown.com/js/battle-sound.js"></script>
<script defer src="//play.pokemonshowdown.com/js/battledata.js?0.7209276989879541"></script>
<script defer src="//play.pokemonshowdown.com/data/pokedex-mini.js?0.6111056340867951"></script>
<script defer src="//play.pokemonshowdown.com/data/pokedex-mini-bw.js?0.3532142036491459"></script>
<script defer src="//play.pokemonshowdown.com/data/graphics.js?0.24223875632456182"></script>
<script defer src="//play.pokemonshowdown.com/data/pokedex.js?0.38839984266356864"></script>
<script defer src="//play.pokemonshowdown.com/data/moves.js?0.21866028504024015"></script>
<script defer src="//play.pokemonshowdown.com/data/abilities.js?0.2005157953846628"></script>
<script defer src="//play.pokemonshowdown.com/data/items.js?0.9894211263848525"></script>
<script defer src="//play.pokemonshowdown.com/data/teambuilder-tables.js?0.6008791140282215"></script>
<script defer src="//play.pokemonshowdown.com/js/battle-tooltips.js?0.7580118955022959"></script>
<script defer src="//play.pokemonshowdown.com/js/battle.js?0.6057722274234274"></script>

<script defer src="js/utils.js?e31f9a17"></script>
<script defer src="js/replays-battle.js?7008c182"></script>

<!-- don't scrape this data! just add .json or .log after the URL!
Full API docs: https://github.com/smogon/pokemon-showdown-client/blob/master/WEB-API.md -->
<script type="text/plain" class="log" id="replaylog-smogtours-gen3ou-799685">
|inactive|Battle timer is ON: inactive players will automatically lose when time's up.
|t:|1729282729
|gametype|singles
|player|p1|Drekt93|170|
|player|p2|FlareLiger|maid|
|teamsize|p1|6
|teamsize|p2|6
|gen|3
|tier|[Gen 3] OU
|rule|Sleep Clause Mod: Limit one foe put to sleep
|rule|Switch Priority Clause Mod: Faster Pokémon switch first
|rule|Species Clause: Limit one of each Pokémon
|rule|OHKO Clause: OHKO moves are banned
|rule|Evasion Items Clause: Evasion items are banned
|rule|Evasion Moves Clause: Evasion moves are banned
|rule|Endless Battle Clause: Forcing endless battles is banned
|rule|HP Percentage Mod: HP is shown in percentages
|rule|One Boost Passer Clause: Limit one Baton Passer that has a way to boost its stats
|rule|Freeze Clause Mod: Limit one foe frozen
|
|t:|1729282729
|start
|switch|p1a: Zapdos|Zapdos|100/100
|switch|p2a: Jynx|Jynx, F|100/100
|turn|1
|
|t:|1729282745
|switch|p1a: Metagross|Metagross|100/100
|move|p2a: Jynx|Ice Beam|p1a: Metagross
|-resisted|p1a: Metagross
|-damage|p1a: Metagross|73/100
|
|upkeep
|turn|2
|
|t:|1729282758
|switch|p2a: Starmie|Starmie|100/100
|move|p1a: Metagross|Meteor Mash|p2a: Starmie
|-resisted|p2a: Starmie
|-damage|p2a: Starmie|48/100
|
|-heal|p2a: Starmie|55/100|[from] item: Leftovers
|upkeep
|turn|3
|
|t:|1729282767
|move|p2a: Starmie|Thunder Wave|p1a: Metagross
|-status|p1a: Metagross|par
|cant|p1a: Metagross|par
|
|-heal|p2a: Starmie|61/100|[from] item: Leftovers
|upkeep
|turn|4
|
|t:|1729282774
|move|p2a: Starmie|Recover|p2a: Starmie
|-heal|p2a: Starmie|100/100
|move|p1a: Metagross|Meteor Mash|p2a: Starmie
|-resisted|p2a: Starmie
|-damage|p2a: Starmie|47/100
|
|-heal|p2a: Starmie|54/100|[from] item: Leftovers
|upkeep
|turn|5
|
|t:|1729282780
|switch|p2a: Metagross|Metagross|100/100
|move|p1a: Metagross|Meteor Mash|p2a: Metagross
|-resisted|p2a: Metagross
|-damage|p2a: Metagross|69/100
|
|-heal|p2a: Metagross|75/100|[from] item: Leftovers
|upkeep
|turn|6
|
|t:|1729282788
|switch|p1a: Suicune|Suicune|100/100
|move|p2a: Metagross|Meteor Mash|p1a: Suicune
|-resisted|p1a: Suicune
|-damage|p1a: Suicune|88/100
|
|-heal|p1a: Suicune|94/100|[from] item: Leftovers
|-heal|p2a: Metagross|81/100|[from] item: Leftovers
|upkeep
|turn|7
|
|t:|1729282798
|move|p1a: Suicune|Toxic|p2a: Metagross
|-immune|p2a: Metagross
|move|p2a: Metagross|Explosion|p1a: Suicune
|-damage|p1a: Suicune|13/100
|faint|p2a: Metagross
|
|t:|1729282801
|switch|p2a: Dugtrio|Dugtrio, M|100/100
|
|-heal|p1a: Suicune|19/100|[from] item: Leftovers
|upkeep
|turn|8
|
|t:|1729282808
|move|p2a: Dugtrio|Earthquake|p1a: Suicune
|-damage|p1a: Suicune|0 fnt
|faint|p1a: Suicune
|
|t:|1729282814
|switch|p1a: Celebi|Celebi|100/100
|
|upkeep
|turn|9
|
|t:|1729282823
|switch|p2a: Jynx|Jynx, F|100/100
|move|p1a: Celebi|Leech Seed|p2a: Jynx
|-start|p2a: Jynx|move: Leech Seed
|
|-damage|p2a: Jynx|88/100|[from] Leech Seed|[of] p1a: Celebi
|upkeep
|turn|10
|
|t:|1729282829
|move|p2a: Jynx|Ice Beam|p1a: Celebi
|-supereffective|p1a: Celebi
|-damage|p1a: Celebi|41/100
|-status|p1a: Celebi|frz
|cant|p1a: Celebi|frz
|
|-damage|p2a: Jynx|76/100|[from] Leech Seed|[of] p1a: Celebi
|-heal|p1a: Celebi|49/100 frz|[silent]
|-heal|p1a: Celebi|55/100 frz|[from] item: Leftovers
|upkeep
|turn|11
|
|t:|1729282839
|-curestatus|p1a: Celebi|frz|[from] ability: Natural Cure
|switch|p1a: Jirachi|Jirachi, shiny|100/100
|move|p2a: Jynx|Ice Beam|p1a: Jirachi
|-resisted|p1a: Jirachi
|-damage|p1a: Jirachi|82/100
|
|-damage|p2a: Jynx|64/100|[from] Leech Seed|[of] p1a: Jirachi
|-heal|p1a: Jirachi|90/100|[silent]
|-heal|p1a: Jirachi|96/100|[from] item: Leftovers
|upkeep
|turn|12
|
|t:|1729282852
|switch|p1a: Celebi|Celebi|55/100
|move|p2a: Jynx|Lovely Kiss|p1a: Celebi
|-status|p1a: Celebi|slp|[from] move: Lovely Kiss
|
|-damage|p2a: Jynx|52/100|[from] Leech Seed|[of] p1a: Celebi
|-heal|p1a: Celebi|63/100 slp|[silent]
|-heal|p1a: Celebi|69/100 slp|[from] item: Leftovers
|upkeep
|turn|13
|
|t:|1729282864
|switch|p2a: Dugtrio|Dugtrio, M|100/100
|-curestatus|p1a: Celebi|slp|[from] ability: Natural Cure
|switch|p1a: Metagross|Metagross|73/100 par
|
|upkeep
|turn|14
|
|t:|1729282871
|move|p2a: Dugtrio|Earthquake|p1a: Metagross
|-supereffective|p1a: Metagross
|-crit|p1a: Metagross
|-damage|p1a: Metagross|0 fnt
|faint|p1a: Metagross
|
|t:|1729282876
|switch|p1a: Zapdos|Zapdos|100/100
|
|upkeep
|turn|15
|
|t:|1729282880
|switch|p2a: Jirachi|Jirachi|100/100
|move|p1a: Zapdos|Thunderbolt|p2a: Jirachi
|-damage|p2a: Jirachi|67/100
|
|-heal|p2a: Jirachi|73/100|[from] item: Leftovers
|upkeep
|turn|16
|
|t:|1729282887
|move|p1a: Zapdos|Thunder Wave|p2a: Jirachi
|-status|p2a: Jirachi|par
|move|p2a: Jirachi|Body Slam|p1a: Zapdos
|-damage|p1a: Zapdos|83/100
|-status|p1a: Zapdos|par
|
|-heal|p1a: Zapdos|90/100 par|[from] item: Leftovers
|-heal|p2a: Jirachi|79/100 par|[from] item: Leftovers
|upkeep
|turn|17
|
|t:|1729282896
|cant|p1a: Zapdos|par
|move|p2a: Jirachi|Wish|p2a: Jirachi
|
|-heal|p1a: Zapdos|96/100 par|[from] item: Leftovers
|-heal|p2a: Jirachi|86/100 par|[from] item: Leftovers
|upkeep
|turn|18
|
|t:|1729282918
|move|p2a: Jirachi|Fire Punch|p1a: Zapdos
|-damage|p1a: Zapdos|77/100 par
|move|p1a: Zapdos|Roar|p2a: Jirachi
|drag|p2a: Gengar|Gengar, M|100/100
|
|-heal|p1a: Zapdos|83/100 par|[from] item: Leftovers
|upkeep
|turn|19
|
|t:|1729282930
|switch|p1a: Celebi|Celebi|69/100
|move|p2a: Gengar|Ice Punch|p1a: Celebi
|-supereffective|p1a: Celebi
|-damage|p1a: Celebi|41/100
|
|-heal|p1a: Celebi|47/100|[from] item: Leftovers
|upkeep
|turn|20
|
|t:|1729282954
|switch|p1a: Jirachi|Jirachi, shiny|96/100
|move|p2a: Gengar|Explosion|p1a: Jirachi
|-resisted|p1a: Jirachi
|-damage|p1a: Jirachi|74/100
|faint|p2a: Gengar
|
|t:|1729282956
|switch|p2a: Dugtrio|Dugtrio, M|100/100
|
|-heal|p1a: Jirachi|80/100|[from] item: Leftovers
|upkeep
|turn|21
|
|t:|1729282964
|move|p2a: Dugtrio|Earthquake|p1a: Jirachi
|-supereffective|p1a: Jirachi
|-damage|p1a: Jirachi|0 fnt
|faint|p1a: Jirachi
|
|t:|1729282969
|switch|p1a: Celebi|Celebi|47/100
|
|-heal|p1a: Celebi|53/100|[from] item: Leftovers
|upkeep
|turn|22
|
|t:|1729282975
|switch|p2a: Starmie|Starmie|54/100
|move|p1a: Celebi|Calm Mind|p1a: Celebi
|-boost|p1a: Celebi|spa|1
|-boost|p1a: Celebi|spd|1
|
|-heal|p2a: Starmie|60/100|[from] item: Leftovers
|-heal|p1a: Celebi|59/100|[from] item: Leftovers
|upkeep
|turn|23
|
|t:|1729282983
|move|p2a: Starmie|Thunder Wave|p1a: Celebi
|-status|p1a: Celebi|par
|move|p1a: Celebi|Recover|p1a: Celebi
|-heal|p1a: Celebi|100/100 par
|
|-heal|p2a: Starmie|66/100|[from] item: Leftovers
|upkeep
|turn|24
|
|t:|1729283000
|move|p2a: Starmie|Surf|p1a: Celebi
|-resisted|p1a: Celebi
|-damage|p1a: Celebi|93/100 par
|move|p1a: Celebi|Calm Mind|p1a: Celebi
|-boost|p1a: Celebi|spa|1
|-boost|p1a: Celebi|spd|1
|
|-heal|p2a: Starmie|72/100|[from] item: Leftovers
|-heal|p1a: Celebi|99/100 par|[from] item: Leftovers
|upkeep
|turn|25
|
|t:|1729283008
|switch|p2a: Jynx|Jynx, F|52/100
|cant|p1a: Celebi|par
|
|-heal|p1a: Celebi|100/100 par|[from] item: Leftovers
|upkeep
|turn|26
|
|t:|1729283016
|move|p2a: Jynx|Perish Song|p2a: Jynx
|-start|p1a: Celebi|perish3|[silent]
|-start|p2a: Jynx|perish3|[silent]
|-fieldactivate|move: Perish Song
|cant|p1a: Celebi|par
|
|-start|p2a: Jynx|perish3
|-start|p1a: Celebi|perish3
|upkeep
|turn|27
|
|t:|1729283022
|move|p2a: Jynx|Mean Look|p1a: Celebi
|-activate|p1a: Celebi|trapped
|move|p1a: Celebi|Calm Mind|p1a: Celebi
|-boost|p1a: Celebi|spa|1
|-boost|p1a: Celebi|spd|1
|
|-start|p2a: Jynx|perish2
|-start|p1a: Celebi|perish2
|upkeep
|turn|28
|
|t:|1729283030
|move|p2a: Jynx|Ice Beam|p1a: Celebi
|-supereffective|p1a: Celebi
|-damage|p1a: Celebi|75/100 par
|move|p1a: Celebi|Baton Pass|p1a: Celebi
|
|t:|1729283038
|-curestatus|p1a: Celebi|par|[from] ability: Natural Cure
|switch|p1a: Salamence|Salamence, F|100/100|[from] Baton Pass
|-ability|p1a: Salamence|Intimidate|boost
|-unboost|p2a: Jynx|atk|1
|
|-start|p2a: Jynx|perish1
|-start|p1a: Salamence|perish1
|upkeep
|turn|29
|
|t:|1729283057
|switch|p2a: Starmie|Starmie|72/100
|move|p1a: Salamence|Fire Blast|p2a: Starmie
|-resisted|p2a: Starmie
|-damage|p2a: Starmie|17/100
|
|-heal|p2a: Starmie|24/100|[from] item: Leftovers
|-start|p1a: Salamence|perish0
|upkeep
|faint|p1a: Salamence
|
|t:|1729283065
|switch|p1a: Celebi|Celebi|75/100
|turn|30
|
|t:|1729283070
|move|p2a: Starmie|Thunder Wave|p1a: Celebi
|-status|p1a: Celebi|par
|move|p1a: Celebi|Calm Mind|p1a: Celebi
|-boost|p1a: Celebi|spa|1
|-boost|p1a: Celebi|spd|1
|
|-heal|p2a: Starmie|30/100|[from] item: Leftovers
|-heal|p1a: Celebi|81/100 par|[from] item: Leftovers
|upkeep
|turn|31
|
|t:|1729283078
|switch|p2a: Dugtrio|Dugtrio, M|100/100
|move|p1a: Celebi|Leech Seed|p2a: Dugtrio
|-start|p2a: Dugtrio|move: Leech Seed
|
|-damage|p2a: Dugtrio|88/100|[from] Leech Seed|[of] p1a: Celebi
|-heal|p1a: Celebi|88/100 par|[silent]
|-heal|p1a: Celebi|94/100 par|[from] item: Leftovers
|upkeep
|turn|32
|
|t:|1729283085
|move|p2a: Dugtrio|Hidden Power|p1a: Celebi
|-supereffective|p1a: Celebi
|-damage|p1a: Celebi|1/100 par
|move|p1a: Celebi|Baton Pass|p1a: Celebi
|
|t:|1729283089
|-curestatus|p1a: Celebi|par|[from] ability: Natural Cure
|switch|p1a: Zapdos|Zapdos|83/100 par|[from] Baton Pass
|
|-damage|p2a: Dugtrio|76/100|[from] Leech Seed|[of] p1a: Zapdos
|-heal|p1a: Zapdos|91/100 par|[silent]
|-heal|p1a: Zapdos|97/100 par|[from] item: Leftovers
|upkeep
|turn|33
|
|t:|1729283101
|switch|p2a: Starmie|Starmie|30/100
|cant|p1a: Zapdos|par
|
|-heal|p2a: Starmie|36/100|[from] item: Leftovers
|-heal|p1a: Zapdos|100/100 par|[from] item: Leftovers
|upkeep
|turn|34
|
|t:|1729283107
|move|p2a: Starmie|Surf|p1a: Zapdos
|-damage|p1a: Zapdos|74/100 par
|move|p1a: Zapdos|Thunderbolt|p2a: Starmie
|-supereffective|p2a: Starmie
|-damage|p2a: Starmie|0 fnt
|faint|p2a: Starmie
|
|t:|1729283111
|switch|p2a: Jynx|Jynx, F|52/100
|
|-heal|p1a: Zapdos|81/100 par|[from] item: Leftovers
|upkeep
|turn|35
|
|t:|1729283116
|move|p2a: Jynx|Ice Beam|p1a: Zapdos
|-supereffective|p1a: Zapdos
|-damage|p1a: Zapdos|13/100 par
|move|p1a: Zapdos|Thunderbolt|p2a: Jynx
|-damage|p2a: Jynx|0 fnt
|faint|p2a: Jynx
|
|t:|1729283121
|switch|p2a: Dugtrio|Dugtrio, M|76/100
|
|-heal|p1a: Zapdos|19/100 par|[from] item: Leftovers
|upkeep
|turn|36
|
|t:|1729283126
|switch|p1a: Celebi|Celebi|1/100
|move|p2a: Dugtrio|Rock Slide|p1a: Celebi
|-damage|p1a: Celebi|0 fnt
|faint|p1a: Celebi
|
|t:|1729283132
|switch|p1a: Zapdos|Zapdos|19/100 par
|
|-heal|p1a: Zapdos|25/100 par|[from] item: Leftovers
|upkeep
|turn|37
|
|t:|1729283136
|move|p2a: Dugtrio|Rock Slide|p1a: Zapdos
|-supereffective|p1a: Zapdos
|-damage|p1a: Zapdos|0 fnt
|faint|p1a: Zapdos
|
|win|FlareLiger
|c|☆FlareLiger|gg
|c|☆Drekt93|gg :)
|player|p1|
|c|☆FlareLiger|man really good agmes

</script>
<script type="application/json" class="data" id="replaydata-smogtours-gen3ou-799685">
{"id":"smogtours-gen3ou-799685","format":"[Gen 3] OU","players":["Drekt93","FlareLiger"],"uploadtime":1729283136,"views":101,"formatid":"gen3ou","rating":null,"private":0,"password":null}
</script>

<script defer src="js/replays.js?9d40a366"></script>
