<!DOCTYPE html>
<meta charset="utf-8" />
<meta name="viewport" content="width=device-width" />

<title>[Gen 3] OU: xlimexheep vs. alphasapphire918 - Replays - Pok&eacute;mon Showdown!</title>

<meta name="description" content="Watch a replay of a Pok&eacute;mon battle between xlimexheep and alphasapphire918! Format: [Gen 3] OU; Date: Oct 17, 2024" />
<!--

Hey, you! Looking in the source for the replay log?

You can find them in JSON format, just add `.json` at the end of a replay URL.

https://replay.pokemonshowdown.com/gen7randomdoublesbattle-865046831.json

Or, if you only need the log itself, add `.log` instead:

https://replay.pokemonshowdown.com/gen7randomdoublesbattle-865046831.log

-->

<link rel="stylesheet" href="//pokemonshowdown.com/style/global.css?0.767286132409787" />
<link rel="stylesheet" href="//play.pokemonshowdown.com/style/font-awesome.css?0.9266228007934947" />
<link rel="stylesheet" href="//play.pokemonshowdown.com/style/battle.css?0.7924700842790926" />
<link rel="stylesheet" href="//play.pokemonshowdown.com/style/utilichart.css?0.8777417872839479" />

<!-- Global site tag (gtag.js) - Google Analytics -->
<script async src="https://www.googletagmanager.com/gtag/js?id=UA-26211653-1"></script>
<script>
  window.dataLayer = window.dataLayer || [];
  function gtag(){dataLayer.push(arguments);}
  gtag('js', new Date());

  gtag('config', 'UA-26211653-1');
</script>
<!-- End Google Analytics -->
<!-- Venatus Ad Manager - Install in <HEAD> of page -->
	<script src="https://hb.vntsm.com/v3/live/ad-manager.min.js" type="text/javascript" data-site-id="642aba63ec9a7b11c3c9c1be" data-mode="scan" async></script>
<!-- / Venatus Ad Manager -->

<style>
	@media (max-width:820px) {
		.battle {
			margin: 0 auto;
		}
		.battle-log {
			margin: 7px auto 0;
			max-width: 640px;
			height: 300px;
			position: static;
		}
	}
	.optgroup {
		display: inline-block;
		line-height: 22px;
		font-size: 10pt;
	}
	.optgroup .button {
		height: 25px;
		padding-top: 0;
		padding-bottom: 0;
	}
	.optgroup button.button {
		padding-left: 12px;
		padding-right: 12px;
	}
	.linklist {
		list-style: none;
		margin: 0.5em 0;
		padding: 0;
	}
	.linklist li {
		padding: 2px 0;
	}
	.sidebar {
		float: left;
		width: 320px;
	}
	.bar-wrapper {
		max-width: 1100px;
		margin: 0 auto;
	}
	.bar-wrapper.has-sidebar {
		max-width: 1430px;
	}
	.mainbar {
		margin: 0;
		padding-right: 1px;
	}
	.mainbar.has-sidebar {
		margin-left: 330px;
	}
	@media (min-width: 1511px) {
		.sidebar {
			width: 400px;
		}
		.bar-wrapper.has-sidebar {
			max-width: 1510px;
		}
		.mainbar.has-sidebar {
			margin-left: 410px;
		}
	}
	.section.first-section {
		margin-top: 9px;
	}
	.blocklink small {
		white-space: normal;
	}
	.button {
		vertical-align: middle;
	}
	.replay-controls {
		padding-top: 10px;
	}
	.replay-controls h1 {
		font-size: 16pt;
		font-weight: normal;
		color: #CCC;
	}
	.pagelink {
		text-align: center;
	}
	.pagelink a {
		width: 150px;
	}
	.textbox, .button {
		font-size: 11pt;
		vertical-align: middle;
	}
	@media (max-width: 450px) {
		.button {
			font-size: 9pt;
		}
	}
</style>

<div>

	<header>
		<div class="nav-wrapper"><ul class="nav">
			<li><a class="button nav-first" href="//pokemonshowdown.com/"><img src="//pokemonshowdown.com/images/pokemonshowdownbeta.png" srcset="//pokemonshowdown.com/images/pokemonshowdownbeta.png 1x, //pokemonshowdown.com/images/pokemonshowdownbeta@2x.png 2x" alt="Pok&eacute;mon Showdown" width="146" height="44" /> Home</a></li>
			<li><a class="button" href="//pokemonshowdown.com/dex/">Pok&eacute;dex</a></li>
			<li><a class="button cur" href="/">Replays</a></li>
			<li><a class="button" href="//pokemonshowdown.com/ladder/">Ladder</a></li>
			<li><a class="button nav-last" href="//pokemonshowdown.com/forums/">Forum</a></li>
			<li><a class="button greenbutton nav-first nav-last" href="//play.pokemonshowdown.com/">Play</a></li>
		</ul></div>
	</header>

	<div class="main" id="main">

		<noscript><section class="section">You need to enable JavaScript to use this page; sorry!</section></noscript>

	</div>

</div>

<script defer nomodule src="//play.pokemonshowdown.com/js/lib/ps-polyfill.js"></script>
<script defer src="//play.pokemonshowdown.com/js/lib/preact.min.js"></script>

<script defer src="//play.pokemonshowdown.com/config/config.js?6dec07f6"></script>
<script defer src="//play.pokemonshowdown.com/js/lib/jquery-1.11.0.min.js"></script>
<script defer src="//play.pokemonshowdown.com/js/lib/html-sanitizer-minified.js"></script>
<script defer src="//play.pokemonshowdown.com/js/battle-sound.js"></script>
<script defer src="//play.pokemonshowdown.com/js/battledata.js?0.6315294753075389"></script>
<script defer src="//play.pokemonshowdown.com/data/pokedex-mini.js?0.7603743185311358"></script>
<script defer src="//play.pokemonshowdown.com/data/pokedex-mini-bw.js?0.030888842834281283"></script>
<script defer src="//play.pokemonshowdown.com/data/graphics.js?0.05593094747507488"></script>
<script defer src="//play.pokemonshowdown.com/data/pokedex.js?0.47064822249611904"></script>
<script defer src="//play.pokemonshowdown.com/data/moves.js?0.8583693120512459"></script>
<script defer src="//play.pokemonshowdown.com/data/abilities.js?0.16017181182386842"></script>
<script defer src="//play.pokemonshowdown.com/data/items.js?0.4163379185673943"></script>
<script defer src="//play.pokemonshowdown.com/data/teambuilder-tables.js?0.31075597372830477"></script>
<script defer src="//play.pokemonshowdown.com/js/battle-tooltips.js?0.6536193500708172"></script>
<script defer src="//play.pokemonshowdown.com/js/battle.js?0.1916591943277901"></script>

<script defer src="js/utils.js?e31f9a17"></script>
<script defer src="js/replays-battle.js?7008c182"></script>

<!-- don't scrape this data! just add .json or .log after the URL!
Full API docs: https://github.com/smogon/pokemon-showdown-client/blob/master/WEB-API.md -->
<script type="text/plain" class="log" id="replaylog-smogtours-gen3ou-799227">
|inactive|Battle timer is ON: inactive players will automatically lose when time's up.
|t:|1729128606
|gametype|singles
|player|p1|xlimexheep|schoolkidf|
|player|p2|alphasapphire918|galacticgruntf|
|teamsize|p1|6
|teamsize|p2|6
|gen|3
|tier|[Gen 3] OU
|rule|Sleep Clause Mod: Limit one foe put to sleep
|rule|Switch Priority Clause Mod: Faster Pokémon switch first
|rule|Species Clause: Limit one of each Pokémon
|rule|OHKO Clause: OHKO moves are banned
|rule|Evasion Items Clause: Evasion items are banned
|rule|Evasion Moves Clause: Evasion moves are banned
|rule|Endless Battle Clause: Forcing endless battles is banned
|rule|HP Percentage Mod: HP is shown in percentages
|rule|One Boost Passer Clause: Limit one Baton Passer that has a way to boost its stats
|rule|Freeze Clause Mod: Limit one foe frozen
|
|t:|1729128606
|start
|switch|p1a: tryra|Tyranitar, F|100/100
|switch|p2a: Precious Thing|Cloyster, F, shiny|100/100
|-weather|Sandstorm|[from] ability: Sand Stream|[of] p1a: tryra
|turn|1
|
|t:|1729128621
|switch|p1a: lappy|Lapras, F, shiny|100/100
|move|p2a: Precious Thing|Spikes|p1a: lappy
|-sidestart|p1: xlimexheep|Spikes
|
|-weather|Sandstorm|[upkeep]
|-damage|p2a: Precious Thing|94/100|[from] Sandstorm
|-damage|p1a: lappy|94/100|[from] Sandstorm
|-heal|p2a: Precious Thing|100/100|[from] item: Leftovers
|-heal|p1a: lappy|100/100|[from] item: Leftovers
|upkeep
|turn|2
|
|t:|1729128638
|move|p2a: Precious Thing|Spikes|p1a: lappy
|-sidestart|p1: xlimexheep|Spikes
|move|p1a: lappy|Thunderbolt|p2a: Precious Thing
|-supereffective|p2a: Precious Thing
|-damage|p2a: Precious Thing|7/100
|
|-weather|Sandstorm|[upkeep]
|-damage|p2a: Precious Thing|0 fnt|[from] Sandstorm
|-damage|p1a: lappy|94/100|[from] Sandstorm
|faint|p2a: Precious Thing
|-heal|p1a: lappy|100/100|[from] item: Leftovers
|upkeep
|
|t:|1729128649
|switch|p2a: condensed milk|Misdreavus, M|100/100
|turn|3
|
|t:|1729128656
|move|p2a: condensed milk|Mean Look|p1a: lappy
|-activate|p1a: lappy|trapped
|move|p1a: lappy|Hydro Pump|p2a: condensed milk|[miss]
|-miss|p1a: lappy|p2a: condensed milk
|
|-weather|Sandstorm|[upkeep]
|-damage|p2a: condensed milk|94/100|[from] Sandstorm
|-damage|p1a: lappy|94/100|[from] Sandstorm
|-heal|p2a: condensed milk|100/100|[from] item: Leftovers
|-heal|p1a: lappy|100/100|[from] item: Leftovers
|upkeep
|turn|4
|
|t:|1729128662
|move|p2a: condensed milk|Perish Song|p2a: condensed milk
|-start|p1a: lappy|perish3|[silent]
|-start|p2a: condensed milk|perish3|[silent]
|-fieldactivate|move: Perish Song
|move|p1a: lappy|Hydro Pump|p2a: condensed milk
|-damage|p2a: condensed milk|44/100
|
|-weather|Sandstorm|[upkeep]
|-damage|p2a: condensed milk|38/100|[from] Sandstorm
|-damage|p1a: lappy|94/100|[from] Sandstorm
|-heal|p2a: condensed milk|44/100|[from] item: Leftovers
|-heal|p1a: lappy|100/100|[from] item: Leftovers
|-start|p2a: condensed milk|perish3
|-start|p1a: lappy|perish3
|upkeep
|turn|5
|
|t:|1729128672
|move|p2a: condensed milk|Protect|p2a: condensed milk
|-singleturn|p2a: condensed milk|Protect
|move|p1a: lappy|Hydro Pump|p2a: condensed milk|[miss]
|-miss|p1a: lappy|p2a: condensed milk
|
|-weather|Sandstorm|[upkeep]
|-damage|p2a: condensed milk|38/100|[from] Sandstorm
|-damage|p1a: lappy|94/100|[from] Sandstorm
|-heal|p2a: condensed milk|44/100|[from] item: Leftovers
|-heal|p1a: lappy|100/100|[from] item: Leftovers
|-start|p2a: condensed milk|perish2
|-start|p1a: lappy|perish2
|upkeep
|turn|6
|
|t:|1729128678
|move|p2a: condensed milk|Pain Split|p1a: lappy
|-sethp|p1a: lappy|66/100|[from] move: Pain Split|[silent]
|-sethp|p2a: condensed milk|94/100|[from] move: Pain Split
|move|p1a: lappy|Hydro Pump|p2a: condensed milk
|-damage|p2a: condensed milk|42/100
|
|-weather|Sandstorm|[upkeep]
|-damage|p2a: condensed milk|35/100|[from] Sandstorm
|-damage|p1a: lappy|59/100|[from] Sandstorm
|-heal|p2a: condensed milk|42/100|[from] item: Leftovers
|-heal|p1a: lappy|66/100|[from] item: Leftovers
|-start|p2a: condensed milk|perish1
|-start|p1a: lappy|perish1
|upkeep
|turn|7
|
|t:|1729128687
|switch|p2a: Agua|Suicune, shiny|100/100
|move|p1a: lappy|Perish Song|p1a: lappy
|-start|p2a: Agua|perish3|[silent]
|-fieldactivate|move: Perish Song
|
|-weather|Sandstorm|[upkeep]
|-damage|p2a: Agua|94/100|[from] Sandstorm
|-damage|p1a: lappy|59/100|[from] Sandstorm
|-heal|p2a: Agua|100/100|[from] item: Leftovers
|-heal|p1a: lappy|66/100|[from] item: Leftovers
|-start|p2a: Agua|perish3
|-start|p1a: lappy|perish0
|upkeep
|faint|p1a: lappy
|
|t:|1729128699
|switch|p1a: literal doll|Claydol|100/100
|turn|8
|
|t:|1729128708
|switch|p2a: condensed milk|Misdreavus, M|42/100
|switch|p1a: tryra|Tyranitar, F|100/100
|-damage|p1a: tryra|84/100|[from] Spikes
|
|-weather|Sandstorm|[upkeep]
|-damage|p2a: condensed milk|35/100|[from] Sandstorm
|-heal|p2a: condensed milk|42/100|[from] item: Leftovers
|-heal|p1a: tryra|90/100|[from] item: Leftovers
|upkeep
|turn|9
|
|t:|1729128719
|move|p2a: condensed milk|Pain Split|p1a: tryra
|-sethp|p1a: tryra|62/100|[from] move: Pain Split|[silent]
|-sethp|p2a: condensed milk|77/100|[from] move: Pain Split
|move|p1a: tryra|Crunch|p2a: condensed milk
|-supereffective|p2a: condensed milk
|-damage|p2a: condensed milk|2/100
|
|-weather|Sandstorm|[upkeep]
|-damage|p2a: condensed milk|0 fnt|[from] Sandstorm
|faint|p2a: condensed milk
|-heal|p1a: tryra|68/100|[from] item: Leftovers
|upkeep
|
|t:|1729128726
|switch|p2a: watchyaback!|Dugtrio, M, shiny|100/100
|turn|10
|
|t:|1729128730
|move|p2a: watchyaback!|Earthquake|p1a: tryra
|-supereffective|p1a: tryra
|-damage|p1a: tryra|0 fnt
|faint|p1a: tryra
|
|t:|1729128733
|switch|p1a: flamin dyke|Charizard, F|100/100
|
|-weather|Sandstorm|[upkeep]
|-damage|p1a: flamin dyke|94/100|[from] Sandstorm
|-heal|p1a: flamin dyke|100/100|[from] item: Leftovers
|upkeep
|turn|11
|c|☆alphasapphire918|niiiice
|c|☆xlimexheep|<3
|
|t:|1729128751
|switch|p2a: GET ENUF|Jolteon, F, shiny|100/100
|move|p1a: flamin dyke|Substitute|p1a: flamin dyke
|-start|p1a: flamin dyke|Substitute
|-damage|p1a: flamin dyke|76/100
|
|-weather|Sandstorm|[upkeep]
|-damage|p2a: GET ENUF|94/100|[from] Sandstorm
|-damage|p1a: flamin dyke|70/100|[from] Sandstorm
|-heal|p2a: GET ENUF|100/100|[from] item: Leftovers
|-heal|p1a: flamin dyke|76/100|[from] item: Leftovers
|upkeep
|turn|12
|inactive|alphasapphire918 has 270 seconds left.
|c|☆alphasapphire918|im also one of the *heh* yknow
|
|t:|1729128783
|move|p2a: GET ENUF|Thunderbolt|p1a: flamin dyke
|-supereffective|p1a: flamin dyke
|-end|p1a: flamin dyke|Substitute
|move|p1a: flamin dyke|Fire Blast|p2a: GET ENUF
|-damage|p2a: GET ENUF|27/100
|
|-weather|Sandstorm|[upkeep]
|-damage|p2a: GET ENUF|21/100|[from] Sandstorm
|-damage|p1a: flamin dyke|70/100|[from] Sandstorm
|-heal|p2a: GET ENUF|27/100|[from] item: Leftovers
|-heal|p1a: flamin dyke|76/100|[from] item: Leftovers
|upkeep
|turn|13
|inactive|alphasapphire918 has 270 seconds left.
|
|t:|1729128793
|switch|p1a: literal doll|Claydol|100/100
|move|p2a: GET ENUF|Baton Pass|p2a: GET ENUF
|
|t:|1729128798
|switch|p2a: Last Hoorah|Jirachi|100/100|[from] Baton Pass
|
|-weather|Sandstorm|[upkeep]
|upkeep
|turn|14
|inactive|alphasapphire918 has 270 seconds left.
|
|t:|1729128806
|move|p2a: Last Hoorah|Wish|p2a: Last Hoorah
|move|p1a: literal doll|Rapid Spin|p2a: Last Hoorah
|-resisted|p2a: Last Hoorah
|-damage|p2a: Last Hoorah|99/100
|-sideend|p1: xlimexheep|Spikes|[from] move: Rapid Spin|[of] p1a: literal doll
|
|-weather|Sandstorm|[upkeep]
|-heal|p2a: Last Hoorah|100/100|[from] item: Leftovers
|upkeep
|turn|15
|inactive|alphasapphire918 has 270 seconds left.
|
|t:|1729128819
|switch|p2a: Agua|Suicune, shiny|100/100
|move|p1a: literal doll|Earthquake|p2a: Agua
|-damage|p2a: Agua|67/100
|
|-heal|p2a: Agua|100/100|[from] move: Wish|[wisher] Last Hoorah
|-weather|Sandstorm|[upkeep]
|-damage|p2a: Agua|94/100|[from] Sandstorm
|-heal|p2a: Agua|100/100|[from] item: Leftovers
|upkeep
|turn|16
|
|t:|1729128827
|move|p2a: Agua|Calm Mind|p2a: Agua
|-boost|p2a: Agua|spa|1
|-boost|p2a: Agua|spd|1
|move|p1a: literal doll|Explosion|p2a: Agua
|-damage|p2a: Agua|0 fnt
|faint|p1a: literal doll
|faint|p2a: Agua
|
|t:|1729128841
|switch|p2a: GET ENUF|Jolteon, F, shiny|27/100
|switch|p1a: flamin dyke|Charizard, F|76/100
|
|-weather|Sandstorm|[upkeep]
|-damage|p2a: GET ENUF|21/100|[from] Sandstorm
|-damage|p1a: flamin dyke|70/100|[from] Sandstorm
|-heal|p2a: GET ENUF|27/100|[from] item: Leftovers
|-heal|p1a: flamin dyke|76/100|[from] item: Leftovers
|upkeep
|turn|17
|
|t:|1729128851
|switch|p1a: snowball|Snorlax, F, shiny|100/100
|move|p2a: GET ENUF|Thunderbolt|p1a: snowball
|-damage|p1a: snowball|78/100
|
|-weather|Sandstorm|[upkeep]
|-damage|p2a: GET ENUF|21/100|[from] Sandstorm
|-damage|p1a: snowball|72/100|[from] Sandstorm
|-heal|p2a: GET ENUF|27/100|[from] item: Leftovers
|-heal|p1a: snowball|78/100|[from] item: Leftovers
|upkeep
|turn|18
|
|t:|1729128858
|move|p2a: GET ENUF|Baton Pass|p2a: GET ENUF
|
|t:|1729128860
|switch|p2a: Last Hoorah|Jirachi|100/100|[from] Baton Pass
|move|p1a: snowball|Body Slam|p2a: Last Hoorah
|-resisted|p2a: Last Hoorah
|-damage|p2a: Last Hoorah|89/100
|
|-weather|Sandstorm|[upkeep]
|-damage|p1a: snowball|72/100|[from] Sandstorm
|-heal|p2a: Last Hoorah|96/100|[from] item: Leftovers
|-heal|p1a: snowball|78/100|[from] item: Leftovers
|upkeep
|turn|19
|
|t:|1729128868
|move|p2a: Last Hoorah|Wish|p2a: Last Hoorah
|move|p1a: snowball|Earthquake|p2a: Last Hoorah
|-supereffective|p2a: Last Hoorah
|-damage|p2a: Last Hoorah|55/100
|
|-weather|Sandstorm|[upkeep]
|-damage|p1a: snowball|72/100|[from] Sandstorm
|-heal|p2a: Last Hoorah|61/100|[from] item: Leftovers
|-heal|p1a: snowball|78/100|[from] item: Leftovers
|upkeep
|turn|20
|
|t:|1729128875
|-singleturn|p1a: snowball|move: Focus Punch
|move|p2a: Last Hoorah|Ice Punch|p1a: snowball
|-damage|p1a: snowball|68/100
|move|p1a: snowball|Focus Punch||[still]
|cant|p1a: snowball|Focus Punch|Focus Punch
|
|-heal|p2a: Last Hoorah|100/100|[from] move: Wish|[wisher] Last Hoorah
|-weather|Sandstorm|[upkeep]
|-damage|p1a: snowball|62/100|[from] Sandstorm
|-heal|p1a: snowball|68/100|[from] item: Leftovers
|upkeep
|turn|21
|
|t:|1729128887
|move|p2a: Last Hoorah|Thunderbolt|p1a: snowball
|-damage|p1a: snowball|56/100
|move|p1a: snowball|Earthquake|p2a: Last Hoorah
|-supereffective|p2a: Last Hoorah
|-damage|p2a: Last Hoorah|66/100
|
|-weather|Sandstorm|[upkeep]
|-damage|p1a: snowball|50/100|[from] Sandstorm
|-heal|p2a: Last Hoorah|72/100|[from] item: Leftovers
|-heal|p1a: snowball|56/100|[from] item: Leftovers
|upkeep
|turn|22
|
|t:|1729128899
|move|p2a: Last Hoorah|Thunderbolt|p1a: snowball
|-damage|p1a: snowball|44/100
|move|p1a: snowball|Body Slam|p2a: Last Hoorah
|-resisted|p2a: Last Hoorah
|-damage|p2a: Last Hoorah|60/100
|
|-weather|Sandstorm|[upkeep]
|-damage|p1a: snowball|38/100|[from] Sandstorm
|-heal|p2a: Last Hoorah|66/100|[from] item: Leftovers
|-heal|p1a: snowball|44/100|[from] item: Leftovers
|upkeep
|turn|23
|
|t:|1729128903
|move|p2a: Last Hoorah|Wish|p2a: Last Hoorah
|move|p1a: snowball|Body Slam|p2a: Last Hoorah
|-resisted|p2a: Last Hoorah
|-damage|p2a: Last Hoorah|55/100
|
|-weather|Sandstorm|[upkeep]
|-damage|p1a: snowball|38/100|[from] Sandstorm
|-heal|p2a: Last Hoorah|61/100|[from] item: Leftovers
|-heal|p1a: snowball|44/100|[from] item: Leftovers
|upkeep
|turn|24
|
|t:|1729128913
|move|p2a: Last Hoorah|Ice Punch|p1a: snowball
|-damage|p1a: snowball|35/100
|move|p1a: snowball|Body Slam|p2a: Last Hoorah
|-resisted|p2a: Last Hoorah
|-damage|p2a: Last Hoorah|48/100
|-status|p2a: Last Hoorah|par
|
|-heal|p2a: Last Hoorah|98/100 par|[from] move: Wish|[wisher] Last Hoorah
|-weather|Sandstorm|[upkeep]
|-damage|p1a: snowball|28/100|[from] Sandstorm
|-heal|p1a: snowball|35/100|[from] item: Leftovers
|-heal|p2a: Last Hoorah|100/100 par|[from] item: Leftovers
|upkeep
|turn|25
|
|t:|1729128922
|switch|p1a: yucker|Metagross|100/100
|cant|p2a: Last Hoorah|par
|
|-weather|Sandstorm|[upkeep]
|upkeep
|turn|26
|
|t:|1729128929
|move|p1a: yucker|Agility|p1a: yucker
|-boost|p1a: yucker|spe|2
|cant|p2a: Last Hoorah|par
|
|-weather|Sandstorm|[upkeep]
|upkeep
|turn|27
|
|t:|1729128934
|move|p1a: yucker|Earthquake|p2a: Last Hoorah
|-supereffective|p2a: Last Hoorah
|-damage|p2a: Last Hoorah|48/100 par
|cant|p2a: Last Hoorah|par
|
|-weather|Sandstorm|[upkeep]
|-heal|p2a: Last Hoorah|54/100 par|[from] item: Leftovers
|upkeep
|turn|28
|
|t:|1729128938
|move|p1a: yucker|Earthquake|p2a: Last Hoorah
|-supereffective|p2a: Last Hoorah
|-damage|p2a: Last Hoorah|4/100 par
|cant|p2a: Last Hoorah|par
|
|-weather|Sandstorm|[upkeep]
|-heal|p2a: Last Hoorah|10/100 par|[from] item: Leftovers
|upkeep
|turn|29
|c|☆xlimexheep|sry
|
|t:|1729128947
|move|p1a: yucker|Earthquake|p2a: Last Hoorah
|-supereffective|p2a: Last Hoorah
|-damage|p2a: Last Hoorah|0 fnt
|faint|p2a: Last Hoorah
|
|t:|1729128949
|switch|p2a: watchyaback!|Dugtrio, M, shiny|100/100
|
|-weather|Sandstorm|[upkeep]
|upkeep
|turn|30
|
|t:|1729128953
|move|p1a: yucker|Meteor Mash|p2a: watchyaback!|[miss]
|-miss|p1a: yucker|p2a: watchyaback!
|move|p2a: watchyaback!|Earthquake|p1a: yucker
|-supereffective|p1a: yucker
|-damage|p1a: yucker|12/100
|
|-weather|Sandstorm|[upkeep]
|-heal|p1a: yucker|19/100|[from] item: Leftovers
|upkeep
|turn|31
|c|☆alphasapphire918|well thats a start
|
|t:|1729128961
|move|p1a: yucker|Meteor Mash|p2a: watchyaback!
|-damage|p2a: watchyaback!|0 fnt
|-boost|p1a: yucker|atk|1
|faint|p2a: watchyaback!
|
|t:|1729128964
|switch|p2a: GET ENUF|Jolteon, F, shiny|27/100
|
|-weather|Sandstorm|[upkeep]
|-damage|p2a: GET ENUF|21/100|[from] Sandstorm
|-heal|p1a: yucker|25/100|[from] item: Leftovers
|-heal|p2a: GET ENUF|27/100|[from] item: Leftovers
|upkeep
|turn|32
|c|☆alphasapphire918|gg
|
|t:|1729128971
|move|p1a: yucker|Earthquake|p2a: GET ENUF
|-supereffective|p2a: GET ENUF
|-damage|p2a: GET ENUF|0 fnt
|faint|p2a: GET ENUF
|
|win|xlimexheep
|c|☆xlimexheep|ggwp

</script>
<script type="application/json" class="data" id="replaydata-smogtours-gen3ou-799227">
{"id":"smogtours-gen3ou-799227","format":"[Gen 3] OU","players":["xlimexheep","alphasapphire918"],"uploadtime":1729128971,"views":100,"formatid":"gen3ou","rating":null,"private":0,"password":null}
</script>

<script defer src="js/replays.js?9d40a366"></script>
