<!DOCTYPE html>
<meta charset="utf-8" />
<meta name="viewport" content="width=device-width" />

<title>[Gen 3] OU: MeEsSm vs. cheesimoon - Replays - Pok&eacute;mon Showdown!</title>

<meta name="description" content="Watch a replay of a Pok&eacute;mon battle between MeEsSm and cheesimoon! Format: [Gen 3] OU; Date: Oct 14, 2024" />
<!--

Hey, you! Looking in the source for the replay log?

You can find them in JSON format, just add `.json` at the end of a replay URL.

https://replay.pokemonshowdown.com/gen7randomdoublesbattle-865046831.json

Or, if you only need the log itself, add `.log` instead:

https://replay.pokemonshowdown.com/gen7randomdoublesbattle-865046831.log

-->

<link rel="stylesheet" href="//pokemonshowdown.com/style/global.css?0.767286132409787" />
<link rel="stylesheet" href="//play.pokemonshowdown.com/style/font-awesome.css?0.9266228007934947" />
<link rel="stylesheet" href="//play.pokemonshowdown.com/style/battle.css?0.7924700842790926" />
<link rel="stylesheet" href="//play.pokemonshowdown.com/style/utilichart.css?0.8777417872839479" />

<!-- Global site tag (gtag.js) - Google Analytics -->
<script async src="https://www.googletagmanager.com/gtag/js?id=UA-26211653-1"></script>
<script>
  window.dataLayer = window.dataLayer || [];
  function gtag(){dataLayer.push(arguments);}
  gtag('js', new Date());

  gtag('config', 'UA-26211653-1');
</script>
<!-- End Google Analytics -->
<!-- Venatus Ad Manager - Install in <HEAD> of page -->
	<script src="https://hb.vntsm.com/v3/live/ad-manager.min.js" type="text/javascript" data-site-id="642aba63ec9a7b11c3c9c1be" data-mode="scan" async></script>
<!-- / Venatus Ad Manager -->

<style>
	@media (max-width:820px) {
		.battle {
			margin: 0 auto;
		}
		.battle-log {
			margin: 7px auto 0;
			max-width: 640px;
			height: 300px;
			position: static;
		}
	}
	.optgroup {
		display: inline-block;
		line-height: 22px;
		font-size: 10pt;
	}
	.optgroup .button {
		height: 25px;
		padding-top: 0;
		padding-bottom: 0;
	}
	.optgroup button.button {
		padding-left: 12px;
		padding-right: 12px;
	}
	.linklist {
		list-style: none;
		margin: 0.5em 0;
		padding: 0;
	}
	.linklist li {
		padding: 2px 0;
	}
	.sidebar {
		float: left;
		width: 320px;
	}
	.bar-wrapper {
		max-width: 1100px;
		margin: 0 auto;
	}
	.bar-wrapper.has-sidebar {
		max-width: 1430px;
	}
	.mainbar {
		margin: 0;
		padding-right: 1px;
	}
	.mainbar.has-sidebar {
		margin-left: 330px;
	}
	@media (min-width: 1511px) {
		.sidebar {
			width: 400px;
		}
		.bar-wrapper.has-sidebar {
			max-width: 1510px;
		}
		.mainbar.has-sidebar {
			margin-left: 410px;
		}
	}
	.section.first-section {
		margin-top: 9px;
	}
	.blocklink small {
		white-space: normal;
	}
	.button {
		vertical-align: middle;
	}
	.replay-controls {
		padding-top: 10px;
	}
	.replay-controls h1 {
		font-size: 16pt;
		font-weight: normal;
		color: #CCC;
	}
	.pagelink {
		text-align: center;
	}
	.pagelink a {
		width: 150px;
	}
	.textbox, .button {
		font-size: 11pt;
		vertical-align: middle;
	}
	@media (max-width: 450px) {
		.button {
			font-size: 9pt;
		}
	}
</style>

<div>

	<header>
		<div class="nav-wrapper"><ul class="nav">
			<li><a class="button nav-first" href="//pokemonshowdown.com/"><img src="//pokemonshowdown.com/images/pokemonshowdownbeta.png" srcset="//pokemonshowdown.com/images/pokemonshowdownbeta.png 1x, //pokemonshowdown.com/images/pokemonshowdownbeta@2x.png 2x" alt="Pok&eacute;mon Showdown" width="146" height="44" /> Home</a></li>
			<li><a class="button" href="//pokemonshowdown.com/dex/">Pok&eacute;dex</a></li>
			<li><a class="button cur" href="/">Replays</a></li>
			<li><a class="button" href="//pokemonshowdown.com/ladder/">Ladder</a></li>
			<li><a class="button nav-last" href="//pokemonshowdown.com/forums/">Forum</a></li>
			<li><a class="button greenbutton nav-first nav-last" href="//play.pokemonshowdown.com/">Play</a></li>
		</ul></div>
	</header>

	<div class="main" id="main">

		<noscript><section class="section">You need to enable JavaScript to use this page; sorry!</section></noscript>

	</div>

</div>

<script defer nomodule src="//play.pokemonshowdown.com/js/lib/ps-polyfill.js"></script>
<script defer src="//play.pokemonshowdown.com/js/lib/preact.min.js"></script>

<script defer src="//play.pokemonshowdown.com/config/config.js?6dec07f6"></script>
<script defer src="//play.pokemonshowdown.com/js/lib/jquery-1.11.0.min.js"></script>
<script defer src="//play.pokemonshowdown.com/js/lib/html-sanitizer-minified.js"></script>
<script defer src="//play.pokemonshowdown.com/js/battle-sound.js"></script>
<script defer src="//play.pokemonshowdown.com/js/battledata.js?0.6315294753075389"></script>
<script defer src="//play.pokemonshowdown.com/data/pokedex-mini.js?0.7603743185311358"></script>
<script defer src="//play.pokemonshowdown.com/data/pokedex-mini-bw.js?0.030888842834281283"></script>
<script defer src="//play.pokemonshowdown.com/data/graphics.js?0.05593094747507488"></script>
<script defer src="//play.pokemonshowdown.com/data/pokedex.js?0.47064822249611904"></script>
<script defer src="//play.pokemonshowdown.com/data/moves.js?0.8583693120512459"></script>
<script defer src="//play.pokemonshowdown.com/data/abilities.js?0.16017181182386842"></script>
<script defer src="//play.pokemonshowdown.com/data/items.js?0.4163379185673943"></script>
<script defer src="//play.pokemonshowdown.com/data/teambuilder-tables.js?0.31075597372830477"></script>
<script defer src="//play.pokemonshowdown.com/js/battle-tooltips.js?0.6536193500708172"></script>
<script defer src="//play.pokemonshowdown.com/js/battle.js?0.1916591943277901"></script>

<script defer src="js/utils.js?e31f9a17"></script>
<script defer src="js/replays-battle.js?7008c182"></script>

<!-- don't scrape this data! just add .json or .log after the URL!
Full API docs: https://github.com/smogon/pokemon-showdown-client/blob/master/WEB-API.md -->
<script type="text/plain" class="log" id="replaylog-smogtours-gen3ou-798699">
|inactive|Battle timer is ON: inactive players will automatically lose when time's up.
|t:|1728931492
|gametype|singles
|player|p1|MeEsSm|#roaplxyorknewyanma|
|player|p2|cheesimoon|170|
|teamsize|p1|6
|teamsize|p2|6
|gen|3
|tier|[Gen 3] OU
|rule|Sleep Clause Mod: Limit one foe put to sleep
|rule|Switch Priority Clause Mod: Faster Pokémon switch first
|rule|Species Clause: Limit one of each Pokémon
|rule|OHKO Clause: OHKO moves are banned
|rule|Evasion Items Clause: Evasion items are banned
|rule|Evasion Moves Clause: Evasion moves are banned
|rule|Endless Battle Clause: Forcing endless battles is banned
|rule|HP Percentage Mod: HP is shown in percentages
|rule|One Boost Passer Clause: Limit one Baton Passer that has a way to boost its stats
|rule|Freeze Clause Mod: Limit one foe frozen
|
|t:|1728931492
|start
|switch|p1a: Tyranitar|Tyranitar, M|100/100
|switch|p2a: Kaido|Zapdos|100/100
|-weather|Sandstorm|[from] ability: Sand Stream|[of] p1a: Tyranitar
|turn|1
|c|☆MeEsSm|hf
|
|t:|1728931507
|move|p2a: Kaido|Thunderbolt|p1a: Tyranitar
|-damage|p1a: Tyranitar|60/100
|move|p1a: Tyranitar|Toxic|p2a: Kaido
|-status|p2a: Kaido|tox
|
|-weather|Sandstorm|[upkeep]
|-damage|p2a: Kaido|94/100 tox|[from] Sandstorm
|-heal|p2a: Kaido|100/100 tox|[from] item: Leftovers
|-damage|p2a: Kaido|94/100 tox|[from] psn
|-heal|p1a: Tyranitar|66/100|[from] item: Leftovers
|upkeep
|turn|2
|c|☆cheesimoon|U2
|inactive|cheesimoon has 270 seconds left.
|
|t:|1728931541
|switch|p1a: Blissey|Blissey, F|100/100
|move|p2a: Kaido|Thunderbolt|p1a: Blissey
|-damage|p1a: Blissey|80/100
|
|-weather|Sandstorm|[upkeep]
|-damage|p2a: Kaido|88/100 tox|[from] Sandstorm
|-damage|p1a: Blissey|74/100|[from] Sandstorm
|-heal|p2a: Kaido|94/100 tox|[from] item: Leftovers
|-damage|p2a: Kaido|82/100 tox|[from] psn
|-heal|p1a: Blissey|80/100|[from] item: Leftovers
|upkeep
|turn|3
|
|t:|1728931555
|switch|p2a: Nendo|Tyranitar, M|100/100
|move|p1a: Blissey|Ice Beam|p2a: Nendo
|-damage|p2a: Nendo|75/100
|
|-weather|Sandstorm|[upkeep]
|-damage|p1a: Blissey|74/100|[from] Sandstorm
|-heal|p1a: Blissey|80/100|[from] item: Leftovers
|upkeep
|turn|4
|
|t:|1728931566
|switch|p1a: Claydol|Claydol|100/100
|move|p2a: Nendo|Rock Slide|p1a: Claydol|[miss]
|-miss|p2a: Nendo|p1a: Claydol
|
|-weather|Sandstorm|[upkeep]
|upkeep
|turn|5
|
|t:|1728931575
|switch|p2a: Teruhashi|Celebi|100/100
|switch|p1a: Skarmory|Skarmory, M|100/100
|
|-weather|Sandstorm|[upkeep]
|-damage|p2a: Teruhashi|94/100|[from] Sandstorm
|-heal|p2a: Teruhashi|100/100|[from] item: Leftovers
|upkeep
|turn|6
|
|t:|1728931581
|move|p2a: Teruhashi|Leech Seed|p1a: Skarmory
|-start|p1a: Skarmory|move: Leech Seed
|move|p1a: Skarmory|Spikes|p2a: Teruhashi
|-sidestart|p2: cheesimoon|Spikes
|
|-weather|Sandstorm|[upkeep]
|-damage|p2a: Teruhashi|94/100|[from] Sandstorm
|-heal|p2a: Teruhashi|100/100|[from] item: Leftovers
|-damage|p1a: Skarmory|88/100|[from] Leech Seed|[of] p2a: Teruhashi
|upkeep
|turn|7
|
|t:|1728931590
|move|p2a: Teruhashi|Baton Pass|p2a: Teruhashi
|
|t:|1728931595
|switch|p2a: Nendo|Tyranitar, M|75/100|[from] Baton Pass
|-damage|p2a: Nendo|62/100|[from] Spikes
|move|p1a: Skarmory|Spikes|p2a: Nendo
|-sidestart|p2: cheesimoon|Spikes
|
|-weather|Sandstorm|[upkeep]
|-heal|p1a: Skarmory|94/100|[from] item: Leftovers
|-damage|p1a: Skarmory|82/100|[from] Leech Seed|[of] p2a: Nendo
|-heal|p2a: Nendo|74/100|[silent]
|upkeep
|turn|8
|
|t:|1728931604
|-singleturn|p2a: Nendo|move: Focus Punch
|move|p1a: Skarmory|Protect|p1a: Skarmory
|-singleturn|p1a: Skarmory|Protect
|move|p2a: Nendo|Focus Punch|p1a: Skarmory
|-activate|p1a: Skarmory|Protect
|
|-weather|Sandstorm|[upkeep]
|-heal|p1a: Skarmory|88/100|[from] item: Leftovers
|-damage|p1a: Skarmory|76/100|[from] Leech Seed|[of] p2a: Nendo
|-heal|p2a: Nendo|86/100|[silent]
|upkeep
|turn|9
|
|t:|1728931620
|-singleturn|p2a: Nendo|move: Focus Punch
|switch|p1a: Claydol|Claydol|100/100
|move|p2a: Nendo|Focus Punch|p1a: Claydol
|-resisted|p1a: Claydol
|-damage|p1a: Claydol|58/100
|
|-weather|Sandstorm|[upkeep]
|-heal|p1a: Claydol|64/100|[from] item: Leftovers
|upkeep
|turn|10
|
|t:|1728931631
|switch|p2a: Teruhashi|Celebi|100/100
|-damage|p2a: Teruhashi|84/100|[from] Spikes
|move|p1a: Claydol|Earthquake|p2a: Teruhashi
|-resisted|p2a: Teruhashi
|-damage|p2a: Teruhashi|69/100
|
|-weather|Sandstorm|[upkeep]
|-damage|p2a: Teruhashi|62/100|[from] Sandstorm
|-heal|p2a: Teruhashi|69/100|[from] item: Leftovers
|-heal|p1a: Claydol|70/100|[from] item: Leftovers
|upkeep
|turn|11
|
|t:|1728931644
|switch|p1a: Skarmory|Skarmory, M|76/100
|move|p2a: Teruhashi|Leech Seed|p1a: Skarmory
|-start|p1a: Skarmory|move: Leech Seed
|
|-weather|Sandstorm|[upkeep]
|-damage|p2a: Teruhashi|62/100|[from] Sandstorm
|-heal|p2a: Teruhashi|69/100|[from] item: Leftovers
|-heal|p1a: Skarmory|82/100|[from] item: Leftovers
|-damage|p1a: Skarmory|69/100|[from] Leech Seed|[of] p2a: Teruhashi
|-heal|p2a: Teruhashi|79/100|[silent]
|upkeep
|turn|12
|
|t:|1728931660
|move|p2a: Teruhashi|Calm Mind|p2a: Teruhashi
|-boost|p2a: Teruhashi|spa|1
|-boost|p2a: Teruhashi|spd|1
|move|p1a: Skarmory|Spikes|p2a: Teruhashi
|-sidestart|p2: cheesimoon|Spikes
|
|-weather|Sandstorm|[upkeep]
|-damage|p2a: Teruhashi|73/100|[from] Sandstorm
|-heal|p2a: Teruhashi|79/100|[from] item: Leftovers
|-heal|p1a: Skarmory|75/100|[from] item: Leftovers
|-damage|p1a: Skarmory|63/100|[from] Leech Seed|[of] p2a: Teruhashi
|-heal|p2a: Teruhashi|89/100|[silent]
|upkeep
|turn|13
|
|t:|1728931675
|move|p2a: Teruhashi|Baton Pass|p2a: Teruhashi
|
|t:|1728931676
|switch|p2a: Hairo|Charizard, M|100/100|[from] Baton Pass
|move|p1a: Skarmory|Roar|p2a: Hairo
|drag|p2a: Kaido|Zapdos|82/100 tox
|
|-weather|Sandstorm|[upkeep]
|-damage|p2a: Kaido|76/100 tox|[from] Sandstorm
|-heal|p2a: Kaido|82/100 tox|[from] item: Leftovers
|-damage|p2a: Kaido|76/100 tox|[from] psn
|-heal|p1a: Skarmory|69/100|[from] item: Leftovers
|-damage|p1a: Skarmory|57/100|[from] Leech Seed|[of] p2a: Kaido
|-heal|p2a: Kaido|88/100 tox|[silent]
|upkeep
|turn|14
|
|t:|1728931696
|switch|p2a: Hairo|Charizard, M|100/100
|switch|p1a: Blissey|Blissey, F|80/100
|
|-weather|Sandstorm|[upkeep]
|-damage|p2a: Hairo|94/100|[from] Sandstorm
|-damage|p1a: Blissey|74/100|[from] Sandstorm
|-heal|p2a: Hairo|100/100|[from] item: Leftovers
|-heal|p1a: Blissey|80/100|[from] item: Leftovers
|upkeep
|turn|15
|
|t:|1728931713
|move|p2a: Hairo|Fire Blast|p1a: Blissey
|-damage|p1a: Blissey|57/100
|move|p1a: Blissey|Ice Beam|p2a: Hairo
|-damage|p2a: Hairo|62/100
|
|-weather|Sandstorm|[upkeep]
|-damage|p2a: Hairo|56/100|[from] Sandstorm
|-damage|p1a: Blissey|50/100|[from] Sandstorm
|-heal|p2a: Hairo|62/100|[from] item: Leftovers
|-heal|p1a: Blissey|57/100|[from] item: Leftovers
|upkeep
|turn|16
|
|t:|1728931732
|move|p2a: Hairo|Fire Blast|p1a: Blissey
|-damage|p1a: Blissey|35/100
|move|p1a: Blissey|Thunderbolt|p2a: Hairo
|-supereffective|p2a: Hairo
|-damage|p2a: Hairo|0 fnt
|faint|p2a: Hairo
|
|t:|1728931736
|switch|p2a: Takahashi|Dugtrio, F|100/100
|-damage|p2a: Takahashi|76/100|[from] Spikes
|
|-weather|Sandstorm|[upkeep]
|-damage|p1a: Blissey|29/100|[from] Sandstorm
|-heal|p1a: Blissey|35/100|[from] item: Leftovers
|upkeep
|turn|17
|
|t:|1728931745
|move|p2a: Takahashi|Earthquake|p1a: Blissey
|-damage|p1a: Blissey|0 fnt
|faint|p1a: Blissey
|
|t:|1728931760
|switch|p1a: Skarmory|Skarmory, M|57/100
|
|-weather|Sandstorm|[upkeep]
|-heal|p1a: Skarmory|63/100|[from] item: Leftovers
|upkeep
|turn|18
|
|t:|1728931766
|move|p2a: Takahashi|Earthquake|p1a: Skarmory
|-immune|p1a: Skarmory
|move|p1a: Skarmory|Roar|p2a: Takahashi
|drag|p2a: Nendo|Tyranitar, M|86/100
|-damage|p2a: Nendo|62/100|[from] Spikes
|
|-weather|Sandstorm|[upkeep]
|-heal|p1a: Skarmory|69/100|[from] item: Leftovers
|upkeep
|turn|19
|
|t:|1728931775
|move|p1a: Skarmory|Protect|p1a: Skarmory
|-singleturn|p1a: Skarmory|Protect
|move|p2a: Nendo|Rock Slide|p1a: Skarmory
|-activate|p1a: Skarmory|Protect
|
|-weather|Sandstorm|[upkeep]
|-heal|p1a: Skarmory|75/100|[from] item: Leftovers
|upkeep
|turn|20
|inactive|MeEsSm has 270 seconds left.
|
|t:|1728931819
|switch|p1a: Dugtrio|Dugtrio, M|100/100
|move|p2a: Nendo|Rock Slide|p1a: Dugtrio
|-resisted|p1a: Dugtrio
|-damage|p1a: Dugtrio|6/100
|
|-weather|Sandstorm|[upkeep]
|upkeep
|turn|21
|
|t:|1728931825
|move|p1a: Dugtrio|Earthquake|p2a: Nendo
|-supereffective|p2a: Nendo
|-damage|p2a: Nendo|0 fnt
|faint|p2a: Nendo
|
|t:|1728931833
|switch|p2a: Kaido|Zapdos|88/100 tox
|
|-weather|Sandstorm|[upkeep]
|-damage|p2a: Kaido|82/100 tox|[from] Sandstorm
|-heal|p2a: Kaido|88/100 tox|[from] item: Leftovers
|-damage|p2a: Kaido|82/100 tox|[from] psn
|upkeep
|turn|22
|inactive|MeEsSm has 270 seconds left.
|
|t:|1728931863
|switch|p1a: Milotic|Milotic, F|100/100
|move|p2a: Kaido|Thunderbolt|p1a: Milotic
|-supereffective|p1a: Milotic
|-damage|p1a: Milotic|31/100
|
|-weather|Sandstorm|[upkeep]
|-damage|p2a: Kaido|76/100 tox|[from] Sandstorm
|-damage|p1a: Milotic|25/100|[from] Sandstorm
|-heal|p2a: Kaido|82/100 tox|[from] item: Leftovers
|-damage|p2a: Kaido|70/100 tox|[from] psn
|-heal|p1a: Milotic|31/100|[from] item: Leftovers
|upkeep
|turn|23
|
|t:|1728931874
|move|p2a: Kaido|Hidden Power|p1a: Milotic
|-supereffective|p1a: Milotic
|-damage|p1a: Milotic|0 fnt
|faint|p1a: Milotic
|
|t:|1728931881
|switch|p1a: Claydol|Claydol|70/100
|
|-weather|Sandstorm|[upkeep]
|-damage|p2a: Kaido|64/100 tox|[from] Sandstorm
|-heal|p2a: Kaido|70/100 tox|[from] item: Leftovers
|-damage|p2a: Kaido|51/100 tox|[from] psn
|-heal|p1a: Claydol|76/100|[from] item: Leftovers
|upkeep
|turn|24
|
|t:|1728931888
|switch|p2a: Teruhashi|Celebi|89/100
|-damage|p2a: Teruhashi|64/100|[from] Spikes
|move|p1a: Claydol|Psychic|p2a: Teruhashi
|-resisted|p2a: Teruhashi
|-damage|p2a: Teruhashi|55/100
|
|-weather|Sandstorm|[upkeep]
|-damage|p2a: Teruhashi|49/100|[from] Sandstorm
|-heal|p2a: Teruhashi|55/100|[from] item: Leftovers
|-heal|p1a: Claydol|82/100|[from] item: Leftovers
|upkeep
|turn|25
|
|t:|1728931902
|switch|p1a: Skarmory|Skarmory, M|75/100
|move|p2a: Teruhashi|Leech Seed|p1a: Skarmory
|-start|p1a: Skarmory|move: Leech Seed
|
|-weather|Sandstorm|[upkeep]
|-damage|p2a: Teruhashi|49/100|[from] Sandstorm
|-heal|p2a: Teruhashi|55/100|[from] item: Leftovers
|-heal|p1a: Skarmory|81/100|[from] item: Leftovers
|-damage|p1a: Skarmory|68/100|[from] Leech Seed|[of] p2a: Teruhashi
|-heal|p2a: Teruhashi|65/100|[silent]
|upkeep
|turn|26
|
|t:|1728931910
|move|p2a: Teruhashi|Leech Seed||[still]
|-fail|p2a: Teruhashi
|move|p1a: Skarmory|Roar|p2a: Teruhashi
|drag|p2a: Kuboyasu|Swampert, M|100/100
|-damage|p2a: Kuboyasu|76/100|[from] Spikes
|
|-weather|Sandstorm|[upkeep]
|-heal|p1a: Skarmory|74/100|[from] item: Leftovers
|-damage|p1a: Skarmory|62/100|[from] Leech Seed|[of] p2a: Kuboyasu
|-heal|p2a: Kuboyasu|86/100|[silent]
|-heal|p2a: Kuboyasu|92/100|[from] item: Leftovers
|upkeep
|turn|27
|inactive|MeEsSm has 270 seconds left.
|
|t:|1728931922
|move|p1a: Skarmory|Toxic|p2a: Kuboyasu
|-status|p2a: Kuboyasu|tox
|move|p2a: Kuboyasu|Ice Beam|p1a: Skarmory
|-damage|p1a: Skarmory|44/100
|
|-weather|Sandstorm|[upkeep]
|-heal|p1a: Skarmory|50/100|[from] item: Leftovers
|-damage|p1a: Skarmory|37/100|[from] Leech Seed|[of] p2a: Kuboyasu
|-heal|p2a: Kuboyasu|100/100 tox|[silent]
|-damage|p2a: Kuboyasu|94/100 tox|[from] psn
|upkeep
|turn|28
|inactive|MeEsSm has 270 seconds left.
|
|t:|1728931942
|switch|p1a: Claydol|Claydol|82/100
|switch|p2a: Kaido|Zapdos|51/100 tox
|
|-weather|Sandstorm|[upkeep]
|-damage|p2a: Kaido|45/100 tox|[from] Sandstorm
|-heal|p2a: Kaido|51/100 tox|[from] item: Leftovers
|-damage|p2a: Kaido|45/100 tox|[from] psn
|-heal|p1a: Claydol|88/100|[from] item: Leftovers
|upkeep
|turn|29
|inactive|MeEsSm has 270 seconds left.
|
|t:|1728931952
|move|p2a: Kaido|Hidden Power|p1a: Claydol
|-supereffective|p1a: Claydol
|-damage|p1a: Claydol|48/100
|move|p1a: Claydol|Psychic|p2a: Kaido
|-damage|p2a: Kaido|20/100 tox
|
|-weather|Sandstorm|[upkeep]
|-damage|p2a: Kaido|14/100 tox|[from] Sandstorm
|-heal|p2a: Kaido|20/100 tox|[from] item: Leftovers
|-damage|p2a: Kaido|8/100 tox|[from] psn
|-heal|p1a: Claydol|55/100|[from] item: Leftovers
|upkeep
|turn|30
|inactive|MeEsSm has 270 seconds left.
|
|t:|1728931965
|move|p2a: Kaido|Thunderbolt|p1a: Claydol
|-immune|p1a: Claydol
|move|p1a: Claydol|Psychic|p2a: Kaido
|-damage|p2a: Kaido|0 fnt
|faint|p2a: Kaido
|
|t:|1728931968
|switch|p2a: Teruhashi|Celebi|65/100
|-damage|p2a: Teruhashi|40/100|[from] Spikes
|
|-weather|Sandstorm|[upkeep]
|-damage|p2a: Teruhashi|34/100|[from] Sandstorm
|-heal|p2a: Teruhashi|40/100|[from] item: Leftovers
|-heal|p1a: Claydol|61/100|[from] item: Leftovers
|upkeep
|turn|31
|
|t:|1728931978
|switch|p1a: Skarmory|Skarmory, M|37/100
|move|p2a: Teruhashi|Leech Seed|p1a: Skarmory
|-start|p1a: Skarmory|move: Leech Seed
|
|-weather|Sandstorm|[upkeep]
|-damage|p2a: Teruhashi|34/100|[from] Sandstorm
|-heal|p2a: Teruhashi|40/100|[from] item: Leftovers
|-heal|p1a: Skarmory|43/100|[from] item: Leftovers
|-damage|p1a: Skarmory|31/100|[from] Leech Seed|[of] p2a: Teruhashi
|-heal|p2a: Teruhashi|50/100|[silent]
|upkeep
|turn|32
|
|t:|1728931988
|move|p2a: Teruhashi|Calm Mind|p2a: Teruhashi
|-boost|p2a: Teruhashi|spa|1
|-boost|p2a: Teruhashi|spd|1
|move|p1a: Skarmory|Roar|p2a: Teruhashi
|drag|p2a: Takahashi|Dugtrio, F|76/100
|-damage|p2a: Takahashi|51/100|[from] Spikes
|
|-weather|Sandstorm|[upkeep]
|-heal|p1a: Skarmory|37/100|[from] item: Leftovers
|-damage|p1a: Skarmory|25/100|[from] Leech Seed|[of] p2a: Takahashi
|-heal|p2a: Takahashi|69/100|[silent]
|upkeep
|turn|33
|
|t:|1728931996
|switch|p1a: Claydol|Claydol|61/100
|move|p2a: Takahashi|Rock Slide|p1a: Claydol
|-resisted|p1a: Claydol
|-damage|p1a: Claydol|46/100
|
|-weather|Sandstorm|[upkeep]
|-heal|p1a: Claydol|52/100|[from] item: Leftovers
|upkeep
|turn|34
|
|t:|1728932008
|move|p2a: Takahashi|Rock Slide|p1a: Claydol
|-resisted|p1a: Claydol
|-damage|p1a: Claydol|37/100
|move|p1a: Claydol|Earthquake|p2a: Takahashi
|-damage|p2a: Takahashi|0 fnt
|faint|p2a: Takahashi
|
|t:|1728932011
|switch|p2a: Teruhashi|Celebi|50/100
|-damage|p2a: Teruhashi|25/100|[from] Spikes
|
|-weather|Sandstorm|[upkeep]
|-damage|p2a: Teruhashi|19/100|[from] Sandstorm
|-heal|p2a: Teruhashi|25/100|[from] item: Leftovers
|-heal|p1a: Claydol|43/100|[from] item: Leftovers
|upkeep
|turn|35
|
|t:|1728932021
|switch|p1a: Skarmory|Skarmory, M|25/100
|move|p2a: Teruhashi|Leech Seed|p1a: Skarmory|[miss]
|-miss|p2a: Teruhashi|p1a: Skarmory
|
|-weather|Sandstorm|[upkeep]
|-damage|p2a: Teruhashi|19/100|[from] Sandstorm
|-heal|p2a: Teruhashi|25/100|[from] item: Leftovers
|-heal|p1a: Skarmory|31/100|[from] item: Leftovers
|upkeep
|turn|36
|
|t:|1728932026
|move|p1a: Skarmory|Protect|p1a: Skarmory
|-singleturn|p1a: Skarmory|Protect
|move|p2a: Teruhashi|Leech Seed|p1a: Skarmory|[miss]
|-miss|p2a: Teruhashi|p1a: Skarmory
|
|-weather|Sandstorm|[upkeep]
|-damage|p2a: Teruhashi|19/100|[from] Sandstorm
|-heal|p2a: Teruhashi|25/100|[from] item: Leftovers
|-heal|p1a: Skarmory|37/100|[from] item: Leftovers
|upkeep
|turn|37
|
|t:|1728932032
|move|p2a: Teruhashi|Leech Seed|p1a: Skarmory
|-start|p1a: Skarmory|move: Leech Seed
|move|p1a: Skarmory|Roar|p2a: Teruhashi
|drag|p2a: Kuboyasu|Swampert, M|94/100 tox
|-damage|p2a: Kuboyasu|69/100 tox|[from] Spikes
|
|-weather|Sandstorm|[upkeep]
|-heal|p1a: Skarmory|43/100|[from] item: Leftovers
|-damage|p1a: Skarmory|31/100|[from] Leech Seed|[of] p2a: Kuboyasu
|-heal|p2a: Kuboyasu|80/100 tox|[silent]
|-heal|p2a: Kuboyasu|86/100 tox|[from] item: Leftovers
|-damage|p2a: Kuboyasu|80/100 tox|[from] psn
|upkeep
|turn|38
|
|t:|1728932040
|switch|p1a: Claydol|Claydol|43/100
|move|p2a: Kuboyasu|Hydro Pump|p1a: Claydol|[miss]
|-miss|p2a: Kuboyasu|p1a: Claydol
|
|-weather|Sandstorm|[upkeep]
|-heal|p1a: Claydol|49/100|[from] item: Leftovers
|-heal|p2a: Kuboyasu|86/100 tox|[from] item: Leftovers
|-damage|p2a: Kuboyasu|73/100 tox|[from] psn
|upkeep
|turn|39
|
|t:|1728932046
|move|p1a: Claydol|Earthquake|p2a: Kuboyasu
|-damage|p2a: Kuboyasu|49/100 tox
|move|p2a: Kuboyasu|Hydro Pump|p1a: Claydol
|-supereffective|p1a: Claydol
|-damage|p1a: Claydol|0 fnt
|faint|p1a: Claydol
|
|t:|1728932053
|switch|p1a: Tyranitar|Tyranitar, M|66/100
|
|-weather|Sandstorm|[upkeep]
|-heal|p1a: Tyranitar|72/100|[from] item: Leftovers
|-heal|p2a: Kuboyasu|55/100 tox|[from] item: Leftovers
|-damage|p2a: Kuboyasu|36/100 tox|[from] psn
|upkeep
|turn|40
|
|t:|1728932062
|move|p1a: Tyranitar|Earthquake|p2a: Kuboyasu
|-damage|p2a: Kuboyasu|12/100 tox
|move|p2a: Kuboyasu|Hydro Pump|p1a: Tyranitar
|-supereffective|p1a: Tyranitar
|-damage|p1a: Tyranitar|0 fnt
|faint|p1a: Tyranitar
|
|t:|1728932067
|switch|p1a: Dugtrio|Dugtrio, M|6/100
|
|-weather|Sandstorm|[upkeep]
|-heal|p2a: Kuboyasu|18/100 tox|[from] item: Leftovers
|-damage|p2a: Kuboyasu|0 fnt|[from] psn
|faint|p2a: Kuboyasu
|upkeep
|
|t:|1728932070
|switch|p2a: Teruhashi|Celebi|25/100
|-damage|p2a: Teruhashi|0 fnt|[from] Spikes
|faint|p2a: Teruhashi
|
|win|MeEsSm
|c|☆MeEsSm|ggs
|c|☆cheesimoon|Gg
|c|☆cheesimoon|Wp

</script>
<script type="application/json" class="data" id="replaydata-smogtours-gen3ou-798699">
{"id":"smogtours-gen3ou-798699","format":"[Gen 3] OU","players":["MeEsSm","cheesimoon"],"uploadtime":1728932070,"views":123,"formatid":"gen3ou","rating":null,"private":1,"password":null}
</script>

<script defer src="js/replays.js?9d40a366"></script>
