<!DOCTYPE html>
<meta charset="utf-8" />
<meta name="viewport" content="width=device-width" />

<title>[Gen 3] OU: strictsceptile1 vs. LoDart210 - Replays - Pok&eacute;mon Showdown!</title>

<meta name="description" content="Watch a replay of a Pok&eacute;mon battle between strictsceptile1 and LoDart210! Format: [Gen 3] OU; Date: Oct 2, 2024" />
<!--

Hey, you! Looking in the source for the replay log?

You can find them in JSON format, just add `.json` at the end of a replay URL.

https://replay.pokemonshowdown.com/gen7randomdoublesbattle-865046831.json

Or, if you only need the log itself, add `.log` instead:

https://replay.pokemonshowdown.com/gen7randomdoublesbattle-865046831.log

-->

<link rel="stylesheet" href="//pokemonshowdown.com/style/global.css?0.767286132409787" />
<link rel="stylesheet" href="//play.pokemonshowdown.com/style/font-awesome.css?0.9266228007934947" />
<link rel="stylesheet" href="//play.pokemonshowdown.com/style/battle.css?0.7924700842790926" />
<link rel="stylesheet" href="//play.pokemonshowdown.com/style/utilichart.css?0.8777417872839479" />

<!-- Global site tag (gtag.js) - Google Analytics -->
<script async src="https://www.googletagmanager.com/gtag/js?id=UA-26211653-1"></script>
<script>
  window.dataLayer = window.dataLayer || [];
  function gtag(){dataLayer.push(arguments);}
  gtag('js', new Date());

  gtag('config', 'UA-26211653-1');
</script>
<!-- End Google Analytics -->
<!-- Venatus Ad Manager - Install in <HEAD> of page -->
	<script src="https://hb.vntsm.com/v3/live/ad-manager.min.js" type="text/javascript" data-site-id="642aba63ec9a7b11c3c9c1be" data-mode="scan" async></script>
<!-- / Venatus Ad Manager -->

<style>
	@media (max-width:820px) {
		.battle {
			margin: 0 auto;
		}
		.battle-log {
			margin: 7px auto 0;
			max-width: 640px;
			height: 300px;
			position: static;
		}
	}
	.optgroup {
		display: inline-block;
		line-height: 22px;
		font-size: 10pt;
	}
	.optgroup .button {
		height: 25px;
		padding-top: 0;
		padding-bottom: 0;
	}
	.optgroup button.button {
		padding-left: 12px;
		padding-right: 12px;
	}
	.linklist {
		list-style: none;
		margin: 0.5em 0;
		padding: 0;
	}
	.linklist li {
		padding: 2px 0;
	}
	.sidebar {
		float: left;
		width: 320px;
	}
	.bar-wrapper {
		max-width: 1100px;
		margin: 0 auto;
	}
	.bar-wrapper.has-sidebar {
		max-width: 1430px;
	}
	.mainbar {
		margin: 0;
		padding-right: 1px;
	}
	.mainbar.has-sidebar {
		margin-left: 330px;
	}
	@media (min-width: 1511px) {
		.sidebar {
			width: 400px;
		}
		.bar-wrapper.has-sidebar {
			max-width: 1510px;
		}
		.mainbar.has-sidebar {
			margin-left: 410px;
		}
	}
	.section.first-section {
		margin-top: 9px;
	}
	.blocklink small {
		white-space: normal;
	}
	.button {
		vertical-align: middle;
	}
	.replay-controls {
		padding-top: 10px;
	}
	.replay-controls h1 {
		font-size: 16pt;
		font-weight: normal;
		color: #CCC;
	}
	.pagelink {
		text-align: center;
	}
	.pagelink a {
		width: 150px;
	}
	.textbox, .button {
		font-size: 11pt;
		vertical-align: middle;
	}
	@media (max-width: 450px) {
		.button {
			font-size: 9pt;
		}
	}
</style>

<div>

	<header>
		<div class="nav-wrapper"><ul class="nav">
			<li><a class="button nav-first" href="//pokemonshowdown.com/"><img src="//pokemonshowdown.com/images/pokemonshowdownbeta.png" srcset="//pokemonshowdown.com/images/pokemonshowdownbeta.png 1x, //pokemonshowdown.com/images/pokemonshowdownbeta@2x.png 2x" alt="Pok&eacute;mon Showdown" width="146" height="44" /> Home</a></li>
			<li><a class="button" href="//pokemonshowdown.com/dex/">Pok&eacute;dex</a></li>
			<li><a class="button cur" href="/">Replays</a></li>
			<li><a class="button" href="//pokemonshowdown.com/ladder/">Ladder</a></li>
			<li><a class="button nav-last" href="//pokemonshowdown.com/forums/">Forum</a></li>
			<li><a class="button greenbutton nav-first nav-last" href="//play.pokemonshowdown.com/">Play</a></li>
		</ul></div>
	</header>

	<div class="main" id="main">

		<noscript><section class="section">You need to enable JavaScript to use this page; sorry!</section></noscript>

	</div>

</div>

<script defer nomodule src="//play.pokemonshowdown.com/js/lib/ps-polyfill.js"></script>
<script defer src="//play.pokemonshowdown.com/js/lib/preact.min.js"></script>

<script defer src="//play.pokemonshowdown.com/config/config.js?6dec07f6"></script>
<script defer src="//play.pokemonshowdown.com/js/lib/jquery-1.11.0.min.js"></script>
<script defer src="//play.pokemonshowdown.com/js/lib/html-sanitizer-minified.js"></script>
<script defer src="//play.pokemonshowdown.com/js/battle-sound.js"></script>
<script defer src="//play.pokemonshowdown.com/js/battledata.js?0.6315294753075389"></script>
<script defer src="//play.pokemonshowdown.com/data/pokedex-mini.js?0.7603743185311358"></script>
<script defer src="//play.pokemonshowdown.com/data/pokedex-mini-bw.js?0.030888842834281283"></script>
<script defer src="//play.pokemonshowdown.com/data/graphics.js?0.05593094747507488"></script>
<script defer src="//play.pokemonshowdown.com/data/pokedex.js?0.47064822249611904"></script>
<script defer src="//play.pokemonshowdown.com/data/moves.js?0.8583693120512459"></script>
<script defer src="//play.pokemonshowdown.com/data/abilities.js?0.16017181182386842"></script>
<script defer src="//play.pokemonshowdown.com/data/items.js?0.4163379185673943"></script>
<script defer src="//play.pokemonshowdown.com/data/teambuilder-tables.js?0.31075597372830477"></script>
<script defer src="//play.pokemonshowdown.com/js/battle-tooltips.js?0.6536193500708172"></script>
<script defer src="//play.pokemonshowdown.com/js/battle.js?0.1916591943277901"></script>

<script defer src="js/utils.js?e31f9a17"></script>
<script defer src="js/replays-battle.js?7008c182"></script>

<!-- don't scrape this data! just add .json or .log after the URL!
Full API docs: https://github.com/smogon/pokemon-showdown-client/blob/master/WEB-API.md -->
<script type="text/plain" class="log" id="replaylog-smogtours-gen3ou-793992">
|inactive|Battle timer is ON: inactive players will automatically lose when time's up.
|t:|1727892456
|gametype|singles
|player|p1|strictsceptile1|bellepa|
|player|p2|LoDart210|volkner|
|teamsize|p1|6
|teamsize|p2|6
|gen|3
|tier|[Gen 3] OU
|rule|Sleep Clause Mod: Limit one foe put to sleep
|rule|Switch Priority Clause Mod: Faster Pokémon switch first
|rule|Species Clause: Limit one of each Pokémon
|rule|OHKO Clause: OHKO moves are banned
|rule|Evasion Items Clause: Evasion items are banned
|rule|Evasion Moves Clause: Evasion moves are banned
|rule|Endless Battle Clause: Forcing endless battles is banned
|rule|HP Percentage Mod: HP is shown in percentages
|rule|One Boost Passer Clause: Limit one Baton Passer that has a way to boost its stats
|rule|Freeze Clause Mod: Limit one foe frozen
|
|t:|1727892456
|start
|switch|p1a: Zapdos|Zapdos|100/100
|switch|p2a: Jynx|Jynx, F|100/100
|turn|1
|
|t:|1727892471
|switch|p1a: Skarmory|Skarmory, M|100/100
|move|p2a: Jynx|Substitute|p2a: Jynx
|-start|p2a: Jynx|Substitute
|-damage|p2a: Jynx|76/100
|
|-heal|p2a: Jynx|82/100|[from] item: Leftovers
|upkeep
|turn|2
|
|t:|1727892482
|move|p2a: Jynx|Lovely Kiss|p1a: Skarmory|[miss]
|-miss|p2a: Jynx|p1a: Skarmory
|move|p1a: Skarmory|Whirlwind|p2a: Jynx
|drag|p2a: Alakazam|Alakazam, M|100/100
|
|upkeep
|turn|3
|
|t:|1727892493
|move|p2a: Alakazam|Encore|p1a: Skarmory
|-start|p1a: Skarmory|Encore
|move|p1a: Skarmory|Whirlwind|p2a: Alakazam
|drag|p2a: Blissey|Blissey, F|100/100
|
|upkeep
|turn|4
|
|t:|1727892504
|switch|p1a: Swampert|Swampert, M|100/100
|move|p2a: Blissey|Thunderbolt|p1a: Swampert
|-immune|p1a: Swampert
|
|upkeep
|turn|5
|
|t:|1727892516
|move|p1a: Swampert|Toxic|p2a: Blissey
|-status|p2a: Blissey|tox
|move|p2a: Blissey|Calm Mind|p2a: Blissey
|-boost|p2a: Blissey|spa|1
|-boost|p2a: Blissey|spd|1
|
|-damage|p2a: Blissey|94/100 tox|[from] psn
|upkeep
|turn|6
|
|t:|1727892527
|switch|p1a: Dugtrio|Dugtrio, M|100/100
|move|p2a: Blissey|Ice Beam|p1a: Dugtrio
|-supereffective|p1a: Dugtrio
|-crit|p1a: Dugtrio
|-damage|p1a: Dugtrio|0 fnt
|faint|p1a: Dugtrio
|
|t:|1727892539
|switch|p1a: Tyranitar|Tyranitar, M|100/100
|-weather|Sandstorm|[from] ability: Sand Stream|[of] p1a: Tyranitar
|
|-weather|Sandstorm|[upkeep]
|-damage|p2a: Blissey|88/100 tox|[from] Sandstorm
|-heal|p2a: Blissey|94/100 tox|[from] item: Leftovers
|-damage|p2a: Blissey|82/100 tox|[from] psn
|upkeep
|turn|7
|
|t:|1727892554
|-curestatus|p2a: Blissey|tox|[from] ability: Natural Cure
|switch|p2a: Breloom|Breloom, F|100/100
|move|p1a: Tyranitar|Earthquake|p2a: Breloom
|-resisted|p2a: Breloom
|-damage|p2a: Breloom|70/100
|
|-weather|Sandstorm|[upkeep]
|-damage|p2a: Breloom|64/100|[from] Sandstorm
|-heal|p2a: Breloom|70/100|[from] item: Leftovers
|upkeep
|turn|8
|
|t:|1727892567
|switch|p1a: Celebi|Celebi|100/100
|move|p2a: Breloom|Spore|p1a: Celebi
|-status|p1a: Celebi|slp|[from] move: Spore
|
|-weather|Sandstorm|[upkeep]
|-damage|p2a: Breloom|64/100|[from] Sandstorm
|-damage|p1a: Celebi|94/100 slp|[from] Sandstorm
|-heal|p2a: Breloom|70/100|[from] item: Leftovers
|-heal|p1a: Celebi|100/100 slp|[from] item: Leftovers
|upkeep
|turn|9
|
|t:|1727892582
|switch|p2a: Registeel|Registeel|100/100
|-curestatus|p1a: Celebi|slp|[from] ability: Natural Cure
|switch|p1a: Zapdos|Zapdos|100/100
|
|-weather|Sandstorm|[upkeep]
|-damage|p1a: Zapdos|94/100|[from] Sandstorm
|-heal|p1a: Zapdos|100/100|[from] item: Leftovers
|upkeep
|turn|10
|
|t:|1727892592
|move|p1a: Zapdos|Thunder Wave|p2a: Registeel
|-status|p2a: Registeel|par
|move|p2a: Registeel|Curse|p2a: Registeel
|-unboost|p2a: Registeel|spe|1
|-boost|p2a: Registeel|atk|1
|-boost|p2a: Registeel|def|1
|
|-weather|Sandstorm|[upkeep]
|-damage|p1a: Zapdos|94/100|[from] Sandstorm
|-heal|p1a: Zapdos|100/100|[from] item: Leftovers
|upkeep
|turn|11
|
|t:|1727892601
|switch|p1a: Celebi|Celebi|100/100
|move|p2a: Registeel|Curse|p2a: Registeel
|-unboost|p2a: Registeel|spe|1
|-boost|p2a: Registeel|atk|1
|-boost|p2a: Registeel|def|1
|
|-weather|Sandstorm|[upkeep]
|-damage|p1a: Celebi|94/100|[from] Sandstorm
|-heal|p1a: Celebi|100/100|[from] item: Leftovers
|upkeep
|turn|12
|
|t:|1727892611
|move|p1a: Celebi|Leech Seed|p2a: Registeel
|-start|p2a: Registeel|move: Leech Seed
|move|p2a: Registeel|Curse|p2a: Registeel
|-unboost|p2a: Registeel|spe|1
|-boost|p2a: Registeel|atk|1
|-boost|p2a: Registeel|def|1
|
|-weather|Sandstorm|[upkeep]
|-damage|p1a: Celebi|94/100|[from] Sandstorm
|-heal|p1a: Celebi|100/100|[from] item: Leftovers
|-damage|p2a: Registeel|88/100 par|[from] Leech Seed|[of] p1a: Celebi
|upkeep
|turn|13
|
|t:|1727892632
|switch|p1a: Skarmory|Skarmory, M|100/100
|move|p2a: Registeel|Earthquake|p1a: Skarmory
|-immune|p1a: Skarmory
|
|-weather|Sandstorm|[upkeep]
|-heal|p2a: Registeel|94/100 par|[from] item: Leftovers
|-damage|p2a: Registeel|82/100 par|[from] Leech Seed|[of] p1a: Skarmory
|upkeep
|turn|14
|
|t:|1727892642
|move|p1a: Skarmory|Spikes|p2a: Registeel
|-sidestart|p2: LoDart210|Spikes
|move|p2a: Registeel|Hidden Power|p1a: Skarmory
|-resisted|p1a: Skarmory
|-damage|p1a: Skarmory|78/100
|
|-weather|Sandstorm|[upkeep]
|-heal|p1a: Skarmory|84/100|[from] item: Leftovers
|-heal|p2a: Registeel|88/100 par|[from] item: Leftovers
|-damage|p2a: Registeel|75/100 par|[from] Leech Seed|[of] p1a: Skarmory
|-heal|p1a: Skarmory|98/100|[silent]
|upkeep
|turn|15
|
|t:|1727892657
|switch|p2a: Breloom|Breloom, F|70/100
|-damage|p2a: Breloom|58/100|[from] Spikes
|move|p1a: Skarmory|Spikes|p2a: Breloom
|-sidestart|p2: LoDart210|Spikes
|
|-weather|Sandstorm|[upkeep]
|-damage|p2a: Breloom|52/100|[from] Sandstorm
|-heal|p2a: Breloom|58/100|[from] item: Leftovers
|-heal|p1a: Skarmory|100/100|[from] item: Leftovers
|upkeep
|turn|16
|
|t:|1727892664
|switch|p2a: Jynx|Jynx, F|82/100
|-damage|p2a: Jynx|65/100|[from] Spikes
|move|p1a: Skarmory|Spikes|p2a: Jynx
|-sidestart|p2: LoDart210|Spikes
|
|-weather|Sandstorm|[upkeep]
|-damage|p2a: Jynx|59/100|[from] Sandstorm
|-heal|p2a: Jynx|65/100|[from] item: Leftovers
|upkeep
|turn|17
|
|t:|1727892672
|move|p2a: Jynx|Lovely Kiss|p1a: Skarmory
|-status|p1a: Skarmory|slp|[from] move: Lovely Kiss
|cant|p1a: Skarmory|slp
|
|-weather|Sandstorm|[upkeep]
|-damage|p2a: Jynx|59/100|[from] Sandstorm
|-heal|p2a: Jynx|65/100|[from] item: Leftovers
|upkeep
|turn|18
|
|t:|1727892682
|move|p2a: Jynx|Calm Mind|p2a: Jynx
|-boost|p2a: Jynx|spa|1
|-boost|p2a: Jynx|spd|1
|cant|p1a: Skarmory|slp
|
|-weather|Sandstorm|[upkeep]
|-damage|p2a: Jynx|59/100|[from] Sandstorm
|-heal|p2a: Jynx|65/100|[from] item: Leftovers
|upkeep
|turn|19
|
|t:|1727892685
|move|p2a: Jynx|Ice Beam|p1a: Skarmory
|-damage|p1a: Skarmory|39/100 slp
|cant|p1a: Skarmory|slp
|
|-weather|Sandstorm|[upkeep]
|-damage|p2a: Jynx|59/100|[from] Sandstorm
|-heal|p2a: Jynx|65/100|[from] item: Leftovers
|-heal|p1a: Skarmory|45/100 slp|[from] item: Leftovers
|upkeep
|turn|20
|
|t:|1727892695
|move|p2a: Jynx|Ice Beam|p1a: Skarmory
|-damage|p1a: Skarmory|0 fnt
|faint|p1a: Skarmory
|
|t:|1727892700
|switch|p1a: Tyranitar|Tyranitar, M|100/100
|
|-weather|Sandstorm|[upkeep]
|-damage|p2a: Jynx|59/100|[from] Sandstorm
|-heal|p2a: Jynx|65/100|[from] item: Leftovers
|upkeep
|turn|21
|
|t:|1727892724
|move|p2a: Jynx|Ice Beam|p1a: Tyranitar
|-damage|p1a: Tyranitar|38/100
|move|p1a: Tyranitar|Earthquake|p2a: Jynx
|-damage|p2a: Jynx|0 fnt
|faint|p2a: Jynx
|inactive|LoDart210 has 270 seconds left.
|
|t:|1727892755
|switch|p2a: Lunatone|Lunatone|100/100
|
|-weather|Sandstorm|[upkeep]
|-heal|p1a: Tyranitar|45/100|[from] item: Leftovers
|upkeep
|turn|22
|
|t:|1727892767
|switch|p1a: Celebi|Celebi|100/100
|move|p2a: Lunatone|Hypnosis|p1a: Celebi|[miss]
|-miss|p2a: Lunatone|p1a: Celebi
|
|-weather|Sandstorm|[upkeep]
|-damage|p1a: Celebi|94/100|[from] Sandstorm
|-heal|p1a: Celebi|100/100|[from] item: Leftovers
|upkeep
|turn|23
|
|t:|1727892773
|move|p1a: Celebi|Leech Seed|p2a: Lunatone
|-start|p2a: Lunatone|move: Leech Seed
|move|p2a: Lunatone|Hypnosis|p1a: Celebi
|-status|p1a: Celebi|slp|[from] move: Hypnosis
|
|-weather|Sandstorm|[upkeep]
|-damage|p1a: Celebi|94/100 slp|[from] Sandstorm
|-heal|p1a: Celebi|100/100 slp|[from] item: Leftovers
|-damage|p2a: Lunatone|88/100|[from] Leech Seed|[of] p1a: Celebi
|upkeep
|turn|24
|
|t:|1727892777
|-curestatus|p1a: Celebi|slp|[from] ability: Natural Cure
|switch|p1a: Zapdos|Zapdos|100/100
|move|p2a: Lunatone|Cosmic Power|p2a: Lunatone
|-boost|p2a: Lunatone|def|1
|-boost|p2a: Lunatone|spd|1
|
|-weather|Sandstorm|[upkeep]
|-damage|p1a: Zapdos|94/100|[from] Sandstorm
|-heal|p1a: Zapdos|100/100|[from] item: Leftovers
|-heal|p2a: Lunatone|94/100|[from] item: Leftovers
|-damage|p2a: Lunatone|82/100|[from] Leech Seed|[of] p1a: Zapdos
|upkeep
|turn|25
|
|t:|1727892783
|switch|p1a: Celebi|Celebi|100/100
|move|p2a: Lunatone|Cosmic Power|p2a: Lunatone
|-boost|p2a: Lunatone|def|1
|-boost|p2a: Lunatone|spd|1
|
|-weather|Sandstorm|[upkeep]
|-damage|p1a: Celebi|94/100|[from] Sandstorm
|-heal|p1a: Celebi|100/100|[from] item: Leftovers
|-heal|p2a: Lunatone|88/100|[from] item: Leftovers
|-damage|p2a: Lunatone|75/100|[from] Leech Seed|[of] p1a: Celebi
|upkeep
|turn|26
|
|t:|1727892788
|move|p1a: Celebi|Calm Mind|p1a: Celebi
|-boost|p1a: Celebi|spa|1
|-boost|p1a: Celebi|spd|1
|move|p2a: Lunatone|Cosmic Power|p2a: Lunatone
|-boost|p2a: Lunatone|def|1
|-boost|p2a: Lunatone|spd|1
|
|-weather|Sandstorm|[upkeep]
|-damage|p1a: Celebi|94/100|[from] Sandstorm
|-heal|p1a: Celebi|100/100|[from] item: Leftovers
|-heal|p2a: Lunatone|81/100|[from] item: Leftovers
|-damage|p2a: Lunatone|69/100|[from] Leech Seed|[of] p1a: Celebi
|upkeep
|turn|27
|
|t:|1727892796
|move|p1a: Celebi|Calm Mind|p1a: Celebi
|-boost|p1a: Celebi|spa|1
|-boost|p1a: Celebi|spd|1
|move|p2a: Lunatone|Cosmic Power|p2a: Lunatone
|-boost|p2a: Lunatone|def|1
|-boost|p2a: Lunatone|spd|1
|
|-weather|Sandstorm|[upkeep]
|-damage|p1a: Celebi|94/100|[from] Sandstorm
|-heal|p1a: Celebi|100/100|[from] item: Leftovers
|-heal|p2a: Lunatone|75/100|[from] item: Leftovers
|-damage|p2a: Lunatone|62/100|[from] Leech Seed|[of] p1a: Celebi
|upkeep
|turn|28
|
|t:|1727892799
|move|p1a: Celebi|Psychic|p2a: Lunatone
|-resisted|p2a: Lunatone
|-damage|p2a: Lunatone|54/100
|move|p2a: Lunatone|Cosmic Power|p2a: Lunatone
|-boost|p2a: Lunatone|def|1
|-boost|p2a: Lunatone|spd|1
|
|-weather|Sandstorm|[upkeep]
|-damage|p1a: Celebi|94/100|[from] Sandstorm
|-heal|p1a: Celebi|100/100|[from] item: Leftovers
|-heal|p2a: Lunatone|60/100|[from] item: Leftovers
|-damage|p2a: Lunatone|48/100|[from] Leech Seed|[of] p1a: Celebi
|upkeep
|turn|29
|
|t:|1727892822
|move|p1a: Celebi|Calm Mind|p1a: Celebi
|-boost|p1a: Celebi|spa|1
|-boost|p1a: Celebi|spd|1
|move|p2a: Lunatone|Baton Pass|p2a: Lunatone
|
|t:|1727892827
|switch|p2a: Registeel|Registeel|75/100 par|[from] Baton Pass
|-damage|p2a: Registeel|50/100 par|[from] Spikes
|
|-weather|Sandstorm|[upkeep]
|-damage|p1a: Celebi|94/100|[from] Sandstorm
|-heal|p1a: Celebi|100/100|[from] item: Leftovers
|-heal|p2a: Registeel|57/100 par|[from] item: Leftovers
|-damage|p2a: Registeel|44/100 par|[from] Leech Seed|[of] p1a: Celebi
|upkeep
|turn|30
|
|t:|1727892837
|move|p1a: Celebi|Calm Mind|p1a: Celebi
|-boost|p1a: Celebi|spa|1
|-boost|p1a: Celebi|spd|1
|move|p2a: Registeel|Rest|p2a: Registeel
|-status|p2a: Registeel|slp|[from] move: Rest
|-heal|p2a: Registeel|100/100 slp|[silent]
|
|-weather|Sandstorm|[upkeep]
|-damage|p1a: Celebi|94/100|[from] Sandstorm
|-heal|p1a: Celebi|100/100|[from] item: Leftovers
|-damage|p2a: Registeel|88/100 slp|[from] Leech Seed|[of] p1a: Celebi
|upkeep
|turn|31
|
|t:|1727892841
|move|p1a: Celebi|Calm Mind|p1a: Celebi
|-boost|p1a: Celebi|spa|1
|-boost|p1a: Celebi|spd|1
|cant|p2a: Registeel|slp
|
|-weather|Sandstorm|[upkeep]
|-damage|p1a: Celebi|94/100|[from] Sandstorm
|-heal|p1a: Celebi|100/100|[from] item: Leftovers
|-heal|p2a: Registeel|94/100 slp|[from] item: Leftovers
|-damage|p2a: Registeel|82/100 slp|[from] Leech Seed|[of] p1a: Celebi
|upkeep
|turn|32
|
|t:|1727892846
|move|p1a: Celebi|Calm Mind|p1a: Celebi
|-boost|p1a: Celebi|spa|1
|-boost|p1a: Celebi|spd|1
|cant|p2a: Registeel|slp
|
|-weather|Sandstorm|[upkeep]
|-damage|p1a: Celebi|94/100|[from] Sandstorm
|-heal|p1a: Celebi|100/100|[from] item: Leftovers
|-heal|p2a: Registeel|88/100 slp|[from] item: Leftovers
|-damage|p2a: Registeel|75/100 slp|[from] Leech Seed|[of] p1a: Celebi
|upkeep
|turn|33
|
|t:|1727892855
|move|p1a: Celebi|Psychic|p2a: Registeel
|-resisted|p2a: Registeel
|-damage|p2a: Registeel|66/100 slp
|-curestatus|p2a: Registeel|slp|[msg]
|move|p2a: Registeel|Curse|p2a: Registeel
|-unboost|p2a: Registeel|spe|1
|-boost|p2a: Registeel|atk|1
|-boost|p2a: Registeel|def|1
|
|-weather|Sandstorm|[upkeep]
|-damage|p1a: Celebi|94/100|[from] Sandstorm
|-heal|p1a: Celebi|100/100|[from] item: Leftovers
|-heal|p2a: Registeel|72/100|[from] item: Leftovers
|-damage|p2a: Registeel|59/100|[from] Leech Seed|[of] p1a: Celebi
|upkeep
|turn|34
|
|t:|1727892862
|move|p1a: Celebi|Psychic|p2a: Registeel
|-resisted|p2a: Registeel
|-damage|p2a: Registeel|49/100
|move|p2a: Registeel|Curse|p2a: Registeel
|-unboost|p2a: Registeel|spe|1
|-boost|p2a: Registeel|atk|1
|
|-weather|Sandstorm|[upkeep]
|-damage|p1a: Celebi|94/100|[from] Sandstorm
|-heal|p1a: Celebi|100/100|[from] item: Leftovers
|-heal|p2a: Registeel|55/100|[from] item: Leftovers
|-damage|p2a: Registeel|43/100|[from] Leech Seed|[of] p1a: Celebi
|upkeep
|turn|35
|
|t:|1727892877
|move|p1a: Celebi|Psychic|p2a: Registeel
|-resisted|p2a: Registeel
|-damage|p2a: Registeel|32/100
|move|p2a: Registeel|Rest|p2a: Registeel
|-status|p2a: Registeel|slp|[from] move: Rest
|-heal|p2a: Registeel|100/100 slp|[silent]
|
|-weather|Sandstorm|[upkeep]
|-damage|p1a: Celebi|94/100|[from] Sandstorm
|-heal|p1a: Celebi|100/100|[from] item: Leftovers
|-damage|p2a: Registeel|88/100 slp|[from] Leech Seed|[of] p1a: Celebi
|upkeep
|turn|36
|
|t:|1727892886
|move|p1a: Celebi|Psychic|p2a: Registeel
|-resisted|p2a: Registeel
|-damage|p2a: Registeel|79/100 slp
|cant|p2a: Registeel|slp
|
|-weather|Sandstorm|[upkeep]
|-damage|p1a: Celebi|94/100|[from] Sandstorm
|-heal|p1a: Celebi|100/100|[from] item: Leftovers
|-heal|p2a: Registeel|85/100 slp|[from] item: Leftovers
|-damage|p2a: Registeel|72/100 slp|[from] Leech Seed|[of] p1a: Celebi
|upkeep
|turn|37
|
|t:|1727892891
|move|p1a: Celebi|Psychic|p2a: Registeel
|-resisted|p2a: Registeel
|-damage|p2a: Registeel|63/100 slp
|cant|p2a: Registeel|slp
|
|-weather|Sandstorm|[upkeep]
|-damage|p1a: Celebi|94/100|[from] Sandstorm
|-heal|p1a: Celebi|100/100|[from] item: Leftovers
|-heal|p2a: Registeel|69/100 slp|[from] item: Leftovers
|-damage|p2a: Registeel|57/100 slp|[from] Leech Seed|[of] p1a: Celebi
|upkeep
|turn|38
|
|t:|1727892895
|move|p1a: Celebi|Psychic|p2a: Registeel
|-resisted|p2a: Registeel
|-crit|p2a: Registeel
|-damage|p2a: Registeel|0 fnt
|faint|p2a: Registeel
|
|t:|1727892899
|switch|p2a: Breloom|Breloom, F|58/100
|-damage|p2a: Breloom|33/100|[from] Spikes
|
|-weather|Sandstorm|[upkeep]
|-damage|p2a: Breloom|27/100|[from] Sandstorm
|-damage|p1a: Celebi|94/100|[from] Sandstorm
|-heal|p2a: Breloom|33/100|[from] item: Leftovers
|-heal|p1a: Celebi|100/100|[from] item: Leftovers
|upkeep
|turn|39
|
|t:|1727892908
|move|p2a: Breloom|Spore|p1a: Celebi
|-status|p1a: Celebi|slp|[from] move: Spore
|cant|p1a: Celebi|slp
|
|-weather|Sandstorm|[upkeep]
|-damage|p2a: Breloom|27/100|[from] Sandstorm
|-damage|p1a: Celebi|94/100 slp|[from] Sandstorm
|-heal|p2a: Breloom|33/100|[from] item: Leftovers
|-heal|p1a: Celebi|100/100 slp|[from] item: Leftovers
|upkeep
|turn|40
|
|t:|1727892916
|switch|p2a: Blissey|Blissey, F|82/100
|-damage|p2a: Blissey|57/100|[from] Spikes
|cant|p1a: Celebi|slp
|
|-weather|Sandstorm|[upkeep]
|-damage|p1a: Celebi|94/100 slp|[from] Sandstorm
|-damage|p2a: Blissey|51/100|[from] Sandstorm
|-heal|p1a: Celebi|100/100 slp|[from] item: Leftovers
|-heal|p2a: Blissey|57/100|[from] item: Leftovers
|upkeep
|turn|41
|
|t:|1727892922
|cant|p1a: Celebi|slp
|move|p2a: Blissey|Calm Mind|p2a: Blissey
|-boost|p2a: Blissey|spa|1
|-boost|p2a: Blissey|spd|1
|
|-weather|Sandstorm|[upkeep]
|-damage|p1a: Celebi|94/100 slp|[from] Sandstorm
|-damage|p2a: Blissey|51/100|[from] Sandstorm
|-heal|p1a: Celebi|100/100 slp|[from] item: Leftovers
|-heal|p2a: Blissey|57/100|[from] item: Leftovers
|upkeep
|turn|42
|
|t:|1727892924
|-curestatus|p1a: Celebi|slp|[msg]
|move|p1a: Celebi|Leech Seed|p2a: Blissey
|-start|p2a: Blissey|move: Leech Seed
|move|p2a: Blissey|Calm Mind|p2a: Blissey
|-boost|p2a: Blissey|spa|1
|-boost|p2a: Blissey|spd|1
|
|-weather|Sandstorm|[upkeep]
|-damage|p1a: Celebi|94/100|[from] Sandstorm
|-damage|p2a: Blissey|51/100|[from] Sandstorm
|-heal|p1a: Celebi|100/100|[from] item: Leftovers
|-heal|p2a: Blissey|57/100|[from] item: Leftovers
|-damage|p2a: Blissey|45/100|[from] Leech Seed|[of] p1a: Celebi
|upkeep
|turn|43
|
|t:|1727892929
|move|p1a: Celebi|Psychic|p2a: Blissey
|-damage|p2a: Blissey|21/100
|-unboost|p2a: Blissey|spd|1
|move|p2a: Blissey|Soft-Boiled|p2a: Blissey
|-heal|p2a: Blissey|71/100
|
|-weather|Sandstorm|[upkeep]
|-damage|p1a: Celebi|94/100|[from] Sandstorm
|-damage|p2a: Blissey|65/100|[from] Sandstorm
|-heal|p1a: Celebi|100/100|[from] item: Leftovers
|-heal|p2a: Blissey|71/100|[from] item: Leftovers
|-damage|p2a: Blissey|59/100|[from] Leech Seed|[of] p1a: Celebi
|upkeep
|turn|44
|
|t:|1727892935
|move|p1a: Celebi|Psychic|p2a: Blissey
|-damage|p2a: Blissey|23/100
|move|p2a: Blissey|Soft-Boiled|p2a: Blissey
|-heal|p2a: Blissey|73/100
|
|-weather|Sandstorm|[upkeep]
|-damage|p1a: Celebi|94/100|[from] Sandstorm
|-damage|p2a: Blissey|67/100|[from] Sandstorm
|-heal|p1a: Celebi|100/100|[from] item: Leftovers
|-heal|p2a: Blissey|73/100|[from] item: Leftovers
|-damage|p2a: Blissey|61/100|[from] Leech Seed|[of] p1a: Celebi
|upkeep
|turn|45
|
|t:|1727892941
|move|p1a: Celebi|Psychic|p2a: Blissey
|-damage|p2a: Blissey|28/100
|-unboost|p2a: Blissey|spd|1
|move|p2a: Blissey|Calm Mind|p2a: Blissey
|-boost|p2a: Blissey|spa|1
|-boost|p2a: Blissey|spd|1
|
|-weather|Sandstorm|[upkeep]
|-damage|p1a: Celebi|94/100|[from] Sandstorm
|-damage|p2a: Blissey|22/100|[from] Sandstorm
|-heal|p1a: Celebi|100/100|[from] item: Leftovers
|-heal|p2a: Blissey|28/100|[from] item: Leftovers
|-damage|p2a: Blissey|16/100|[from] Leech Seed|[of] p1a: Celebi
|upkeep
|turn|46
|
|t:|1727892945
|move|p1a: Celebi|Psychic|p2a: Blissey
|-crit|p2a: Blissey
|-damage|p2a: Blissey|0 fnt
|faint|p2a: Blissey
|
|t:|1727892947
|switch|p2a: Alakazam|Alakazam, M|100/100
|-damage|p2a: Alakazam|75/100|[from] Spikes
|
|-weather|Sandstorm|[upkeep]
|-damage|p2a: Alakazam|70/100|[from] Sandstorm
|-damage|p1a: Celebi|94/100|[from] Sandstorm
|-heal|p2a: Alakazam|75/100|[from] item: Leftovers
|-heal|p1a: Celebi|100/100|[from] item: Leftovers
|upkeep
|turn|47
|
|t:|1727892955
|move|p2a: Alakazam|Psychic|p1a: Celebi
|-resisted|p1a: Celebi
|-damage|p1a: Celebi|96/100
|move|p1a: Celebi|Psychic|p2a: Alakazam
|-resisted|p2a: Alakazam
|-damage|p2a: Alakazam|0 fnt
|faint|p2a: Alakazam
|c|☆LoDart210|I goofed this up
|c|☆LoDart210|gg
|c|☆strictsceptile1|GGs
|-message|LoDart210 forfeited.
|
|win|strictsceptile1
|player|p2|

</script>
<script type="application/json" class="data" id="replaydata-smogtours-gen3ou-793992">
{"id":"smogtours-gen3ou-793992","format":"[Gen 3] OU","players":["strictsceptile1","LoDart210"],"uploadtime":1727892981,"views":126,"formatid":"gen3ou","rating":null,"private":0,"password":null}
</script>

<script defer src="js/replays.js?9d40a366"></script>
