<!DOCTYPE html>
<meta charset="utf-8" />
<meta name="viewport" content="width=device-width" />

<title>[Gen 3] OU: tsukinomiko vs. scootymcbooty123 - Replays - Pok&eacute;mon Showdown!</title>

<meta name="description" content="Watch a replay of a Pok&eacute;mon battle between tsukinomiko and scootymcbooty123! Format: [Gen 3] OU; Date: Oct 10, 2024" />
<!--

Hey, you! Looking in the source for the replay log?

You can find them in JSON format, just add `.json` at the end of a replay URL.

https://replay.pokemonshowdown.com/gen7randomdoublesbattle-865046831.json

Or, if you only need the log itself, add `.log` instead:

https://replay.pokemonshowdown.com/gen7randomdoublesbattle-865046831.log

-->

<link rel="stylesheet" href="//pokemonshowdown.com/style/global.css?0.767286132409787" />
<link rel="stylesheet" href="//play.pokemonshowdown.com/style/font-awesome.css?0.9266228007934947" />
<link rel="stylesheet" href="//play.pokemonshowdown.com/style/battle.css?0.7924700842790926" />
<link rel="stylesheet" href="//play.pokemonshowdown.com/style/utilichart.css?0.8777417872839479" />

<!-- Global site tag (gtag.js) - Google Analytics -->
<script async src="https://www.googletagmanager.com/gtag/js?id=UA-26211653-1"></script>
<script>
  window.dataLayer = window.dataLayer || [];
  function gtag(){dataLayer.push(arguments);}
  gtag('js', new Date());

  gtag('config', 'UA-26211653-1');
</script>
<!-- End Google Analytics -->
<!-- Venatus Ad Manager - Install in <HEAD> of page -->
	<script src="https://hb.vntsm.com/v3/live/ad-manager.min.js" type="text/javascript" data-site-id="642aba63ec9a7b11c3c9c1be" data-mode="scan" async></script>
<!-- / Venatus Ad Manager -->

<style>
	@media (max-width:820px) {
		.battle {
			margin: 0 auto;
		}
		.battle-log {
			margin: 7px auto 0;
			max-width: 640px;
			height: 300px;
			position: static;
		}
	}
	.optgroup {
		display: inline-block;
		line-height: 22px;
		font-size: 10pt;
	}
	.optgroup .button {
		height: 25px;
		padding-top: 0;
		padding-bottom: 0;
	}
	.optgroup button.button {
		padding-left: 12px;
		padding-right: 12px;
	}
	.linklist {
		list-style: none;
		margin: 0.5em 0;
		padding: 0;
	}
	.linklist li {
		padding: 2px 0;
	}
	.sidebar {
		float: left;
		width: 320px;
	}
	.bar-wrapper {
		max-width: 1100px;
		margin: 0 auto;
	}
	.bar-wrapper.has-sidebar {
		max-width: 1430px;
	}
	.mainbar {
		margin: 0;
		padding-right: 1px;
	}
	.mainbar.has-sidebar {
		margin-left: 330px;
	}
	@media (min-width: 1511px) {
		.sidebar {
			width: 400px;
		}
		.bar-wrapper.has-sidebar {
			max-width: 1510px;
		}
		.mainbar.has-sidebar {
			margin-left: 410px;
		}
	}
	.section.first-section {
		margin-top: 9px;
	}
	.blocklink small {
		white-space: normal;
	}
	.button {
		vertical-align: middle;
	}
	.replay-controls {
		padding-top: 10px;
	}
	.replay-controls h1 {
		font-size: 16pt;
		font-weight: normal;
		color: #CCC;
	}
	.pagelink {
		text-align: center;
	}
	.pagelink a {
		width: 150px;
	}
	.textbox, .button {
		font-size: 11pt;
		vertical-align: middle;
	}
	@media (max-width: 450px) {
		.button {
			font-size: 9pt;
		}
	}
</style>

<div>

	<header>
		<div class="nav-wrapper"><ul class="nav">
			<li><a class="button nav-first" href="//pokemonshowdown.com/"><img src="//pokemonshowdown.com/images/pokemonshowdownbeta.png" srcset="//pokemonshowdown.com/images/pokemonshowdownbeta.png 1x, //pokemonshowdown.com/images/pokemonshowdownbeta@2x.png 2x" alt="Pok&eacute;mon Showdown" width="146" height="44" /> Home</a></li>
			<li><a class="button" href="//pokemonshowdown.com/dex/">Pok&eacute;dex</a></li>
			<li><a class="button cur" href="/">Replays</a></li>
			<li><a class="button" href="//pokemonshowdown.com/ladder/">Ladder</a></li>
			<li><a class="button nav-last" href="//pokemonshowdown.com/forums/">Forum</a></li>
			<li><a class="button greenbutton nav-first nav-last" href="//play.pokemonshowdown.com/">Play</a></li>
		</ul></div>
	</header>

	<div class="main" id="main">

		<noscript><section class="section">You need to enable JavaScript to use this page; sorry!</section></noscript>

	</div>

</div>

<script defer nomodule src="//play.pokemonshowdown.com/js/lib/ps-polyfill.js"></script>
<script defer src="//play.pokemonshowdown.com/js/lib/preact.min.js"></script>

<script defer src="//play.pokemonshowdown.com/config/config.js?6dec07f6"></script>
<script defer src="//play.pokemonshowdown.com/js/lib/jquery-1.11.0.min.js"></script>
<script defer src="//play.pokemonshowdown.com/js/lib/html-sanitizer-minified.js"></script>
<script defer src="//play.pokemonshowdown.com/js/battle-sound.js"></script>
<script defer src="//play.pokemonshowdown.com/js/battledata.js?0.6315294753075389"></script>
<script defer src="//play.pokemonshowdown.com/data/pokedex-mini.js?0.7603743185311358"></script>
<script defer src="//play.pokemonshowdown.com/data/pokedex-mini-bw.js?0.030888842834281283"></script>
<script defer src="//play.pokemonshowdown.com/data/graphics.js?0.05593094747507488"></script>
<script defer src="//play.pokemonshowdown.com/data/pokedex.js?0.47064822249611904"></script>
<script defer src="//play.pokemonshowdown.com/data/moves.js?0.8583693120512459"></script>
<script defer src="//play.pokemonshowdown.com/data/abilities.js?0.16017181182386842"></script>
<script defer src="//play.pokemonshowdown.com/data/items.js?0.4163379185673943"></script>
<script defer src="//play.pokemonshowdown.com/data/teambuilder-tables.js?0.31075597372830477"></script>
<script defer src="//play.pokemonshowdown.com/js/battle-tooltips.js?0.6536193500708172"></script>
<script defer src="//play.pokemonshowdown.com/js/battle.js?0.1916591943277901"></script>

<script defer src="js/utils.js?e31f9a17"></script>
<script defer src="js/replays-battle.js?7008c182"></script>

<!-- don't scrape this data! just add .json or .log after the URL!
Full API docs: https://github.com/smogon/pokemon-showdown-client/blob/master/WEB-API.md -->
<script type="text/plain" class="log" id="replaylog-smogtours-gen3ou-796819">
|inactive|Battle timer is ON: inactive players will automatically lose when time's up.
|t:|1728518783
|gametype|singles
|player|p1|tsukinomiko|bellelba|
|player|p2|scootymcbooty123|1|
|teamsize|p1|6
|teamsize|p2|6
|gen|3
|tier|[Gen 3] OU
|rule|Sleep Clause Mod: Limit one foe put to sleep
|rule|Switch Priority Clause Mod: Faster Pokémon switch first
|rule|Species Clause: Limit one of each Pokémon
|rule|OHKO Clause: OHKO moves are banned
|rule|Evasion Items Clause: Evasion items are banned
|rule|Evasion Moves Clause: Evasion moves are banned
|rule|Endless Battle Clause: Forcing endless battles is banned
|rule|HP Percentage Mod: HP is shown in percentages
|rule|One Boost Passer Clause: Limit one Baton Passer that has a way to boost its stats
|rule|Freeze Clause Mod: Limit one foe frozen
|
|t:|1728518783
|start
|switch|p1a: Tiamat|Salamence, F|100/100
|switch|p2a: Tyranitar|Tyranitar, F|100/100
|-ability|p1a: Tiamat|Intimidate|boost
|-unboost|p2a: Tyranitar|atk|1
|-weather|Sandstorm|[from] ability: Sand Stream|[of] p2a: Tyranitar
|turn|1
|inactive|tsukinomiko has 270 seconds left.
|inactive|tsukinomiko has 240 seconds left.
|
|t:|1728518844
|switch|p1a: Rite Here Rite Now|Skarmory, F|100/100
|switch|p2a: Milotic|Milotic, F|100/100
|
|-weather|Sandstorm|[upkeep]
|-damage|p2a: Milotic|94/100|[from] Sandstorm
|-heal|p2a: Milotic|100/100|[from] item: Leftovers
|upkeep
|turn|2
|
|t:|1728518856
|switch|p2a: Claydol|Claydol|100/100
|move|p1a: Rite Here Rite Now|Spikes|p2a: Claydol
|-sidestart|p2: scootymcbooty123|Spikes
|
|-weather|Sandstorm|[upkeep]
|upkeep
|turn|3
|
|t:|1728518864
|move|p2a: Claydol|Psychic|p1a: Rite Here Rite Now
|-resisted|p1a: Rite Here Rite Now
|-damage|p1a: Rite Here Rite Now|90/100
|move|p1a: Rite Here Rite Now|Toxic|p2a: Claydol
|-status|p2a: Claydol|tox
|
|-weather|Sandstorm|[upkeep]
|-damage|p2a: Claydol|95/100 tox|[from] psn
|-heal|p1a: Rite Here Rite Now|96/100|[from] item: Leftovers
|upkeep
|turn|4
|
|t:|1728518874
|move|p2a: Claydol|Refresh|p2a: Claydol
|-curestatus|p2a: Claydol|tox|[msg]
|move|p1a: Rite Here Rite Now|Spikes|p2a: Claydol
|-sidestart|p2: scootymcbooty123|Spikes
|
|-weather|Sandstorm|[upkeep]
|-heal|p2a: Claydol|100/100|[from] item: Leftovers
|-heal|p1a: Rite Here Rite Now|100/100|[from] item: Leftovers
|upkeep
|turn|5
|
|t:|1728518877
|move|p2a: Claydol|Rapid Spin|p1a: Rite Here Rite Now
|-resisted|p1a: Rite Here Rite Now
|-damage|p1a: Rite Here Rite Now|99/100
|-sideend|p2: scootymcbooty123|Spikes|[from] move: Rapid Spin|[of] p2a: Claydol
|move|p1a: Rite Here Rite Now|Toxic|p2a: Claydol
|-status|p2a: Claydol|tox
|
|-weather|Sandstorm|[upkeep]
|-damage|p2a: Claydol|95/100 tox|[from] psn
|-heal|p1a: Rite Here Rite Now|100/100|[from] item: Leftovers
|upkeep
|turn|6
|
|t:|1728518884
|move|p2a: Claydol|Refresh|p2a: Claydol
|-curestatus|p2a: Claydol|tox|[msg]
|move|p1a: Rite Here Rite Now|Drill Peck|p2a: Claydol
|-damage|p2a: Claydol|71/100
|
|-weather|Sandstorm|[upkeep]
|-heal|p2a: Claydol|77/100|[from] item: Leftovers
|upkeep
|turn|7
|
|t:|1728518889
|switch|p2a: Skarmory|Skarmory, M|100/100
|move|p1a: Rite Here Rite Now|Toxic|p2a: Skarmory
|-immune|p2a: Skarmory
|
|-weather|Sandstorm|[upkeep]
|upkeep
|turn|8
|inactive|tsukinomiko has 270 seconds left.
|inactive|tsukinomiko has 240 seconds left.
|
|t:|1728518954
|move|p1a: Rite Here Rite Now|Spikes|p2a: Skarmory
|-sidestart|p2: scootymcbooty123|Spikes
|move|p2a: Skarmory|Spikes|p1a: Rite Here Rite Now
|-sidestart|p1: tsukinomiko|Spikes
|
|-weather|Sandstorm|[upkeep]
|upkeep
|turn|9
|inactive|tsukinomiko has 240 seconds left.
|
|t:|1728518968
|switch|p1a: The Humble Onion|Celebi|100/100
|-damage|p1a: The Humble Onion|88/100|[from] Spikes
|move|p2a: Skarmory|Spikes|p1a: The Humble Onion
|-sidestart|p1: tsukinomiko|Spikes
|
|-weather|Sandstorm|[upkeep]
|-damage|p1a: The Humble Onion|82/100|[from] Sandstorm
|-heal|p1a: The Humble Onion|88/100|[from] item: Leftovers
|upkeep
|turn|10
|
|t:|1728518979
|move|p1a: The Humble Onion|Leech Seed|p2a: Skarmory
|-start|p2a: Skarmory|move: Leech Seed
|move|p2a: Skarmory|Roar|p1a: The Humble Onion
|drag|p1a: Tiamat|Salamence, F|100/100
|-ability|p1a: Tiamat|Intimidate|boost
|-unboost|p2a: Skarmory|atk|1
|
|-weather|Sandstorm|[upkeep]
|-damage|p1a: Tiamat|94/100|[from] Sandstorm
|-heal|p1a: Tiamat|100/100|[from] item: Leftovers
|-damage|p2a: Skarmory|88/100|[from] Leech Seed|[of] p1a: Tiamat
|upkeep
|turn|11
|
|t:|1728518986
|switch|p1a: Rite Here Rite Now|Skarmory, F|100/100
|switch|p2a: Milotic|Milotic, F|100/100
|-damage|p2a: Milotic|88/100|[from] Spikes
|
|-weather|Sandstorm|[upkeep]
|-damage|p2a: Milotic|82/100|[from] Sandstorm
|-heal|p2a: Milotic|88/100|[from] item: Leftovers
|upkeep
|turn|12
|
|t:|1728519004
|switch|p2a: Claydol|Claydol|77/100
|move|p1a: Rite Here Rite Now|Spikes|p2a: Claydol
|-sidestart|p2: scootymcbooty123|Spikes
|
|-weather|Sandstorm|[upkeep]
|-heal|p2a: Claydol|83/100|[from] item: Leftovers
|upkeep
|turn|13
|
|t:|1728519006
|move|p2a: Claydol|Rapid Spin|p1a: Rite Here Rite Now
|-resisted|p1a: Rite Here Rite Now
|-damage|p1a: Rite Here Rite Now|99/100
|-sideend|p2: scootymcbooty123|Spikes|[from] move: Rapid Spin|[of] p2a: Claydol
|move|p1a: Rite Here Rite Now|Toxic|p2a: Claydol|[miss]
|-miss|p1a: Rite Here Rite Now|p2a: Claydol
|
|-weather|Sandstorm|[upkeep]
|-heal|p2a: Claydol|89/100|[from] item: Leftovers
|-heal|p1a: Rite Here Rite Now|100/100|[from] item: Leftovers
|upkeep
|turn|14
|
|t:|1728519012
|switch|p2a: Skarmory|Skarmory, M|88/100
|move|p1a: Rite Here Rite Now|Spikes|p2a: Skarmory
|-sidestart|p2: scootymcbooty123|Spikes
|
|-weather|Sandstorm|[upkeep]
|-heal|p2a: Skarmory|94/100|[from] item: Leftovers
|upkeep
|turn|15
|inactive|tsukinomiko has 270 seconds left.
|
|t:|1728519042
|move|p2a: Skarmory|Spikes|p1a: Rite Here Rite Now
|-sidestart|p1: tsukinomiko|Spikes
|move|p1a: Rite Here Rite Now|Spikes|p2a: Skarmory
|-sidestart|p2: scootymcbooty123|Spikes
|
|-weather|Sandstorm|[upkeep]
|-heal|p2a: Skarmory|99/100|[from] item: Leftovers
|upkeep
|turn|16
|
|t:|1728519047
|switch|p2a: Claydol|Claydol|89/100
|move|p1a: Rite Here Rite Now|Roar|p2a: Claydol
|drag|p2a: Dugtrio|Dugtrio, F|100/100
|-damage|p2a: Dugtrio|84/100|[from] Spikes
|
|-weather|Sandstorm|[upkeep]
|upkeep
|turn|17
|inactive|tsukinomiko has 270 seconds left.
|
|t:|1728519062
|switch|p2a: Claydol|Claydol|89/100
|move|p1a: Rite Here Rite Now|Roar|p2a: Claydol
|drag|p2a: Tyranitar|Tyranitar, F|100/100
|-damage|p2a: Tyranitar|84/100|[from] Spikes
|
|-weather|Sandstorm|[upkeep]
|-heal|p2a: Tyranitar|90/100|[from] item: Leftovers
|upkeep
|turn|18
|inactive|tsukinomiko has 270 seconds left.
|
|t:|1728519085
|move|p1a: Rite Here Rite Now|Toxic|p2a: Tyranitar|[miss]
|-miss|p1a: Rite Here Rite Now|p2a: Tyranitar
|move|p2a: Tyranitar|Rock Slide|p1a: Rite Here Rite Now
|-damage|p1a: Rite Here Rite Now|66/100
|
|-weather|Sandstorm|[upkeep]
|-heal|p1a: Rite Here Rite Now|72/100|[from] item: Leftovers
|-heal|p2a: Tyranitar|96/100|[from] item: Leftovers
|upkeep
|turn|19
|
|t:|1728519100
|switch|p1a: Cagliostro|Swampert, M|100/100
|-damage|p1a: Cagliostro|76/100|[from] Spikes
|switch|p2a: Claydol|Claydol|89/100
|
|-weather|Sandstorm|[upkeep]
|-heal|p2a: Claydol|95/100|[from] item: Leftovers
|-heal|p1a: Cagliostro|82/100|[from] item: Leftovers
|upkeep
|turn|20
|
|t:|1728519110
|switch|p2a: Milotic|Milotic, F|88/100
|-damage|p2a: Milotic|71/100|[from] Spikes
|move|p1a: Cagliostro|Hydro Pump|p2a: Milotic
|-resisted|p2a: Milotic
|-damage|p2a: Milotic|55/100
|
|-weather|Sandstorm|[upkeep]
|-damage|p2a: Milotic|49/100|[from] Sandstorm
|-heal|p2a: Milotic|55/100|[from] item: Leftovers
|-heal|p1a: Cagliostro|88/100|[from] item: Leftovers
|upkeep
|turn|21
|inactive|tsukinomiko has 270 seconds left.
|
|t:|1728519116
|switch|p1a: Rite Here Rite Now|Skarmory, F|72/100
|move|p2a: Milotic|Recover|p2a: Milotic
|-heal|p2a: Milotic|100/100
|
|-weather|Sandstorm|[upkeep]
|-damage|p2a: Milotic|94/100|[from] Sandstorm
|-heal|p2a: Milotic|100/100|[from] item: Leftovers
|-heal|p1a: Rite Here Rite Now|78/100|[from] item: Leftovers
|upkeep
|turn|22
|
|t:|1728519121
|move|p2a: Milotic|Surf|p1a: Rite Here Rite Now
|-damage|p1a: Rite Here Rite Now|46/100
|move|p1a: Rite Here Rite Now|Toxic|p2a: Milotic
|-status|p2a: Milotic|tox
|
|-weather|Sandstorm|[upkeep]
|-damage|p2a: Milotic|94/100 tox|[from] Sandstorm
|-heal|p2a: Milotic|100/100 tox|[from] item: Leftovers
|-damage|p2a: Milotic|94/100 tox|[from] psn
|-heal|p1a: Rite Here Rite Now|52/100|[from] item: Leftovers
|upkeep
|turn|23
|
|t:|1728519130
|move|p2a: Milotic|Refresh|p2a: Milotic
|-curestatus|p2a: Milotic|tox|[msg]
|move|p1a: Rite Here Rite Now|Drill Peck|p2a: Milotic
|-damage|p2a: Milotic|76/100
|
|-weather|Sandstorm|[upkeep]
|-damage|p2a: Milotic|70/100|[from] Sandstorm
|-heal|p2a: Milotic|76/100|[from] item: Leftovers
|-heal|p1a: Rite Here Rite Now|58/100|[from] item: Leftovers
|upkeep
|turn|24
|
|t:|1728519135
|move|p2a: Milotic|Surf|p1a: Rite Here Rite Now
|-damage|p1a: Rite Here Rite Now|26/100
|move|p1a: Rite Here Rite Now|Toxic|p2a: Milotic
|-status|p2a: Milotic|tox
|
|-weather|Sandstorm|[upkeep]
|-damage|p2a: Milotic|70/100 tox|[from] Sandstorm
|-heal|p2a: Milotic|76/100 tox|[from] item: Leftovers
|-damage|p2a: Milotic|70/100 tox|[from] psn
|-heal|p1a: Rite Here Rite Now|32/100|[from] item: Leftovers
|upkeep
|turn|25
|inactive|tsukinomiko has 270 seconds left.
|
|t:|1728519163
|switch|p1a: The Humble Onion|Celebi|88/100
|-damage|p1a: The Humble Onion|63/100|[from] Spikes
|move|p2a: Milotic|Refresh|p2a: Milotic
|-curestatus|p2a: Milotic|tox|[msg]
|
|-weather|Sandstorm|[upkeep]
|-damage|p1a: The Humble Onion|57/100|[from] Sandstorm
|-damage|p2a: Milotic|64/100|[from] Sandstorm
|-heal|p1a: The Humble Onion|63/100|[from] item: Leftovers
|-heal|p2a: Milotic|70/100|[from] item: Leftovers
|upkeep
|turn|26
|inactive|tsukinomiko has 270 seconds left.
|
|t:|1728519175
|move|p1a: The Humble Onion|Leech Seed|p2a: Milotic
|-start|p2a: Milotic|move: Leech Seed
|move|p2a: Milotic|Recover|p2a: Milotic
|-heal|p2a: Milotic|100/100
|
|-weather|Sandstorm|[upkeep]
|-damage|p1a: The Humble Onion|57/100|[from] Sandstorm
|-damage|p2a: Milotic|94/100|[from] Sandstorm
|-heal|p1a: The Humble Onion|63/100|[from] item: Leftovers
|-heal|p2a: Milotic|100/100|[from] item: Leftovers
|-damage|p2a: Milotic|88/100|[from] Leech Seed|[of] p1a: The Humble Onion
|-heal|p1a: The Humble Onion|76/100|[silent]
|upkeep
|turn|27
|inactive|tsukinomiko has 270 seconds left.
|
|t:|1728519190
|switch|p2a: Skarmory|Skarmory, M|99/100
|move|p1a: The Humble Onion|Leech Seed|p2a: Skarmory|[miss]
|-miss|p1a: The Humble Onion|p2a: Skarmory
|
|-weather|Sandstorm|[upkeep]
|-damage|p1a: The Humble Onion|70/100|[from] Sandstorm
|-heal|p1a: The Humble Onion|76/100|[from] item: Leftovers
|-heal|p2a: Skarmory|100/100|[from] item: Leftovers
|upkeep
|turn|28
|
|t:|1728519202
|move|p1a: The Humble Onion|Leech Seed|p2a: Skarmory
|-start|p2a: Skarmory|move: Leech Seed
|move|p2a: Skarmory|Drill Peck|p1a: The Humble Onion
|-supereffective|p1a: The Humble Onion
|-damage|p1a: The Humble Onion|37/100
|
|-weather|Sandstorm|[upkeep]
|-damage|p1a: The Humble Onion|31/100|[from] Sandstorm
|-heal|p1a: The Humble Onion|37/100|[from] item: Leftovers
|-damage|p2a: Skarmory|88/100|[from] Leech Seed|[of] p1a: The Humble Onion
|-heal|p1a: The Humble Onion|48/100|[silent]
|upkeep
|turn|29
|inactive|tsukinomiko has 270 seconds left.
|
|t:|1728519218
|switch|p1a: Rite Here Rite Now|Skarmory, F|32/100
|switch|p2a: Claydol|Claydol|95/100
|
|-weather|Sandstorm|[upkeep]
|-heal|p2a: Claydol|100/100|[from] item: Leftovers
|-heal|p1a: Rite Here Rite Now|38/100|[from] item: Leftovers
|upkeep
|turn|30
|
|t:|1728519224
|move|p2a: Claydol|Rapid Spin|p1a: Rite Here Rite Now
|-resisted|p1a: Rite Here Rite Now
|-damage|p1a: Rite Here Rite Now|36/100
|-sideend|p2: scootymcbooty123|Spikes|[from] move: Rapid Spin|[of] p2a: Claydol
|move|p1a: Rite Here Rite Now|Toxic|p2a: Claydol
|-status|p2a: Claydol|tox
|
|-weather|Sandstorm|[upkeep]
|-damage|p2a: Claydol|95/100 tox|[from] psn
|-heal|p1a: Rite Here Rite Now|42/100|[from] item: Leftovers
|upkeep
|turn|31
|
|t:|1728519233
|move|p2a: Claydol|Refresh|p2a: Claydol
|-curestatus|p2a: Claydol|tox|[msg]
|move|p1a: Rite Here Rite Now|Spikes|p2a: Claydol
|-sidestart|p2: scootymcbooty123|Spikes
|
|-weather|Sandstorm|[upkeep]
|-heal|p2a: Claydol|100/100|[from] item: Leftovers
|-heal|p1a: Rite Here Rite Now|48/100|[from] item: Leftovers
|upkeep
|turn|32
|
|t:|1728519250
|move|p2a: Claydol|Rapid Spin|p1a: Rite Here Rite Now
|-resisted|p1a: Rite Here Rite Now
|-damage|p1a: Rite Here Rite Now|47/100
|-sideend|p2: scootymcbooty123|Spikes|[from] move: Rapid Spin|[of] p2a: Claydol
|move|p1a: Rite Here Rite Now|Toxic|p2a: Claydol
|-status|p2a: Claydol|tox
|
|-weather|Sandstorm|[upkeep]
|-damage|p2a: Claydol|95/100 tox|[from] psn
|-heal|p1a: Rite Here Rite Now|53/100|[from] item: Leftovers
|upkeep
|turn|33
|
|t:|1728519258
|move|p2a: Claydol|Refresh|p2a: Claydol
|-curestatus|p2a: Claydol|tox|[msg]
|move|p1a: Rite Here Rite Now|Drill Peck|p2a: Claydol
|-damage|p2a: Claydol|73/100
|
|-weather|Sandstorm|[upkeep]
|-heal|p2a: Claydol|79/100|[from] item: Leftovers
|-heal|p1a: Rite Here Rite Now|59/100|[from] item: Leftovers
|upkeep
|turn|34
|
|t:|1728519264
|switch|p2a: Milotic|Milotic, F|88/100
|move|p1a: Rite Here Rite Now|Spikes|p2a: Milotic
|-sidestart|p2: scootymcbooty123|Spikes
|
|-weather|Sandstorm|[upkeep]
|-damage|p2a: Milotic|82/100|[from] Sandstorm
|-heal|p2a: Milotic|88/100|[from] item: Leftovers
|-heal|p1a: Rite Here Rite Now|65/100|[from] item: Leftovers
|upkeep
|turn|35
|
|t:|1728519269
|move|p2a: Milotic|Surf|p1a: Rite Here Rite Now
|-damage|p1a: Rite Here Rite Now|33/100
|move|p1a: Rite Here Rite Now|Toxic|p2a: Milotic
|-status|p2a: Milotic|tox
|
|-weather|Sandstorm|[upkeep]
|-damage|p2a: Milotic|82/100 tox|[from] Sandstorm
|-heal|p2a: Milotic|88/100 tox|[from] item: Leftovers
|-damage|p2a: Milotic|82/100 tox|[from] psn
|-heal|p1a: Rite Here Rite Now|39/100|[from] item: Leftovers
|upkeep
|turn|36
|
|t:|1728519287
|move|p2a: Milotic|Refresh|p2a: Milotic
|-curestatus|p2a: Milotic|tox|[msg]
|move|p1a: Rite Here Rite Now|Roar|p2a: Milotic
|drag|p2a: Tyranitar|Tyranitar, F|96/100
|-damage|p2a: Tyranitar|84/100|[from] Spikes
|
|-weather|Sandstorm|[upkeep]
|-heal|p1a: Rite Here Rite Now|45/100|[from] item: Leftovers
|-heal|p2a: Tyranitar|90/100|[from] item: Leftovers
|upkeep
|turn|37
|inactive|tsukinomiko has 270 seconds left.
|
|t:|1728519317
|switch|p1a: Cagliostro|Swampert, M|88/100
|-damage|p1a: Cagliostro|63/100|[from] Spikes
|switch|p2a: Milotic|Milotic, F|82/100
|-damage|p2a: Milotic|69/100|[from] Spikes
|
|-weather|Sandstorm|[upkeep]
|-damage|p2a: Milotic|63/100|[from] Sandstorm
|-heal|p2a: Milotic|69/100|[from] item: Leftovers
|-heal|p1a: Cagliostro|69/100|[from] item: Leftovers
|upkeep
|turn|38
|inactive|tsukinomiko has 270 seconds left.
|inactive|tsukinomiko has 240 seconds left.
|
|t:|1728519360
|move|p2a: Milotic|Recover|p2a: Milotic
|-heal|p2a: Milotic|100/100
|move|p1a: Cagliostro|Curse|p1a: Cagliostro
|-unboost|p1a: Cagliostro|spe|1
|-boost|p1a: Cagliostro|atk|1
|-boost|p1a: Cagliostro|def|1
|
|-weather|Sandstorm|[upkeep]
|-damage|p2a: Milotic|94/100|[from] Sandstorm
|-heal|p2a: Milotic|100/100|[from] item: Leftovers
|-heal|p1a: Cagliostro|76/100|[from] item: Leftovers
|upkeep
|turn|39
|
|t:|1728519366
|move|p2a: Milotic|Toxic|p1a: Cagliostro
|-status|p1a: Cagliostro|tox
|move|p1a: Cagliostro|Earthquake|p2a: Milotic
|-damage|p2a: Milotic|60/100
|
|-weather|Sandstorm|[upkeep]
|-damage|p2a: Milotic|53/100|[from] Sandstorm
|-heal|p2a: Milotic|60/100|[from] item: Leftovers
|-heal|p1a: Cagliostro|82/100 tox|[from] item: Leftovers
|-damage|p1a: Cagliostro|76/100 tox|[from] psn
|upkeep
|turn|40
|inactive|tsukinomiko has 240 seconds left.
|
|t:|1728519394
|move|p2a: Milotic|Recover|p2a: Milotic
|-heal|p2a: Milotic|100/100
|move|p1a: Cagliostro|Earthquake|p2a: Milotic
|-damage|p2a: Milotic|57/100
|
|-weather|Sandstorm|[upkeep]
|-damage|p2a: Milotic|51/100|[from] Sandstorm
|-heal|p2a: Milotic|57/100|[from] item: Leftovers
|-heal|p1a: Cagliostro|82/100 tox|[from] item: Leftovers
|-damage|p1a: Cagliostro|69/100 tox|[from] psn
|upkeep
|turn|41
|
|t:|1728519397
|move|p2a: Milotic|Recover|p2a: Milotic
|-heal|p2a: Milotic|100/100
|move|p1a: Cagliostro|Curse|p1a: Cagliostro
|-unboost|p1a: Cagliostro|spe|1
|-boost|p1a: Cagliostro|atk|1
|-boost|p1a: Cagliostro|def|1
|
|-weather|Sandstorm|[upkeep]
|-damage|p2a: Milotic|94/100|[from] Sandstorm
|-heal|p2a: Milotic|100/100|[from] item: Leftovers
|-heal|p1a: Cagliostro|76/100 tox|[from] item: Leftovers
|-damage|p1a: Cagliostro|57/100 tox|[from] psn
|upkeep
|turn|42
|
|t:|1728519401
|move|p2a: Milotic|Surf|p1a: Cagliostro
|-damage|p1a: Cagliostro|29/100 tox
|move|p1a: Cagliostro|Earthquake|p2a: Milotic
|-damage|p2a: Milotic|45/100
|
|-weather|Sandstorm|[upkeep]
|-damage|p2a: Milotic|39/100|[from] Sandstorm
|-heal|p2a: Milotic|45/100|[from] item: Leftovers
|-heal|p1a: Cagliostro|35/100 tox|[from] item: Leftovers
|-damage|p1a: Cagliostro|10/100 tox|[from] psn
|upkeep
|turn|43
|
|t:|1728519410
|move|p2a: Milotic|Surf|p1a: Cagliostro
|-damage|p1a: Cagliostro|0 fnt
|faint|p1a: Cagliostro
|
|t:|1728519420
|switch|p1a: The Humble Onion|Celebi|48/100
|-damage|p1a: The Humble Onion|23/100|[from] Spikes
|
|-weather|Sandstorm|[upkeep]
|-damage|p1a: The Humble Onion|17/100|[from] Sandstorm
|-damage|p2a: Milotic|39/100|[from] Sandstorm
|-heal|p1a: The Humble Onion|23/100|[from] item: Leftovers
|-heal|p2a: Milotic|45/100|[from] item: Leftovers
|upkeep
|turn|44
|
|t:|1728519437
|switch|p2a: Dugtrio|Dugtrio, F|84/100
|-damage|p2a: Dugtrio|72/100|[from] Spikes
|move|p1a: The Humble Onion|Giga Drain|p2a: Dugtrio
|-supereffective|p2a: Dugtrio
|-damage|p2a: Dugtrio|0 fnt
|-heal|p1a: The Humble Onion|42/100|[from] drain|[of] p2a: Dugtrio
|faint|p2a: Dugtrio
|
|t:|1728519441
|switch|p2a: Skarmory|Skarmory, M|88/100
|
|-weather|Sandstorm|[upkeep]
|-damage|p1a: The Humble Onion|36/100|[from] Sandstorm
|-heal|p1a: The Humble Onion|42/100|[from] item: Leftovers
|-heal|p2a: Skarmory|94/100|[from] item: Leftovers
|upkeep
|turn|45
|
|t:|1728519451
|move|p1a: The Humble Onion|Hidden Power|p2a: Skarmory
|-supereffective|p2a: Skarmory
|-crit|p2a: Skarmory
|-damage|p2a: Skarmory|18/100
|move|p2a: Skarmory|Roar|p1a: The Humble Onion
|drag|p1a: Rite Here Rite Now|Skarmory, F|45/100
|
|-weather|Sandstorm|[upkeep]
|-heal|p1a: Rite Here Rite Now|51/100|[from] item: Leftovers
|-heal|p2a: Skarmory|24/100|[from] item: Leftovers
|upkeep
|turn|46
|
|t:|1728519459
|move|p2a: Skarmory|Protect|p2a: Skarmory
|-singleturn|p2a: Skarmory|Protect
|move|p1a: Rite Here Rite Now|Roar|p2a: Skarmory
|-activate|p2a: Skarmory|Protect
|
|-weather|Sandstorm|[upkeep]
|-heal|p1a: Rite Here Rite Now|57/100|[from] item: Leftovers
|-heal|p2a: Skarmory|30/100|[from] item: Leftovers
|upkeep
|turn|47
|
|t:|1728519463
|move|p1a: Rite Here Rite Now|Roar|p2a: Skarmory
|drag|p2a: Milotic|Milotic, F|45/100
|-damage|p2a: Milotic|33/100|[from] Spikes
|
|-weather|Sandstorm|[upkeep]
|-damage|p2a: Milotic|27/100|[from] Sandstorm
|-heal|p2a: Milotic|33/100|[from] item: Leftovers
|-heal|p1a: Rite Here Rite Now|63/100|[from] item: Leftovers
|upkeep
|turn|48
|
|t:|1728519475
|move|p2a: Milotic|Recover|p2a: Milotic
|-heal|p2a: Milotic|83/100
|move|p1a: Rite Here Rite Now|Toxic|p2a: Milotic
|-status|p2a: Milotic|tox
|
|-weather|Sandstorm|[upkeep]
|-damage|p2a: Milotic|77/100 tox|[from] Sandstorm
|-heal|p2a: Milotic|83/100 tox|[from] item: Leftovers
|-damage|p2a: Milotic|77/100 tox|[from] psn
|-heal|p1a: Rite Here Rite Now|69/100|[from] item: Leftovers
|upkeep
|turn|49
|
|t:|1728519485
|switch|p1a: The Humble Onion|Celebi|42/100
|-damage|p1a: The Humble Onion|17/100|[from] Spikes
|move|p2a: Milotic|Refresh|p2a: Milotic
|-curestatus|p2a: Milotic|tox|[msg]
|
|-weather|Sandstorm|[upkeep]
|-damage|p1a: The Humble Onion|11/100|[from] Sandstorm
|-damage|p2a: Milotic|70/100|[from] Sandstorm
|-heal|p1a: The Humble Onion|17/100|[from] item: Leftovers
|-heal|p2a: Milotic|77/100|[from] item: Leftovers
|upkeep
|turn|50
|inactive|scootymcbooty123 has 270 seconds left.
|
|t:|1728519533
|switch|p2a: Blissey|Blissey, F|100/100
|-damage|p2a: Blissey|88/100|[from] Spikes
|move|p1a: The Humble Onion|Giga Drain|p2a: Blissey
|-damage|p2a: Blissey|77/100
|-heal|p1a: The Humble Onion|26/100|[from] drain|[of] p2a: Blissey
|
|-weather|Sandstorm|[upkeep]
|-damage|p1a: The Humble Onion|20/100|[from] Sandstorm
|-damage|p2a: Blissey|71/100|[from] Sandstorm
|-heal|p1a: The Humble Onion|26/100|[from] item: Leftovers
|-heal|p2a: Blissey|77/100|[from] item: Leftovers
|upkeep
|turn|51
|
|t:|1728519548
|move|p1a: The Humble Onion|Leech Seed|p2a: Blissey
|-start|p2a: Blissey|move: Leech Seed
|move|p2a: Blissey|Ice Beam|p1a: The Humble Onion
|-supereffective|p1a: The Humble Onion
|-damage|p1a: The Humble Onion|0 fnt
|faint|p1a: The Humble Onion
|
|t:|1728519559
|switch|p1a: Despotar|Tyranitar, F|100/100
|-damage|p1a: Despotar|76/100|[from] Spikes
|
|-weather|Sandstorm|[upkeep]
|-damage|p2a: Blissey|71/100|[from] Sandstorm
|-heal|p1a: Despotar|82/100|[from] item: Leftovers
|-heal|p2a: Blissey|77/100|[from] item: Leftovers
|-damage|p2a: Blissey|65/100|[from] Leech Seed|[of] p1a: Despotar
|-heal|p1a: Despotar|100/100|[silent]
|upkeep
|turn|52
|inactive|scootymcbooty123 has 270 seconds left.
|
|t:|1728519571
|switch|p2a: Skarmory|Skarmory, M|30/100
|move|p1a: Despotar|Dragon Dance|p1a: Despotar
|-boost|p1a: Despotar|atk|1
|-boost|p1a: Despotar|spe|1
|
|-weather|Sandstorm|[upkeep]
|-heal|p2a: Skarmory|36/100|[from] item: Leftovers
|upkeep
|turn|53
|inactive|scootymcbooty123 has 270 seconds left.
|
|t:|1728519580
|move|p1a: Despotar|Rock Slide|p2a: Skarmory
|-damage|p2a: Skarmory|0 fnt
|faint|p2a: Skarmory
|inactive|scootymcbooty123 has 270 seconds left.
|
|t:|1728519590
|switch|p2a: Claydol|Claydol|79/100
|
|-weather|Sandstorm|[upkeep]
|-heal|p2a: Claydol|85/100|[from] item: Leftovers
|upkeep
|turn|54
|inactive|scootymcbooty123 has 270 seconds left.
|
|t:|1728519597
|move|p1a: Despotar|Hidden Power|p2a: Claydol
|-supereffective|p2a: Claydol
|-damage|p2a: Claydol|11/100
|move|p2a: Claydol|Earthquake|p1a: Despotar
|-supereffective|p1a: Despotar
|-damage|p1a: Despotar|43/100
|
|-weather|Sandstorm|[upkeep]
|-heal|p1a: Despotar|50/100|[from] item: Leftovers
|-heal|p2a: Claydol|17/100|[from] item: Leftovers
|upkeep
|turn|55
|inactive|scootymcbooty123 has 270 seconds left.
|
|t:|1728519618
|move|p1a: Despotar|Hidden Power|p2a: Claydol
|-supereffective|p2a: Claydol
|-damage|p2a: Claydol|0 fnt
|faint|p2a: Claydol
|
|t:|1728519620
|switch|p2a: Milotic|Milotic, F|77/100
|-damage|p2a: Milotic|64/100|[from] Spikes
|
|-weather|Sandstorm|[upkeep]
|-damage|p2a: Milotic|58/100|[from] Sandstorm
|-heal|p1a: Despotar|56/100|[from] item: Leftovers
|-heal|p2a: Milotic|64/100|[from] item: Leftovers
|upkeep
|turn|56
|
|t:|1728519624
|move|p1a: Despotar|Rock Slide|p2a: Milotic
|-damage|p2a: Milotic|17/100
|move|p2a: Milotic|Surf|p1a: Despotar
|-supereffective|p1a: Despotar
|-damage|p1a: Despotar|3/100
|
|-weather|Sandstorm|[upkeep]
|-damage|p2a: Milotic|10/100|[from] Sandstorm
|-heal|p1a: Despotar|9/100|[from] item: Leftovers
|-heal|p2a: Milotic|17/100|[from] item: Leftovers
|upkeep
|turn|57
|
|t:|1728519632
|move|p1a: Despotar|Earthquake|p2a: Milotic
|-damage|p2a: Milotic|0 fnt
|faint|p2a: Milotic
|inactive|scootymcbooty123 has 270 seconds left.
|
|t:|1728519662
|switch|p2a: Tyranitar|Tyranitar, F|90/100
|-damage|p2a: Tyranitar|78/100|[from] Spikes
|
|-weather|Sandstorm|[upkeep]
|-heal|p1a: Despotar|15/100|[from] item: Leftovers
|-heal|p2a: Tyranitar|84/100|[from] item: Leftovers
|upkeep
|turn|58
|
|t:|1728519680
|move|p1a: Despotar|Earthquake|p2a: Tyranitar
|-supereffective|p2a: Tyranitar
|-damage|p2a: Tyranitar|13/100
|move|p2a: Tyranitar|Earthquake|p1a: Despotar
|-supereffective|p1a: Despotar
|-damage|p1a: Despotar|0 fnt
|faint|p1a: Despotar
|inactive|tsukinomiko has 270 seconds left.
|
|t:|1728519717
|switch|p1a: Year Zero|Aerodactyl, F|100/100
|
|-weather|Sandstorm|[upkeep]
|-heal|p2a: Tyranitar|19/100|[from] item: Leftovers
|upkeep
|turn|59
|inactive|tsukinomiko has 240 seconds left.
|
|t:|1728519749
|move|p1a: Year Zero|Earthquake|p2a: Tyranitar
|-supereffective|p2a: Tyranitar
|-damage|p2a: Tyranitar|0 fnt
|faint|p2a: Tyranitar
|inactive|scootymcbooty123 has 270 seconds left.
|
|t:|1728519769
|switch|p2a: Blissey|Blissey, F|65/100
|-damage|p2a: Blissey|52/100|[from] Spikes
|
|-weather|Sandstorm|[upkeep]
|-damage|p2a: Blissey|46/100|[from] Sandstorm
|-heal|p2a: Blissey|52/100|[from] item: Leftovers
|upkeep
|turn|60
|inactive|tsukinomiko has 240 seconds left.
|
|t:|1728519797
|switch|p1a: Rite Here Rite Now|Skarmory, F|69/100
|move|p2a: Blissey|Thunder Wave|p1a: Rite Here Rite Now
|-status|p1a: Rite Here Rite Now|par
|
|-weather|Sandstorm|[upkeep]
|-damage|p2a: Blissey|46/100|[from] Sandstorm
|-heal|p2a: Blissey|52/100|[from] item: Leftovers
|-heal|p1a: Rite Here Rite Now|75/100 par|[from] item: Leftovers
|upkeep
|turn|61
|
|t:|1728519817
|move|p2a: Blissey|Seismic Toss|p1a: Rite Here Rite Now
|-damage|p1a: Rite Here Rite Now|45/100 par
|cant|p1a: Rite Here Rite Now|par
|
|-weather|Sandstorm|[upkeep]
|-damage|p2a: Blissey|46/100|[from] Sandstorm
|-heal|p2a: Blissey|52/100|[from] item: Leftovers
|-heal|p1a: Rite Here Rite Now|51/100 par|[from] item: Leftovers
|upkeep
|turn|62
|
|t:|1728519822
|move|p2a: Blissey|Seismic Toss|p1a: Rite Here Rite Now
|-damage|p1a: Rite Here Rite Now|21/100 par
|move|p1a: Rite Here Rite Now|Toxic|p2a: Blissey
|-status|p2a: Blissey|tox
|
|-weather|Sandstorm|[upkeep]
|-damage|p2a: Blissey|46/100 tox|[from] Sandstorm
|-heal|p2a: Blissey|52/100 tox|[from] item: Leftovers
|-damage|p2a: Blissey|46/100 tox|[from] psn
|-heal|p1a: Rite Here Rite Now|27/100 par|[from] item: Leftovers
|upkeep
|turn|63
|
|t:|1728519827
|move|p2a: Blissey|Seismic Toss|p1a: Rite Here Rite Now
|-damage|p1a: Rite Here Rite Now|0 fnt
|faint|p1a: Rite Here Rite Now
|
|t:|1728519829
|switch|p1a: Year Zero|Aerodactyl, F|100/100
|
|-weather|Sandstorm|[upkeep]
|-damage|p2a: Blissey|40/100 tox|[from] Sandstorm
|-heal|p2a: Blissey|46/100 tox|[from] item: Leftovers
|-damage|p2a: Blissey|34/100 tox|[from] psn
|upkeep
|turn|64
|
|t:|1728519834
|move|p1a: Year Zero|Double-Edge|p2a: Blissey
|-damage|p2a: Blissey|0 fnt
|faint|p2a: Blissey
|
|win|tsukinomiko
|c|☆scootymcbooty123|GG
|player|p2|
|c|☆tsukinomiko|gg

</script>
<script type="application/json" class="data" id="replaydata-smogtours-gen3ou-796819">
{"id":"smogtours-gen3ou-796819","format":"[Gen 3] OU","players":["tsukinomiko","scootymcbooty123"],"uploadtime":1728519834,"views":207,"formatid":"gen3ou","rating":null,"private":0,"password":null}
</script>

<script defer src="js/replays.js?9d40a366"></script>
