<!DOCTYPE html>
<meta charset="utf-8" />
<meta name="viewport" content="width=device-width" />

<title>[Gen 3] OU: Axselo vs. socalson - Replays - Pok&eacute;mon Showdown!</title>

<meta name="description" content="Watch a replay of a Pok&eacute;mon battle between Axselo and socalson! Format: [Gen 3] OU; Date: Oct 27, 2024" />
<!--

Hey, you! Looking in the source for the replay log?

You can find them in JSON format, just add `.json` at the end of a replay URL.

https://replay.pokemonshowdown.com/gen7randomdoublesbattle-865046831.json

Or, if you only need the log itself, add `.log` instead:

https://replay.pokemonshowdown.com/gen7randomdoublesbattle-865046831.log

-->

<link rel="stylesheet" href="//pokemonshowdown.com/style/global.css?0.023195364461161105" />
<link rel="stylesheet" href="//play.pokemonshowdown.com/style/font-awesome.css?0.13261647063804238" />
<link rel="stylesheet" href="//play.pokemonshowdown.com/style/battle.css?0.8753245789963631" />
<link rel="stylesheet" href="//play.pokemonshowdown.com/style/utilichart.css?0.8627959624976733" />

<!-- Global site tag (gtag.js) - Google Analytics -->
<script async src="https://www.googletagmanager.com/gtag/js?id=UA-26211653-1"></script>
<script>
  window.dataLayer = window.dataLayer || [];
  function gtag(){dataLayer.push(arguments);}
  gtag('js', new Date());

  gtag('config', 'UA-26211653-1');
</script>
<!-- End Google Analytics -->
<!-- Venatus Ad Manager - Install in <HEAD> of page -->
	<script src="https://hb.vntsm.com/v3/live/ad-manager.min.js" type="text/javascript" data-site-id="642aba63ec9a7b11c3c9c1be" data-mode="scan" async></script>
<!-- / Venatus Ad Manager -->

<style>
	@media (max-width:820px) {
		.battle {
			margin: 0 auto;
		}
		.battle-log {
			margin: 7px auto 0;
			max-width: 640px;
			height: 300px;
			position: static;
		}
	}
	.optgroup {
		display: inline-block;
		line-height: 22px;
		font-size: 10pt;
	}
	.optgroup .button {
		height: 25px;
		padding-top: 0;
		padding-bottom: 0;
	}
	.optgroup button.button {
		padding-left: 12px;
		padding-right: 12px;
	}
	.linklist {
		list-style: none;
		margin: 0.5em 0;
		padding: 0;
	}
	.linklist li {
		padding: 2px 0;
	}
	.sidebar {
		float: left;
		width: 320px;
	}
	.bar-wrapper {
		max-width: 1100px;
		margin: 0 auto;
	}
	.bar-wrapper.has-sidebar {
		max-width: 1430px;
	}
	.mainbar {
		margin: 0;
		padding-right: 1px;
	}
	.mainbar.has-sidebar {
		margin-left: 330px;
	}
	@media (min-width: 1511px) {
		.sidebar {
			width: 400px;
		}
		.bar-wrapper.has-sidebar {
			max-width: 1510px;
		}
		.mainbar.has-sidebar {
			margin-left: 410px;
		}
	}
	.section.first-section {
		margin-top: 9px;
	}
	.blocklink small {
		white-space: normal;
	}
	.button {
		vertical-align: middle;
	}
	.replay-controls {
		padding-top: 10px;
	}
	.replay-controls h1 {
		font-size: 16pt;
		font-weight: normal;
		color: #CCC;
	}
	.pagelink {
		text-align: center;
	}
	.pagelink a {
		width: 150px;
	}
	.textbox, .button {
		font-size: 11pt;
		vertical-align: middle;
	}
	@media (max-width: 450px) {
		.button {
			font-size: 9pt;
		}
	}
</style>

<div>

	<header>
		<div class="nav-wrapper"><ul class="nav">
			<li><a class="button nav-first" href="//pokemonshowdown.com/"><img src="//pokemonshowdown.com/images/pokemonshowdownbeta.png" srcset="//pokemonshowdown.com/images/pokemonshowdownbeta.png 1x, //pokemonshowdown.com/images/pokemonshowdownbeta@2x.png 2x" alt="Pok&eacute;mon Showdown" width="146" height="44" /> Home</a></li>
			<li><a class="button" href="//pokemonshowdown.com/dex/">Pok&eacute;dex</a></li>
			<li><a class="button cur" href="/">Replays</a></li>
			<li><a class="button" href="//pokemonshowdown.com/ladder/">Ladder</a></li>
			<li><a class="button nav-last" href="//pokemonshowdown.com/forums/">Forum</a></li>
			<li><a class="button greenbutton nav-first nav-last" href="//play.pokemonshowdown.com/">Play</a></li>
		</ul></div>
	</header>

	<div class="main" id="main">

		<noscript><section class="section">You need to enable JavaScript to use this page; sorry!</section></noscript>

	</div>

</div>

<script defer nomodule src="//play.pokemonshowdown.com/js/lib/ps-polyfill.js"></script>
<script defer src="//play.pokemonshowdown.com/js/lib/preact.min.js"></script>

<script defer src="//play.pokemonshowdown.com/config/config.js?2bddbc15"></script>
<script defer src="//play.pokemonshowdown.com/js/lib/jquery-1.11.0.min.js"></script>
<script defer src="//play.pokemonshowdown.com/js/lib/html-sanitizer-minified.js"></script>
<script defer src="//play.pokemonshowdown.com/js/battle-sound.js"></script>
<script defer src="//play.pokemonshowdown.com/js/battledata.js?0.7209276989879541"></script>
<script defer src="//play.pokemonshowdown.com/data/pokedex-mini.js?0.6111056340867951"></script>
<script defer src="//play.pokemonshowdown.com/data/pokedex-mini-bw.js?0.3532142036491459"></script>
<script defer src="//play.pokemonshowdown.com/data/graphics.js?0.24223875632456182"></script>
<script defer src="//play.pokemonshowdown.com/data/pokedex.js?0.38839984266356864"></script>
<script defer src="//play.pokemonshowdown.com/data/moves.js?0.21866028504024015"></script>
<script defer src="//play.pokemonshowdown.com/data/abilities.js?0.2005157953846628"></script>
<script defer src="//play.pokemonshowdown.com/data/items.js?0.9894211263848525"></script>
<script defer src="//play.pokemonshowdown.com/data/teambuilder-tables.js?0.6008791140282215"></script>
<script defer src="//play.pokemonshowdown.com/js/battle-tooltips.js?0.7580118955022959"></script>
<script defer src="//play.pokemonshowdown.com/js/battle.js?0.6057722274234274"></script>

<script defer src="js/utils.js?e31f9a17"></script>
<script defer src="js/replays-battle.js?7008c182"></script>

<!-- don't scrape this data! just add .json or .log after the URL!
Full API docs: https://github.com/smogon/pokemon-showdown-client/blob/master/WEB-API.md -->
<script type="text/plain" class="log" id="replaylog-smogtours-gen3ou-802659">
|inactive|Battle timer is ON: inactive players will automatically lose when time's up.
|t:|1730057167
|gametype|singles
|player|p1|Axselo|170|
|player|p2|socalson|skyla|
|teamsize|p1|6
|teamsize|p2|6
|gen|3
|tier|[Gen 3] OU
|rule|Sleep Clause Mod: Limit one foe put to sleep
|rule|Switch Priority Clause Mod: Faster Pokémon switch first
|rule|Species Clause: Limit one of each Pokémon
|rule|OHKO Clause: OHKO moves are banned
|rule|Evasion Items Clause: Evasion items are banned
|rule|Evasion Moves Clause: Evasion moves are banned
|rule|Endless Battle Clause: Forcing endless battles is banned
|rule|HP Percentage Mod: HP is shown in percentages
|rule|One Boost Passer Clause: Limit one Baton Passer that has a way to boost its stats
|rule|Freeze Clause Mod: Limit one foe frozen
|
|t:|1730057167
|start
|switch|p1a: Flygon|Flygon, F|100/100
|switch|p2a: Castle Wall|Skarmory, M|100/100
|turn|1
|
|t:|1730057179
|move|p1a: Flygon|Fire Blast|p2a: Castle Wall
|-supereffective|p2a: Castle Wall
|-damage|p2a: Castle Wall|44/100
|move|p2a: Castle Wall|Toxic|p1a: Flygon|[miss]
|-miss|p2a: Castle Wall|p1a: Flygon
|
|-heal|p2a: Castle Wall|50/100|[from] item: Leftovers
|upkeep
|turn|2
|
|t:|1730057196
|move|p2a: Castle Wall|Protect|p2a: Castle Wall
|-singleturn|p2a: Castle Wall|Protect
|move|p1a: Flygon|Fire Blast|p2a: Castle Wall
|-activate|p2a: Castle Wall|Protect
|
|-heal|p2a: Castle Wall|56/100|[from] item: Leftovers
|upkeep
|turn|3
|
|t:|1730057204
|switch|p2a: Dunk|Swampert, M|100/100
|move|p1a: Flygon|Fire Blast|p2a: Dunk
|-resisted|p2a: Dunk
|-damage|p2a: Dunk|87/100
|
|-heal|p2a: Dunk|93/100|[from] item: Leftovers
|upkeep
|turn|4
|
|t:|1730057220
|switch|p1a: Omastar|Omastar, M|100/100
|move|p2a: Dunk|Ice Beam|p1a: Omastar
|-resisted|p1a: Omastar
|-damage|p1a: Omastar|86/100
|
|-heal|p2a: Dunk|99/100|[from] item: Leftovers
|upkeep
|turn|5
|
|t:|1730057228
|switch|p2a: Celebi|Celebi|100/100
|move|p1a: Omastar|Hidden Power|p2a: Celebi
|-resisted|p2a: Celebi
|-damage|p2a: Celebi|91/100
|
|-heal|p2a: Celebi|97/100|[from] item: Leftovers
|upkeep
|turn|6
|
|t:|1730057244
|switch|p1a: Metagross|Metagross|100/100
|move|p2a: Celebi|Leech Seed|p1a: Metagross
|-start|p1a: Metagross|move: Leech Seed
|
|-heal|p2a: Celebi|100/100|[from] item: Leftovers
|-damage|p1a: Metagross|88/100|[from] Leech Seed|[of] p2a: Celebi
|upkeep
|turn|7
|
|t:|1730057254
|switch|p2a: Castle Wall|Skarmory, M|56/100
|switch|p1a: Omastar|Omastar, M|86/100
|
|-heal|p2a: Castle Wall|62/100|[from] item: Leftovers
|upkeep
|turn|8
|
|t:|1730057260
|move|p2a: Castle Wall|Spikes|p1a: Omastar
|-sidestart|p1: Axselo|Spikes
|move|p1a: Omastar|Spikes|p2a: Castle Wall
|-sidestart|p2: socalson|Spikes
|
|-heal|p2a: Castle Wall|68/100|[from] item: Leftovers
|upkeep
|turn|9
|
|t:|1730057269
|switch|p2a: Celebi|Celebi|100/100
|-damage|p2a: Celebi|88/100|[from] Spikes
|move|p1a: Omastar|Spikes|p2a: Celebi
|-sidestart|p2: socalson|Spikes
|
|-heal|p2a: Celebi|94/100|[from] item: Leftovers
|upkeep
|turn|10
|
|t:|1730057289
|switch|p1a: Metagross|Metagross|88/100
|-damage|p1a: Metagross|76/100|[from] Spikes
|move|p2a: Celebi|Leech Seed|p1a: Metagross|[miss]
|-miss|p2a: Celebi|p1a: Metagross
|
|-heal|p2a: Celebi|100/100|[from] item: Leftovers
|-heal|p1a: Metagross|82/100|[from] item: Leftovers
|upkeep
|turn|11
|
|t:|1730057301
|move|p2a: Celebi|Leech Seed|p1a: Metagross
|-start|p1a: Metagross|move: Leech Seed
|move|p1a: Metagross|Meteor Mash|p2a: Celebi
|-damage|p2a: Celebi|69/100
|
|-heal|p2a: Celebi|75/100|[from] item: Leftovers
|-heal|p1a: Metagross|88/100|[from] item: Leftovers
|-damage|p1a: Metagross|75/100|[from] Leech Seed|[of] p2a: Celebi
|-heal|p2a: Celebi|86/100|[silent]
|upkeep
|turn|12
|inactive|Axselo has 270 seconds left.
|
|t:|1730057322
|switch|p2a: Castle Wall|Skarmory, M|68/100
|move|p1a: Metagross|Meteor Mash|p2a: Castle Wall
|-resisted|p2a: Castle Wall
|-damage|p2a: Castle Wall|51/100
|
|-heal|p2a: Castle Wall|57/100|[from] item: Leftovers
|-heal|p1a: Metagross|82/100|[from] item: Leftovers
|-damage|p1a: Metagross|69/100|[from] Leech Seed|[of] p2a: Castle Wall
|-heal|p2a: Castle Wall|71/100|[silent]
|upkeep
|turn|13
|inactive|Axselo has 270 seconds left.
|
|t:|1730057340
|switch|p1a: Omastar|Omastar, M|86/100
|-damage|p1a: Omastar|74/100|[from] Spikes
|move|p2a: Castle Wall|Roar|p1a: Omastar
|drag|p1a: Metagross|Metagross|69/100
|-damage|p1a: Metagross|57/100|[from] Spikes
|
|-heal|p2a: Castle Wall|77/100|[from] item: Leftovers
|-heal|p1a: Metagross|63/100|[from] item: Leftovers
|upkeep
|turn|14
|inactive|Axselo has 270 seconds left.
|
|t:|1730057350
|move|p2a: Castle Wall|Spikes|p1a: Metagross
|-sidestart|p1: Axselo|Spikes
|move|p1a: Metagross|Hidden Power|p2a: Castle Wall
|-supereffective|p2a: Castle Wall
|-damage|p2a: Castle Wall|36/100
|
|-heal|p2a: Castle Wall|42/100|[from] item: Leftovers
|-heal|p1a: Metagross|69/100|[from] item: Leftovers
|upkeep
|turn|15
|inactive|Axselo has 270 seconds left.
|
|t:|1730057370
|move|p2a: Castle Wall|Protect|p2a: Castle Wall
|-singleturn|p2a: Castle Wall|Protect
|move|p1a: Metagross|Psychic|p2a: Castle Wall
|-activate|p2a: Castle Wall|Protect
|
|-heal|p2a: Castle Wall|48/100|[from] item: Leftovers
|-heal|p1a: Metagross|75/100|[from] item: Leftovers
|upkeep
|turn|16
|
|t:|1730057387
|move|p1a: Metagross|Hidden Power|p2a: Castle Wall
|-supereffective|p2a: Castle Wall
|-damage|p2a: Castle Wall|3/100
|move|p2a: Castle Wall|Roar|p1a: Metagross
|drag|p1a: Swampert|Swampert, M|100/100
|-damage|p1a: Swampert|84/100|[from] Spikes
|
|-heal|p2a: Castle Wall|9/100|[from] item: Leftovers
|-heal|p1a: Swampert|90/100|[from] item: Leftovers
|upkeep
|turn|17
|
|t:|1730057402
|move|p2a: Castle Wall|Protect|p2a: Castle Wall
|-singleturn|p2a: Castle Wall|Protect
|move|p1a: Swampert|Surf|p2a: Castle Wall
|-activate|p2a: Castle Wall|Protect
|
|-heal|p2a: Castle Wall|15/100|[from] item: Leftovers
|-heal|p1a: Swampert|96/100|[from] item: Leftovers
|upkeep
|turn|18
|
|t:|1730057413
|switch|p2a: Celebi|Celebi|86/100
|-damage|p2a: Celebi|70/100|[from] Spikes
|move|p1a: Swampert|Roar|p2a: Celebi
|drag|p2a: Gengar|Gengar, M|100/100
|
|-heal|p1a: Swampert|100/100|[from] item: Leftovers
|upkeep
|turn|19
|inactive|Axselo has 270 seconds left.
|
|t:|1730057423
|switch|p1a: Misdreavus|Misdreavus, F|100/100
|move|p2a: Gengar|Hidden Power|p1a: Misdreavus
|-damage|p1a: Misdreavus|76/100
|
|-heal|p1a: Misdreavus|82/100|[from] item: Leftovers
|upkeep
|turn|20
|inactive|Axselo has 270 seconds left.
|
|t:|1730057453
|switch|p2a: Castle Wall|Skarmory, M|15/100
|move|p1a: Misdreavus|Calm Mind|p1a: Misdreavus
|-boost|p1a: Misdreavus|spa|1
|-boost|p1a: Misdreavus|spd|1
|
|-heal|p1a: Misdreavus|88/100|[from] item: Leftovers
|-heal|p2a: Castle Wall|21/100|[from] item: Leftovers
|upkeep
|turn|21
|inactive|Axselo has 240 seconds left.
|
|t:|1730057476
|move|p2a: Castle Wall|Protect|p2a: Castle Wall
|-singleturn|p2a: Castle Wall|Protect
|move|p1a: Misdreavus|Thunderbolt|p2a: Castle Wall
|-activate|p2a: Castle Wall|Protect
|
|-heal|p1a: Misdreavus|94/100|[from] item: Leftovers
|-heal|p2a: Castle Wall|27/100|[from] item: Leftovers
|upkeep
|turn|22
|inactive|Axselo has 240 seconds left.
|
|t:|1730057497
|move|p1a: Misdreavus|Thunderbolt|p2a: Castle Wall
|-supereffective|p2a: Castle Wall
|-damage|p2a: Castle Wall|0 fnt
|faint|p2a: Castle Wall
|
|t:|1730057506
|switch|p2a: Aerodactyl|Aerodactyl, F|100/100
|
|-heal|p1a: Misdreavus|100/100|[from] item: Leftovers
|upkeep
|turn|23
|inactive|Axselo has 240 seconds left.
|
|t:|1730057528
|switch|p1a: Metagross|Metagross|75/100
|-damage|p1a: Metagross|58/100|[from] Spikes
|move|p2a: Aerodactyl|Rock Slide|p1a: Metagross
|-resisted|p1a: Metagross
|-damage|p1a: Metagross|41/100
|
|-heal|p1a: Metagross|47/100|[from] item: Leftovers
|upkeep
|turn|24
|inactive|Axselo has 240 seconds left.
|
|t:|1730057560
|switch|p2a: Dunk|Swampert, M|99/100
|-damage|p2a: Dunk|83/100|[from] Spikes
|move|p1a: Metagross|Psychic|p2a: Dunk
|-damage|p2a: Dunk|42/100
|
|-heal|p1a: Metagross|53/100|[from] item: Leftovers
|-heal|p2a: Dunk|48/100|[from] item: Leftovers
|upkeep
|turn|25
|inactive|Axselo has 210 seconds left.
|
|t:|1730057591
|switch|p1a: Misdreavus|Misdreavus, F|100/100
|move|p2a: Dunk|Hydro Pump|p1a: Misdreavus
|-damage|p1a: Misdreavus|58/100
|
|-heal|p1a: Misdreavus|64/100|[from] item: Leftovers
|-heal|p2a: Dunk|55/100|[from] item: Leftovers
|upkeep
|turn|26
|
|t:|1730057599
|move|p1a: Misdreavus|Calm Mind|p1a: Misdreavus
|-boost|p1a: Misdreavus|spa|1
|-boost|p1a: Misdreavus|spd|1
|move|p2a: Dunk|Ice Beam|p1a: Misdreavus
|-damage|p1a: Misdreavus|51/100
|
|-heal|p1a: Misdreavus|57/100|[from] item: Leftovers
|-heal|p2a: Dunk|61/100|[from] item: Leftovers
|upkeep
|turn|27
|inactive|Axselo has 180 seconds left.
|
|t:|1730057645
|switch|p2a: Aerodactyl|Aerodactyl, F|100/100
|move|p1a: Misdreavus|Hidden Power|p2a: Aerodactyl
|-supereffective|p2a: Aerodactyl
|-damage|p2a: Aerodactyl|34/100
|
|-heal|p1a: Misdreavus|63/100|[from] item: Leftovers
|upkeep
|turn|28
|inactive|Axselo has 150 seconds left.
|
|t:|1730057671
|switch|p1a: Flygon|Flygon, F|100/100
|move|p2a: Aerodactyl|Rock Slide|p1a: Flygon
|-resisted|p1a: Flygon
|-damage|p1a: Flygon|65/100
|
|-heal|p1a: Flygon|71/100|[from] item: Leftovers
|upkeep
|turn|29
|inactive|Axselo has 150 seconds left.
|
|t:|1730057688
|switch|p2a: Celebi|Celebi|70/100
|-damage|p2a: Celebi|53/100|[from] Spikes
|move|p1a: Flygon|Toxic|p2a: Celebi
|-status|p2a: Celebi|tox
|
|-heal|p1a: Flygon|78/100|[from] item: Leftovers
|-heal|p2a: Celebi|59/100 tox|[from] item: Leftovers
|-damage|p2a: Celebi|53/100 tox|[from] psn
|upkeep
|turn|30
|inactive|Axselo has 150 seconds left.
|
|t:|1730057710
|move|p1a: Flygon|Fire Blast|p2a: Celebi
|-supereffective|p2a: Celebi
|-damage|p2a: Celebi|8/100 tox
|move|p2a: Celebi|Recover|p2a: Celebi
|-heal|p2a: Celebi|58/100 tox
|
|-heal|p1a: Flygon|84/100|[from] item: Leftovers
|-heal|p2a: Celebi|64/100 tox|[from] item: Leftovers
|-damage|p2a: Celebi|52/100 tox|[from] psn
|upkeep
|turn|31
|inactive|Axselo has 120 seconds left.
|
|t:|1730057739
|move|p1a: Flygon|Fire Blast|p2a: Celebi
|-supereffective|p2a: Celebi
|-damage|p2a: Celebi|8/100 tox
|move|p2a: Celebi|Recover|p2a: Celebi
|-heal|p2a: Celebi|58/100 tox
|
|-heal|p1a: Flygon|90/100|[from] item: Leftovers
|-heal|p2a: Celebi|64/100 tox|[from] item: Leftovers
|-damage|p2a: Celebi|46/100 tox|[from] psn
|upkeep
|turn|32
|inactive|Axselo has 120 seconds left.
|
|t:|1730057767
|-curestatus|p2a: Celebi|tox|[from] ability: Natural Cure
|switch|p2a: Aerodactyl|Aerodactyl, F|34/100
|move|p1a: Flygon|Fire Blast|p2a: Aerodactyl
|-resisted|p2a: Aerodactyl
|-damage|p2a: Aerodactyl|14/100
|
|-heal|p1a: Flygon|96/100|[from] item: Leftovers
|upkeep
|turn|33
|inactive|Axselo has 120 seconds left.
|inactive|Axselo has 90 seconds left.
|inactive|Axselo has 60 seconds left.
|
|t:|1730057836
|switch|p1a: Aerodactyl|Aerodactyl, M|100/100
|move|p2a: Aerodactyl|Hidden Power|p1a: Aerodactyl
|-resisted|p1a: Aerodactyl
|-damage|p1a: Aerodactyl|61/100
|
|upkeep
|turn|34
|inactive|Axselo has 60 seconds left.
|
|t:|1730057849
|move|p2a: Aerodactyl|Hidden Power|p1a: Aerodactyl
|-resisted|p1a: Aerodactyl
|-damage|p1a: Aerodactyl|21/100
|move|p1a: Aerodactyl|Double-Edge|p2a: Aerodactyl
|-resisted|p2a: Aerodactyl
|-damage|p2a: Aerodactyl|0 fnt
|faint|p2a: Aerodactyl
|
|t:|1730057854
|switch|p2a: Gengar|Gengar, M|100/100
|
|upkeep
|turn|35
|inactive|Axselo has 60 seconds left.
|
|t:|1730057889
|switch|p1a: Omastar|Omastar, M|74/100
|-damage|p1a: Omastar|57/100|[from] Spikes
|move|p2a: Gengar|Ice Punch|p1a: Omastar
|-resisted|p1a: Omastar
|-damage|p1a: Omastar|37/100
|
|upkeep
|turn|36
|
|t:|1730057904
|move|p2a: Gengar|Hidden Power|p1a: Omastar
|-supereffective|p1a: Omastar
|-damage|p1a: Omastar|0 fnt
|faint|p1a: Omastar
|
|t:|1730057914
|switch|p1a: Misdreavus|Misdreavus, F|63/100
|
|-heal|p1a: Misdreavus|69/100|[from] item: Leftovers
|upkeep
|turn|37
|
|t:|1730057921
|switch|p2a: Celebi|Celebi|46/100
|-damage|p2a: Celebi|29/100|[from] Spikes
|move|p1a: Misdreavus|Calm Mind|p1a: Misdreavus
|-boost|p1a: Misdreavus|spa|1
|-boost|p1a: Misdreavus|spd|1
|
|-heal|p1a: Misdreavus|75/100|[from] item: Leftovers
|-heal|p2a: Celebi|35/100|[from] item: Leftovers
|upkeep
|turn|38
|inactive|Axselo has 60 seconds left.
|
|t:|1730057934
|move|p1a: Misdreavus|Calm Mind|p1a: Misdreavus
|-boost|p1a: Misdreavus|spa|1
|-boost|p1a: Misdreavus|spd|1
|move|p2a: Celebi|Leech Seed|p1a: Misdreavus
|-start|p1a: Misdreavus|move: Leech Seed
|
|-heal|p1a: Misdreavus|81/100|[from] item: Leftovers
|-damage|p1a: Misdreavus|69/100|[from] Leech Seed|[of] p2a: Celebi
|-heal|p2a: Celebi|43/100|[silent]
|-heal|p2a: Celebi|49/100|[from] item: Leftovers
|upkeep
|turn|39
|inactive|Axselo has 60 seconds left.
|
|t:|1730057942
|move|p1a: Misdreavus|Hidden Power|p2a: Celebi
|-supereffective|p2a: Celebi
|-crit|p2a: Celebi
|-damage|p2a: Celebi|0 fnt
|faint|p2a: Celebi
|
|t:|1730057947
|switch|p2a: Lunk|Tyranitar, M|100/100
|-damage|p2a: Lunk|84/100|[from] Spikes
|-weather|Sandstorm|[from] ability: Sand Stream|[of] p2a: Lunk
|
|-weather|Sandstorm|[upkeep]
|-damage|p1a: Misdreavus|63/100|[from] Sandstorm
|-heal|p1a: Misdreavus|69/100|[from] item: Leftovers
|-damage|p1a: Misdreavus|57/100|[from] Leech Seed|[of] p2a: Lunk
|-heal|p2a: Lunk|93/100|[silent]
|upkeep
|turn|40
|inactive|Axselo has 60 seconds left.
|
|t:|1730057962
|switch|p1a: Flygon|Flygon, F|96/100
|move|p2a: Lunk|Dragon Dance|p2a: Lunk
|-boost|p2a: Lunk|atk|1
|-boost|p2a: Lunk|spe|1
|
|-weather|Sandstorm|[upkeep]
|-heal|p1a: Flygon|100/100|[from] item: Leftovers
|upkeep
|turn|41
|
|t:|1730057970
|switch|p2a: Gengar|Gengar, M|100/100
|move|p1a: Flygon|Earthquake|p2a: Gengar
|-immune|p2a: Gengar
|
|-weather|Sandstorm|[upkeep]
|-damage|p2a: Gengar|94/100|[from] Sandstorm
|-heal|p2a: Gengar|100/100|[from] item: Leftovers
|upkeep
|turn|42
|inactive|Axselo has 60 seconds left.
|inactive|Axselo has 30 seconds left.
|inactive|Axselo has 20 seconds left.
|
|t:|1730058026
|switch|p1a: Swampert|Swampert, M|100/100
|-damage|p1a: Swampert|84/100|[from] Spikes
|move|p2a: Gengar|Ice Punch|p1a: Swampert
|-damage|p1a: Swampert|62/100
|
|-weather|Sandstorm|[upkeep]
|-damage|p2a: Gengar|94/100|[from] Sandstorm
|-heal|p2a: Gengar|100/100|[from] item: Leftovers
|-heal|p1a: Swampert|68/100|[from] item: Leftovers
|upkeep
|turn|43
|inactive|Axselo has 30 seconds left this turn.
|inactive|Axselo has 20 seconds left.
|inactive|Axselo has 15 seconds left.
|
|t:|1730058041
|switch|p1a: Misdreavus|Misdreavus, F|57/100
|move|p2a: Gengar|Hidden Power|p1a: Misdreavus
|-damage|p1a: Misdreavus|32/100
|
|-weather|Sandstorm|[upkeep]
|-damage|p2a: Gengar|94/100|[from] Sandstorm
|-damage|p1a: Misdreavus|25/100|[from] Sandstorm
|-heal|p2a: Gengar|100/100|[from] item: Leftovers
|-heal|p1a: Misdreavus|32/100|[from] item: Leftovers
|upkeep
|turn|44
|inactive|Axselo has 25 seconds left this turn.
|inactive|Axselo has 20 seconds left.
|
|t:|1730058051
|move|p2a: Gengar|Thunderbolt|p1a: Misdreavus
|-damage|p1a: Misdreavus|0 fnt
|faint|p1a: Misdreavus
|inactive|Axselo has 25 seconds left this turn.
|inactive|Axselo has 20 seconds left.
|
|t:|1730058058
|switch|p1a: Metagross|Metagross|53/100
|-damage|p1a: Metagross|36/100|[from] Spikes
|
|-weather|Sandstorm|[upkeep]
|-damage|p2a: Gengar|94/100|[from] Sandstorm
|-heal|p2a: Gengar|100/100|[from] item: Leftovers
|-heal|p1a: Metagross|43/100|[from] item: Leftovers
|upkeep
|turn|45
|inactive|Axselo has 30 seconds left this turn.
|inactive|Axselo has 20 seconds left.
|
|t:|1730058070
|switch|p2a: Dunk|Swampert, M|61/100
|-damage|p2a: Dunk|44/100|[from] Spikes
|move|p1a: Metagross|Psychic|p2a: Dunk
|-damage|p2a: Dunk|2/100
|
|-weather|Sandstorm|[upkeep]
|-heal|p1a: Metagross|49/100|[from] item: Leftovers
|-heal|p2a: Dunk|9/100|[from] item: Leftovers
|upkeep
|turn|46
|inactive|Axselo has 30 seconds left this turn.
|
|t:|1730058079
|move|p1a: Metagross|Psychic|p2a: Dunk
|-damage|p2a: Dunk|0 fnt
|faint|p2a: Dunk
|inactive|Axselo has 30 seconds left this turn.
|
|t:|1730058083
|switch|p2a: Lunk|Tyranitar, M|93/100
|-damage|p2a: Lunk|77/100|[from] Spikes
|
|-weather|Sandstorm|[upkeep]
|-heal|p1a: Metagross|55/100|[from] item: Leftovers
|upkeep
|turn|47
|inactive|Axselo has 30 seconds left.
|
|t:|1730058103
|switch|p1a: Swampert|Swampert, M|68/100
|-damage|p1a: Swampert|52/100|[from] Spikes
|move|p2a: Lunk|Earthquake|p1a: Swampert
|-damage|p1a: Swampert|20/100
|
|-weather|Sandstorm|[upkeep]
|-heal|p1a: Swampert|27/100|[from] item: Leftovers
|upkeep
|turn|48
|inactive|Axselo has 30 seconds left.
|
|t:|1730058115
|move|p2a: Lunk|Earthquake|p1a: Swampert
|-damage|p1a: Swampert|0 fnt
|faint|p1a: Swampert
|inactive|Axselo has 30 seconds left this turn.
|
|t:|1730058120
|switch|p1a: Flygon|Flygon, F|100/100
|
|-weather|Sandstorm|[upkeep]
|upkeep
|turn|49
|inactive|Axselo has 30 seconds left.
|
|t:|1730058133
|switch|p2a: Gengar|Gengar, M|100/100
|move|p1a: Flygon|Fire Blast|p2a: Gengar
|-damage|p2a: Gengar|55/100
|
|-weather|Sandstorm|[upkeep]
|-damage|p2a: Gengar|48/100|[from] Sandstorm
|-heal|p2a: Gengar|55/100|[from] item: Leftovers
|upkeep
|turn|50
|inactive|Axselo has 30 seconds left.
|
|t:|1730058148
|switch|p1a: Metagross|Metagross|55/100
|-damage|p1a: Metagross|38/100|[from] Spikes
|move|p2a: Gengar|Ice Punch|p1a: Metagross
|-resisted|p1a: Metagross
|-damage|p1a: Metagross|25/100
|
|-weather|Sandstorm|[upkeep]
|-damage|p2a: Gengar|48/100|[from] Sandstorm
|-heal|p2a: Gengar|55/100|[from] item: Leftovers
|-heal|p1a: Metagross|32/100|[from] item: Leftovers
|upkeep
|turn|51
|inactive|Axselo has 30 seconds left.
|
|t:|1730058156
|move|p2a: Gengar|Thunderbolt|p1a: Metagross
|-damage|p1a: Metagross|0 fnt
|faint|p1a: Metagross
|
|t:|1730058159
|switch|p1a: Aerodactyl|Aerodactyl, M|21/100
|
|-weather|Sandstorm|[upkeep]
|-damage|p2a: Gengar|48/100|[from] Sandstorm
|-heal|p2a: Gengar|55/100|[from] item: Leftovers
|upkeep
|turn|52
|
|t:|1730058168
|switch|p2a: Lunk|Tyranitar, M|77/100
|-damage|p2a: Lunk|60/100|[from] Spikes
|move|p1a: Aerodactyl|Rock Slide|p2a: Lunk
|-damage|p2a: Lunk|12/100
|
|-weather|Sandstorm|[upkeep]
|upkeep
|turn|53
|
|t:|1730058178
|move|p1a: Aerodactyl|Rock Slide|p2a: Lunk
|-damage|p2a: Lunk|0 fnt
|faint|p2a: Lunk
|
|t:|1730058180
|switch|p2a: Gengar|Gengar, M|55/100
|
|-weather|Sandstorm|[upkeep]
|-damage|p2a: Gengar|48/100|[from] Sandstorm
|-heal|p2a: Gengar|55/100|[from] item: Leftovers
|upkeep
|turn|54
|
|t:|1730058184
|move|p1a: Aerodactyl|Rock Slide|p2a: Gengar
|-damage|p2a: Gengar|0 fnt
|faint|p2a: Gengar
|
|win|Axselo
|c|☆socalson|gg
|c|☆Axselo|gg
|player|p2|
|player|p2|socalson|skyla|

</script>
<script type="application/json" class="data" id="replaydata-smogtours-gen3ou-802659">
{"id":"smogtours-gen3ou-802659","format":"[Gen 3] OU","players":["Axselo","socalson"],"uploadtime":1730058184,"views":73,"formatid":"gen3ou","rating":null,"private":0,"password":null}
</script>

<script defer src="js/replays.js?9d40a366"></script>
