<!DOCTYPE html>
<meta charset="utf-8" />
<meta name="viewport" content="width=device-width" />

<title>[Gen 3] OU: swope vs. Svejk97 - Replays - Pok&eacute;mon Showdown!</title>

<meta name="description" content="Watch a replay of a Pok&eacute;mon battle between swope and Svejk97! Format: [Gen 3] OU; Date: Oct 1, 2024" />
<!--

Hey, you! Looking in the source for the replay log?

You can find them in JSON format, just add `.json` at the end of a replay URL.

https://replay.pokemonshowdown.com/gen7randomdoublesbattle-865046831.json

Or, if you only need the log itself, add `.log` instead:

https://replay.pokemonshowdown.com/gen7randomdoublesbattle-865046831.log

-->

<link rel="stylesheet" href="//pokemonshowdown.com/style/global.css?0.023195364461161105" />
<link rel="stylesheet" href="//play.pokemonshowdown.com/style/font-awesome.css?0.13261647063804238" />
<link rel="stylesheet" href="//play.pokemonshowdown.com/style/battle.css?0.8753245789963631" />
<link rel="stylesheet" href="//play.pokemonshowdown.com/style/utilichart.css?0.8627959624976733" />

<!-- Global site tag (gtag.js) - Google Analytics -->
<script async src="https://www.googletagmanager.com/gtag/js?id=UA-26211653-1"></script>
<script>
  window.dataLayer = window.dataLayer || [];
  function gtag(){dataLayer.push(arguments);}
  gtag('js', new Date());

  gtag('config', 'UA-26211653-1');
</script>
<!-- End Google Analytics -->
<!-- Venatus Ad Manager - Install in <HEAD> of page -->
	<script src="https://hb.vntsm.com/v3/live/ad-manager.min.js" type="text/javascript" data-site-id="642aba63ec9a7b11c3c9c1be" data-mode="scan" async></script>
<!-- / Venatus Ad Manager -->

<style>
	@media (max-width:820px) {
		.battle {
			margin: 0 auto;
		}
		.battle-log {
			margin: 7px auto 0;
			max-width: 640px;
			height: 300px;
			position: static;
		}
	}
	.optgroup {
		display: inline-block;
		line-height: 22px;
		font-size: 10pt;
	}
	.optgroup .button {
		height: 25px;
		padding-top: 0;
		padding-bottom: 0;
	}
	.optgroup button.button {
		padding-left: 12px;
		padding-right: 12px;
	}
	.linklist {
		list-style: none;
		margin: 0.5em 0;
		padding: 0;
	}
	.linklist li {
		padding: 2px 0;
	}
	.sidebar {
		float: left;
		width: 320px;
	}
	.bar-wrapper {
		max-width: 1100px;
		margin: 0 auto;
	}
	.bar-wrapper.has-sidebar {
		max-width: 1430px;
	}
	.mainbar {
		margin: 0;
		padding-right: 1px;
	}
	.mainbar.has-sidebar {
		margin-left: 330px;
	}
	@media (min-width: 1511px) {
		.sidebar {
			width: 400px;
		}
		.bar-wrapper.has-sidebar {
			max-width: 1510px;
		}
		.mainbar.has-sidebar {
			margin-left: 410px;
		}
	}
	.section.first-section {
		margin-top: 9px;
	}
	.blocklink small {
		white-space: normal;
	}
	.button {
		vertical-align: middle;
	}
	.replay-controls {
		padding-top: 10px;
	}
	.replay-controls h1 {
		font-size: 16pt;
		font-weight: normal;
		color: #CCC;
	}
	.pagelink {
		text-align: center;
	}
	.pagelink a {
		width: 150px;
	}
	.textbox, .button {
		font-size: 11pt;
		vertical-align: middle;
	}
	@media (max-width: 450px) {
		.button {
			font-size: 9pt;
		}
	}
</style>

<div>

	<header>
		<div class="nav-wrapper"><ul class="nav">
			<li><a class="button nav-first" href="//pokemonshowdown.com/"><img src="//pokemonshowdown.com/images/pokemonshowdownbeta.png" srcset="//pokemonshowdown.com/images/pokemonshowdownbeta.png 1x, //pokemonshowdown.com/images/pokemonshowdownbeta@2x.png 2x" alt="Pok&eacute;mon Showdown" width="146" height="44" /> Home</a></li>
			<li><a class="button" href="//pokemonshowdown.com/dex/">Pok&eacute;dex</a></li>
			<li><a class="button cur" href="/">Replays</a></li>
			<li><a class="button" href="//pokemonshowdown.com/ladder/">Ladder</a></li>
			<li><a class="button nav-last" href="//pokemonshowdown.com/forums/">Forum</a></li>
			<li><a class="button greenbutton nav-first nav-last" href="//play.pokemonshowdown.com/">Play</a></li>
		</ul></div>
	</header>

	<div class="main" id="main">

		<noscript><section class="section">You need to enable JavaScript to use this page; sorry!</section></noscript>

	</div>

</div>

<script defer nomodule src="//play.pokemonshowdown.com/js/lib/ps-polyfill.js"></script>
<script defer src="//play.pokemonshowdown.com/js/lib/preact.min.js"></script>

<script defer src="//play.pokemonshowdown.com/config/config.js?2bddbc15"></script>
<script defer src="//play.pokemonshowdown.com/js/lib/jquery-1.11.0.min.js"></script>
<script defer src="//play.pokemonshowdown.com/js/lib/html-sanitizer-minified.js"></script>
<script defer src="//play.pokemonshowdown.com/js/battle-sound.js"></script>
<script defer src="//play.pokemonshowdown.com/js/battledata.js?0.7209276989879541"></script>
<script defer src="//play.pokemonshowdown.com/data/pokedex-mini.js?0.6111056340867951"></script>
<script defer src="//play.pokemonshowdown.com/data/pokedex-mini-bw.js?0.3532142036491459"></script>
<script defer src="//play.pokemonshowdown.com/data/graphics.js?0.24223875632456182"></script>
<script defer src="//play.pokemonshowdown.com/data/pokedex.js?0.38839984266356864"></script>
<script defer src="//play.pokemonshowdown.com/data/moves.js?0.21866028504024015"></script>
<script defer src="//play.pokemonshowdown.com/data/abilities.js?0.2005157953846628"></script>
<script defer src="//play.pokemonshowdown.com/data/items.js?0.9894211263848525"></script>
<script defer src="//play.pokemonshowdown.com/data/teambuilder-tables.js?0.6008791140282215"></script>
<script defer src="//play.pokemonshowdown.com/js/battle-tooltips.js?0.7580118955022959"></script>
<script defer src="//play.pokemonshowdown.com/js/battle.js?0.6057722274234274"></script>

<script defer src="js/utils.js?e31f9a17"></script>
<script defer src="js/replays-battle.js?7008c182"></script>

<!-- don't scrape this data! just add .json or .log after the URL!
Full API docs: https://github.com/smogon/pokemon-showdown-client/blob/master/WEB-API.md -->
<script type="text/plain" class="log" id="replaylog-gen3ou-2213780205-olsnvnf2aiox1ely5ct1iue94n528u4pw">
|j|☆swope
|j|☆Svejk97
|t:|1727810466
|gametype|singles
|player|p1|swope|hiker-gen4|
|player|p2|Svejk97|nate|
|teamsize|p1|6
|teamsize|p2|6
|gen|3
|tier|[Gen 3] OU
|rule|Sleep Clause Mod: Limit one foe put to sleep
|rule|Switch Priority Clause Mod: Faster Pokémon switch first
|rule|Species Clause: Limit one of each Pokémon
|rule|OHKO Clause: OHKO moves are banned
|rule|Evasion Items Clause: Evasion items are banned
|rule|Evasion Moves Clause: Evasion moves are banned
|rule|Endless Battle Clause: Forcing endless battles is banned
|rule|HP Percentage Mod: HP is shown in percentages
|rule|One Boost Passer Clause: Limit one Baton Passer that has a way to boost its stats
|rule|Freeze Clause Mod: Limit one foe frozen
|
|t:|1727810466
|start
|switch|p1a: Mag check|Skarmory, M|100/100
|switch|p2a: Magic Dog|Smeargle, M, shiny|100/100
|turn|1
|
|t:|1727810492
|move|p2a: Magic Dog|Spore|p1a: Mag check
|-status|p1a: Mag check|slp|[from] move: Spore
|cant|p1a: Mag check|slp
|
|upkeep
|turn|2
|
|t:|1727810512
|switch|p1a: Gengacif|Gengar, M|100/100
|move|p2a: Magic Dog|Spikes|p1a: Gengacif
|-sidestart|p1: swope|Spikes
|
|upkeep
|turn|3
|
|t:|1727810534
|switch|p2a: Fast as F! Boyii|Aerodactyl, F|100/100
|move|p1a: Gengacif|Will-O-Wisp|p2a: Fast as F! Boyii
|-status|p2a: Fast as F! Boyii|brn
|
|-damage|p2a: Fast as F! Boyii|88/100 brn|[from] brn
|upkeep
|turn|4
|
|t:|1727810549
|switch|p1a: Modest|Suicune|100/100
|-damage|p1a: Modest|88/100|[from] Spikes
|move|p2a: Fast as F! Boyii|Rock Slide|p1a: Modest
|-damage|p1a: Modest|74/100
|
|-damage|p2a: Fast as F! Boyii|76/100 brn|[from] brn
|-heal|p1a: Modest|81/100|[from] item: Leftovers
|upkeep
|turn|5
|
|t:|1727810560
|switch|p2a: Bruteroot|Venusaur, F|100/100
|move|p1a: Modest|Calm Mind|p1a: Modest
|-boost|p1a: Modest|spa|1
|-boost|p1a: Modest|spd|1
|
|-heal|p1a: Modest|87/100|[from] item: Leftovers
|upkeep
|turn|6
|
|t:|1727810572
|switch|p1a: CB explosion|Claydol|100/100
|move|p2a: Bruteroot|Roar|p1a: CB explosion
|drag|p1a: Fear|Jirachi|100/100
|-damage|p1a: Fear|88/100|[from] Spikes
|
|-heal|p1a: Fear|94/100|[from] item: Leftovers
|upkeep
|turn|7
|
|t:|1727810585
|move|p2a: Bruteroot|Leech Seed|p1a: Fear
|-start|p1a: Fear|move: Leech Seed
|move|p1a: Fear|Fire Punch|p2a: Bruteroot
|-supereffective|p2a: Bruteroot
|-damage|p2a: Bruteroot|65/100
|-status|p2a: Bruteroot|brn
|
|-heal|p2a: Bruteroot|71/100 brn|[from] item: Leftovers
|-damage|p2a: Bruteroot|59/100 brn|[from] brn
|-heal|p1a: Fear|100/100|[from] item: Leftovers
|-damage|p1a: Fear|88/100|[from] Leech Seed|[of] p2a: Bruteroot
|-heal|p2a: Bruteroot|73/100 brn|[silent]
|upkeep
|turn|8
|
|t:|1727810601
|switch|p2a: Magic Dog|Smeargle, M, shiny|100/100
|move|p1a: Fear|Hidden Power|p2a: Magic Dog
|-supereffective|p2a: Magic Dog
|-damage|p2a: Magic Dog|7/100
|
|-heal|p1a: Fear|94/100|[from] item: Leftovers
|-damage|p1a: Fear|82/100|[from] Leech Seed|[of] p2a: Magic Dog
|-heal|p2a: Magic Dog|27/100|[silent]
|upkeep
|turn|9
|
|t:|1727810612
|move|p2a: Magic Dog|Aromatherapy|p2a: Magic Dog
|-cureteam|p2a: Magic Dog|[from] move: Aromatherapy
|move|p1a: Fear|Hidden Power|p2a: Magic Dog
|-supereffective|p2a: Magic Dog
|-damage|p2a: Magic Dog|0 fnt
|faint|p2a: Magic Dog
|
|t:|1727810621
|switch|p2a: Minato Namikaze|Jolteon, F|100/100
|
|-heal|p1a: Fear|88/100|[from] item: Leftovers
|-damage|p1a: Fear|76/100|[from] Leech Seed|[of] p2a: Minato Namikaze
|upkeep
|turn|10
|
|t:|1727810631
|move|p2a: Minato Namikaze|Substitute|p2a: Minato Namikaze
|-start|p2a: Minato Namikaze|Substitute
|-damage|p2a: Minato Namikaze|76/100
|move|p1a: Fear|Body Slam|p2a: Minato Namikaze
|-end|p2a: Minato Namikaze|Substitute
|
|-heal|p2a: Minato Namikaze|82/100|[from] item: Leftovers
|-heal|p1a: Fear|82/100|[from] item: Leftovers
|-damage|p1a: Fear|69/100|[from] Leech Seed|[of] p2a: Minato Namikaze
|-heal|p2a: Minato Namikaze|99/100|[silent]
|upkeep
|turn|11
|
|t:|1727810653
|switch|p1a: CB explosion|Claydol|100/100
|move|p2a: Minato Namikaze|Substitute|p2a: Minato Namikaze
|-start|p2a: Minato Namikaze|Substitute
|-damage|p2a: Minato Namikaze|75/100
|
|-heal|p2a: Minato Namikaze|81/100|[from] item: Leftovers
|upkeep
|turn|12
|
|t:|1727810665
|move|p2a: Minato Namikaze|Hidden Power|p1a: CB explosion
|-supereffective|p1a: CB explosion
|-damage|p1a: CB explosion|62/100
|move|p1a: CB explosion|Psychic|p2a: Minato Namikaze
|-end|p2a: Minato Namikaze|Substitute
|
|-heal|p2a: Minato Namikaze|87/100|[from] item: Leftovers
|-heal|p1a: CB explosion|68/100|[from] item: Leftovers
|upkeep
|turn|13
|
|t:|1727810677
|move|p2a: Minato Namikaze|Baton Pass|p2a: Minato Namikaze
|
|t:|1727810680
|switch|p2a: Beyblayd|Forretress, M, shiny|100/100|[from] Baton Pass
|move|p1a: CB explosion|Rapid Spin|p2a: Beyblayd
|-resisted|p2a: Beyblayd
|-damage|p2a: Beyblayd|99/100
|-sideend|p1: swope|Spikes|[from] move: Rapid Spin|[of] p1a: CB explosion
|
|-heal|p1a: CB explosion|74/100|[from] item: Leftovers
|-heal|p2a: Beyblayd|100/100|[from] item: Leftovers
|upkeep
|turn|14
|
|t:|1727810692
|switch|p1a: Fear|Jirachi|69/100
|move|p2a: Beyblayd|Spikes|p1a: Fear
|-sidestart|p1: swope|Spikes
|
|-heal|p1a: Fear|76/100|[from] item: Leftovers
|upkeep
|turn|15
|
|t:|1727810700
|switch|p2a: G.O.A.T.|Tyranitar, M|100/100
|-weather|Sandstorm|[from] ability: Sand Stream|[of] p2a: G.O.A.T.
|move|p1a: Fear|Fire Punch|p2a: G.O.A.T.
|-resisted|p2a: G.O.A.T.
|-damage|p2a: G.O.A.T.|93/100
|
|-weather|Sandstorm|[upkeep]
|-heal|p1a: Fear|82/100|[from] item: Leftovers
|-heal|p2a: G.O.A.T.|99/100|[from] item: Leftovers
|upkeep
|turn|16
|
|t:|1727810712
|move|p1a: Fear|Hidden Power|p2a: G.O.A.T.
|-supereffective|p2a: G.O.A.T.
|-damage|p2a: G.O.A.T.|39/100
|move|p2a: G.O.A.T.|Flamethrower|p1a: Fear
|-supereffective|p1a: Fear
|-damage|p1a: Fear|42/100
|
|-weather|Sandstorm|[upkeep]
|-heal|p1a: Fear|49/100|[from] item: Leftovers
|-heal|p2a: G.O.A.T.|45/100|[from] item: Leftovers
|upkeep
|turn|17
|
|t:|1727810735
|switch|p2a: Fast as F! Boyii|Aerodactyl, F|76/100
|move|p1a: Fear|Hidden Power|p2a: Fast as F! Boyii
|-damage|p2a: Fast as F! Boyii|47/100
|
|-weather|Sandstorm|[upkeep]
|-heal|p1a: Fear|55/100|[from] item: Leftovers
|upkeep
|turn|18
|
|t:|1727810758
|switch|p1a: Mag check|Skarmory, M|100/100 slp
|move|p2a: Fast as F! Boyii|Earthquake|p1a: Mag check
|-immune|p1a: Mag check
|
|-weather|Sandstorm|[upkeep]
|upkeep
|turn|19
|
|t:|1727810767
|switch|p2a: Minato Namikaze|Jolteon, F|87/100
|cant|p1a: Mag check|slp
|
|-weather|Sandstorm|[upkeep]
|-damage|p2a: Minato Namikaze|81/100|[from] Sandstorm
|-heal|p2a: Minato Namikaze|87/100|[from] item: Leftovers
|upkeep
|turn|20
|
|t:|1727810782
|switch|p1a: CB explosion|Claydol|74/100
|move|p2a: Minato Namikaze|Substitute|p2a: Minato Namikaze
|-start|p2a: Minato Namikaze|Substitute
|-damage|p2a: Minato Namikaze|62/100
|
|-weather|Sandstorm|[upkeep]
|-damage|p2a: Minato Namikaze|57/100|[from] Sandstorm
|-heal|p2a: Minato Namikaze|62/100|[from] item: Leftovers
|-heal|p1a: CB explosion|80/100|[from] item: Leftovers
|upkeep
|turn|21
|
|t:|1727810796
|move|p2a: Minato Namikaze|Hidden Power|p1a: CB explosion
|-supereffective|p1a: CB explosion
|-damage|p1a: CB explosion|42/100
|move|p1a: CB explosion|Earthquake|p2a: Minato Namikaze
|-supereffective|p2a: Minato Namikaze
|-end|p2a: Minato Namikaze|Substitute
|
|-weather|Sandstorm|[upkeep]
|-damage|p2a: Minato Namikaze|57/100|[from] Sandstorm
|-heal|p2a: Minato Namikaze|62/100|[from] item: Leftovers
|-heal|p1a: CB explosion|48/100|[from] item: Leftovers
|upkeep
|turn|22
|
|t:|1727810817
|switch|p2a: Beyblayd|Forretress, M, shiny|100/100
|move|p1a: CB explosion|Earthquake|p2a: Beyblayd
|-damage|p2a: Beyblayd|85/100
|
|-weather|Sandstorm|[upkeep]
|-heal|p1a: CB explosion|54/100|[from] item: Leftovers
|-heal|p2a: Beyblayd|91/100|[from] item: Leftovers
|upkeep
|turn|23
|
|t:|1727810826
|move|p1a: CB explosion|Rapid Spin|p2a: Beyblayd
|-resisted|p2a: Beyblayd
|-damage|p2a: Beyblayd|90/100
|-sideend|p1: swope|Spikes|[from] move: Rapid Spin|[of] p1a: CB explosion
|move|p2a: Beyblayd|Hidden Power|p1a: CB explosion
|-supereffective|p1a: CB explosion
|-damage|p1a: CB explosion|28/100
|
|-weather|Sandstorm|[upkeep]
|-heal|p1a: CB explosion|35/100|[from] item: Leftovers
|-heal|p2a: Beyblayd|96/100|[from] item: Leftovers
|upkeep
|turn|24
|
|t:|1727810838
|move|p1a: CB explosion|Explosion|p2a: Beyblayd
|-resisted|p2a: Beyblayd
|-damage|p2a: Beyblayd|70/100
|faint|p1a: CB explosion
|
|t:|1727810843
|switch|p1a: Fear|Jirachi|55/100
|
|-weather|Sandstorm|[upkeep]
|-heal|p1a: Fear|61/100|[from] item: Leftovers
|-heal|p2a: Beyblayd|76/100|[from] item: Leftovers
|upkeep
|turn|25
|
|t:|1727810860
|move|p1a: Fear|Fire Punch|p2a: Beyblayd
|-supereffective|p2a: Beyblayd
|-damage|p2a: Beyblayd|0 fnt
|faint|p2a: Beyblayd
|
|t:|1727810868
|switch|p2a: Fast as F! Boyii|Aerodactyl, F|47/100
|
|-weather|Sandstorm|[upkeep]
|-heal|p1a: Fear|67/100|[from] item: Leftovers
|upkeep
|turn|26
|
|t:|1727810874
|switch|p1a: Mag check|Skarmory, M|100/100 slp
|move|p2a: Fast as F! Boyii|Rock Slide|p1a: Mag check
|-damage|p1a: Mag check|62/100 slp
|
|-weather|Sandstorm|[upkeep]
|-heal|p1a: Mag check|68/100 slp|[from] item: Leftovers
|upkeep
|turn|27
|
|t:|1727810885
|move|p2a: Fast as F! Boyii|Rock Slide|p1a: Mag check
|-damage|p1a: Mag check|32/100 slp
|cant|p1a: Mag check|slp
|
|-weather|Sandstorm|[upkeep]
|-heal|p1a: Mag check|38/100 slp|[from] item: Leftovers
|upkeep
|turn|28
|
|t:|1727810893
|-curestatus|p1a: Mag check|slp|[msg]
|move|p1a: Mag check|Protect|p1a: Mag check
|-singleturn|p1a: Mag check|Protect
|move|p2a: Fast as F! Boyii|Rock Slide|p1a: Mag check
|-activate|p1a: Mag check|Protect
|
|-weather|Sandstorm|[upkeep]
|-heal|p1a: Mag check|44/100|[from] item: Leftovers
|upkeep
|turn|29
|
|t:|1727810909
|move|p2a: Fast as F! Boyii|Rock Slide|p1a: Mag check
|-crit|p1a: Mag check
|-damage|p1a: Mag check|0 fnt
|faint|p1a: Mag check
|
|t:|1727810921
|switch|p1a: Fear|Jirachi|67/100
|
|-weather|Sandstorm|[upkeep]
|-heal|p1a: Fear|73/100|[from] item: Leftovers
|upkeep
|turn|30
|
|t:|1727810928
|switch|p2a: G.O.A.T.|Tyranitar, M|45/100
|move|p1a: Fear|Wish|p1a: Fear
|
|-weather|Sandstorm|[upkeep]
|-heal|p1a: Fear|80/100|[from] item: Leftovers
|-heal|p2a: G.O.A.T.|51/100|[from] item: Leftovers
|upkeep
|turn|31
|
|t:|1727810938
|move|p1a: Fear|Hidden Power|p2a: G.O.A.T.
|-supereffective|p2a: G.O.A.T.
|-damage|p2a: G.O.A.T.|0 fnt
|faint|p2a: G.O.A.T.
|
|t:|1727810943
|switch|p2a: Bruteroot|Venusaur, F|73/100
|
|-heal|p1a: Fear|100/100|[from] move: Wish|[wisher] Fear
|-weather|Sandstorm|[upkeep]
|-damage|p2a: Bruteroot|67/100|[from] Sandstorm
|-heal|p2a: Bruteroot|73/100|[from] item: Leftovers
|upkeep
|turn|32
|
|t:|1727810953
|move|p2a: Bruteroot|Sleep Powder|p1a: Fear
|-status|p1a: Fear|slp|[from] move: Sleep Powder
|cant|p1a: Fear|slp
|
|-weather|Sandstorm|[upkeep]
|-damage|p2a: Bruteroot|67/100|[from] Sandstorm
|-heal|p2a: Bruteroot|73/100|[from] item: Leftovers
|upkeep
|turn|33
|
|t:|1727810962
|switch|p1a: Gengacif|Gengar, M|100/100
|move|p2a: Bruteroot|Leech Seed|p1a: Gengacif|[miss]
|-miss|p2a: Bruteroot|p1a: Gengacif
|
|-weather|Sandstorm|[upkeep]
|-damage|p1a: Gengacif|94/100|[from] Sandstorm
|-damage|p2a: Bruteroot|67/100|[from] Sandstorm
|-heal|p1a: Gengacif|100/100|[from] item: Leftovers
|-heal|p2a: Bruteroot|73/100|[from] item: Leftovers
|upkeep
|turn|34
|
|t:|1727810984
|move|p1a: Gengacif|Will-O-Wisp|p2a: Bruteroot|[miss]
|-miss|p1a: Gengacif|p2a: Bruteroot
|move|p2a: Bruteroot|Leech Seed|p1a: Gengacif
|-start|p1a: Gengacif|move: Leech Seed
|
|-weather|Sandstorm|[upkeep]
|-damage|p1a: Gengacif|94/100|[from] Sandstorm
|-damage|p2a: Bruteroot|67/100|[from] Sandstorm
|-heal|p1a: Gengacif|100/100|[from] item: Leftovers
|-damage|p1a: Gengacif|88/100|[from] Leech Seed|[of] p2a: Bruteroot
|-heal|p2a: Bruteroot|78/100|[silent]
|-heal|p2a: Bruteroot|84/100|[from] item: Leftovers
|upkeep
|turn|35
|
|t:|1727810997
|move|p1a: Gengacif|Will-O-Wisp|p2a: Bruteroot
|-status|p2a: Bruteroot|brn
|move|p2a: Bruteroot|Sludge Bomb|p1a: Gengacif
|-resisted|p1a: Gengacif
|-damage|p1a: Gengacif|83/100
|
|-weather|Sandstorm|[upkeep]
|-damage|p1a: Gengacif|77/100|[from] Sandstorm
|-damage|p2a: Bruteroot|78/100 brn|[from] Sandstorm
|-heal|p1a: Gengacif|83/100|[from] item: Leftovers
|-damage|p1a: Gengacif|71/100|[from] Leech Seed|[of] p2a: Bruteroot
|-heal|p2a: Bruteroot|89/100 brn|[silent]
|-heal|p2a: Bruteroot|95/100 brn|[from] item: Leftovers
|-damage|p2a: Bruteroot|82/100 brn|[from] brn
|upkeep
|turn|36
|
|t:|1727811012
|switch|p1a: Fear|Jirachi|100/100 slp
|switch|p2a: Minato Namikaze|Jolteon, F|62/100
|
|-weather|Sandstorm|[upkeep]
|-damage|p2a: Minato Namikaze|57/100|[from] Sandstorm
|-heal|p2a: Minato Namikaze|62/100|[from] item: Leftovers
|upkeep
|turn|37
|
|t:|1727811025
|switch|p1a: Johnny ADV|Tyranitar, F|100/100
|move|p2a: Minato Namikaze|Thunderbolt|p1a: Johnny ADV
|-damage|p1a: Johnny ADV|64/100
|
|-weather|Sandstorm|[upkeep]
|-damage|p2a: Minato Namikaze|57/100|[from] Sandstorm
|-heal|p2a: Minato Namikaze|62/100|[from] item: Leftovers
|-heal|p1a: Johnny ADV|70/100|[from] item: Leftovers
|upkeep
|turn|38
|
|t:|1727811048
|move|p2a: Minato Namikaze|Baton Pass|p2a: Minato Namikaze
|
|t:|1727811050
|switch|p2a: Fast as F! Boyii|Aerodactyl, F|47/100|[from] Baton Pass
|move|p1a: Johnny ADV|Crunch|p2a: Fast as F! Boyii
|-damage|p2a: Fast as F! Boyii|0 fnt
|faint|p2a: Fast as F! Boyii
|
|t:|1727811059
|switch|p2a: Bruteroot|Venusaur, F|82/100 brn
|
|-weather|Sandstorm|[upkeep]
|-damage|p2a: Bruteroot|76/100 brn|[from] Sandstorm
|-heal|p2a: Bruteroot|82/100 brn|[from] item: Leftovers
|-damage|p2a: Bruteroot|70/100 brn|[from] brn
|-heal|p1a: Johnny ADV|76/100|[from] item: Leftovers
|upkeep
|turn|39
|
|t:|1727811069
|move|p2a: Bruteroot|Leech Seed|p1a: Johnny ADV
|-start|p1a: Johnny ADV|move: Leech Seed
|move|p1a: Johnny ADV|Fire Blast|p2a: Bruteroot
|-supereffective|p2a: Bruteroot
|-damage|p2a: Bruteroot|4/100 brn
|
|-weather|Sandstorm|[upkeep]
|-damage|p2a: Bruteroot|0 fnt|[from] Sandstorm
|faint|p2a: Bruteroot
|-heal|p1a: Johnny ADV|83/100|[from] item: Leftovers
|upkeep
|
|t:|1727811080
|switch|p2a: Minato Namikaze|Jolteon, F|62/100
|turn|40
|
|t:|1727811085
|move|p2a: Minato Namikaze|Substitute|p2a: Minato Namikaze
|-start|p2a: Minato Namikaze|Substitute
|-damage|p2a: Minato Namikaze|38/100
|move|p1a: Johnny ADV|Crunch|p2a: Minato Namikaze
|-end|p2a: Minato Namikaze|Substitute
|
|-weather|Sandstorm|[upkeep]
|-damage|p2a: Minato Namikaze|32/100|[from] Sandstorm
|-heal|p2a: Minato Namikaze|38/100|[from] item: Leftovers
|-heal|p1a: Johnny ADV|89/100|[from] item: Leftovers
|-damage|p1a: Johnny ADV|76/100|[from] Leech Seed|[of] p2a: Minato Namikaze
|-heal|p2a: Minato Namikaze|56/100|[silent]
|upkeep
|turn|41
|
|t:|1727811101
|move|p2a: Minato Namikaze|Substitute|p2a: Minato Namikaze
|-start|p2a: Minato Namikaze|Substitute
|-damage|p2a: Minato Namikaze|31/100
|move|p1a: Johnny ADV|Crunch|p2a: Minato Namikaze
|-end|p2a: Minato Namikaze|Substitute
|
|-weather|Sandstorm|[upkeep]
|-damage|p2a: Minato Namikaze|25/100|[from] Sandstorm
|-heal|p2a: Minato Namikaze|31/100|[from] item: Leftovers
|-heal|p1a: Johnny ADV|82/100|[from] item: Leftovers
|-damage|p1a: Johnny ADV|70/100|[from] Leech Seed|[of] p2a: Minato Namikaze
|-heal|p2a: Minato Namikaze|49/100|[silent]
|upkeep
|turn|42
|
|t:|1727811114
|switch|p1a: Gengacif|Gengar, M|71/100
|move|p2a: Minato Namikaze|Substitute|p2a: Minato Namikaze
|-start|p2a: Minato Namikaze|Substitute
|-damage|p2a: Minato Namikaze|24/100
|
|-weather|Sandstorm|[upkeep]
|-damage|p2a: Minato Namikaze|19/100|[from] Sandstorm
|-damage|p1a: Gengacif|65/100|[from] Sandstorm
|-heal|p2a: Minato Namikaze|24/100|[from] item: Leftovers
|-heal|p1a: Gengacif|71/100|[from] item: Leftovers
|upkeep
|turn|43
|
|t:|1727811127
|move|p2a: Minato Namikaze|Thunderbolt|p1a: Gengacif
|-damage|p1a: Gengacif|18/100
|move|p1a: Gengacif|Ice Punch|p2a: Minato Namikaze
|-end|p2a: Minato Namikaze|Substitute
|
|-weather|Sandstorm|[upkeep]
|-damage|p2a: Minato Namikaze|19/100|[from] Sandstorm
|-damage|p1a: Gengacif|11/100|[from] Sandstorm
|-heal|p2a: Minato Namikaze|24/100|[from] item: Leftovers
|-heal|p1a: Gengacif|18/100|[from] item: Leftovers
|upkeep
|turn|44
|c|☆Svejk97|Destiny bond ? 😄
|c|☆swope|i wish
|
|t:|1727811149
|move|p2a: Minato Namikaze|Thunderbolt|p1a: Gengacif
|-damage|p1a: Gengacif|0 fnt
|faint|p1a: Gengacif
|
|t:|1727811154
|switch|p1a: Johnny ADV|Tyranitar, F|70/100
|
|-weather|Sandstorm|[upkeep]
|-damage|p2a: Minato Namikaze|19/100|[from] Sandstorm
|-heal|p2a: Minato Namikaze|24/100|[from] item: Leftovers
|-heal|p1a: Johnny ADV|76/100|[from] item: Leftovers
|upkeep
|turn|45
|
|t:|1727811162
|move|p2a: Minato Namikaze|Hidden Power|p1a: Johnny ADV
|-supereffective|p1a: Johnny ADV
|-damage|p1a: Johnny ADV|38/100
|move|p1a: Johnny ADV|Crunch|p2a: Minato Namikaze
|-damage|p2a: Minato Namikaze|0 fnt
|faint|p2a: Minato Namikaze
|
|win|swope
|c|☆Svejk97|Gg
|c|☆swope|gg

</script>
<script type="application/json" class="data" id="replaydata-gen3ou-2213780205-olsnvnf2aiox1ely5ct1iue94n528u4pw">
{"id":"gen3ou-2213780205","format":"[Gen 3] OU","players":["swope","Svejk97"],"uploadtime":1727811173,"views":157,"formatid":"gen3ou","rating":null,"private":1,"password":"olsnvnf2aiox1ely5ct1iue94n528u4"}
</script>

<script defer src="js/replays.js?9d40a366"></script>
