<!DOCTYPE html>
<meta charset="utf-8" />
<meta name="viewport" content="width=device-width" />

<title>[Gen 3] OU: ratdogrefurnished vs. Aobera - Replays - Pok&eacute;mon Showdown!</title>

<meta name="description" content="Watch a replay of a Pok&eacute;mon battle between ratdogrefurnished and Aobera! Format: [Gen 3] OU; Date: Oct 14, 2024" />
<!--

Hey, you! Looking in the source for the replay log?

You can find them in JSON format, just add `.json` at the end of a replay URL.

https://replay.pokemonshowdown.com/gen7randomdoublesbattle-865046831.json

Or, if you only need the log itself, add `.log` instead:

https://replay.pokemonshowdown.com/gen7randomdoublesbattle-865046831.log

-->

<link rel="stylesheet" href="//pokemonshowdown.com/style/global.css?0.023195364461161105" />
<link rel="stylesheet" href="//play.pokemonshowdown.com/style/font-awesome.css?0.13261647063804238" />
<link rel="stylesheet" href="//play.pokemonshowdown.com/style/battle.css?0.8753245789963631" />
<link rel="stylesheet" href="//play.pokemonshowdown.com/style/utilichart.css?0.8627959624976733" />

<!-- Global site tag (gtag.js) - Google Analytics -->
<script async src="https://www.googletagmanager.com/gtag/js?id=UA-26211653-1"></script>
<script>
  window.dataLayer = window.dataLayer || [];
  function gtag(){dataLayer.push(arguments);}
  gtag('js', new Date());

  gtag('config', 'UA-26211653-1');
</script>
<!-- End Google Analytics -->
<!-- Venatus Ad Manager - Install in <HEAD> of page -->
	<script src="https://hb.vntsm.com/v3/live/ad-manager.min.js" type="text/javascript" data-site-id="642aba63ec9a7b11c3c9c1be" data-mode="scan" async></script>
<!-- / Venatus Ad Manager -->

<style>
	@media (max-width:820px) {
		.battle {
			margin: 0 auto;
		}
		.battle-log {
			margin: 7px auto 0;
			max-width: 640px;
			height: 300px;
			position: static;
		}
	}
	.optgroup {
		display: inline-block;
		line-height: 22px;
		font-size: 10pt;
	}
	.optgroup .button {
		height: 25px;
		padding-top: 0;
		padding-bottom: 0;
	}
	.optgroup button.button {
		padding-left: 12px;
		padding-right: 12px;
	}
	.linklist {
		list-style: none;
		margin: 0.5em 0;
		padding: 0;
	}
	.linklist li {
		padding: 2px 0;
	}
	.sidebar {
		float: left;
		width: 320px;
	}
	.bar-wrapper {
		max-width: 1100px;
		margin: 0 auto;
	}
	.bar-wrapper.has-sidebar {
		max-width: 1430px;
	}
	.mainbar {
		margin: 0;
		padding-right: 1px;
	}
	.mainbar.has-sidebar {
		margin-left: 330px;
	}
	@media (min-width: 1511px) {
		.sidebar {
			width: 400px;
		}
		.bar-wrapper.has-sidebar {
			max-width: 1510px;
		}
		.mainbar.has-sidebar {
			margin-left: 410px;
		}
	}
	.section.first-section {
		margin-top: 9px;
	}
	.blocklink small {
		white-space: normal;
	}
	.button {
		vertical-align: middle;
	}
	.replay-controls {
		padding-top: 10px;
	}
	.replay-controls h1 {
		font-size: 16pt;
		font-weight: normal;
		color: #CCC;
	}
	.pagelink {
		text-align: center;
	}
	.pagelink a {
		width: 150px;
	}
	.textbox, .button {
		font-size: 11pt;
		vertical-align: middle;
	}
	@media (max-width: 450px) {
		.button {
			font-size: 9pt;
		}
	}
</style>

<div>

	<header>
		<div class="nav-wrapper"><ul class="nav">
			<li><a class="button nav-first" href="//pokemonshowdown.com/"><img src="//pokemonshowdown.com/images/pokemonshowdownbeta.png" srcset="//pokemonshowdown.com/images/pokemonshowdownbeta.png 1x, //pokemonshowdown.com/images/pokemonshowdownbeta@2x.png 2x" alt="Pok&eacute;mon Showdown" width="146" height="44" /> Home</a></li>
			<li><a class="button" href="//pokemonshowdown.com/dex/">Pok&eacute;dex</a></li>
			<li><a class="button cur" href="/">Replays</a></li>
			<li><a class="button" href="//pokemonshowdown.com/ladder/">Ladder</a></li>
			<li><a class="button nav-last" href="//pokemonshowdown.com/forums/">Forum</a></li>
			<li><a class="button greenbutton nav-first nav-last" href="//play.pokemonshowdown.com/">Play</a></li>
		</ul></div>
	</header>

	<div class="main" id="main">

		<noscript><section class="section">You need to enable JavaScript to use this page; sorry!</section></noscript>

	</div>

</div>

<script defer nomodule src="//play.pokemonshowdown.com/js/lib/ps-polyfill.js"></script>
<script defer src="//play.pokemonshowdown.com/js/lib/preact.min.js"></script>

<script defer src="//play.pokemonshowdown.com/config/config.js?2bddbc15"></script>
<script defer src="//play.pokemonshowdown.com/js/lib/jquery-1.11.0.min.js"></script>
<script defer src="//play.pokemonshowdown.com/js/lib/html-sanitizer-minified.js"></script>
<script defer src="//play.pokemonshowdown.com/js/battle-sound.js"></script>
<script defer src="//play.pokemonshowdown.com/js/battledata.js?0.7209276989879541"></script>
<script defer src="//play.pokemonshowdown.com/data/pokedex-mini.js?0.6111056340867951"></script>
<script defer src="//play.pokemonshowdown.com/data/pokedex-mini-bw.js?0.3532142036491459"></script>
<script defer src="//play.pokemonshowdown.com/data/graphics.js?0.24223875632456182"></script>
<script defer src="//play.pokemonshowdown.com/data/pokedex.js?0.38839984266356864"></script>
<script defer src="//play.pokemonshowdown.com/data/moves.js?0.21866028504024015"></script>
<script defer src="//play.pokemonshowdown.com/data/abilities.js?0.2005157953846628"></script>
<script defer src="//play.pokemonshowdown.com/data/items.js?0.9894211263848525"></script>
<script defer src="//play.pokemonshowdown.com/data/teambuilder-tables.js?0.6008791140282215"></script>
<script defer src="//play.pokemonshowdown.com/js/battle-tooltips.js?0.7580118955022959"></script>
<script defer src="//play.pokemonshowdown.com/js/battle.js?0.6057722274234274"></script>

<script defer src="js/utils.js?e31f9a17"></script>
<script defer src="js/replays-battle.js?7008c182"></script>

<!-- don't scrape this data! just add .json or .log after the URL!
Full API docs: https://github.com/smogon/pokemon-showdown-client/blob/master/WEB-API.md -->
<script type="text/plain" class="log" id="replaylog-smogtours-gen3ou-798665">
|inactive|Battle timer is ON: inactive players will automatically lose when time's up.
|t:|1728925761
|gametype|singles
|player|p1|ratdogrefurnished|firebreather|
|player|p2|Aobera|lady|
|teamsize|p1|6
|teamsize|p2|6
|gen|3
|tier|[Gen 3] OU
|rule|Sleep Clause Mod: Limit one foe put to sleep
|rule|Switch Priority Clause Mod: Faster Pokémon switch first
|rule|Species Clause: Limit one of each Pokémon
|rule|OHKO Clause: OHKO moves are banned
|rule|Evasion Items Clause: Evasion items are banned
|rule|Evasion Moves Clause: Evasion moves are banned
|rule|Endless Battle Clause: Forcing endless battles is banned
|rule|HP Percentage Mod: HP is shown in percentages
|rule|One Boost Passer Clause: Limit one Baton Passer that has a way to boost its stats
|rule|Freeze Clause Mod: Limit one foe frozen
|
|t:|1728925761
|start
|switch|p1a: Joe Dirt|Jirachi|100/100
|switch|p2a: Suicune|Suicune|100/100
|turn|1
|inactive|Aobera also wants the timer to be on.
|c|☆ratdogrefurnished|HF!
|c|☆Aobera|u2
|
|t:|1728925781
|switch|p2a: Claydol|Claydol|100/100
|move|p1a: Joe Dirt|Thunder|p2a: Claydol
|-immune|p2a: Claydol
|
|upkeep
|turn|2
|
|t:|1728925789
|switch|p1a: Onion Futures|Celebi|100/100
|move|p2a: Claydol|Earthquake|p1a: Onion Futures
|-resisted|p1a: Onion Futures
|-damage|p1a: Onion Futures|88/100
|
|-heal|p1a: Onion Futures|94/100|[from] item: Leftovers
|upkeep
|turn|3
|
|t:|1728925799
|switch|p1a: Joe Dirt|Jirachi|100/100
|move|p2a: Claydol|Explosion|p1a: Joe Dirt
|-resisted|p1a: Joe Dirt
|-damage|p1a: Joe Dirt|31/100
|faint|p2a: Claydol
|
|t:|1728925807
|switch|p2a: Dugtrio|Dugtrio, M|100/100
|
|upkeep
|turn|4
|
|t:|1728925811
|move|p2a: Dugtrio|Earthquake|p1a: Joe Dirt
|-supereffective|p1a: Joe Dirt
|-damage|p1a: Joe Dirt|0 fnt
|faint|p1a: Joe Dirt
|
|t:|1728925813
|switch|p1a: A Skarmory.|Skarmory, M|100/100
|
|upkeep
|turn|5
|
|t:|1728925823
|switch|p2a: Blissey|Blissey, F|100/100
|move|p1a: A Skarmory.|Spikes|p2a: Blissey
|-sidestart|p2: Aobera|Spikes
|
|upkeep
|turn|6
|
|t:|1728925829
|move|p1a: A Skarmory.|Spikes|p2a: Blissey
|-sidestart|p2: Aobera|Spikes
|move|p2a: Blissey|Thunderbolt|p1a: A Skarmory.
|-supereffective|p1a: A Skarmory.
|-damage|p1a: A Skarmory.|54/100
|
|-heal|p1a: A Skarmory.|60/100|[from] item: Leftovers
|upkeep
|turn|7
|
|t:|1728925835
|move|p1a: A Skarmory.|Spikes|p2a: Blissey
|-sidestart|p2: Aobera|Spikes
|move|p2a: Blissey|Ice Beam|p1a: A Skarmory.
|-damage|p1a: A Skarmory.|40/100
|
|-heal|p1a: A Skarmory.|46/100|[from] item: Leftovers
|upkeep
|turn|8
|
|t:|1728925840
|switch|p1a: Swamp Cultist|Swampert, M, shiny|100/100
|move|p2a: Blissey|Thunderbolt|p1a: Swamp Cultist
|-immune|p1a: Swamp Cultist
|
|upkeep
|turn|9
|
|t:|1728925855
|switch|p1a: A Skarmory.|Skarmory, M|46/100
|switch|p2a: Milotic|Milotic, M|100/100
|-damage|p2a: Milotic|76/100|[from] Spikes
|
|-heal|p2a: Milotic|82/100|[from] item: Leftovers
|-heal|p1a: A Skarmory.|52/100|[from] item: Leftovers
|upkeep
|turn|10
|
|t:|1728925867
|switch|p1a: Onion Futures|Celebi|94/100
|move|p2a: Milotic|Surf|p1a: Onion Futures
|-resisted|p1a: Onion Futures
|-damage|p1a: Onion Futures|80/100
|
|-heal|p1a: Onion Futures|86/100|[from] item: Leftovers
|-heal|p2a: Milotic|88/100|[from] item: Leftovers
|upkeep
|turn|11
|
|t:|1728925874
|move|p1a: Onion Futures|Hidden Power|p2a: Milotic
|-supereffective|p2a: Milotic
|-damage|p2a: Milotic|52/100
|move|p2a: Milotic|Toxic|p1a: Onion Futures
|-status|p1a: Onion Futures|tox
|
|-heal|p1a: Onion Futures|93/100 tox|[from] item: Leftovers
|-damage|p1a: Onion Futures|86/100 tox|[from] psn
|-heal|p2a: Milotic|58/100|[from] item: Leftovers
|upkeep
|turn|12
|
|t:|1728925877
|move|p1a: Onion Futures|Baton Pass|p1a: Onion Futures
|
|t:|1728925879
|-curestatus|p1a: Onion Futures|tox|[from] ability: Natural Cure
|switch|p1a: Prime Gamer|Tyranitar, M|100/100|[from] Baton Pass
|-weather|Sandstorm|[from] ability: Sand Stream|[of] p1a: Prime Gamer
|move|p2a: Milotic|Recover|p2a: Milotic
|-heal|p2a: Milotic|100/100
|
|-weather|Sandstorm|[upkeep]
|-damage|p2a: Milotic|94/100|[from] Sandstorm
|-heal|p2a: Milotic|100/100|[from] item: Leftovers
|upkeep
|turn|13
|
|t:|1728925887
|switch|p1a: Onion Futures|Celebi|86/100
|move|p2a: Milotic|Surf|p1a: Onion Futures
|-resisted|p1a: Onion Futures
|-damage|p1a: Onion Futures|73/100
|
|-weather|Sandstorm|[upkeep]
|-damage|p1a: Onion Futures|67/100|[from] Sandstorm
|-damage|p2a: Milotic|94/100|[from] Sandstorm
|-heal|p1a: Onion Futures|73/100|[from] item: Leftovers
|-heal|p2a: Milotic|100/100|[from] item: Leftovers
|upkeep
|turn|14
|
|t:|1728925891
|move|p1a: Onion Futures|Leech Seed|p2a: Milotic
|-start|p2a: Milotic|move: Leech Seed
|move|p2a: Milotic|Toxic|p1a: Onion Futures|[miss]
|-miss|p2a: Milotic|p1a: Onion Futures
|
|-weather|Sandstorm|[upkeep]
|-damage|p1a: Onion Futures|67/100|[from] Sandstorm
|-damage|p2a: Milotic|94/100|[from] Sandstorm
|-heal|p1a: Onion Futures|73/100|[from] item: Leftovers
|-heal|p2a: Milotic|100/100|[from] item: Leftovers
|-damage|p2a: Milotic|88/100|[from] Leech Seed|[of] p1a: Onion Futures
|-heal|p1a: Onion Futures|85/100|[silent]
|upkeep
|turn|15
|
|t:|1728925894
|switch|p2a: Skarmory|Skarmory, M|100/100
|move|p1a: Onion Futures|Baton Pass|p1a: Onion Futures
|
|t:|1728925898
|switch|p1a: A Skarmory.|Skarmory, M|52/100|[from] Baton Pass
|
|-weather|Sandstorm|[upkeep]
|-heal|p1a: A Skarmory.|58/100|[from] item: Leftovers
|upkeep
|turn|16
|
|t:|1728925903
|move|p1a: A Skarmory.|Taunt|p2a: Skarmory
|-start|p2a: Skarmory|move: Taunt
|cant|p2a: Skarmory|move: Taunt|Spikes
|
|-weather|Sandstorm|[upkeep]
|-heal|p1a: A Skarmory.|64/100|[from] item: Leftovers
|upkeep
|turn|17
|
|t:|1728925908
|move|p2a: Skarmory|Struggle|p1a: A Skarmory.
|-damage|p1a: A Skarmory.|57/100
|-damage|p2a: Skarmory|99/100|[from] Recoil|[of] p1a: A Skarmory.
|move|p1a: A Skarmory.|Roar|p2a: Skarmory
|drag|p2a: Dugtrio|Dugtrio, M|100/100
|-damage|p2a: Dugtrio|76/100|[from] Spikes
|
|-weather|Sandstorm|[upkeep]
|-heal|p1a: A Skarmory.|63/100|[from] item: Leftovers
|upkeep
|turn|18
|
|t:|1728925917
|switch|p2a: Blissey|Blissey, F|100/100
|-damage|p2a: Blissey|76/100|[from] Spikes
|switch|p1a: Swamp Cultist|Swampert, M, shiny|100/100
|
|-weather|Sandstorm|[upkeep]
|-damage|p2a: Blissey|69/100|[from] Sandstorm
|-heal|p2a: Blissey|76/100|[from] item: Leftovers
|upkeep
|turn|19
|
|t:|1728925922
|switch|p2a: Skarmory|Skarmory, M|99/100
|move|p1a: Swamp Cultist|Earthquake|p2a: Skarmory
|-immune|p2a: Skarmory
|
|-weather|Sandstorm|[upkeep]
|-heal|p2a: Skarmory|100/100|[from] item: Leftovers
|upkeep
|turn|20
|
|t:|1728925925
|move|p1a: Swamp Cultist|Hydro Pump|p2a: Skarmory
|-damage|p2a: Skarmory|56/100
|move|p2a: Skarmory|Spikes|p1a: Swamp Cultist
|-sidestart|p1: ratdogrefurnished|Spikes
|
|-weather|Sandstorm|[upkeep]
|-heal|p2a: Skarmory|62/100|[from] item: Leftovers
|upkeep
|turn|21
|
|t:|1728925930
|move|p1a: Swamp Cultist|Hydro Pump|p2a: Skarmory
|-damage|p2a: Skarmory|11/100
|move|p2a: Skarmory|Toxic|p1a: Swamp Cultist
|-status|p1a: Swamp Cultist|tox
|
|-weather|Sandstorm|[upkeep]
|-damage|p1a: Swamp Cultist|94/100 tox|[from] psn
|-heal|p2a: Skarmory|17/100|[from] item: Leftovers
|upkeep
|turn|22
|
|t:|1728925938
|-singleturn|p1a: Swamp Cultist|move: Focus Punch
|move|p2a: Skarmory|Protect|p2a: Skarmory
|-singleturn|p2a: Skarmory|Protect
|move|p1a: Swamp Cultist|Focus Punch|p2a: Skarmory
|-activate|p2a: Skarmory|Protect
|
|-weather|Sandstorm|[upkeep]
|-heal|p1a: Swamp Cultist|100/100 tox|[from] item: Leftovers
|-damage|p1a: Swamp Cultist|88/100 tox|[from] psn
|-heal|p2a: Skarmory|23/100|[from] item: Leftovers
|upkeep
|turn|23
|
|t:|1728925947
|-singleturn|p1a: Swamp Cultist|move: Focus Punch
|switch|p2a: Milotic|Milotic, M|88/100
|-damage|p2a: Milotic|63/100|[from] Spikes
|move|p1a: Swamp Cultist|Focus Punch|p2a: Milotic
|-crit|p2a: Milotic
|-damage|p2a: Milotic|10/100
|
|-weather|Sandstorm|[upkeep]
|-damage|p2a: Milotic|4/100|[from] Sandstorm
|-heal|p2a: Milotic|10/100|[from] item: Leftovers
|-heal|p1a: Swamp Cultist|94/100 tox|[from] item: Leftovers
|-damage|p1a: Swamp Cultist|76/100 tox|[from] psn
|upkeep
|turn|24
|
|t:|1728925963
|switch|p1a: Onion Futures|Celebi|85/100
|-damage|p1a: Onion Futures|73/100|[from] Spikes
|move|p2a: Milotic|Recover|p2a: Milotic
|-heal|p2a: Milotic|60/100
|
|-weather|Sandstorm|[upkeep]
|-damage|p1a: Onion Futures|66/100|[from] Sandstorm
|-damage|p2a: Milotic|54/100|[from] Sandstorm
|-heal|p1a: Onion Futures|73/100|[from] item: Leftovers
|-heal|p2a: Milotic|60/100|[from] item: Leftovers
|upkeep
|turn|25
|
|t:|1728925972
|move|p1a: Onion Futures|Leech Seed|p2a: Milotic
|-start|p2a: Milotic|move: Leech Seed
|move|p2a: Milotic|Recover|p2a: Milotic
|-heal|p2a: Milotic|100/100
|
|-weather|Sandstorm|[upkeep]
|-damage|p1a: Onion Futures|66/100|[from] Sandstorm
|-damage|p2a: Milotic|94/100|[from] Sandstorm
|-heal|p1a: Onion Futures|73/100|[from] item: Leftovers
|-heal|p2a: Milotic|100/100|[from] item: Leftovers
|-damage|p2a: Milotic|88/100|[from] Leech Seed|[of] p1a: Onion Futures
|-heal|p1a: Onion Futures|85/100|[silent]
|upkeep
|turn|26
|
|t:|1728925984
|switch|p2a: Blissey|Blissey, F|76/100
|-damage|p2a: Blissey|51/100|[from] Spikes
|move|p1a: Onion Futures|Baton Pass|p1a: Onion Futures
|
|t:|1728925987
|switch|p1a: Prime Gamer|Tyranitar, M|100/100|[from] Baton Pass
|-damage|p1a: Prime Gamer|88/100|[from] Spikes
|
|-weather|Sandstorm|[upkeep]
|-damage|p2a: Blissey|45/100|[from] Sandstorm
|-heal|p2a: Blissey|51/100|[from] item: Leftovers
|upkeep
|turn|27
|inactive|Aobera has 270 seconds left.
|
|t:|1728926033
|switch|p2a: Milotic|Milotic, M|88/100
|-damage|p2a: Milotic|63/100|[from] Spikes
|move|p1a: Prime Gamer|Dragon Dance|p1a: Prime Gamer
|-boost|p1a: Prime Gamer|atk|1
|-boost|p1a: Prime Gamer|spe|1
|
|-weather|Sandstorm|[upkeep]
|-damage|p2a: Milotic|57/100|[from] Sandstorm
|-heal|p2a: Milotic|63/100|[from] item: Leftovers
|upkeep
|turn|28
|
|t:|1728926054
|move|p1a: Prime Gamer|Dragon Dance|p1a: Prime Gamer
|-boost|p1a: Prime Gamer|atk|1
|-boost|p1a: Prime Gamer|spe|1
|move|p2a: Milotic|Surf|p1a: Prime Gamer
|-supereffective|p1a: Prime Gamer
|-damage|p1a: Prime Gamer|27/100
|
|-weather|Sandstorm|[upkeep]
|-damage|p2a: Milotic|57/100|[from] Sandstorm
|-heal|p2a: Milotic|63/100|[from] item: Leftovers
|upkeep
|turn|29
|
|t:|1728926064
|move|p1a: Prime Gamer|Hyper Beam|p2a: Milotic
|-damage|p2a: Milotic|0 fnt
|-mustrecharge|p1a: Prime Gamer
|faint|p2a: Milotic
|
|t:|1728926067
|switch|p2a: Dugtrio|Dugtrio, M|76/100
|-damage|p2a: Dugtrio|51/100|[from] Spikes
|
|-weather|Sandstorm|[upkeep]
|upkeep
|turn|30
|
|t:|1728926073
|cant|p1a: Prime Gamer|recharge
|move|p2a: Dugtrio|Hidden Power|p1a: Prime Gamer
|-supereffective|p1a: Prime Gamer
|-damage|p1a: Prime Gamer|0 fnt
|faint|p1a: Prime Gamer
|
|t:|1728926079
|switch|p1a: Old News|Aerodactyl, F, shiny|100/100
|
|-weather|Sandstorm|[upkeep]
|upkeep
|turn|31
|inactive|Aobera has 270 seconds left.
|
|t:|1728926100
|switch|p2a: Suicune|Suicune|100/100
|-damage|p2a: Suicune|76/100|[from] Spikes
|move|p1a: Old News|Rock Slide|p2a: Suicune
|-damage|p2a: Suicune|49/100
|
|-weather|Sandstorm|[upkeep]
|-damage|p2a: Suicune|43/100|[from] Sandstorm
|-heal|p2a: Suicune|49/100|[from] item: Leftovers
|upkeep
|turn|32
|
|t:|1728926118
|switch|p1a: Onion Futures|Celebi|85/100
|-damage|p1a: Onion Futures|72/100|[from] Spikes
|move|p2a: Suicune|Rest|p2a: Suicune
|-status|p2a: Suicune|slp|[from] move: Rest
|-heal|p2a: Suicune|100/100 slp|[silent]
|
|-weather|Sandstorm|[upkeep]
|-damage|p1a: Onion Futures|66/100|[from] Sandstorm
|-damage|p2a: Suicune|94/100 slp|[from] Sandstorm
|-heal|p1a: Onion Futures|72/100|[from] item: Leftovers
|-heal|p2a: Suicune|100/100 slp|[from] item: Leftovers
|upkeep
|turn|33
|
|t:|1728926127
|switch|p2a: Skarmory|Skarmory, M|23/100
|move|p1a: Onion Futures|Hidden Power|p2a: Skarmory
|-resisted|p2a: Skarmory
|-crit|p2a: Skarmory
|-damage|p2a: Skarmory|11/100
|
|-weather|Sandstorm|[upkeep]
|-damage|p1a: Onion Futures|66/100|[from] Sandstorm
|-heal|p1a: Onion Futures|72/100|[from] item: Leftovers
|-heal|p2a: Skarmory|17/100|[from] item: Leftovers
|upkeep
|turn|34
|
|t:|1728926134
|move|p1a: Onion Futures|Leech Seed|p2a: Skarmory
|-start|p2a: Skarmory|move: Leech Seed
|move|p2a: Skarmory|Roar|p1a: Onion Futures
|drag|p1a: Swamp Cultist|Swampert, M, shiny|76/100 tox
|-damage|p1a: Swamp Cultist|64/100 tox|[from] Spikes
|
|-weather|Sandstorm|[upkeep]
|-heal|p1a: Swamp Cultist|70/100 tox|[from] item: Leftovers
|-damage|p1a: Swamp Cultist|64/100 tox|[from] psn
|-heal|p2a: Skarmory|23/100|[from] item: Leftovers
|-damage|p2a: Skarmory|11/100|[from] Leech Seed|[of] p1a: Swamp Cultist
|-heal|p1a: Swamp Cultist|76/100 tox|[silent]
|upkeep
|turn|35
|inactive|Aobera has 270 seconds left.
|inactive|Aobera has 240 seconds left.
|
|t:|1728926175
|switch|p1a: A Skarmory.|Skarmory, M|63/100
|switch|p2a: Blissey|Blissey, F|51/100
|-damage|p2a: Blissey|26/100|[from] Spikes
|
|-weather|Sandstorm|[upkeep]
|-damage|p2a: Blissey|20/100|[from] Sandstorm
|-heal|p1a: A Skarmory.|69/100|[from] item: Leftovers
|-heal|p2a: Blissey|26/100|[from] item: Leftovers
|upkeep
|turn|36
|inactive|Aobera has 240 seconds left.
|
|t:|1728926183
|move|p2a: Blissey|Thunderbolt|p1a: A Skarmory.
|-supereffective|p1a: A Skarmory.
|-damage|p1a: A Skarmory.|24/100
|move|p1a: A Skarmory.|Roar|p2a: Blissey
|drag|p2a: Dugtrio|Dugtrio, M|51/100
|-damage|p2a: Dugtrio|27/100|[from] Spikes
|
|-weather|Sandstorm|[upkeep]
|-heal|p1a: A Skarmory.|30/100|[from] item: Leftovers
|upkeep
|turn|37
|inactive|Aobera has 240 seconds left.
|
|t:|1728926195
|move|p2a: Dugtrio|Rock Slide|p1a: A Skarmory.
|-crit|p1a: A Skarmory.
|-damage|p1a: A Skarmory.|0 fnt
|faint|p1a: A Skarmory.
|
|t:|1728926205
|switch|p1a: Swamp Cultist|Swampert, M, shiny|76/100 tox
|-damage|p1a: Swamp Cultist|63/100 tox|[from] Spikes
|
|-weather|Sandstorm|[upkeep]
|-heal|p1a: Swamp Cultist|69/100 tox|[from] item: Leftovers
|-damage|p1a: Swamp Cultist|63/100 tox|[from] psn
|upkeep
|turn|38
|inactive|Aobera has 240 seconds left.
|inactive|Aobera has 210 seconds left.
|
|t:|1728926263
|switch|p2a: Blissey|Blissey, F|26/100
|-damage|p2a: Blissey|1/100|[from] Spikes
|move|p1a: Swamp Cultist|Earthquake|p2a: Blissey
|-crit|p2a: Blissey
|-damage|p2a: Blissey|0 fnt
|faint|p2a: Blissey
|
|t:|1728926279
|switch|p2a: Suicune|Suicune|100/100 slp
|-damage|p2a: Suicune|76/100 slp|[from] Spikes
|
|-weather|Sandstorm|[upkeep]
|-damage|p2a: Suicune|69/100 slp|[from] Sandstorm
|-heal|p2a: Suicune|76/100 slp|[from] item: Leftovers
|-heal|p1a: Swamp Cultist|69/100 tox|[from] item: Leftovers
|-damage|p1a: Swamp Cultist|57/100 tox|[from] psn
|upkeep
|turn|39
|
|t:|1728926284
|move|p1a: Swamp Cultist|Earthquake|p2a: Suicune
|-damage|p2a: Suicune|56/100 slp
|cant|p2a: Suicune|slp
|
|-weather|Sandstorm|[upkeep]
|-damage|p2a: Suicune|50/100 slp|[from] Sandstorm
|-heal|p2a: Suicune|56/100 slp|[from] item: Leftovers
|-heal|p1a: Swamp Cultist|63/100 tox|[from] item: Leftovers
|-damage|p1a: Swamp Cultist|45/100 tox|[from] psn
|upkeep
|turn|40
|
|t:|1728926288
|switch|p1a: Onion Futures|Celebi|72/100
|-damage|p1a: Onion Futures|60/100|[from] Spikes
|cant|p2a: Suicune|slp
|
|-weather|Sandstorm|[upkeep]
|-damage|p1a: Onion Futures|54/100|[from] Sandstorm
|-damage|p2a: Suicune|50/100 slp|[from] Sandstorm
|-heal|p1a: Onion Futures|60/100|[from] item: Leftovers
|-heal|p2a: Suicune|56/100 slp|[from] item: Leftovers
|upkeep
|turn|41
|inactive|Aobera has 210 seconds left.
|
|t:|1728926295
|switch|p2a: Skarmory|Skarmory, M|11/100
|move|p1a: Onion Futures|Hidden Power|p2a: Skarmory
|-resisted|p2a: Skarmory
|-damage|p2a: Skarmory|6/100
|
|-weather|Sandstorm|[upkeep]
|-damage|p1a: Onion Futures|54/100|[from] Sandstorm
|-heal|p1a: Onion Futures|60/100|[from] item: Leftovers
|-heal|p2a: Skarmory|12/100|[from] item: Leftovers
|upkeep
|turn|42
|inactive|Aobera has 210 seconds left.
|
|t:|1728926307
|move|p1a: Onion Futures|Psychic|p2a: Skarmory
|-resisted|p2a: Skarmory
|-damage|p2a: Skarmory|0 fnt
|faint|p2a: Skarmory
|
|t:|1728926310
|switch|p2a: Dugtrio|Dugtrio, M|27/100
|-damage|p2a: Dugtrio|2/100|[from] Spikes
|
|-weather|Sandstorm|[upkeep]
|-damage|p1a: Onion Futures|54/100|[from] Sandstorm
|-heal|p1a: Onion Futures|60/100|[from] item: Leftovers
|upkeep
|turn|43
|
|t:|1728926314
|move|p2a: Dugtrio|Hidden Power|p1a: Onion Futures
|-supereffective|p1a: Onion Futures
|-damage|p1a: Onion Futures|0 fnt
|faint|p1a: Onion Futures
|
|t:|1728926319
|switch|p1a: Old News|Aerodactyl, F, shiny|100/100
|
|-weather|Sandstorm|[upkeep]
|upkeep
|turn|44
|
|t:|1728926343
|move|p1a: Old News|Double-Edge|p2a: Dugtrio
|-damage|p2a: Dugtrio|0 fnt
|faint|p2a: Dugtrio
|
|t:|1728926346
|switch|p2a: Suicune|Suicune|56/100 slp
|-damage|p2a: Suicune|31/100 slp|[from] Spikes
|
|-weather|Sandstorm|[upkeep]
|-damage|p2a: Suicune|25/100 slp|[from] Sandstorm
|-heal|p2a: Suicune|31/100 slp|[from] item: Leftovers
|upkeep
|turn|45
|
|t:|1728926358
|move|p1a: Old News|Double-Edge|p2a: Suicune
|-damage|p2a: Suicune|0 fnt
|faint|p2a: Suicune
|
|win|ratdogrefurnished
|c|☆ratdogrefurnished|GG
|c|☆Aobera|gg

</script>
<script type="application/json" class="data" id="replaydata-smogtours-gen3ou-798665">
{"id":"smogtours-gen3ou-798665","format":"[Gen 3] OU","players":["ratdogrefurnished","Aobera"],"uploadtime":1728926358,"views":89,"formatid":"gen3ou","rating":null,"private":0,"password":null}
</script>

<script defer src="js/replays.js?9d40a366"></script>
