<!DOCTYPE html>
<meta charset="utf-8" />
<meta name="viewport" content="width=device-width" />

<title>[Gen 3] OU: RevivalTyp vs. Count Sliggoo II - Replays - Pok&eacute;mon Showdown!</title>

<meta name="description" content="Watch a replay of a Pok&eacute;mon battle between RevivalTyp and Count Sliggoo II! Format: [Gen 3] OU; Date: Oct 2, 2024" />
<!--

Hey, you! Looking in the source for the replay log?

You can find them in JSON format, just add `.json` at the end of a replay URL.

https://replay.pokemonshowdown.com/gen7randomdoublesbattle-865046831.json

Or, if you only need the log itself, add `.log` instead:

https://replay.pokemonshowdown.com/gen7randomdoublesbattle-865046831.log

-->

<link rel="stylesheet" href="//pokemonshowdown.com/style/global.css?0.023195364461161105" />
<link rel="stylesheet" href="//play.pokemonshowdown.com/style/font-awesome.css?0.13261647063804238" />
<link rel="stylesheet" href="//play.pokemonshowdown.com/style/battle.css?0.8753245789963631" />
<link rel="stylesheet" href="//play.pokemonshowdown.com/style/utilichart.css?0.8627959624976733" />

<!-- Global site tag (gtag.js) - Google Analytics -->
<script async src="https://www.googletagmanager.com/gtag/js?id=UA-26211653-1"></script>
<script>
  window.dataLayer = window.dataLayer || [];
  function gtag(){dataLayer.push(arguments);}
  gtag('js', new Date());

  gtag('config', 'UA-26211653-1');
</script>
<!-- End Google Analytics -->
<!-- Venatus Ad Manager - Install in <HEAD> of page -->
	<script src="https://hb.vntsm.com/v3/live/ad-manager.min.js" type="text/javascript" data-site-id="642aba63ec9a7b11c3c9c1be" data-mode="scan" async></script>
<!-- / Venatus Ad Manager -->

<style>
	@media (max-width:820px) {
		.battle {
			margin: 0 auto;
		}
		.battle-log {
			margin: 7px auto 0;
			max-width: 640px;
			height: 300px;
			position: static;
		}
	}
	.optgroup {
		display: inline-block;
		line-height: 22px;
		font-size: 10pt;
	}
	.optgroup .button {
		height: 25px;
		padding-top: 0;
		padding-bottom: 0;
	}
	.optgroup button.button {
		padding-left: 12px;
		padding-right: 12px;
	}
	.linklist {
		list-style: none;
		margin: 0.5em 0;
		padding: 0;
	}
	.linklist li {
		padding: 2px 0;
	}
	.sidebar {
		float: left;
		width: 320px;
	}
	.bar-wrapper {
		max-width: 1100px;
		margin: 0 auto;
	}
	.bar-wrapper.has-sidebar {
		max-width: 1430px;
	}
	.mainbar {
		margin: 0;
		padding-right: 1px;
	}
	.mainbar.has-sidebar {
		margin-left: 330px;
	}
	@media (min-width: 1511px) {
		.sidebar {
			width: 400px;
		}
		.bar-wrapper.has-sidebar {
			max-width: 1510px;
		}
		.mainbar.has-sidebar {
			margin-left: 410px;
		}
	}
	.section.first-section {
		margin-top: 9px;
	}
	.blocklink small {
		white-space: normal;
	}
	.button {
		vertical-align: middle;
	}
	.replay-controls {
		padding-top: 10px;
	}
	.replay-controls h1 {
		font-size: 16pt;
		font-weight: normal;
		color: #CCC;
	}
	.pagelink {
		text-align: center;
	}
	.pagelink a {
		width: 150px;
	}
	.textbox, .button {
		font-size: 11pt;
		vertical-align: middle;
	}
	@media (max-width: 450px) {
		.button {
			font-size: 9pt;
		}
	}
</style>

<div>

	<header>
		<div class="nav-wrapper"><ul class="nav">
			<li><a class="button nav-first" href="//pokemonshowdown.com/"><img src="//pokemonshowdown.com/images/pokemonshowdownbeta.png" srcset="//pokemonshowdown.com/images/pokemonshowdownbeta.png 1x, //pokemonshowdown.com/images/pokemonshowdownbeta@2x.png 2x" alt="Pok&eacute;mon Showdown" width="146" height="44" /> Home</a></li>
			<li><a class="button" href="//pokemonshowdown.com/dex/">Pok&eacute;dex</a></li>
			<li><a class="button cur" href="/">Replays</a></li>
			<li><a class="button" href="//pokemonshowdown.com/ladder/">Ladder</a></li>
			<li><a class="button nav-last" href="//pokemonshowdown.com/forums/">Forum</a></li>
			<li><a class="button greenbutton nav-first nav-last" href="//play.pokemonshowdown.com/">Play</a></li>
		</ul></div>
	</header>

	<div class="main" id="main">

		<noscript><section class="section">You need to enable JavaScript to use this page; sorry!</section></noscript>

	</div>

</div>

<script defer nomodule src="//play.pokemonshowdown.com/js/lib/ps-polyfill.js"></script>
<script defer src="//play.pokemonshowdown.com/js/lib/preact.min.js"></script>

<script defer src="//play.pokemonshowdown.com/config/config.js?2bddbc15"></script>
<script defer src="//play.pokemonshowdown.com/js/lib/jquery-1.11.0.min.js"></script>
<script defer src="//play.pokemonshowdown.com/js/lib/html-sanitizer-minified.js"></script>
<script defer src="//play.pokemonshowdown.com/js/battle-sound.js"></script>
<script defer src="//play.pokemonshowdown.com/js/battledata.js?0.7209276989879541"></script>
<script defer src="//play.pokemonshowdown.com/data/pokedex-mini.js?0.6111056340867951"></script>
<script defer src="//play.pokemonshowdown.com/data/pokedex-mini-bw.js?0.3532142036491459"></script>
<script defer src="//play.pokemonshowdown.com/data/graphics.js?0.24223875632456182"></script>
<script defer src="//play.pokemonshowdown.com/data/pokedex.js?0.38839984266356864"></script>
<script defer src="//play.pokemonshowdown.com/data/moves.js?0.21866028504024015"></script>
<script defer src="//play.pokemonshowdown.com/data/abilities.js?0.2005157953846628"></script>
<script defer src="//play.pokemonshowdown.com/data/items.js?0.9894211263848525"></script>
<script defer src="//play.pokemonshowdown.com/data/teambuilder-tables.js?0.6008791140282215"></script>
<script defer src="//play.pokemonshowdown.com/js/battle-tooltips.js?0.7580118955022959"></script>
<script defer src="//play.pokemonshowdown.com/js/battle.js?0.6057722274234274"></script>

<script defer src="js/utils.js?e31f9a17"></script>
<script defer src="js/replays-battle.js?7008c182"></script>

<!-- don't scrape this data! just add .json or .log after the URL!
Full API docs: https://github.com/smogon/pokemon-showdown-client/blob/master/WEB-API.md -->
<script type="text/plain" class="log" id="replaylog-smogtours-gen3ou-793932">
|inactive|Battle timer is ON: inactive players will automatically lose when time's up.
|t:|1727877283
|gametype|singles
|player|p1|RevivalTyp|169|
|player|p2|Count Sliggoo II|ruinmaniac-gen3rs|
|teamsize|p1|6
|teamsize|p2|6
|gen|3
|tier|[Gen 3] OU
|rule|Sleep Clause Mod: Limit one foe put to sleep
|rule|Switch Priority Clause Mod: Faster Pokémon switch first
|rule|Species Clause: Limit one of each Pokémon
|rule|OHKO Clause: OHKO moves are banned
|rule|Evasion Items Clause: Evasion items are banned
|rule|Evasion Moves Clause: Evasion moves are banned
|rule|Endless Battle Clause: Forcing endless battles is banned
|rule|HP Percentage Mod: HP is shown in percentages
|rule|One Boost Passer Clause: Limit one Baton Passer that has a way to boost its stats
|rule|Freeze Clause Mod: Limit one foe frozen
|
|t:|1727877283
|start
|switch|p1a: Glalie|Glalie, M|100/100
|switch|p2a: Despot|Tyranitar, M, shiny|100/100
|-weather|Sandstorm|[from] ability: Sand Stream|[of] p2a: Despot
|turn|1
|
|t:|1727877307
|-singleturn|p2a: Despot|move: Focus Punch
|move|p1a: Glalie|Spikes|p2a: Despot
|-sidestart|p2: Count Sliggoo II|Spikes
|move|p2a: Despot|Focus Punch|p1a: Glalie
|-supereffective|p1a: Glalie
|-damage|p1a: Glalie|0 fnt
|faint|p1a: Glalie
|
|t:|1727877317
|switch|p1a: Smeargle|Smeargle, M|100/100
|
|-weather|Sandstorm|[upkeep]
|-damage|p1a: Smeargle|94/100|[from] Sandstorm
|-heal|p1a: Smeargle|100/100|[from] item: Leftovers
|upkeep
|turn|2
|
|t:|1727877325
|-singleturn|p2a: Despot|move: Focus Punch
|move|p1a: Smeargle|Spore|p2a: Despot
|-status|p2a: Despot|slp|[from] move: Spore
|cant|p2a: Despot|slp
|
|-weather|Sandstorm|[upkeep]
|-damage|p1a: Smeargle|94/100|[from] Sandstorm
|-heal|p1a: Smeargle|100/100|[from] item: Leftovers
|upkeep
|turn|3
|
|t:|1727877353
|switch|p2a: Rocks Fall|Aerodactyl, F|100/100
|move|p1a: Smeargle|Belly Drum|p1a: Smeargle
|-damage|p1a: Smeargle|51/100
|-setboost|p1a: Smeargle|atk|6|[from] move: Belly Drum
|
|-weather|Sandstorm|[upkeep]
|-damage|p1a: Smeargle|44/100|[from] Sandstorm
|-heal|p1a: Smeargle|51/100|[from] item: Leftovers
|upkeep
|turn|4
|inactive|Count Sliggoo II has 270 seconds left.
|
|t:|1727877373
|switch|p1a: Celebi|Celebi|100/100
|move|p2a: Rocks Fall|Hidden Power|p1a: Celebi
|-supereffective|p1a: Celebi
|-damage|p1a: Celebi|50/100
|
|-weather|Sandstorm|[upkeep]
|-damage|p1a: Celebi|44/100|[from] Sandstorm
|-heal|p1a: Celebi|50/100|[from] item: Leftovers
|upkeep
|turn|5
|inactive|Count Sliggoo II has 270 seconds left.
|
|t:|1727877393
|switch|p1a: Metagross|Metagross|100/100
|move|p2a: Rocks Fall|Hidden Power|p1a: Metagross
|-resisted|p1a: Metagross
|-damage|p1a: Metagross|87/100
|
|-weather|Sandstorm|[upkeep]
|upkeep
|turn|6
|inactive|Count Sliggoo II has 270 seconds left.
|
|t:|1727877402
|switch|p2a: Deadbolt|Magneton|100/100
|-damage|p2a: Deadbolt|88/100|[from] Spikes
|move|p1a: Metagross|Meteor Mash|p2a: Deadbolt
|-resisted|p2a: Deadbolt
|-damage|p2a: Deadbolt|67/100
|
|-weather|Sandstorm|[upkeep]
|upkeep
|turn|7
|
|t:|1727877410
|move|p2a: Deadbolt|Thunderbolt|p1a: Metagross
|-damage|p1a: Metagross|28/100
|move|p1a: Metagross|Earthquake|p2a: Deadbolt
|-supereffective|p2a: Deadbolt
|-damage|p2a: Deadbolt|0 fnt
|faint|p2a: Deadbolt
|
|t:|1727877423
|switch|p2a: Razor|Skarmory, F|100/100
|
|-weather|Sandstorm|[upkeep]
|upkeep
|turn|8
|
|t:|1727877430
|switch|p1a: Magneton|Magneton|100/100
|move|p2a: Razor|Spikes|p1a: Magneton
|-sidestart|p1: RevivalTyp|Spikes
|
|-weather|Sandstorm|[upkeep]
|upkeep
|turn|9
|
|t:|1727877437
|move|p1a: Magneton|Thunderbolt|p2a: Razor
|-supereffective|p2a: Razor
|-damage|p2a: Razor|0 fnt
|faint|p2a: Razor
|
|t:|1727877442
|switch|p2a: Rocks Fall|Aerodactyl, F|100/100
|
|-weather|Sandstorm|[upkeep]
|upkeep
|turn|10
|
|t:|1727877451
|switch|p1a: Aerodactyl|Aerodactyl, F|100/100
|move|p2a: Rocks Fall|Earthquake|p1a: Aerodactyl
|-immune|p1a: Aerodactyl
|
|-weather|Sandstorm|[upkeep]
|upkeep
|turn|11
|
|t:|1727877459
|switch|p2a: Wyrm|Steelix, M|100/100
|-damage|p2a: Wyrm|88/100|[from] Spikes
|move|p1a: Aerodactyl|Substitute|p1a: Aerodactyl
|-start|p1a: Aerodactyl|Substitute
|-damage|p1a: Aerodactyl|76/100
|
|-weather|Sandstorm|[upkeep]
|-heal|p2a: Wyrm|94/100|[from] item: Leftovers
|upkeep
|turn|12
|
|t:|1727877468
|move|p1a: Aerodactyl|Earthquake|p2a: Wyrm
|-supereffective|p2a: Wyrm
|-damage|p2a: Wyrm|63/100
|move|p2a: Wyrm|Hidden Power|p1a: Aerodactyl
|-supereffective|p1a: Aerodactyl
|-end|p1a: Aerodactyl|Substitute
|
|-weather|Sandstorm|[upkeep]
|-heal|p2a: Wyrm|70/100|[from] item: Leftovers
|upkeep
|turn|13
|
|t:|1727877486
|switch|p1a: Celebi|Celebi|50/100
|-damage|p1a: Celebi|38/100|[from] Spikes
|move|p2a: Wyrm|Roar|p1a: Celebi
|drag|p1a: Magneton|Magneton|100/100
|-damage|p1a: Magneton|88/100|[from] Spikes
|
|-weather|Sandstorm|[upkeep]
|-heal|p2a: Wyrm|76/100|[from] item: Leftovers
|upkeep
|turn|14
|
|t:|1727877501
|move|p1a: Magneton|Hidden Power|p2a: Wyrm
|-supereffective|p2a: Wyrm
|-damage|p2a: Wyrm|20/100
|move|p2a: Wyrm|Earthquake|p1a: Magneton
|-supereffective|p1a: Magneton
|-damage|p1a: Magneton|0 fnt
|faint|p1a: Magneton
|
|t:|1727877510
|switch|p1a: Aerodactyl|Aerodactyl, F|76/100
|
|-weather|Sandstorm|[upkeep]
|-heal|p2a: Wyrm|26/100|[from] item: Leftovers
|upkeep
|turn|15
|
|t:|1727877518
|switch|p2a: Aurora|Suicune|100/100
|-damage|p2a: Aurora|88/100|[from] Spikes
|move|p1a: Aerodactyl|Substitute|p1a: Aerodactyl
|-start|p1a: Aerodactyl|Substitute
|-damage|p1a: Aerodactyl|51/100
|
|-weather|Sandstorm|[upkeep]
|-damage|p2a: Aurora|82/100|[from] Sandstorm
|-heal|p2a: Aurora|88/100|[from] item: Leftovers
|upkeep
|turn|16
|
|t:|1727877529
|move|p1a: Aerodactyl|Double-Edge|p2a: Aurora
|-damage|p2a: Aurora|59/100
|move|p2a: Aurora|Ice Beam|p1a: Aerodactyl
|-supereffective|p1a: Aerodactyl
|-end|p1a: Aerodactyl|Substitute
|
|-weather|Sandstorm|[upkeep]
|-damage|p2a: Aurora|53/100|[from] Sandstorm
|-heal|p2a: Aurora|59/100|[from] item: Leftovers
|upkeep
|turn|17
|
|t:|1727877553
|switch|p1a: Metagross|Metagross|28/100
|-damage|p1a: Metagross|15/100|[from] Spikes
|move|p2a: Aurora|Surf|p1a: Metagross
|-damage|p1a: Metagross|0 fnt
|faint|p1a: Metagross
|inactive|RevivalTyp has 270 seconds left.
|
|t:|1727877564
|switch|p1a: Celebi|Celebi|38/100
|-damage|p1a: Celebi|26/100|[from] Spikes
|
|-weather|Sandstorm|[upkeep]
|-damage|p1a: Celebi|19/100|[from] Sandstorm
|-damage|p2a: Aurora|53/100|[from] Sandstorm
|-heal|p1a: Celebi|26/100|[from] item: Leftovers
|-heal|p2a: Aurora|59/100|[from] item: Leftovers
|upkeep
|turn|18
|
|t:|1727877572
|move|p1a: Celebi|Recover|p1a: Celebi
|-heal|p1a: Celebi|76/100
|move|p2a: Aurora|Ice Beam|p1a: Celebi
|-supereffective|p1a: Celebi
|-damage|p1a: Celebi|32/100
|
|-weather|Sandstorm|[upkeep]
|-damage|p1a: Celebi|26/100|[from] Sandstorm
|-damage|p2a: Aurora|53/100|[from] Sandstorm
|-heal|p1a: Celebi|32/100|[from] item: Leftovers
|-heal|p2a: Aurora|59/100|[from] item: Leftovers
|upkeep
|turn|19
|
|t:|1727877584
|move|p1a: Celebi|Recover|p1a: Celebi
|-heal|p1a: Celebi|82/100
|move|p2a: Aurora|Calm Mind|p2a: Aurora
|-boost|p2a: Aurora|spa|1
|-boost|p2a: Aurora|spd|1
|
|-weather|Sandstorm|[upkeep]
|-damage|p1a: Celebi|76/100|[from] Sandstorm
|-damage|p2a: Aurora|53/100|[from] Sandstorm
|-heal|p1a: Celebi|82/100|[from] item: Leftovers
|-heal|p2a: Aurora|59/100|[from] item: Leftovers
|upkeep
|turn|20
|
|t:|1727877595
|move|p1a: Celebi|Leech Seed|p2a: Aurora
|-start|p2a: Aurora|move: Leech Seed
|move|p2a: Aurora|Ice Beam|p1a: Celebi
|-supereffective|p1a: Celebi
|-damage|p1a: Celebi|16/100
|
|-weather|Sandstorm|[upkeep]
|-damage|p1a: Celebi|10/100|[from] Sandstorm
|-damage|p2a: Aurora|53/100|[from] Sandstorm
|-heal|p1a: Celebi|16/100|[from] item: Leftovers
|-heal|p2a: Aurora|59/100|[from] item: Leftovers
|-damage|p2a: Aurora|46/100|[from] Leech Seed|[of] p1a: Celebi
|-heal|p1a: Celebi|29/100|[silent]
|upkeep
|turn|21
|
|t:|1727877607
|move|p1a: Celebi|Recover|p1a: Celebi
|-heal|p1a: Celebi|79/100
|move|p2a: Aurora|Ice Beam|p1a: Celebi
|-supereffective|p1a: Celebi
|-damage|p1a: Celebi|6/100
|
|-weather|Sandstorm|[upkeep]
|-damage|p1a: Celebi|0 fnt|[from] Sandstorm
|-damage|p2a: Aurora|40/100|[from] Sandstorm
|faint|p1a: Celebi
|-heal|p2a: Aurora|46/100|[from] item: Leftovers
|upkeep
|inactive|RevivalTyp has 270 seconds left.
|
|t:|1727877619
|switch|p1a: Aerodactyl|Aerodactyl, F|51/100
|turn|22
|
|t:|1727877627
|move|p1a: Aerodactyl|Substitute|p1a: Aerodactyl
|-start|p1a: Aerodactyl|Substitute
|-damage|p1a: Aerodactyl|26/100
|move|p2a: Aurora|Surf|p1a: Aerodactyl
|-supereffective|p1a: Aerodactyl
|-end|p1a: Aerodactyl|Substitute
|
|-weather|Sandstorm|[upkeep]
|-damage|p2a: Aurora|40/100|[from] Sandstorm
|-heal|p2a: Aurora|46/100|[from] item: Leftovers
|-damage|p2a: Aurora|34/100|[from] Leech Seed|[of] p1a: Aerodactyl
|-heal|p1a: Aerodactyl|42/100|[silent]
|upkeep
|turn|23
|
|t:|1727877646
|move|p1a: Aerodactyl|Substitute|p1a: Aerodactyl
|-start|p1a: Aerodactyl|Substitute
|-damage|p1a: Aerodactyl|17/100
|move|p2a: Aurora|Rest|p2a: Aurora
|-status|p2a: Aurora|slp|[from] move: Rest
|-heal|p2a: Aurora|100/100 slp|[silent]
|
|-weather|Sandstorm|[upkeep]
|-damage|p2a: Aurora|94/100 slp|[from] Sandstorm
|-enditem|p1a: Aerodactyl|Salac Berry|[eat]
|-boost|p1a: Aerodactyl|spe|1|[from] item: Salac Berry
|-heal|p2a: Aurora|100/100 slp|[from] item: Leftovers
|-damage|p2a: Aurora|88/100 slp|[from] Leech Seed|[of] p1a: Aerodactyl
|-heal|p1a: Aerodactyl|34/100|[silent]
|upkeep
|turn|24
|
|t:|1727877661
|switch|p2a: Despot|Tyranitar, M, shiny|100/100 slp
|-damage|p2a: Despot|88/100 slp|[from] Spikes
|move|p1a: Aerodactyl|Double-Edge|p2a: Despot
|-resisted|p2a: Despot
|-damage|p2a: Despot|74/100 slp
|
|-weather|Sandstorm|[upkeep]
|-heal|p2a: Despot|80/100 slp|[from] item: Leftovers
|upkeep
|turn|25
|
|t:|1727877680
|move|p1a: Aerodactyl|Earthquake|p2a: Despot
|-supereffective|p2a: Despot
|-damage|p2a: Despot|28/100 slp
|cant|p2a: Despot|slp
|
|-weather|Sandstorm|[upkeep]
|-heal|p2a: Despot|35/100 slp|[from] item: Leftovers
|upkeep
|turn|26
|
|t:|1727877690
|move|p1a: Aerodactyl|Earthquake|p2a: Despot
|-supereffective|p2a: Despot
|-damage|p2a: Despot|0 fnt
|faint|p2a: Despot
|
|t:|1727877702
|switch|p2a: Aurora|Suicune|88/100 slp
|-damage|p2a: Aurora|76/100 slp|[from] Spikes
|
|-weather|Sandstorm|[upkeep]
|-damage|p2a: Aurora|69/100 slp|[from] Sandstorm
|-heal|p2a: Aurora|76/100 slp|[from] item: Leftovers
|upkeep
|turn|27
|inactive|RevivalTyp has 270 seconds left.
|
|t:|1727877730
|move|p1a: Aerodactyl|Double-Edge|p2a: Aurora
|-damage|p2a: Aurora|49/100 slp
|cant|p2a: Aurora|slp
|
|-weather|Sandstorm|[upkeep]
|-damage|p2a: Aurora|43/100 slp|[from] Sandstorm
|-heal|p2a: Aurora|49/100 slp|[from] item: Leftovers
|upkeep
|turn|28
|inactive|RevivalTyp has 270 seconds left.
|
|t:|1727877738
|move|p1a: Aerodactyl|Double-Edge|p2a: Aurora
|-damage|p2a: Aurora|21/100 slp
|cant|p2a: Aurora|slp
|
|-weather|Sandstorm|[upkeep]
|-damage|p2a: Aurora|15/100 slp|[from] Sandstorm
|-heal|p2a: Aurora|21/100 slp|[from] item: Leftovers
|upkeep
|turn|29
|
|t:|1727877748
|move|p1a: Aerodactyl|Double-Edge|p2a: Aurora
|-damage|p2a: Aurora|0 fnt
|faint|p2a: Aurora
|
|t:|1727877751
|switch|p2a: Wyrm|Steelix, M|26/100
|-damage|p2a: Wyrm|14/100|[from] Spikes
|
|-weather|Sandstorm|[upkeep]
|-heal|p2a: Wyrm|20/100|[from] item: Leftovers
|upkeep
|turn|30
|
|t:|1727877757
|move|p1a: Aerodactyl|Earthquake|p2a: Wyrm
|-supereffective|p2a: Wyrm
|-damage|p2a: Wyrm|0 fnt
|faint|p2a: Wyrm
|
|t:|1727877759
|switch|p2a: Rocks Fall|Aerodactyl, F|100/100
|
|-weather|Sandstorm|[upkeep]
|upkeep
|turn|31
|
|t:|1727877772
|move|p1a: Aerodactyl|Rock Slide|p2a: Rocks Fall
|-supereffective|p2a: Rocks Fall
|-damage|p2a: Rocks Fall|0 fnt
|faint|p2a: Rocks Fall
|
|win|RevivalTyp
|c|☆Count Sliggoo II|Gg.
|c|☆RevivalTyp|gg one more

</script>
<script type="application/json" class="data" id="replaydata-smogtours-gen3ou-793932">
{"id":"smogtours-gen3ou-793932","format":"[Gen 3] OU","players":["RevivalTyp","Count Sliggoo II"],"uploadtime":1727877772,"views":89,"formatid":"gen3ou","rating":null,"private":0,"password":null}
</script>

<script defer src="js/replays.js?9d40a366"></script>
