<!DOCTYPE html>
<meta charset="utf-8" />
<meta name="viewport" content="width=device-width" />

<title>[Gen 3] OU: Girls See Ghosts vs. Precure Moonlight - Replays - Pok&eacute;mon Showdown!</title>

<meta name="description" content="Watch a replay of a Pok&eacute;mon battle between Girls See Ghosts and Precure Moonlight! Format: [Gen 3] OU; Date: Oct 14, 2024" />
<!--

Hey, you! Looking in the source for the replay log?

You can find them in JSON format, just add `.json` at the end of a replay URL.

https://replay.pokemonshowdown.com/gen7randomdoublesbattle-865046831.json

Or, if you only need the log itself, add `.log` instead:

https://replay.pokemonshowdown.com/gen7randomdoublesbattle-865046831.log

-->

<link rel="stylesheet" href="//pokemonshowdown.com/style/global.css?0.767286132409787" />
<link rel="stylesheet" href="//play.pokemonshowdown.com/style/font-awesome.css?0.9266228007934947" />
<link rel="stylesheet" href="//play.pokemonshowdown.com/style/battle.css?0.7924700842790926" />
<link rel="stylesheet" href="//play.pokemonshowdown.com/style/utilichart.css?0.8777417872839479" />

<!-- Global site tag (gtag.js) - Google Analytics -->
<script async src="https://www.googletagmanager.com/gtag/js?id=UA-26211653-1"></script>
<script>
  window.dataLayer = window.dataLayer || [];
  function gtag(){dataLayer.push(arguments);}
  gtag('js', new Date());

  gtag('config', 'UA-26211653-1');
</script>
<!-- End Google Analytics -->
<!-- Venatus Ad Manager - Install in <HEAD> of page -->
	<script src="https://hb.vntsm.com/v3/live/ad-manager.min.js" type="text/javascript" data-site-id="642aba63ec9a7b11c3c9c1be" data-mode="scan" async></script>
<!-- / Venatus Ad Manager -->

<style>
	@media (max-width:820px) {
		.battle {
			margin: 0 auto;
		}
		.battle-log {
			margin: 7px auto 0;
			max-width: 640px;
			height: 300px;
			position: static;
		}
	}
	.optgroup {
		display: inline-block;
		line-height: 22px;
		font-size: 10pt;
	}
	.optgroup .button {
		height: 25px;
		padding-top: 0;
		padding-bottom: 0;
	}
	.optgroup button.button {
		padding-left: 12px;
		padding-right: 12px;
	}
	.linklist {
		list-style: none;
		margin: 0.5em 0;
		padding: 0;
	}
	.linklist li {
		padding: 2px 0;
	}
	.sidebar {
		float: left;
		width: 320px;
	}
	.bar-wrapper {
		max-width: 1100px;
		margin: 0 auto;
	}
	.bar-wrapper.has-sidebar {
		max-width: 1430px;
	}
	.mainbar {
		margin: 0;
		padding-right: 1px;
	}
	.mainbar.has-sidebar {
		margin-left: 330px;
	}
	@media (min-width: 1511px) {
		.sidebar {
			width: 400px;
		}
		.bar-wrapper.has-sidebar {
			max-width: 1510px;
		}
		.mainbar.has-sidebar {
			margin-left: 410px;
		}
	}
	.section.first-section {
		margin-top: 9px;
	}
	.blocklink small {
		white-space: normal;
	}
	.button {
		vertical-align: middle;
	}
	.replay-controls {
		padding-top: 10px;
	}
	.replay-controls h1 {
		font-size: 16pt;
		font-weight: normal;
		color: #CCC;
	}
	.pagelink {
		text-align: center;
	}
	.pagelink a {
		width: 150px;
	}
	.textbox, .button {
		font-size: 11pt;
		vertical-align: middle;
	}
	@media (max-width: 450px) {
		.button {
			font-size: 9pt;
		}
	}
</style>

<div>

	<header>
		<div class="nav-wrapper"><ul class="nav">
			<li><a class="button nav-first" href="//pokemonshowdown.com/"><img src="//pokemonshowdown.com/images/pokemonshowdownbeta.png" srcset="//pokemonshowdown.com/images/pokemonshowdownbeta.png 1x, //pokemonshowdown.com/images/pokemonshowdownbeta@2x.png 2x" alt="Pok&eacute;mon Showdown" width="146" height="44" /> Home</a></li>
			<li><a class="button" href="//pokemonshowdown.com/dex/">Pok&eacute;dex</a></li>
			<li><a class="button cur" href="/">Replays</a></li>
			<li><a class="button" href="//pokemonshowdown.com/ladder/">Ladder</a></li>
			<li><a class="button nav-last" href="//pokemonshowdown.com/forums/">Forum</a></li>
			<li><a class="button greenbutton nav-first nav-last" href="//play.pokemonshowdown.com/">Play</a></li>
		</ul></div>
	</header>

	<div class="main" id="main">

		<noscript><section class="section">You need to enable JavaScript to use this page; sorry!</section></noscript>

	</div>

</div>

<script defer nomodule src="//play.pokemonshowdown.com/js/lib/ps-polyfill.js"></script>
<script defer src="//play.pokemonshowdown.com/js/lib/preact.min.js"></script>

<script defer src="//play.pokemonshowdown.com/config/config.js?6dec07f6"></script>
<script defer src="//play.pokemonshowdown.com/js/lib/jquery-1.11.0.min.js"></script>
<script defer src="//play.pokemonshowdown.com/js/lib/html-sanitizer-minified.js"></script>
<script defer src="//play.pokemonshowdown.com/js/battle-sound.js"></script>
<script defer src="//play.pokemonshowdown.com/js/battledata.js?0.6315294753075389"></script>
<script defer src="//play.pokemonshowdown.com/data/pokedex-mini.js?0.7603743185311358"></script>
<script defer src="//play.pokemonshowdown.com/data/pokedex-mini-bw.js?0.030888842834281283"></script>
<script defer src="//play.pokemonshowdown.com/data/graphics.js?0.05593094747507488"></script>
<script defer src="//play.pokemonshowdown.com/data/pokedex.js?0.47064822249611904"></script>
<script defer src="//play.pokemonshowdown.com/data/moves.js?0.8583693120512459"></script>
<script defer src="//play.pokemonshowdown.com/data/abilities.js?0.16017181182386842"></script>
<script defer src="//play.pokemonshowdown.com/data/items.js?0.4163379185673943"></script>
<script defer src="//play.pokemonshowdown.com/data/teambuilder-tables.js?0.31075597372830477"></script>
<script defer src="//play.pokemonshowdown.com/js/battle-tooltips.js?0.6536193500708172"></script>
<script defer src="//play.pokemonshowdown.com/js/battle.js?0.1916591943277901"></script>

<script defer src="js/utils.js?e31f9a17"></script>
<script defer src="js/replays-battle.js?7008c182"></script>

<!-- don't scrape this data! just add .json or .log after the URL!
Full API docs: https://github.com/smogon/pokemon-showdown-client/blob/master/WEB-API.md -->
<script type="text/plain" class="log" id="replaylog-smogtours-gen3ou-798686">
|inactive|Battle timer is ON: inactive players will automatically lose when time's up.
|t:|1728928873
|gametype|singles
|player|p1|Girls See Ghosts|phoebe-gen6|
|player|p2|Precure Moonlight|miku-ground|
|teamsize|p1|6
|teamsize|p2|6
|gen|3
|tier|[Gen 3] OU
|rule|Sleep Clause Mod: Limit one foe put to sleep
|rule|Switch Priority Clause Mod: Faster Pokémon switch first
|rule|Species Clause: Limit one of each Pokémon
|rule|OHKO Clause: OHKO moves are banned
|rule|Evasion Items Clause: Evasion items are banned
|rule|Evasion Moves Clause: Evasion moves are banned
|rule|Endless Battle Clause: Forcing endless battles is banned
|rule|HP Percentage Mod: HP is shown in percentages
|rule|One Boost Passer Clause: Limit one Baton Passer that has a way to boost its stats
|rule|Freeze Clause Mod: Limit one foe frozen
|
|t:|1728928873
|start
|switch|p1a: Do It For Her|Swampert, M|100/100
|switch|p2a: Tyranitar|Tyranitar, F|100/100
|-weather|Sandstorm|[from] ability: Sand Stream|[of] p2a: Tyranitar
|turn|1
|c|☆Girls See Ghosts|glhf
|c|☆Precure Moonlight|hf
|
|t:|1728928901
|switch|p2a: Blissey|Blissey, F|100/100
|move|p1a: Do It For Her|Surf|p2a: Blissey
|-damage|p2a: Blissey|88/100
|
|-weather|Sandstorm|[upkeep]
|-damage|p2a: Blissey|82/100|[from] Sandstorm
|-heal|p2a: Blissey|88/100|[from] item: Leftovers
|upkeep
|turn|2
|
|t:|1728928919
|switch|p2a: Skarmory|Skarmory, M|100/100
|switch|p1a: Aquamarine|Celebi|100/100
|
|-weather|Sandstorm|[upkeep]
|-damage|p1a: Aquamarine|94/100|[from] Sandstorm
|-heal|p1a: Aquamarine|100/100|[from] item: Leftovers
|upkeep
|turn|3
|inactive|Girls See Ghosts has 270 seconds left.
|
|t:|1728928958
|move|p1a: Aquamarine|Leech Seed|p2a: Skarmory
|-start|p2a: Skarmory|move: Leech Seed
|move|p2a: Skarmory|Spikes|p1a: Aquamarine
|-sidestart|p1: Girls See Ghosts|Spikes
|
|-weather|Sandstorm|[upkeep]
|-damage|p1a: Aquamarine|94/100|[from] Sandstorm
|-heal|p1a: Aquamarine|100/100|[from] item: Leftovers
|-damage|p2a: Skarmory|88/100|[from] Leech Seed|[of] p1a: Aquamarine
|upkeep
|turn|4
|
|t:|1728928975
|switch|p1a: Gem Bud|Starmie|100/100
|-damage|p1a: Gem Bud|88/100|[from] Spikes
|switch|p2a: Tyranitar|Tyranitar, F|100/100
|
|-weather|Sandstorm|[upkeep]
|-damage|p1a: Gem Bud|82/100|[from] Sandstorm
|-heal|p1a: Gem Bud|88/100|[from] item: Leftovers
|upkeep
|turn|5
|
|t:|1728928985
|switch|p2a: Blissey|Blissey, F|88/100
|move|p1a: Gem Bud|Surf|p2a: Blissey
|-damage|p2a: Blissey|74/100
|
|-weather|Sandstorm|[upkeep]
|-damage|p1a: Gem Bud|82/100|[from] Sandstorm
|-damage|p2a: Blissey|68/100|[from] Sandstorm
|-heal|p1a: Gem Bud|88/100|[from] item: Leftovers
|-heal|p2a: Blissey|74/100|[from] item: Leftovers
|upkeep
|turn|6
|
|t:|1728928995
|move|p1a: Gem Bud|Rapid Spin|p2a: Blissey
|-damage|p2a: Blissey|71/100
|-sideend|p1: Girls See Ghosts|Spikes|[from] move: Rapid Spin|[of] p1a: Gem Bud
|move|p2a: Blissey|Seismic Toss|p1a: Gem Bud
|-damage|p1a: Gem Bud|57/100
|
|-weather|Sandstorm|[upkeep]
|-damage|p1a: Gem Bud|51/100|[from] Sandstorm
|-damage|p2a: Blissey|65/100|[from] Sandstorm
|-heal|p1a: Gem Bud|57/100|[from] item: Leftovers
|-heal|p2a: Blissey|71/100|[from] item: Leftovers
|upkeep
|turn|7
|
|t:|1728929024
|move|p1a: Gem Bud|Recover|p1a: Gem Bud
|-heal|p1a: Gem Bud|100/100
|move|p2a: Blissey|Toxic|p1a: Gem Bud
|-status|p1a: Gem Bud|tox
|
|-weather|Sandstorm|[upkeep]
|-damage|p1a: Gem Bud|94/100 tox|[from] Sandstorm
|-damage|p2a: Blissey|65/100|[from] Sandstorm
|-heal|p1a: Gem Bud|100/100 tox|[from] item: Leftovers
|-damage|p1a: Gem Bud|94/100 tox|[from] psn
|-heal|p2a: Blissey|71/100|[from] item: Leftovers
|upkeep
|turn|8
|
|t:|1728929034
|-curestatus|p1a: Gem Bud|tox|[from] ability: Natural Cure
|switch|p1a: Escapism|Skarmory, M|100/100
|move|p2a: Blissey|Toxic|p1a: Escapism
|-immune|p1a: Escapism
|
|-weather|Sandstorm|[upkeep]
|-damage|p2a: Blissey|65/100|[from] Sandstorm
|-heal|p2a: Blissey|71/100|[from] item: Leftovers
|upkeep
|turn|9
|
|t:|1728929048
|switch|p2a: Moltres|Moltres|100/100
|move|p1a: Escapism|Spikes|p2a: Moltres
|-sidestart|p2: Precure Moonlight|Spikes
|
|-weather|Sandstorm|[upkeep]
|-damage|p2a: Moltres|94/100|[from] Sandstorm
|-heal|p2a: Moltres|100/100|[from] item: Leftovers
|upkeep
|turn|10
|
|t:|1728929060
|switch|p1a: Love Like You|Blissey, F|100/100
|move|p2a: Moltres|Flamethrower|p1a: Love Like You
|-damage|p1a: Love Like You|80/100
|
|-weather|Sandstorm|[upkeep]
|-damage|p2a: Moltres|94/100|[from] Sandstorm
|-damage|p1a: Love Like You|73/100|[from] Sandstorm
|-heal|p2a: Moltres|100/100|[from] item: Leftovers
|-heal|p1a: Love Like You|80/100|[from] item: Leftovers
|upkeep
|turn|11
|inactive|Precure Moonlight has 270 seconds left.
|
|t:|1728929092
|switch|p2a: Tyranitar|Tyranitar, F|100/100
|-damage|p2a: Tyranitar|88/100|[from] Spikes
|move|p1a: Love Like You|Seismic Toss|p2a: Tyranitar
|-damage|p2a: Tyranitar|63/100
|
|-weather|Sandstorm|[upkeep]
|-damage|p1a: Love Like You|73/100|[from] Sandstorm
|-heal|p2a: Tyranitar|70/100|[from] item: Leftovers
|-heal|p1a: Love Like You|80/100|[from] item: Leftovers
|upkeep
|turn|12
|inactive|Girls See Ghosts has 270 seconds left.
|
|t:|1728929126
|-singleturn|p2a: Tyranitar|move: Focus Punch
|switch|p1a: Do It For Her|Swampert, M|100/100
|move|p2a: Tyranitar|Focus Punch|p1a: Do It For Her
|-damage|p1a: Do It For Her|62/100
|
|-weather|Sandstorm|[upkeep]
|-heal|p2a: Tyranitar|76/100|[from] item: Leftovers
|-heal|p1a: Do It For Her|68/100|[from] item: Leftovers
|upkeep
|turn|13
|inactive|Girls See Ghosts has 270 seconds left.
|
|t:|1728929150
|switch|p2a: Blissey|Blissey, F|71/100
|-damage|p2a: Blissey|59/100|[from] Spikes
|move|p1a: Do It For Her|Roar|p2a: Blissey
|drag|p2a: Moltres|Moltres|100/100
|
|-weather|Sandstorm|[upkeep]
|-damage|p2a: Moltres|94/100|[from] Sandstorm
|-heal|p2a: Moltres|100/100|[from] item: Leftovers
|-heal|p1a: Do It For Her|74/100|[from] item: Leftovers
|upkeep
|turn|14
|
|t:|1728929164
|switch|p1a: Love Like You|Blissey, F|80/100
|move|p2a: Moltres|Will-O-Wisp|p1a: Love Like You
|-status|p1a: Love Like You|brn
|
|-weather|Sandstorm|[upkeep]
|-damage|p2a: Moltres|94/100|[from] Sandstorm
|-damage|p1a: Love Like You|73/100 brn|[from] Sandstorm
|-heal|p2a: Moltres|100/100|[from] item: Leftovers
|-heal|p1a: Love Like You|80/100 brn|[from] item: Leftovers
|-damage|p1a: Love Like You|67/100 brn|[from] brn
|upkeep
|turn|15
|
|t:|1728929181
|switch|p2a: Skarmory|Skarmory, M|88/100
|-curestatus|p1a: Love Like You|brn|[from] ability: Natural Cure
|switch|p1a: Topaz|Dugtrio, F|100/100
|
|-weather|Sandstorm|[upkeep]
|-heal|p2a: Skarmory|94/100|[from] item: Leftovers
|upkeep
|turn|16
|
|t:|1728929195
|switch|p1a: Gem Bud|Starmie|94/100
|move|p2a: Skarmory|Spikes|p1a: Gem Bud
|-sidestart|p1: Girls See Ghosts|Spikes
|
|-weather|Sandstorm|[upkeep]
|-damage|p1a: Gem Bud|88/100|[from] Sandstorm
|-heal|p1a: Gem Bud|94/100|[from] item: Leftovers
|-heal|p2a: Skarmory|99/100|[from] item: Leftovers
|upkeep
|turn|17
|inactive|Girls See Ghosts has 270 seconds left.
|
|t:|1728929217
|switch|p1a: Topaz|Dugtrio, F|100/100
|-damage|p1a: Topaz|88/100|[from] Spikes
|switch|p2a: Blissey|Blissey, F|59/100
|-damage|p2a: Blissey|46/100|[from] Spikes
|
|-weather|Sandstorm|[upkeep]
|-damage|p2a: Blissey|40/100|[from] Sandstorm
|-heal|p2a: Blissey|46/100|[from] item: Leftovers
|upkeep
|turn|18
|
|t:|1728929227
|move|p1a: Topaz|Earthquake|p2a: Blissey
|-damage|p2a: Blissey|0 fnt
|faint|p2a: Blissey
|
|t:|1728929232
|switch|p2a: Moltres|Moltres|100/100
|
|-weather|Sandstorm|[upkeep]
|-damage|p2a: Moltres|94/100|[from] Sandstorm
|-heal|p2a: Moltres|100/100|[from] item: Leftovers
|upkeep
|turn|19
|inactive|Girls See Ghosts has 270 seconds left.
|inactive|Precure Moonlight has 240 seconds left.
|inactive|Precure Moonlight has 210 seconds left.
|
|t:|1728929292
|switch|p1a: Love Like You|Blissey, F|67/100
|-damage|p1a: Love Like You|55/100|[from] Spikes
|move|p2a: Moltres|Flamethrower|p1a: Love Like You
|-damage|p1a: Love Like You|36/100
|
|-weather|Sandstorm|[upkeep]
|-damage|p2a: Moltres|94/100|[from] Sandstorm
|-damage|p1a: Love Like You|30/100|[from] Sandstorm
|-heal|p2a: Moltres|100/100|[from] item: Leftovers
|-heal|p1a: Love Like You|36/100|[from] item: Leftovers
|upkeep
|turn|20
|inactive|Girls See Ghosts has 270 seconds left.
|inactive|Precure Moonlight has 210 seconds left.
|
|t:|1728929330
|switch|p2a: Tyranitar|Tyranitar, F|76/100
|-damage|p2a: Tyranitar|63/100|[from] Spikes
|move|p1a: Love Like You|Soft-Boiled|p1a: Love Like You
|-heal|p1a: Love Like You|86/100
|
|-weather|Sandstorm|[upkeep]
|-damage|p1a: Love Like You|80/100|[from] Sandstorm
|-heal|p2a: Tyranitar|70/100|[from] item: Leftovers
|-heal|p1a: Love Like You|86/100|[from] item: Leftovers
|upkeep
|turn|21
|inactive|Girls See Ghosts has 270 seconds left.
|inactive|Precure Moonlight has 180 seconds left.
|
|t:|1728929370
|-singleturn|p2a: Tyranitar|move: Focus Punch
|switch|p1a: Escapism|Skarmory, M|100/100
|move|p2a: Tyranitar|Focus Punch|p1a: Escapism
|-damage|p1a: Escapism|60/100
|
|-weather|Sandstorm|[upkeep]
|-heal|p2a: Tyranitar|76/100|[from] item: Leftovers
|-heal|p1a: Escapism|66/100|[from] item: Leftovers
|upkeep
|turn|22
|
|t:|1728929380
|move|p2a: Tyranitar|Taunt|p1a: Escapism
|-start|p1a: Escapism|move: Taunt
|cant|p1a: Escapism|move: Taunt|Toxic
|
|-weather|Sandstorm|[upkeep]
|-heal|p2a: Tyranitar|82/100|[from] item: Leftovers
|-heal|p1a: Escapism|72/100|[from] item: Leftovers
|upkeep
|turn|23
|
|t:|1728929399
|switch|p2a: Moltres|Moltres|100/100
|move|p1a: Escapism|Drill Peck|p2a: Moltres
|-crit|p2a: Moltres
|-damage|p2a: Moltres|44/100
|
|-weather|Sandstorm|[upkeep]
|-damage|p2a: Moltres|38/100|[from] Sandstorm
|-heal|p2a: Moltres|44/100|[from] item: Leftovers
|-heal|p1a: Escapism|78/100|[from] item: Leftovers
|-end|p1a: Escapism|move: Taunt|[silent]
|upkeep
|turn|24
|inactive|Precure Moonlight has 150 seconds left.
|
|t:|1728929421
|switch|p1a: Love Like You|Blissey, F|86/100
|-damage|p1a: Love Like You|74/100|[from] Spikes
|move|p2a: Moltres|Will-O-Wisp|p1a: Love Like You
|-status|p1a: Love Like You|brn
|
|-weather|Sandstorm|[upkeep]
|-damage|p2a: Moltres|38/100|[from] Sandstorm
|-damage|p1a: Love Like You|67/100 brn|[from] Sandstorm
|-heal|p2a: Moltres|44/100|[from] item: Leftovers
|-heal|p1a: Love Like You|74/100 brn|[from] item: Leftovers
|-damage|p1a: Love Like You|61/100 brn|[from] brn
|upkeep
|turn|25
|inactive|Precure Moonlight has 150 seconds left.
|
|t:|1728929433
|switch|p2a: Tyranitar|Tyranitar, F|82/100
|-damage|p2a: Tyranitar|70/100|[from] Spikes
|move|p1a: Love Like You|Seismic Toss|p2a: Tyranitar
|-damage|p2a: Tyranitar|45/100
|
|-weather|Sandstorm|[upkeep]
|-damage|p1a: Love Like You|55/100 brn|[from] Sandstorm
|-heal|p2a: Tyranitar|51/100|[from] item: Leftovers
|-heal|p1a: Love Like You|61/100 brn|[from] item: Leftovers
|-damage|p1a: Love Like You|49/100 brn|[from] brn
|upkeep
|turn|26
|inactive|Precure Moonlight has 150 seconds left.
|
|t:|1728929444
|-singleturn|p2a: Tyranitar|move: Focus Punch
|-curestatus|p1a: Love Like You|brn|[from] ability: Natural Cure
|switch|p1a: Do It For Her|Swampert, M|74/100
|-damage|p1a: Do It For Her|62/100|[from] Spikes
|move|p2a: Tyranitar|Focus Punch|p1a: Do It For Her
|-damage|p1a: Do It For Her|22/100
|
|-weather|Sandstorm|[upkeep]
|-heal|p2a: Tyranitar|57/100|[from] item: Leftovers
|-heal|p1a: Do It For Her|29/100|[from] item: Leftovers
|upkeep
|turn|27
|inactive|Precure Moonlight has 150 seconds left.
|
|t:|1728929460
|move|p2a: Tyranitar|Earthquake|p1a: Do It For Her
|-damage|p1a: Do It For Her|3/100
|move|p1a: Do It For Her|Surf|p2a: Tyranitar
|-supereffective|p2a: Tyranitar
|-damage|p2a: Tyranitar|0 fnt
|faint|p2a: Tyranitar
|
|t:|1728929474
|switch|p2a: Moltres|Moltres|44/100
|
|-weather|Sandstorm|[upkeep]
|-damage|p2a: Moltres|38/100|[from] Sandstorm
|-heal|p2a: Moltres|44/100|[from] item: Leftovers
|-heal|p1a: Do It For Her|9/100|[from] item: Leftovers
|upkeep
|turn|28
|
|t:|1728929482
|move|p2a: Moltres|Flamethrower|p1a: Do It For Her
|-resisted|p1a: Do It For Her
|-damage|p1a: Do It For Her|0 fnt
|faint|p1a: Do It For Her
|
|t:|1728929491
|switch|p1a: Love Like You|Blissey, F|49/100
|-damage|p1a: Love Like You|36/100|[from] Spikes
|
|-weather|Sandstorm|[upkeep]
|-damage|p2a: Moltres|38/100|[from] Sandstorm
|-damage|p1a: Love Like You|30/100|[from] Sandstorm
|-heal|p2a: Moltres|44/100|[from] item: Leftovers
|-heal|p1a: Love Like You|36/100|[from] item: Leftovers
|upkeep
|turn|29
|inactive|Precure Moonlight has 150 seconds left.
|inactive|Precure Moonlight has 120 seconds left.
|inactive|Precure Moonlight has 90 seconds left.
|inactive|Precure Moonlight has 60 seconds left.
|
|t:|1728929600
|switch|p2a: Gengar|Gengar, F|100/100
|move|p1a: Love Like You|Soft-Boiled|p1a: Love Like You
|-heal|p1a: Love Like You|86/100
|
|-weather|Sandstorm|[upkeep]
|-damage|p2a: Gengar|94/100|[from] Sandstorm
|-damage|p1a: Love Like You|80/100|[from] Sandstorm
|-heal|p2a: Gengar|100/100|[from] item: Leftovers
|-heal|p1a: Love Like You|86/100|[from] item: Leftovers
|upkeep
|turn|30
|
|t:|1728929625
|move|p2a: Gengar|Thunderbolt|p1a: Love Like You
|-damage|p1a: Love Like You|76/100
|move|p1a: Love Like You|Flamethrower|p2a: Gengar
|-damage|p2a: Gengar|82/100
|
|-weather|Sandstorm|[upkeep]
|-damage|p2a: Gengar|75/100|[from] Sandstorm
|-damage|p1a: Love Like You|70/100|[from] Sandstorm
|-heal|p2a: Gengar|82/100|[from] item: Leftovers
|-heal|p1a: Love Like You|76/100|[from] item: Leftovers
|upkeep
|turn|31
|
|t:|1728929635
|move|p2a: Gengar|Will-O-Wisp|p1a: Love Like You
|-status|p1a: Love Like You|brn
|move|p1a: Love Like You|Soft-Boiled|p1a: Love Like You
|-heal|p1a: Love Like You|100/100 brn
|
|-weather|Sandstorm|[upkeep]
|-damage|p2a: Gengar|75/100|[from] Sandstorm
|-damage|p1a: Love Like You|94/100 brn|[from] Sandstorm
|-heal|p2a: Gengar|82/100|[from] item: Leftovers
|-heal|p1a: Love Like You|100/100 brn|[from] item: Leftovers
|-damage|p1a: Love Like You|88/100 brn|[from] brn
|upkeep
|turn|32
|
|t:|1728929650
|move|p2a: Gengar|Will-O-Wisp|p1a: Love Like You
|-fail|p1a: Love Like You|brn
|move|p1a: Love Like You|Flamethrower|p2a: Gengar
|-damage|p2a: Gengar|63/100
|
|-weather|Sandstorm|[upkeep]
|-damage|p2a: Gengar|57/100|[from] Sandstorm
|-damage|p1a: Love Like You|82/100 brn|[from] Sandstorm
|-heal|p2a: Gengar|63/100|[from] item: Leftovers
|-heal|p1a: Love Like You|88/100 brn|[from] item: Leftovers
|-damage|p1a: Love Like You|75/100 brn|[from] brn
|upkeep
|turn|33
|
|t:|1728929661
|move|p2a: Gengar|Taunt|p1a: Love Like You
|-start|p1a: Love Like You|move: Taunt
|cant|p1a: Love Like You|move: Taunt|Soft-Boiled
|
|-weather|Sandstorm|[upkeep]
|-damage|p2a: Gengar|57/100|[from] Sandstorm
|-damage|p1a: Love Like You|69/100 brn|[from] Sandstorm
|-heal|p2a: Gengar|63/100|[from] item: Leftovers
|-heal|p1a: Love Like You|75/100 brn|[from] item: Leftovers
|-damage|p1a: Love Like You|63/100 brn|[from] brn
|upkeep
|turn|34
|
|t:|1728929672
|-curestatus|p1a: Love Like You|brn|[from] ability: Natural Cure
|switch|p1a: Aquamarine|Celebi|100/100
|-damage|p1a: Aquamarine|88/100|[from] Spikes
|move|p2a: Gengar|Thunderbolt|p1a: Aquamarine
|-resisted|p1a: Aquamarine
|-damage|p1a: Aquamarine|77/100
|
|-weather|Sandstorm|[upkeep]
|-damage|p2a: Gengar|57/100|[from] Sandstorm
|-damage|p1a: Aquamarine|71/100|[from] Sandstorm
|-heal|p2a: Gengar|63/100|[from] item: Leftovers
|-heal|p1a: Aquamarine|77/100|[from] item: Leftovers
|upkeep
|turn|35
|
|t:|1728929683
|switch|p2a: Moltres|Moltres|44/100
|move|p1a: Aquamarine|Psychic|p2a: Moltres
|-damage|p2a: Moltres|6/100
|
|-weather|Sandstorm|[upkeep]
|-damage|p1a: Aquamarine|71/100|[from] Sandstorm
|-damage|p2a: Moltres|0 fnt|[from] Sandstorm
|faint|p2a: Moltres
|-heal|p1a: Aquamarine|77/100|[from] item: Leftovers
|upkeep
|
|t:|1728929696
|switch|p2a: Gengar|Gengar, F|63/100
|turn|36
|
|t:|1728929704
|move|p2a: Gengar|Ice Punch|p1a: Aquamarine
|-supereffective|p1a: Aquamarine
|-damage|p1a: Aquamarine|37/100
|move|p1a: Aquamarine|Psychic|p2a: Gengar
|-supereffective|p2a: Gengar
|-damage|p2a: Gengar|0 fnt
|faint|p2a: Gengar
|
|t:|1728929712
|switch|p2a: Skarmory|Skarmory, M|99/100
|
|-weather|Sandstorm|[upkeep]
|-damage|p1a: Aquamarine|31/100|[from] Sandstorm
|-heal|p1a: Aquamarine|37/100|[from] item: Leftovers
|-heal|p2a: Skarmory|100/100|[from] item: Leftovers
|upkeep
|turn|37
|
|t:|1728929722
|move|p1a: Aquamarine|Recover|p1a: Aquamarine
|-heal|p1a: Aquamarine|87/100
|move|p2a: Skarmory|Roar|p1a: Aquamarine
|drag|p1a: Gem Bud|Starmie|94/100
|-damage|p1a: Gem Bud|82/100|[from] Spikes
|
|-weather|Sandstorm|[upkeep]
|-damage|p1a: Gem Bud|76/100|[from] Sandstorm
|-heal|p1a: Gem Bud|82/100|[from] item: Leftovers
|upkeep
|turn|38
|c|☆Precure Moonlight|gg
|inactive|Precure Moonlight has 60 seconds left.
|c|☆Girls See Ghosts|gg
|-message|Precure Moonlight forfeited.
|
|win|Girls See Ghosts

</script>
<script type="application/json" class="data" id="replaydata-smogtours-gen3ou-798686">
{"id":"smogtours-gen3ou-798686","format":"[Gen 3] OU","players":["Girls See Ghosts","Precure Moonlight"],"uploadtime":1728929730,"views":85,"formatid":"gen3ou","rating":null,"private":0,"password":null}
</script>

<script defer src="js/replays.js?9d40a366"></script>
