<!DOCTYPE html>
<meta charset="utf-8" />
<meta name="viewport" content="width=device-width" />

<title>[Gen 3] OU: cremozar vs. gourgeist enjoyer - Replays - Pok&eacute;mon Showdown!</title>

<meta name="description" content="Watch a replay of a Pok&eacute;mon battle between cremozar and gourgeist enjoyer! Format: [Gen 3] OU; Date: Oct 11, 2024" />
<!--

Hey, you! Looking in the source for the replay log?

You can find them in JSON format, just add `.json` at the end of a replay URL.

https://replay.pokemonshowdown.com/gen7randomdoublesbattle-865046831.json

Or, if you only need the log itself, add `.log` instead:

https://replay.pokemonshowdown.com/gen7randomdoublesbattle-865046831.log

-->

<link rel="stylesheet" href="//pokemonshowdown.com/style/global.css?0.767286132409787" />
<link rel="stylesheet" href="//play.pokemonshowdown.com/style/font-awesome.css?0.9266228007934947" />
<link rel="stylesheet" href="//play.pokemonshowdown.com/style/battle.css?0.7924700842790926" />
<link rel="stylesheet" href="//play.pokemonshowdown.com/style/utilichart.css?0.8777417872839479" />

<!-- Global site tag (gtag.js) - Google Analytics -->
<script async src="https://www.googletagmanager.com/gtag/js?id=UA-26211653-1"></script>
<script>
  window.dataLayer = window.dataLayer || [];
  function gtag(){dataLayer.push(arguments);}
  gtag('js', new Date());

  gtag('config', 'UA-26211653-1');
</script>
<!-- End Google Analytics -->
<!-- Venatus Ad Manager - Install in <HEAD> of page -->
	<script src="https://hb.vntsm.com/v3/live/ad-manager.min.js" type="text/javascript" data-site-id="642aba63ec9a7b11c3c9c1be" data-mode="scan" async></script>
<!-- / Venatus Ad Manager -->

<style>
	@media (max-width:820px) {
		.battle {
			margin: 0 auto;
		}
		.battle-log {
			margin: 7px auto 0;
			max-width: 640px;
			height: 300px;
			position: static;
		}
	}
	.optgroup {
		display: inline-block;
		line-height: 22px;
		font-size: 10pt;
	}
	.optgroup .button {
		height: 25px;
		padding-top: 0;
		padding-bottom: 0;
	}
	.optgroup button.button {
		padding-left: 12px;
		padding-right: 12px;
	}
	.linklist {
		list-style: none;
		margin: 0.5em 0;
		padding: 0;
	}
	.linklist li {
		padding: 2px 0;
	}
	.sidebar {
		float: left;
		width: 320px;
	}
	.bar-wrapper {
		max-width: 1100px;
		margin: 0 auto;
	}
	.bar-wrapper.has-sidebar {
		max-width: 1430px;
	}
	.mainbar {
		margin: 0;
		padding-right: 1px;
	}
	.mainbar.has-sidebar {
		margin-left: 330px;
	}
	@media (min-width: 1511px) {
		.sidebar {
			width: 400px;
		}
		.bar-wrapper.has-sidebar {
			max-width: 1510px;
		}
		.mainbar.has-sidebar {
			margin-left: 410px;
		}
	}
	.section.first-section {
		margin-top: 9px;
	}
	.blocklink small {
		white-space: normal;
	}
	.button {
		vertical-align: middle;
	}
	.replay-controls {
		padding-top: 10px;
	}
	.replay-controls h1 {
		font-size: 16pt;
		font-weight: normal;
		color: #CCC;
	}
	.pagelink {
		text-align: center;
	}
	.pagelink a {
		width: 150px;
	}
	.textbox, .button {
		font-size: 11pt;
		vertical-align: middle;
	}
	@media (max-width: 450px) {
		.button {
			font-size: 9pt;
		}
	}
</style>

<div>

	<header>
		<div class="nav-wrapper"><ul class="nav">
			<li><a class="button nav-first" href="//pokemonshowdown.com/"><img src="//pokemonshowdown.com/images/pokemonshowdownbeta.png" srcset="//pokemonshowdown.com/images/pokemonshowdownbeta.png 1x, //pokemonshowdown.com/images/pokemonshowdownbeta@2x.png 2x" alt="Pok&eacute;mon Showdown" width="146" height="44" /> Home</a></li>
			<li><a class="button" href="//pokemonshowdown.com/dex/">Pok&eacute;dex</a></li>
			<li><a class="button cur" href="/">Replays</a></li>
			<li><a class="button" href="//pokemonshowdown.com/ladder/">Ladder</a></li>
			<li><a class="button nav-last" href="//pokemonshowdown.com/forums/">Forum</a></li>
			<li><a class="button greenbutton nav-first nav-last" href="//play.pokemonshowdown.com/">Play</a></li>
		</ul></div>
	</header>

	<div class="main" id="main">

		<noscript><section class="section">You need to enable JavaScript to use this page; sorry!</section></noscript>

	</div>

</div>

<script defer nomodule src="//play.pokemonshowdown.com/js/lib/ps-polyfill.js"></script>
<script defer src="//play.pokemonshowdown.com/js/lib/preact.min.js"></script>

<script defer src="//play.pokemonshowdown.com/config/config.js?6dec07f6"></script>
<script defer src="//play.pokemonshowdown.com/js/lib/jquery-1.11.0.min.js"></script>
<script defer src="//play.pokemonshowdown.com/js/lib/html-sanitizer-minified.js"></script>
<script defer src="//play.pokemonshowdown.com/js/battle-sound.js"></script>
<script defer src="//play.pokemonshowdown.com/js/battledata.js?0.6315294753075389"></script>
<script defer src="//play.pokemonshowdown.com/data/pokedex-mini.js?0.7603743185311358"></script>
<script defer src="//play.pokemonshowdown.com/data/pokedex-mini-bw.js?0.030888842834281283"></script>
<script defer src="//play.pokemonshowdown.com/data/graphics.js?0.05593094747507488"></script>
<script defer src="//play.pokemonshowdown.com/data/pokedex.js?0.47064822249611904"></script>
<script defer src="//play.pokemonshowdown.com/data/moves.js?0.8583693120512459"></script>
<script defer src="//play.pokemonshowdown.com/data/abilities.js?0.16017181182386842"></script>
<script defer src="//play.pokemonshowdown.com/data/items.js?0.4163379185673943"></script>
<script defer src="//play.pokemonshowdown.com/data/teambuilder-tables.js?0.31075597372830477"></script>
<script defer src="//play.pokemonshowdown.com/js/battle-tooltips.js?0.6536193500708172"></script>
<script defer src="//play.pokemonshowdown.com/js/battle.js?0.1916591943277901"></script>

<script defer src="js/utils.js?e31f9a17"></script>
<script defer src="js/replays-battle.js?7008c182"></script>

<!-- don't scrape this data! just add .json or .log after the URL!
Full API docs: https://github.com/smogon/pokemon-showdown-client/blob/master/WEB-API.md -->
<script type="text/plain" class="log" id="replaylog-smogtours-gen3ou-797128">
|inactive|Battle timer is ON: inactive players will automatically lose when time's up.
|t:|1728615985
|gametype|singles
|player|p1|cremozar|1|
|player|p2|gourgeist enjoyer|266|
|teamsize|p1|6
|teamsize|p2|6
|gen|3
|tier|[Gen 3] OU
|rule|Sleep Clause Mod: Limit one foe put to sleep
|rule|Switch Priority Clause Mod: Faster Pokémon switch first
|rule|Species Clause: Limit one of each Pokémon
|rule|OHKO Clause: OHKO moves are banned
|rule|Evasion Items Clause: Evasion items are banned
|rule|Evasion Moves Clause: Evasion moves are banned
|rule|Endless Battle Clause: Forcing endless battles is banned
|rule|HP Percentage Mod: HP is shown in percentages
|rule|One Boost Passer Clause: Limit one Baton Passer that has a way to boost its stats
|rule|Freeze Clause Mod: Limit one foe frozen
|
|t:|1728615985
|start
|switch|p1a: Simba|Raikou|100/100
|switch|p2a: Salamence|Salamence, F|100/100
|-ability|p2a: Salamence|Intimidate|boost
|-unboost|p1a: Simba|atk|1
|turn|1
|
|t:|1728615992
|switch|p2a: Metagross|Metagross|100/100
|move|p1a: Simba|Hidden Power|p2a: Metagross
|-resisted|p2a: Metagross
|-damage|p2a: Metagross|88/100
|
|-heal|p2a: Metagross|94/100|[from] item: Leftovers
|upkeep
|turn|2
|
|t:|1728615996
|move|p1a: Simba|Thunderbolt|p2a: Metagross
|-damage|p2a: Metagross|44/100
|-status|p2a: Metagross|par
|move|p2a: Metagross|Meteor Mash|p1a: Simba
|-resisted|p1a: Simba
|-damage|p1a: Simba|62/100
|-boost|p2a: Metagross|atk|1
|
|-heal|p1a: Simba|69/100|[from] item: Leftovers
|-heal|p2a: Metagross|50/100 par|[from] item: Leftovers
|upkeep
|turn|3
|
|t:|1728616000
|switch|p2a: Blissey|Blissey, F|100/100
|move|p1a: Simba|Thunderbolt|p2a: Blissey
|-damage|p2a: Blissey|83/100
|
|-heal|p1a: Simba|75/100|[from] item: Leftovers
|-heal|p2a: Blissey|89/100|[from] item: Leftovers
|upkeep
|turn|4
|
|t:|1728616004
|move|p1a: Simba|Toxic|p2a: Blissey
|-status|p2a: Blissey|tox
|move|p2a: Blissey|Toxic|p1a: Simba
|-status|p1a: Simba|tox
|
|-heal|p1a: Simba|81/100 tox|[from] item: Leftovers
|-damage|p1a: Simba|75/100 tox|[from] psn
|-heal|p2a: Blissey|95/100 tox|[from] item: Leftovers
|-damage|p2a: Blissey|89/100 tox|[from] psn
|upkeep
|turn|5
|
|t:|1728616007
|move|p1a: Simba|Thunderbolt|p2a: Blissey
|-damage|p2a: Blissey|72/100 tox
|move|p2a: Blissey|Ice Beam|p1a: Simba
|-damage|p1a: Simba|56/100 tox
|
|-heal|p1a: Simba|62/100 tox|[from] item: Leftovers
|-damage|p1a: Simba|49/100 tox|[from] psn
|-heal|p2a: Blissey|78/100 tox|[from] item: Leftovers
|-damage|p2a: Blissey|65/100 tox|[from] psn
|upkeep
|turn|6
|
|t:|1728616011
|move|p1a: Simba|Thunderbolt|p2a: Blissey
|-damage|p2a: Blissey|48/100 tox
|move|p2a: Blissey|Heal Bell|p2a: Blissey
|-activate|p2a: Blissey|move: Heal Bell
|-curestatus|p2a: Blissey|tox|[silent]
|-curestatus|p2: Metagross|par|[silent]
|
|-heal|p1a: Simba|56/100 tox|[from] item: Leftovers
|-damage|p1a: Simba|37/100 tox|[from] psn
|-heal|p2a: Blissey|54/100|[from] item: Leftovers
|upkeep
|turn|7
|
|t:|1728616015
|switch|p1a: Metagross|Metagross|100/100
|move|p2a: Blissey|Soft-Boiled|p2a: Blissey
|-heal|p2a: Blissey|100/100
|
|upkeep
|turn|8
|
|t:|1728616020
|switch|p2a: Swampert|Swampert, F|100/100
|move|p1a: Metagross|Meteor Mash|p2a: Swampert
|-resisted|p2a: Swampert
|-damage|p2a: Swampert|60/100
|-boost|p1a: Metagross|atk|1
|
|-heal|p2a: Swampert|66/100|[from] item: Leftovers
|upkeep
|turn|9
|
|t:|1728616022
|move|p1a: Metagross|Meteor Mash|p2a: Swampert
|-resisted|p2a: Swampert
|-damage|p2a: Swampert|0 fnt
|faint|p2a: Swampert
|
|t:|1728616028
|switch|p2a: Salamence|Salamence, F|100/100
|-ability|p2a: Salamence|Intimidate|boost
|-fail|p1a: Metagross|unboost|[from] ability: Clear Body|[of] p1a: Metagross
|
|upkeep
|turn|10
|
|t:|1728616036
|switch|p1a: Porygon2|Porygon2|100/100
|-ability|p1a: Porygon2|Intimidate|[from] ability: Trace|[of] p2a: Salamence
|move|p2a: Salamence|Fire Blast|p1a: Porygon2
|-damage|p1a: Porygon2|65/100
|
|-heal|p1a: Porygon2|71/100|[from] item: Leftovers
|upkeep
|turn|11
|
|t:|1728616041
|move|p2a: Salamence|Brick Break|p1a: Porygon2
|-supereffective|p1a: Porygon2
|-damage|p1a: Porygon2|38/100
|move|p1a: Porygon2|Toxic|p2a: Salamence
|-status|p2a: Salamence|tox
|
|-damage|p2a: Salamence|94/100 tox|[from] psn
|-heal|p1a: Porygon2|44/100|[from] item: Leftovers
|upkeep
|turn|12
|
|t:|1728616046
|switch|p2a: Metagross|Metagross|50/100
|move|p1a: Porygon2|Recover|p1a: Porygon2
|-heal|p1a: Porygon2|94/100
|
|-heal|p2a: Metagross|56/100|[from] item: Leftovers
|-heal|p1a: Porygon2|100/100|[from] item: Leftovers
|upkeep
|turn|13
|
|t:|1728616052
|switch|p1a: Simba|Raikou|37/100 tox
|move|p2a: Metagross|Meteor Mash|p1a: Simba
|-resisted|p1a: Simba
|-damage|p1a: Simba|0 fnt
|faint|p1a: Simba
|
|t:|1728616059
|switch|p1a: Metagross|Metagross|100/100
|
|-heal|p2a: Metagross|62/100|[from] item: Leftovers
|upkeep
|turn|14
|
|t:|1728616070
|move|p2a: Metagross|Protect|p2a: Metagross
|-singleturn|p2a: Metagross|Protect
|move|p1a: Metagross|Earthquake|p2a: Metagross
|-activate|p2a: Metagross|Protect
|
|-heal|p2a: Metagross|68/100|[from] item: Leftovers
|upkeep
|turn|15
|
|t:|1728616080
|switch|p2a: Snorlax|Snorlax, F|100/100
|move|p1a: Metagross|Earthquake|p2a: Snorlax
|-damage|p2a: Snorlax|53/100
|
|-heal|p2a: Snorlax|59/100|[from] item: Leftovers
|upkeep
|turn|16
|
|t:|1728616086
|move|p1a: Metagross|Earthquake|p2a: Snorlax
|-damage|p2a: Snorlax|13/100
|move|p2a: Snorlax|Self-Destruct|p1a: Metagross
|-resisted|p1a: Metagross
|-damage|p1a: Metagross|25/100
|faint|p2a: Snorlax
|
|t:|1728616088
|switch|p2a: Salamence|Salamence, F|94/100 tox
|-ability|p2a: Salamence|Intimidate|boost
|-fail|p1a: Metagross|unboost|[from] ability: Clear Body|[of] p1a: Metagross
|
|-heal|p2a: Salamence|100/100 tox|[from] item: Leftovers
|-damage|p2a: Salamence|94/100 tox|[from] psn
|upkeep
|turn|17
|
|t:|1728616091
|switch|p1a: Porygon2|Porygon2|100/100
|-ability|p1a: Porygon2|Intimidate|[from] ability: Trace|[of] p2a: Salamence
|move|p2a: Salamence|Fire Blast|p1a: Porygon2
|-damage|p1a: Porygon2|65/100
|
|-heal|p2a: Salamence|100/100 tox|[from] item: Leftovers
|-damage|p2a: Salamence|88/100 tox|[from] psn
|-heal|p1a: Porygon2|71/100|[from] item: Leftovers
|upkeep
|turn|18
|
|t:|1728616098
|switch|p2a: Blissey|Blissey, F|100/100
|move|p1a: Porygon2|Recover|p1a: Porygon2
|-heal|p1a: Porygon2|100/100
|
|upkeep
|turn|19
|
|t:|1728616102
|move|p1a: Porygon2|Toxic|p2a: Blissey
|-status|p2a: Blissey|tox
|move|p2a: Blissey|Toxic|p1a: Porygon2
|-status|p1a: Porygon2|tox
|
|-damage|p1a: Porygon2|94/100 tox|[from] psn
|-damage|p2a: Blissey|94/100 tox|[from] psn
|upkeep
|turn|20
|
|t:|1728616106
|switch|p1a: Metagross|Metagross|25/100
|move|p2a: Blissey|Heal Bell|p2a: Blissey
|-activate|p2a: Blissey|move: Heal Bell
|-curestatus|p2a: Blissey|tox|[silent]
|-curestatus|p2: Salamence|tox|[silent]
|
|-heal|p2a: Blissey|100/100|[from] item: Leftovers
|upkeep
|turn|21
|
|t:|1728616120
|switch|p2a: Metagross|Metagross|68/100
|move|p1a: Metagross|Earthquake|p2a: Metagross
|-supereffective|p2a: Metagross
|-damage|p2a: Metagross|0 fnt
|faint|p2a: Metagross
|
|t:|1728616124
|switch|p2a: Salamence|Salamence, F|88/100
|-ability|p2a: Salamence|Intimidate|boost
|-fail|p1a: Metagross|unboost|[from] ability: Clear Body|[of] p1a: Metagross
|
|-heal|p2a: Salamence|94/100|[from] item: Leftovers
|upkeep
|turn|22
|
|t:|1728616150
|switch|p1a: Porygon2|Porygon2|94/100 tox
|-ability|p1a: Porygon2|Intimidate|[from] ability: Trace|[of] p2a: Salamence
|move|p2a: Salamence|Brick Break|p1a: Porygon2
|-supereffective|p1a: Porygon2
|-damage|p1a: Porygon2|63/100 tox
|
|-heal|p2a: Salamence|100/100|[from] item: Leftovers
|-heal|p1a: Porygon2|69/100 tox|[from] item: Leftovers
|-damage|p1a: Porygon2|63/100 tox|[from] psn
|upkeep
|turn|23
|
|t:|1728616154
|move|p2a: Salamence|Brick Break|p1a: Porygon2
|-supereffective|p1a: Porygon2
|-damage|p1a: Porygon2|28/100 tox
|move|p1a: Porygon2|Ice Beam|p2a: Salamence
|-supereffective|p2a: Salamence
|-damage|p2a: Salamence|0 fnt
|faint|p2a: Salamence
|
|t:|1728616157
|switch|p2a: Exeggutor|Exeggutor, M|100/100
|
|-heal|p1a: Porygon2|34/100 tox|[from] item: Leftovers
|-damage|p1a: Porygon2|22/100 tox|[from] psn
|upkeep
|turn|24
|
|t:|1728616161
|move|p2a: Exeggutor|Sunny Day|p2a: Exeggutor
|-weather|SunnyDay
|move|p1a: Porygon2|Toxic|p2a: Exeggutor
|-status|p2a: Exeggutor|tox
|-enditem|p2a: Exeggutor|Lum Berry|[eat]
|-curestatus|p2a: Exeggutor|tox|[msg]
|
|-weather|SunnyDay|[upkeep]
|-heal|p1a: Porygon2|28/100 tox|[from] item: Leftovers
|-damage|p1a: Porygon2|10/100 tox|[from] psn
|upkeep
|turn|25
|
|t:|1728616167
|move|p2a: Exeggutor|Solar Beam||[still]
|-prepare|p2a: Exeggutor|Solar Beam
|-anim|p2a: Exeggutor|Solar Beam|p1a: Porygon2
|-damage|p1a: Porygon2|0 fnt
|faint|p1a: Porygon2
|
|t:|1728616183
|switch|p1a: Zapdos|Zapdos|100/100
|
|-weather|SunnyDay|[upkeep]
|upkeep
|turn|26
|c|☆gourgeist enjoyer|exeggutor's effort
|
|t:|1728616191
|move|p2a: Exeggutor|Hidden Power|p1a: Zapdos
|-supereffective|p1a: Zapdos
|-damage|p1a: Zapdos|40/100
|move|p1a: Zapdos|Roar|p2a: Exeggutor
|drag|p2a: Blissey|Blissey, F|100/100
|
|-weather|SunnyDay|[upkeep]
|-heal|p1a: Zapdos|47/100|[from] item: Leftovers
|upkeep
|turn|27
|
|t:|1728616200
|switch|p1a: Metagross|Metagross|25/100
|move|p2a: Blissey|Ice Beam|p1a: Metagross
|-resisted|p1a: Metagross
|-damage|p1a: Metagross|15/100
|
|-weather|SunnyDay|[upkeep]
|upkeep
|turn|28
|
|t:|1728616204
|move|p1a: Metagross|Explosion|p2a: Blissey
|-damage|p2a: Blissey|0 fnt
|faint|p1a: Metagross
|faint|p2a: Blissey
|
|t:|1728616210
|switch|p1a: Celebi|Celebi|100/100
|switch|p2a: Exeggutor|Exeggutor, M|100/100
|
|-weather|none
|upkeep
|turn|29
|
|t:|1728616212
|move|p1a: Celebi|Calm Mind|p1a: Celebi
|-boost|p1a: Celebi|spa|1
|-boost|p1a: Celebi|spd|1
|move|p2a: Exeggutor|Sunny Day|p2a: Exeggutor
|-weather|SunnyDay
|
|-weather|SunnyDay|[upkeep]
|upkeep
|turn|30
|
|t:|1728616215
|move|p2a: Exeggutor|Hidden Power|p1a: Celebi
|-supereffective|p1a: Celebi
|-damage|p1a: Celebi|68/100
|move|p1a: Celebi|Hidden Power|p2a: Exeggutor
|-supereffective|p2a: Exeggutor
|-damage|p2a: Exeggutor|0 fnt
|faint|p2a: Exeggutor
|
|win|cremozar
|c|☆cremozar|gg
|c|☆gourgeist enjoyer|gg
|player|p1|
|player|p2|
|player|p1|cremozar|1|

</script>
<script type="application/json" class="data" id="replaydata-smogtours-gen3ou-797128">
{"id":"smogtours-gen3ou-797128","format":"[Gen 3] OU","players":["cremozar","gourgeist enjoyer"],"uploadtime":1728616215,"views":97,"formatid":"gen3ou","rating":null,"private":0,"password":null}
</script>

<script defer src="js/replays.js?9d40a366"></script>
