<!DOCTYPE html>
<meta charset="utf-8" />
<meta name="viewport" content="width=device-width" />

<title>[Gen 3] OU: SSBM Nicki vs. lemoncholy - Replays - Pok&eacute;mon Showdown!</title>

<meta name="description" content="Watch a replay of a Pok&eacute;mon battle between SSBM Nicki and lemoncholy! Format: [Gen 3] OU; Date: Nov 4, 2024" />
<!--

Hey, you! Looking in the source for the replay log?

You can find them in JSON format, just add `.json` at the end of a replay URL.

https://replay.pokemonshowdown.com/gen7randomdoublesbattle-865046831.json

Or, if you only need the log itself, add `.log` instead:

https://replay.pokemonshowdown.com/gen7randomdoublesbattle-865046831.log

-->

<link rel="stylesheet" href="//pokemonshowdown.com/style/global.css?0.023195364461161105" />
<link rel="stylesheet" href="//play.pokemonshowdown.com/style/font-awesome.css?0.13261647063804238" />
<link rel="stylesheet" href="//play.pokemonshowdown.com/style/battle.css?0.8753245789963631" />
<link rel="stylesheet" href="//play.pokemonshowdown.com/style/utilichart.css?0.8627959624976733" />

<!-- Global site tag (gtag.js) - Google Analytics -->
<script async src="https://www.googletagmanager.com/gtag/js?id=UA-26211653-1"></script>
<script>
  window.dataLayer = window.dataLayer || [];
  function gtag(){dataLayer.push(arguments);}
  gtag('js', new Date());

  gtag('config', 'UA-26211653-1');
</script>
<!-- End Google Analytics -->
<!-- Venatus Ad Manager - Install in <HEAD> of page -->
	<script src="https://hb.vntsm.com/v3/live/ad-manager.min.js" type="text/javascript" data-site-id="642aba63ec9a7b11c3c9c1be" data-mode="scan" async></script>
<!-- / Venatus Ad Manager -->

<style>
	@media (max-width:820px) {
		.battle {
			margin: 0 auto;
		}
		.battle-log {
			margin: 7px auto 0;
			max-width: 640px;
			height: 300px;
			position: static;
		}
	}
	.optgroup {
		display: inline-block;
		line-height: 22px;
		font-size: 10pt;
	}
	.optgroup .button {
		height: 25px;
		padding-top: 0;
		padding-bottom: 0;
	}
	.optgroup button.button {
		padding-left: 12px;
		padding-right: 12px;
	}
	.linklist {
		list-style: none;
		margin: 0.5em 0;
		padding: 0;
	}
	.linklist li {
		padding: 2px 0;
	}
	.sidebar {
		float: left;
		width: 320px;
	}
	.bar-wrapper {
		max-width: 1100px;
		margin: 0 auto;
	}
	.bar-wrapper.has-sidebar {
		max-width: 1430px;
	}
	.mainbar {
		margin: 0;
		padding-right: 1px;
	}
	.mainbar.has-sidebar {
		margin-left: 330px;
	}
	@media (min-width: 1511px) {
		.sidebar {
			width: 400px;
		}
		.bar-wrapper.has-sidebar {
			max-width: 1510px;
		}
		.mainbar.has-sidebar {
			margin-left: 410px;
		}
	}
	.section.first-section {
		margin-top: 9px;
	}
	.blocklink small {
		white-space: normal;
	}
	.button {
		vertical-align: middle;
	}
	.replay-controls {
		padding-top: 10px;
	}
	.replay-controls h1 {
		font-size: 16pt;
		font-weight: normal;
		color: #CCC;
	}
	.pagelink {
		text-align: center;
	}
	.pagelink a {
		width: 150px;
	}
	.textbox, .button {
		font-size: 11pt;
		vertical-align: middle;
	}
	@media (max-width: 450px) {
		.button {
			font-size: 9pt;
		}
	}
</style>

<div>

	<header>
		<div class="nav-wrapper"><ul class="nav">
			<li><a class="button nav-first" href="//pokemonshowdown.com/"><img src="//pokemonshowdown.com/images/pokemonshowdownbeta.png" srcset="//pokemonshowdown.com/images/pokemonshowdownbeta.png 1x, //pokemonshowdown.com/images/pokemonshowdownbeta@2x.png 2x" alt="Pok&eacute;mon Showdown" width="146" height="44" /> Home</a></li>
			<li><a class="button" href="//pokemonshowdown.com/dex/">Pok&eacute;dex</a></li>
			<li><a class="button cur" href="/">Replays</a></li>
			<li><a class="button" href="//pokemonshowdown.com/ladder/">Ladder</a></li>
			<li><a class="button nav-last" href="//pokemonshowdown.com/forums/">Forum</a></li>
			<li><a class="button greenbutton nav-first nav-last" href="//play.pokemonshowdown.com/">Play</a></li>
		</ul></div>
	</header>

	<div class="main" id="main">

		<noscript><section class="section">You need to enable JavaScript to use this page; sorry!</section></noscript>

	</div>

</div>

<script defer nomodule src="//play.pokemonshowdown.com/js/lib/ps-polyfill.js"></script>
<script defer src="//play.pokemonshowdown.com/js/lib/preact.min.js"></script>

<script defer src="//play.pokemonshowdown.com/config/config.js?2bddbc15"></script>
<script defer src="//play.pokemonshowdown.com/js/lib/jquery-1.11.0.min.js"></script>
<script defer src="//play.pokemonshowdown.com/js/lib/html-sanitizer-minified.js"></script>
<script defer src="//play.pokemonshowdown.com/js/battle-sound.js"></script>
<script defer src="//play.pokemonshowdown.com/js/battledata.js?0.7209276989879541"></script>
<script defer src="//play.pokemonshowdown.com/data/pokedex-mini.js?0.6111056340867951"></script>
<script defer src="//play.pokemonshowdown.com/data/pokedex-mini-bw.js?0.3532142036491459"></script>
<script defer src="//play.pokemonshowdown.com/data/graphics.js?0.24223875632456182"></script>
<script defer src="//play.pokemonshowdown.com/data/pokedex.js?0.38839984266356864"></script>
<script defer src="//play.pokemonshowdown.com/data/moves.js?0.21866028504024015"></script>
<script defer src="//play.pokemonshowdown.com/data/abilities.js?0.2005157953846628"></script>
<script defer src="//play.pokemonshowdown.com/data/items.js?0.9894211263848525"></script>
<script defer src="//play.pokemonshowdown.com/data/teambuilder-tables.js?0.6008791140282215"></script>
<script defer src="//play.pokemonshowdown.com/js/battle-tooltips.js?0.7580118955022959"></script>
<script defer src="//play.pokemonshowdown.com/js/battle.js?0.6057722274234274"></script>

<script defer src="js/utils.js?e31f9a17"></script>
<script defer src="js/replays-battle.js?7008c182"></script>

<!-- don't scrape this data! just add .json or .log after the URL!
Full API docs: https://github.com/smogon/pokemon-showdown-client/blob/master/WEB-API.md -->
<script type="text/plain" class="log" id="replaylog-smogtours-gen3ou-804781">
|inactive|Battle timer is ON: inactive players will automatically lose when time's up.
|t:|1730750055
|gametype|singles
|player|p1|SSBM Nicki|101|
|player|p2|lemoncholy|will|
|teamsize|p1|6
|teamsize|p2|6
|gen|3
|tier|[Gen 3] OU
|rule|Sleep Clause Mod: Limit one foe put to sleep
|rule|Switch Priority Clause Mod: Faster Pokémon switch first
|rule|Species Clause: Limit one of each Pokémon
|rule|OHKO Clause: OHKO moves are banned
|rule|Evasion Items Clause: Evasion items are banned
|rule|Evasion Moves Clause: Evasion moves are banned
|rule|Endless Battle Clause: Forcing endless battles is banned
|rule|HP Percentage Mod: HP is shown in percentages
|rule|One Boost Passer Clause: Limit one Baton Passer that has a way to boost its stats
|rule|Freeze Clause Mod: Limit one foe frozen
|
|t:|1730750055
|start
|switch|p1a: Salamence|Salamence, M|100/100
|switch|p2a: Salamence|Salamence, F|100/100
|-ability|p2a: Salamence|Intimidate|boost
|-unboost|p1a: Salamence|atk|1
|-ability|p1a: Salamence|Intimidate|boost
|-unboost|p2a: Salamence|atk|1
|turn|1
|c|☆lemoncholy|glhf
|c|☆SSBM Nicki|glhf
|inactive|SSBM Nicki has 270 seconds left.
|
|t:|1730750098
|switch|p2a: Skarmory|Skarmory, M|100/100
|switch|p1a: Blissey|Blissey, F|100/100
|
|upkeep
|turn|2
|
|t:|1730750110
|move|p2a: Skarmory|Spikes|p1a: Blissey
|-sidestart|p1: SSBM Nicki|Spikes
|move|p1a: Blissey|Thunder Wave|p2a: Skarmory
|-status|p2a: Skarmory|par
|
|upkeep
|turn|3
|
|t:|1730750130
|switch|p1a: Forretress|Forretress, M|100/100
|-damage|p1a: Forretress|88/100|[from] Spikes
|move|p2a: Skarmory|Spikes|p1a: Forretress
|-sidestart|p1: SSBM Nicki|Spikes
|
|-heal|p1a: Forretress|94/100|[from] item: Leftovers
|upkeep
|turn|4
|
|t:|1730750143
|switch|p2a: Salamence|Salamence, F|100/100
|-ability|p2a: Salamence|Intimidate|boost
|-unboost|p1a: Forretress|atk|1
|move|p1a: Forretress|Rapid Spin|p2a: Salamence
|-damage|p2a: Salamence|97/100
|-sideend|p1: SSBM Nicki|Spikes|[from] move: Rapid Spin|[of] p1a: Forretress
|
|-heal|p2a: Salamence|100/100|[from] item: Leftovers
|-heal|p1a: Forretress|100/100|[from] item: Leftovers
|upkeep
|turn|5
|
|t:|1730750165
|switch|p2a: Metagross|Metagross|100/100
|switch|p1a: Salamence|Salamence, M|100/100
|-ability|p1a: Salamence|Intimidate|boost
|-fail|p2a: Metagross|unboost|[from] ability: Clear Body|[of] p2a: Metagross
|
|upkeep
|turn|6
|inactive|SSBM Nicki has 270 seconds left.
|inactive|lemoncholy has 270 seconds left.
|
|t:|1730750199
|switch|p1a: Jirachi|Jirachi|100/100
|switch|p2a: Blissey|Blissey, F|100/100
|
|upkeep
|turn|7
|inactive|SSBM Nicki has 270 seconds left.
|
|t:|1730750232
|switch|p1a: Forretress|Forretress, M|100/100
|switch|p2a: Skarmory|Skarmory, M|100/100 par
|
|upkeep
|turn|8
|
|t:|1730750235
|move|p1a: Forretress|Spikes|p2a: Skarmory
|-sidestart|p2: lemoncholy|Spikes
|cant|p2a: Skarmory|par
|
|upkeep
|turn|9
|
|t:|1730750240
|switch|p2a: Claydol|Claydol|100/100
|move|p1a: Forretress|Spikes|p2a: Claydol
|-sidestart|p2: lemoncholy|Spikes
|
|upkeep
|turn|10
|inactive|SSBM Nicki has 270 seconds left.
|inactive|SSBM Nicki has 240 seconds left.
|
|t:|1730750286
|switch|p1a: Jirachi|Jirachi|100/100
|move|p2a: Claydol|Rapid Spin|p1a: Jirachi
|-resisted|p1a: Jirachi
|-damage|p1a: Jirachi|99/100
|-sideend|p2: lemoncholy|Spikes|[from] move: Rapid Spin|[of] p2a: Claydol
|
|-heal|p1a: Jirachi|100/100|[from] item: Leftovers
|upkeep
|turn|11
|
|t:|1730750296
|move|p1a: Jirachi|Toxic|p2a: Claydol
|-status|p2a: Claydol|tox
|move|p2a: Claydol|Earthquake|p1a: Jirachi
|-supereffective|p1a: Jirachi
|-damage|p1a: Jirachi|50/100
|
|-heal|p1a: Jirachi|56/100|[from] item: Leftovers
|-damage|p2a: Claydol|94/100 tox|[from] psn
|upkeep
|turn|12
|inactive|SSBM Nicki has 240 seconds left.
|
|t:|1730750311
|switch|p2a: Metagross|Metagross|100/100
|move|p1a: Jirachi|Wish|p1a: Jirachi
|
|-heal|p1a: Jirachi|62/100|[from] item: Leftovers
|upkeep
|turn|13
|inactive|SSBM Nicki has 240 seconds left.
|
|t:|1730750316
|move|p1a: Jirachi|Protect|p1a: Jirachi
|-singleturn|p1a: Jirachi|Protect
|move|p2a: Metagross|Meteor Mash|p1a: Jirachi
|-activate|p1a: Jirachi|Protect
|
|-heal|p1a: Jirachi|100/100|[from] move: Wish|[wisher] Jirachi
|upkeep
|turn|14
|
|t:|1730750325
|move|p1a: Jirachi|Fire Punch|p2a: Metagross
|-supereffective|p2a: Metagross
|-damage|p2a: Metagross|64/100
|move|p2a: Metagross|Meteor Mash|p1a: Jirachi
|-resisted|p1a: Jirachi
|-crit|p1a: Jirachi
|-damage|p1a: Jirachi|69/100
|-boost|p2a: Metagross|atk|1
|
|-heal|p1a: Jirachi|75/100|[from] item: Leftovers
|-heal|p2a: Metagross|70/100|[from] item: Leftovers
|upkeep
|turn|15
|inactive|SSBM Nicki has 240 seconds left.
|
|t:|1730750364
|move|p1a: Jirachi|Protect|p1a: Jirachi
|-singleturn|p1a: Jirachi|Protect
|move|p2a: Metagross|Meteor Mash|p1a: Jirachi
|-activate|p1a: Jirachi|Protect
|
|-heal|p1a: Jirachi|81/100|[from] item: Leftovers
|-heal|p2a: Metagross|76/100|[from] item: Leftovers
|upkeep
|turn|16
|
|t:|1730750376
|move|p1a: Jirachi|Fire Punch|p2a: Metagross
|-supereffective|p2a: Metagross
|-damage|p2a: Metagross|42/100
|move|p2a: Metagross|Meteor Mash|p1a: Jirachi
|-resisted|p1a: Jirachi
|-crit|p1a: Jirachi
|-damage|p1a: Jirachi|34/100
|
|-heal|p1a: Jirachi|40/100|[from] item: Leftovers
|-heal|p2a: Metagross|48/100|[from] item: Leftovers
|upkeep
|turn|17
|
|t:|1730750387
|move|p1a: Jirachi|Wish|p1a: Jirachi
|move|p2a: Metagross|Meteor Mash|p1a: Jirachi
|-resisted|p1a: Jirachi
|-damage|p1a: Jirachi|15/100
|
|-heal|p1a: Jirachi|21/100|[from] item: Leftovers
|-heal|p2a: Metagross|54/100|[from] item: Leftovers
|upkeep
|turn|18
|
|t:|1730750395
|move|p1a: Jirachi|Protect|p1a: Jirachi
|-singleturn|p1a: Jirachi|Protect
|move|p2a: Metagross|Meteor Mash|p1a: Jirachi
|-activate|p1a: Jirachi|Protect
|
|-heal|p1a: Jirachi|71/100|[from] move: Wish|[wisher] Jirachi
|-heal|p1a: Jirachi|77/100|[from] item: Leftovers
|-heal|p2a: Metagross|61/100|[from] item: Leftovers
|upkeep
|turn|19
|
|t:|1730750398
|move|p1a: Jirachi|Wish|p1a: Jirachi
|move|p2a: Metagross|Earthquake|p1a: Jirachi
|-supereffective|p1a: Jirachi
|-damage|p1a: Jirachi|11/100
|
|-heal|p1a: Jirachi|18/100|[from] item: Leftovers
|-heal|p2a: Metagross|67/100|[from] item: Leftovers
|upkeep
|turn|20
|
|t:|1730750404
|move|p1a: Jirachi|Protect|p1a: Jirachi
|-singleturn|p1a: Jirachi|Protect
|move|p2a: Metagross|Earthquake|p1a: Jirachi
|-activate|p1a: Jirachi|Protect
|
|-heal|p1a: Jirachi|68/100|[from] move: Wish|[wisher] Jirachi
|-heal|p1a: Jirachi|74/100|[from] item: Leftovers
|-heal|p2a: Metagross|73/100|[from] item: Leftovers
|upkeep
|turn|21
|inactive|SSBM Nicki has 240 seconds left.
|
|t:|1730750427
|move|p1a: Jirachi|Wish|p1a: Jirachi
|move|p2a: Metagross|Earthquake|p1a: Jirachi
|-supereffective|p1a: Jirachi
|-crit|p1a: Jirachi
|-damage|p1a: Jirachi|0 fnt
|faint|p1a: Jirachi
|
|t:|1730750429
|switch|p1a: Salamence|Salamence, M|100/100
|-ability|p1a: Salamence|Intimidate|boost
|-fail|p2a: Metagross|unboost|[from] ability: Clear Body|[of] p2a: Metagross
|
|-heal|p2a: Metagross|79/100|[from] item: Leftovers
|upkeep
|turn|22
|inactive|SSBM Nicki has 240 seconds left.
|
|t:|1730750446
|switch|p1a: Forretress|Forretress, M|100/100
|move|p2a: Metagross|Protect||[still]
|-fail|p2a: Metagross
|
|-heal|p2a: Metagross|85/100|[from] item: Leftovers
|upkeep
|turn|23
|
|t:|1730750467
|move|p2a: Metagross|Earthquake|p1a: Forretress
|-damage|p1a: Forretress|67/100
|move|p1a: Forretress|Spikes|p2a: Metagross
|-sidestart|p2: lemoncholy|Spikes
|
|-heal|p2a: Metagross|91/100|[from] item: Leftovers
|-heal|p1a: Forretress|73/100|[from] item: Leftovers
|upkeep
|turn|24
|inactive|SSBM Nicki has 240 seconds left.
|
|t:|1730750491
|move|p2a: Metagross|Meteor Mash|p1a: Forretress
|-resisted|p1a: Forretress
|-damage|p1a: Forretress|46/100
|move|p1a: Forretress|Spikes|p2a: Metagross
|-sidestart|p2: lemoncholy|Spikes
|
|-heal|p2a: Metagross|97/100|[from] item: Leftovers
|-heal|p1a: Forretress|52/100|[from] item: Leftovers
|upkeep
|turn|25
|inactive|SSBM Nicki has 240 seconds left.
|
|t:|1730750503
|move|p2a: Metagross|Earthquake|p1a: Forretress
|-damage|p1a: Forretress|15/100
|move|p1a: Forretress|Explosion|p2a: Metagross
|-resisted|p2a: Metagross
|-damage|p2a: Metagross|63/100
|faint|p1a: Forretress
|
|t:|1730750510
|switch|p1a: Salamence|Salamence, M|100/100
|-ability|p1a: Salamence|Intimidate|boost
|-fail|p2a: Metagross|unboost|[from] ability: Clear Body|[of] p2a: Metagross
|
|-heal|p2a: Metagross|69/100|[from] item: Leftovers
|upkeep
|turn|26
|inactive|SSBM Nicki has 240 seconds left.
|
|t:|1730750517
|move|p2a: Metagross|Protect|p2a: Metagross
|-singleturn|p2a: Metagross|Protect
|move|p1a: Salamence|Fire Blast|p2a: Metagross|[miss]
|-miss|p1a: Salamence|p2a: Metagross
|
|-heal|p2a: Metagross|75/100|[from] item: Leftovers
|upkeep
|turn|27
|inactive|SSBM Nicki has 240 seconds left.
|inactive|lemoncholy has 270 seconds left.
|
|t:|1730750571
|switch|p2a: Salamence|Salamence, F|100/100
|-ability|p2a: Salamence|Intimidate|boost
|-unboost|p1a: Salamence|atk|1
|move|p1a: Salamence|Fire Blast|p2a: Salamence
|-resisted|p2a: Salamence
|-damage|p2a: Salamence|75/100
|
|-heal|p2a: Salamence|81/100|[from] item: Leftovers
|upkeep
|turn|28
|inactive|SSBM Nicki has 240 seconds left.
|inactive|lemoncholy has 240 seconds left.
|
|t:|1730750604
|switch|p2a: Claydol|Claydol|94/100 tox
|switch|p1a: Blissey|Blissey, F|100/100
|
|-heal|p2a: Claydol|100/100 tox|[from] item: Leftovers
|-damage|p2a: Claydol|94/100 tox|[from] psn
|upkeep
|turn|29
|
|t:|1730750617
|move|p2a: Claydol|Rapid Spin|p1a: Blissey
|-damage|p1a: Blissey|96/100
|-sideend|p2: lemoncholy|Spikes|[from] move: Rapid Spin|[of] p2a: Claydol
|move|p1a: Blissey|Seismic Toss|p2a: Claydol
|-damage|p2a: Claydol|63/100 tox
|
|-heal|p2a: Claydol|70/100 tox|[from] item: Leftovers
|-damage|p2a: Claydol|57/100 tox|[from] psn
|-heal|p1a: Blissey|100/100|[from] item: Leftovers
|upkeep
|turn|30
|
|t:|1730750634
|move|p2a: Claydol|Explosion|p1a: Blissey
|-damage|p1a: Blissey|0 fnt
|faint|p2a: Claydol
|faint|p1a: Blissey
|inactive|lemoncholy has 240 seconds left.
|
|t:|1730750658
|switch|p2a: Blissey|Blissey, F|100/100
|switch|p1a: Salamence|Salamence, M|100/100
|-ability|p1a: Salamence|Intimidate|boost
|-unboost|p2a: Blissey|atk|1
|
|upkeep
|turn|31
|
|t:|1730750668
|move|p1a: Salamence|Brick Break|p2a: Blissey
|-supereffective|p2a: Blissey
|-damage|p2a: Blissey|52/100
|move|p2a: Blissey|Ice Beam|p1a: Salamence
|-supereffective|p1a: Salamence
|-damage|p1a: Salamence|0 fnt
|faint|p1a: Salamence
|inactive|SSBM Nicki has 210 seconds left.
|
|t:|1730750685
|switch|p1a: Aerodactyl|Aerodactyl, M|100/100
|
|-heal|p2a: Blissey|58/100|[from] item: Leftovers
|upkeep
|turn|32
|inactive|SSBM Nicki has 210 seconds left.
|
|t:|1730750695
|switch|p2a: Skarmory|Skarmory, M|100/100 par
|move|p1a: Aerodactyl|Earthquake|p2a: Skarmory
|-immune|p2a: Skarmory
|
|upkeep
|turn|33
|
|t:|1730750703
|switch|p1a: Tyranitar|Tyranitar, M|100/100
|-weather|Sandstorm|[from] ability: Sand Stream|[of] p1a: Tyranitar
|switch|p2a: Salamence|Salamence, F|81/100
|-ability|p2a: Salamence|Intimidate|boost
|-unboost|p1a: Tyranitar|atk|1
|
|-weather|Sandstorm|[upkeep]
|-damage|p2a: Salamence|75/100|[from] Sandstorm
|-heal|p2a: Salamence|81/100|[from] item: Leftovers
|upkeep
|turn|34
|
|t:|1730750721
|move|p2a: Salamence|Brick Break|p1a: Tyranitar
|-supereffective|p1a: Tyranitar
|-damage|p1a: Tyranitar|33/100
|move|p1a: Tyranitar|Counter|p2a: Salamence
|-damage|p2a: Salamence|0 fnt
|faint|p2a: Salamence
|inactive|lemoncholy has 270 seconds left.
|
|t:|1730750738
|switch|p2a: Tyranitar|Tyranitar, F|100/100
|
|-weather|Sandstorm|[upkeep]
|-heal|p1a: Tyranitar|39/100|[from] item: Leftovers
|upkeep
|turn|35
|
|t:|1730750749
|move|p2a: Tyranitar|Earthquake|p1a: Tyranitar
|-supereffective|p1a: Tyranitar
|-damage|p1a: Tyranitar|0 fnt
|faint|p1a: Tyranitar
|
|t:|1730750750
|switch|p1a: Aerodactyl|Aerodactyl, M|100/100
|
|-weather|Sandstorm|[upkeep]
|upkeep
|turn|36
|
|t:|1730750753
|move|p1a: Aerodactyl|Rock Slide|p2a: Tyranitar
|-damage|p2a: Tyranitar|62/100
|cant|p2a: Tyranitar|flinch
|
|-weather|Sandstorm|[upkeep]
|-heal|p2a: Tyranitar|68/100|[from] item: Leftovers
|upkeep
|turn|37
|
|t:|1730750757
|move|p1a: Aerodactyl|Rock Slide|p2a: Tyranitar
|-damage|p2a: Tyranitar|26/100
|move|p2a: Tyranitar|Rock Slide|p1a: Aerodactyl
|-supereffective|p1a: Aerodactyl
|-damage|p1a: Aerodactyl|0 fnt
|faint|p1a: Aerodactyl
|
|win|lemoncholy
|c|☆SSBM Nicki|gg
|c|☆lemoncholy|gg
|player|p1|

</script>
<script type="application/json" class="data" id="replaydata-smogtours-gen3ou-804781">
{"id":"smogtours-gen3ou-804781","format":"[Gen 3] OU","players":["SSBM Nicki","lemoncholy"],"uploadtime":1730750757,"views":46,"formatid":"gen3ou","rating":null,"private":0,"password":null}
</script>

<script defer src="js/replays.js?9d40a366"></script>
