<!DOCTYPE html>
<meta charset="utf-8" />
<meta name="viewport" content="width=device-width" />

<title>[Gen 3] OU: xhoshi vs. I love you Jesus - Replays - Pok&eacute;mon Showdown!</title>

<meta name="description" content="Watch a replay of a Pok&eacute;mon battle between xhoshi and I love you Jesus! Format: [Gen 3] OU; Date: Oct 31, 2024" />
<!--

Hey, you! Looking in the source for the replay log?

You can find them in JSON format, just add `.json` at the end of a replay URL.

https://replay.pokemonshowdown.com/gen7randomdoublesbattle-865046831.json

Or, if you only need the log itself, add `.log` instead:

https://replay.pokemonshowdown.com/gen7randomdoublesbattle-865046831.log

-->

<link rel="stylesheet" href="//pokemonshowdown.com/style/global.css?0.023195364461161105" />
<link rel="stylesheet" href="//play.pokemonshowdown.com/style/font-awesome.css?0.13261647063804238" />
<link rel="stylesheet" href="//play.pokemonshowdown.com/style/battle.css?0.8753245789963631" />
<link rel="stylesheet" href="//play.pokemonshowdown.com/style/utilichart.css?0.8627959624976733" />

<!-- Global site tag (gtag.js) - Google Analytics -->
<script async src="https://www.googletagmanager.com/gtag/js?id=UA-26211653-1"></script>
<script>
  window.dataLayer = window.dataLayer || [];
  function gtag(){dataLayer.push(arguments);}
  gtag('js', new Date());

  gtag('config', 'UA-26211653-1');
</script>
<!-- End Google Analytics -->
<!-- Venatus Ad Manager - Install in <HEAD> of page -->
	<script src="https://hb.vntsm.com/v3/live/ad-manager.min.js" type="text/javascript" data-site-id="642aba63ec9a7b11c3c9c1be" data-mode="scan" async></script>
<!-- / Venatus Ad Manager -->

<style>
	@media (max-width:820px) {
		.battle {
			margin: 0 auto;
		}
		.battle-log {
			margin: 7px auto 0;
			max-width: 640px;
			height: 300px;
			position: static;
		}
	}
	.optgroup {
		display: inline-block;
		line-height: 22px;
		font-size: 10pt;
	}
	.optgroup .button {
		height: 25px;
		padding-top: 0;
		padding-bottom: 0;
	}
	.optgroup button.button {
		padding-left: 12px;
		padding-right: 12px;
	}
	.linklist {
		list-style: none;
		margin: 0.5em 0;
		padding: 0;
	}
	.linklist li {
		padding: 2px 0;
	}
	.sidebar {
		float: left;
		width: 320px;
	}
	.bar-wrapper {
		max-width: 1100px;
		margin: 0 auto;
	}
	.bar-wrapper.has-sidebar {
		max-width: 1430px;
	}
	.mainbar {
		margin: 0;
		padding-right: 1px;
	}
	.mainbar.has-sidebar {
		margin-left: 330px;
	}
	@media (min-width: 1511px) {
		.sidebar {
			width: 400px;
		}
		.bar-wrapper.has-sidebar {
			max-width: 1510px;
		}
		.mainbar.has-sidebar {
			margin-left: 410px;
		}
	}
	.section.first-section {
		margin-top: 9px;
	}
	.blocklink small {
		white-space: normal;
	}
	.button {
		vertical-align: middle;
	}
	.replay-controls {
		padding-top: 10px;
	}
	.replay-controls h1 {
		font-size: 16pt;
		font-weight: normal;
		color: #CCC;
	}
	.pagelink {
		text-align: center;
	}
	.pagelink a {
		width: 150px;
	}
	.textbox, .button {
		font-size: 11pt;
		vertical-align: middle;
	}
	@media (max-width: 450px) {
		.button {
			font-size: 9pt;
		}
	}
</style>

<div>

	<header>
		<div class="nav-wrapper"><ul class="nav">
			<li><a class="button nav-first" href="//pokemonshowdown.com/"><img src="//pokemonshowdown.com/images/pokemonshowdownbeta.png" srcset="//pokemonshowdown.com/images/pokemonshowdownbeta.png 1x, //pokemonshowdown.com/images/pokemonshowdownbeta@2x.png 2x" alt="Pok&eacute;mon Showdown" width="146" height="44" /> Home</a></li>
			<li><a class="button" href="//pokemonshowdown.com/dex/">Pok&eacute;dex</a></li>
			<li><a class="button cur" href="/">Replays</a></li>
			<li><a class="button" href="//pokemonshowdown.com/ladder/">Ladder</a></li>
			<li><a class="button nav-last" href="//pokemonshowdown.com/forums/">Forum</a></li>
			<li><a class="button greenbutton nav-first nav-last" href="//play.pokemonshowdown.com/">Play</a></li>
		</ul></div>
	</header>

	<div class="main" id="main">

		<noscript><section class="section">You need to enable JavaScript to use this page; sorry!</section></noscript>

	</div>

</div>

<script defer nomodule src="//play.pokemonshowdown.com/js/lib/ps-polyfill.js"></script>
<script defer src="//play.pokemonshowdown.com/js/lib/preact.min.js"></script>

<script defer src="//play.pokemonshowdown.com/config/config.js?2bddbc15"></script>
<script defer src="//play.pokemonshowdown.com/js/lib/jquery-1.11.0.min.js"></script>
<script defer src="//play.pokemonshowdown.com/js/lib/html-sanitizer-minified.js"></script>
<script defer src="//play.pokemonshowdown.com/js/battle-sound.js"></script>
<script defer src="//play.pokemonshowdown.com/js/battledata.js?0.7209276989879541"></script>
<script defer src="//play.pokemonshowdown.com/data/pokedex-mini.js?0.6111056340867951"></script>
<script defer src="//play.pokemonshowdown.com/data/pokedex-mini-bw.js?0.3532142036491459"></script>
<script defer src="//play.pokemonshowdown.com/data/graphics.js?0.24223875632456182"></script>
<script defer src="//play.pokemonshowdown.com/data/pokedex.js?0.38839984266356864"></script>
<script defer src="//play.pokemonshowdown.com/data/moves.js?0.21866028504024015"></script>
<script defer src="//play.pokemonshowdown.com/data/abilities.js?0.2005157953846628"></script>
<script defer src="//play.pokemonshowdown.com/data/items.js?0.9894211263848525"></script>
<script defer src="//play.pokemonshowdown.com/data/teambuilder-tables.js?0.6008791140282215"></script>
<script defer src="//play.pokemonshowdown.com/js/battle-tooltips.js?0.7580118955022959"></script>
<script defer src="//play.pokemonshowdown.com/js/battle.js?0.6057722274234274"></script>

<script defer src="js/utils.js?e31f9a17"></script>
<script defer src="js/replays-battle.js?7008c182"></script>

<!-- don't scrape this data! just add .json or .log after the URL!
Full API docs: https://github.com/smogon/pokemon-showdown-client/blob/master/WEB-API.md -->
<script type="text/plain" class="log" id="replaylog-smogtours-gen3ou-803522">
|inactive|Battle timer is ON: inactive players will automatically lose when time's up.
|t:|1730333092
|gametype|singles
|player|p1|xhoshi|169|
|player|p2|I love you Jesus|bugsy|
|teamsize|p1|6
|teamsize|p2|6
|gen|3
|tier|[Gen 3] OU
|rule|Sleep Clause Mod: Limit one foe put to sleep
|rule|Switch Priority Clause Mod: Faster Pokémon switch first
|rule|Species Clause: Limit one of each Pokémon
|rule|OHKO Clause: OHKO moves are banned
|rule|Evasion Items Clause: Evasion items are banned
|rule|Evasion Moves Clause: Evasion moves are banned
|rule|Endless Battle Clause: Forcing endless battles is banned
|rule|HP Percentage Mod: HP is shown in percentages
|rule|One Boost Passer Clause: Limit one Baton Passer that has a way to boost its stats
|rule|Freeze Clause Mod: Limit one foe frozen
|
|t:|1730333092
|start
|switch|p1a: Salamence|Salamence, F|100/100
|switch|p2a: Zapdos|Zapdos|100/100
|-ability|p1a: Salamence|Intimidate|boost
|-unboost|p2a: Zapdos|atk|1
|turn|1
|c|☆I love you Jesus|Gl Hf
|
|t:|1730333109
|switch|p2a: SapoMarino|Swampert, M|100/100
|switch|p1a: Snorlax|Snorlax, M|100/100
|
|upkeep
|turn|2
|c|☆xhoshi|u2
|
|t:|1730333121
|switch|p2a: 4ever|Celebi|100/100
|move|p1a: Snorlax|Curse|p1a: Snorlax
|-unboost|p1a: Snorlax|spe|1
|-boost|p1a: Snorlax|atk|1
|-boost|p1a: Snorlax|def|1
|
|upkeep
|turn|3
|
|t:|1730333129
|move|p2a: 4ever|Leech Seed|p1a: Snorlax|[miss]
|-miss|p2a: 4ever|p1a: Snorlax
|move|p1a: Snorlax|Shadow Ball|p2a: 4ever
|-supereffective|p2a: 4ever
|-damage|p2a: 4ever|54/100
|
|-heal|p2a: 4ever|60/100|[from] item: Leftovers
|upkeep
|turn|4
|
|t:|1730333139
|move|p2a: 4ever|Recover|p2a: 4ever
|-heal|p2a: 4ever|100/100
|move|p1a: Snorlax|Shadow Ball|p2a: 4ever
|-supereffective|p2a: 4ever
|-damage|p2a: 4ever|55/100
|
|-heal|p2a: 4ever|62/100|[from] item: Leftovers
|upkeep
|turn|5
|
|t:|1730333144
|move|p2a: 4ever|Leech Seed|p1a: Snorlax
|-start|p1a: Snorlax|move: Leech Seed
|move|p1a: Snorlax|Curse|p1a: Snorlax
|-unboost|p1a: Snorlax|spe|1
|-boost|p1a: Snorlax|atk|1
|-boost|p1a: Snorlax|def|1
|
|-heal|p2a: 4ever|68/100|[from] item: Leftovers
|-damage|p1a: Snorlax|88/100|[from] Leech Seed|[of] p2a: 4ever
|-heal|p2a: 4ever|83/100|[silent]
|upkeep
|turn|6
|
|t:|1730333149
|move|p2a: 4ever|Baton Pass|p2a: 4ever
|
|t:|1730333151
|switch|p2a: T-Rex|Tyranitar, M|100/100|[from] Baton Pass
|-weather|Sandstorm|[from] ability: Sand Stream|[of] p2a: T-Rex
|move|p1a: Snorlax|Curse|p1a: Snorlax
|-unboost|p1a: Snorlax|spe|1
|-boost|p1a: Snorlax|atk|1
|-boost|p1a: Snorlax|def|1
|
|-weather|Sandstorm|[upkeep]
|-damage|p1a: Snorlax|82/100|[from] Sandstorm
|-heal|p1a: Snorlax|88/100|[from] item: Leftovers
|-damage|p1a: Snorlax|76/100|[from] Leech Seed|[of] p2a: T-Rex
|upkeep
|turn|7
|
|t:|1730333156
|move|p2a: T-Rex|Rock Slide|p1a: Snorlax
|-damage|p1a: Snorlax|61/100
|move|p1a: Snorlax|Return|p2a: T-Rex
|-resisted|p2a: T-Rex
|-damage|p2a: T-Rex|63/100
|
|-weather|Sandstorm|[upkeep]
|-damage|p1a: Snorlax|54/100|[from] Sandstorm
|-heal|p2a: T-Rex|69/100|[from] item: Leftovers
|-heal|p1a: Snorlax|61/100|[from] item: Leftovers
|-damage|p1a: Snorlax|48/100|[from] Leech Seed|[of] p2a: T-Rex
|-heal|p2a: T-Rex|85/100|[silent]
|upkeep
|turn|8
|
|t:|1730333177
|move|p2a: T-Rex|Rock Slide|p1a: Snorlax
|-damage|p1a: Snorlax|34/100
|move|p1a: Snorlax|Rest|p1a: Snorlax
|-status|p1a: Snorlax|slp|[from] move: Rest
|-heal|p1a: Snorlax|100/100 slp|[silent]
|
|-weather|Sandstorm|[upkeep]
|-damage|p1a: Snorlax|94/100 slp|[from] Sandstorm
|-heal|p2a: T-Rex|91/100|[from] item: Leftovers
|-heal|p1a: Snorlax|100/100 slp|[from] item: Leftovers
|-damage|p1a: Snorlax|88/100 slp|[from] Leech Seed|[of] p2a: T-Rex
|-heal|p2a: T-Rex|100/100|[silent]
|upkeep
|turn|9
|
|t:|1730333185
|-singleturn|p2a: T-Rex|move: Focus Punch
|switch|p1a: Metagross|Metagross|100/100
|move|p2a: T-Rex|Focus Punch|p1a: Metagross
|-damage|p1a: Metagross|51/100
|
|-weather|Sandstorm|[upkeep]
|-heal|p1a: Metagross|57/100|[from] item: Leftovers
|upkeep
|turn|10
|
|t:|1730333200
|switch|p2a: Zapdos|Zapdos|100/100
|move|p1a: Metagross|Meteor Mash|p2a: Zapdos
|-resisted|p2a: Zapdos
|-damage|p2a: Zapdos|72/100
|
|-weather|Sandstorm|[upkeep]
|-damage|p2a: Zapdos|66/100|[from] Sandstorm
|-heal|p2a: Zapdos|72/100|[from] item: Leftovers
|-heal|p1a: Metagross|63/100|[from] item: Leftovers
|upkeep
|turn|11
|inactive|xhoshi has 270 seconds left.
|
|t:|1730333234
|switch|p1a: Celebi|Celebi|100/100
|move|p2a: Zapdos|Thunderbolt|p1a: Celebi
|-resisted|p1a: Celebi
|-damage|p1a: Celebi|86/100
|
|-weather|Sandstorm|[upkeep]
|-damage|p2a: Zapdos|66/100|[from] Sandstorm
|-damage|p1a: Celebi|79/100|[from] Sandstorm
|-heal|p2a: Zapdos|72/100|[from] item: Leftovers
|-heal|p1a: Celebi|86/100|[from] item: Leftovers
|upkeep
|turn|12
|inactive|xhoshi has 270 seconds left.
|
|t:|1730333247
|switch|p1a: Snorlax|Snorlax, M|88/100 slp
|move|p2a: Zapdos|Baton Pass|p2a: Zapdos
|
|t:|1730333251
|switch|p2a: Dugtrio|Dugtrio, M|100/100|[from] Baton Pass
|
|-weather|Sandstorm|[upkeep]
|-damage|p1a: Snorlax|82/100 slp|[from] Sandstorm
|-heal|p1a: Snorlax|88/100 slp|[from] item: Leftovers
|upkeep
|turn|13
|
|t:|1730333254
|move|p2a: Dugtrio|Earthquake|p1a: Snorlax
|-damage|p1a: Snorlax|45/100 slp
|cant|p1a: Snorlax|slp
|
|-weather|Sandstorm|[upkeep]
|-damage|p1a: Snorlax|39/100 slp|[from] Sandstorm
|-heal|p1a: Snorlax|45/100 slp|[from] item: Leftovers
|upkeep
|turn|14
|
|t:|1730333258
|move|p2a: Dugtrio|Earthquake|p1a: Snorlax
|-damage|p1a: Snorlax|3/100 slp
|cant|p1a: Snorlax|slp
|
|-weather|Sandstorm|[upkeep]
|-damage|p1a: Snorlax|0 fnt|[from] Sandstorm
|faint|p1a: Snorlax
|upkeep
|
|t:|1730333264
|switch|p1a: Salamence|Salamence, F|100/100
|-ability|p1a: Salamence|Intimidate|boost
|-unboost|p2a: Dugtrio|atk|1
|turn|15
|
|t:|1730333268
|switch|p2a: Zapdos|Zapdos|72/100
|move|p1a: Salamence|Hidden Power|p2a: Zapdos
|-resisted|p2a: Zapdos
|-damage|p2a: Zapdos|62/100
|
|-weather|Sandstorm|[upkeep]
|-damage|p2a: Zapdos|56/100|[from] Sandstorm
|-damage|p1a: Salamence|94/100|[from] Sandstorm
|-heal|p1a: Salamence|100/100|[from] item: Leftovers
|-heal|p2a: Zapdos|62/100|[from] item: Leftovers
|upkeep
|turn|16
|inactive|I love you Jesus has 270 seconds left.
|
|t:|1730333317
|move|p1a: Salamence|Dragon Claw|p2a: Zapdos
|-damage|p2a: Zapdos|24/100
|move|p2a: Zapdos|Toxic|p1a: Salamence
|-status|p1a: Salamence|tox
|
|-weather|Sandstorm|[upkeep]
|-damage|p1a: Salamence|94/100 tox|[from] Sandstorm
|-damage|p2a: Zapdos|18/100|[from] Sandstorm
|-heal|p2a: Zapdos|24/100|[from] item: Leftovers
|-heal|p1a: Salamence|100/100 tox|[from] item: Leftovers
|-damage|p1a: Salamence|94/100 tox|[from] psn
|upkeep
|turn|17
|inactive|xhoshi has 270 seconds left.
|
|t:|1730333339
|switch|p1a: Celebi|Celebi|86/100
|move|p2a: Zapdos|Thunderbolt|p1a: Celebi
|-resisted|p1a: Celebi
|-damage|p1a: Celebi|72/100
|
|-weather|Sandstorm|[upkeep]
|-damage|p2a: Zapdos|18/100|[from] Sandstorm
|-damage|p1a: Celebi|66/100|[from] Sandstorm
|-heal|p2a: Zapdos|24/100|[from] item: Leftovers
|-heal|p1a: Celebi|72/100|[from] item: Leftovers
|upkeep
|turn|18
|inactive|xhoshi has 270 seconds left.
|
|t:|1730333355
|move|p2a: Zapdos|Baton Pass|p2a: Zapdos
|
|t:|1730333357
|switch|p2a: 4ever|Celebi|83/100|[from] Baton Pass
|move|p1a: Celebi|Giga Drain|p2a: 4ever
|-resisted|p2a: 4ever
|-damage|p2a: 4ever|75/100
|-heal|p1a: Celebi|76/100|[from] drain|[of] p2a: 4ever
|
|-weather|Sandstorm|[upkeep]
|-damage|p2a: 4ever|68/100|[from] Sandstorm
|-damage|p1a: Celebi|70/100|[from] Sandstorm
|-heal|p2a: 4ever|75/100|[from] item: Leftovers
|-heal|p1a: Celebi|76/100|[from] item: Leftovers
|upkeep
|turn|19
|
|t:|1730333362
|move|p2a: 4ever|Baton Pass|p2a: 4ever
|
|t:|1730333365
|switch|p2a: Dugtrio|Dugtrio, M|100/100|[from] Baton Pass
|move|p1a: Celebi|Calm Mind|p1a: Celebi
|-boost|p1a: Celebi|spa|1
|-boost|p1a: Celebi|spd|1
|
|-weather|Sandstorm|[upkeep]
|-damage|p1a: Celebi|70/100|[from] Sandstorm
|-heal|p1a: Celebi|76/100|[from] item: Leftovers
|upkeep
|turn|20
|
|t:|1730333369
|move|p2a: Dugtrio|Hidden Power|p1a: Celebi
|-supereffective|p1a: Celebi
|-damage|p1a: Celebi|0 fnt
|faint|p1a: Celebi
|
|t:|1730333377
|switch|p1a: Metagross|Metagross|63/100
|
|-weather|Sandstorm|[upkeep]
|-heal|p1a: Metagross|69/100|[from] item: Leftovers
|upkeep
|turn|21
|
|t:|1730333389
|switch|p2a: Zapdos|Zapdos|24/100
|move|p1a: Metagross|Agility|p1a: Metagross
|-boost|p1a: Metagross|spe|2
|
|-weather|Sandstorm|[upkeep]
|-damage|p2a: Zapdos|18/100|[from] Sandstorm
|-heal|p1a: Metagross|75/100|[from] item: Leftovers
|-heal|p2a: Zapdos|24/100|[from] item: Leftovers
|upkeep
|turn|22
|
|t:|1730333393
|switch|p2a: SapoMarino|Swampert, M|100/100
|move|p1a: Metagross|Meteor Mash|p2a: SapoMarino
|-resisted|p2a: SapoMarino
|-damage|p2a: SapoMarino|80/100
|
|-weather|Sandstorm|[upkeep]
|-heal|p1a: Metagross|81/100|[from] item: Leftovers
|-heal|p2a: SapoMarino|86/100|[from] item: Leftovers
|upkeep
|turn|23
|
|t:|1730333405
|switch|p1a: Zapdos|Zapdos|100/100
|move|p2a: SapoMarino|Earthquake|p1a: Zapdos
|-immune|p1a: Zapdos
|
|-weather|Sandstorm|[upkeep]
|-damage|p1a: Zapdos|94/100|[from] Sandstorm
|-heal|p1a: Zapdos|100/100|[from] item: Leftovers
|-heal|p2a: SapoMarino|92/100|[from] item: Leftovers
|upkeep
|turn|24
|
|t:|1730333411
|move|p2a: SapoMarino|Protect|p2a: SapoMarino
|-singleturn|p2a: SapoMarino|Protect
|move|p1a: Zapdos|Hidden Power|p2a: SapoMarino
|-activate|p2a: SapoMarino|Protect
|
|-weather|Sandstorm|[upkeep]
|-damage|p1a: Zapdos|94/100|[from] Sandstorm
|-heal|p1a: Zapdos|100/100|[from] item: Leftovers
|-heal|p2a: SapoMarino|99/100|[from] item: Leftovers
|upkeep
|turn|25
|
|t:|1730333433
|switch|p1a: Salamence|Salamence, F|94/100 tox
|-ability|p1a: Salamence|Intimidate|boost
|-unboost|p2a: SapoMarino|atk|1
|switch|p2a: 4ever|Celebi|75/100
|
|-weather|Sandstorm|[upkeep]
|-damage|p1a: Salamence|88/100 tox|[from] Sandstorm
|-damage|p2a: 4ever|68/100|[from] Sandstorm
|-heal|p1a: Salamence|94/100 tox|[from] item: Leftovers
|-damage|p1a: Salamence|88/100 tox|[from] psn
|-heal|p2a: 4ever|75/100|[from] item: Leftovers
|upkeep
|turn|26
|
|t:|1730333438
|switch|p2a: T-Rex|Tyranitar, M|100/100
|move|p1a: Salamence|Fire Blast|p2a: T-Rex
|-resisted|p2a: T-Rex
|-crit|p2a: T-Rex
|-damage|p2a: T-Rex|67/100
|
|-weather|Sandstorm|[upkeep]
|-damage|p1a: Salamence|82/100 tox|[from] Sandstorm
|-heal|p1a: Salamence|88/100 tox|[from] item: Leftovers
|-damage|p1a: Salamence|76/100 tox|[from] psn
|-heal|p2a: T-Rex|73/100|[from] item: Leftovers
|upkeep
|turn|27
|
|t:|1730333447
|switch|p2a: Zapdos|Zapdos|24/100
|move|p1a: Salamence|Brick Break|p2a: Zapdos
|-resisted|p2a: Zapdos
|-damage|p2a: Zapdos|13/100
|
|-weather|Sandstorm|[upkeep]
|-damage|p2a: Zapdos|7/100|[from] Sandstorm
|-damage|p1a: Salamence|70/100 tox|[from] Sandstorm
|-heal|p2a: Zapdos|13/100|[from] item: Leftovers
|-heal|p1a: Salamence|76/100 tox|[from] item: Leftovers
|-damage|p1a: Salamence|58/100 tox|[from] psn
|upkeep
|turn|28
|
|t:|1730333454
|move|p2a: Zapdos|Thunderbolt|p1a: Salamence
|-damage|p1a: Salamence|4/100 tox
|move|p1a: Salamence|Dragon Claw|p2a: Zapdos
|-damage|p2a: Zapdos|0 fnt
|faint|p2a: Zapdos
|
|t:|1730333478
|switch|p2a: T-Rex|Tyranitar, M|73/100
|
|-weather|Sandstorm|[upkeep]
|-damage|p1a: Salamence|0 fnt|[from] Sandstorm
|faint|p1a: Salamence
|-heal|p2a: T-Rex|79/100|[from] item: Leftovers
|upkeep
|
|t:|1730333485
|switch|p1a: Tyranitar|Tyranitar, M|100/100
|turn|29
|
|t:|1730333491
|move|p1a: Tyranitar|Earthquake|p2a: T-Rex
|-supereffective|p2a: T-Rex
|-damage|p2a: T-Rex|21/100
|move|p2a: T-Rex|Earthquake|p1a: Tyranitar
|-supereffective|p1a: Tyranitar
|-damage|p1a: Tyranitar|27/100
|
|-weather|Sandstorm|[upkeep]
|-heal|p2a: T-Rex|27/100|[from] item: Leftovers
|upkeep
|turn|30
|
|t:|1730333497
|move|p1a: Tyranitar|Earthquake|p2a: T-Rex
|-supereffective|p2a: T-Rex
|-damage|p2a: T-Rex|0 fnt
|faint|p2a: T-Rex
|
|t:|1730333507
|switch|p2a: Dugtrio|Dugtrio, M|100/100
|
|-weather|Sandstorm|[upkeep]
|upkeep
|turn|31
|
|t:|1730333511
|move|p2a: Dugtrio|Earthquake|p1a: Tyranitar
|-supereffective|p1a: Tyranitar
|-damage|p1a: Tyranitar|0 fnt
|faint|p1a: Tyranitar
|
|t:|1730333513
|switch|p1a: Zapdos|Zapdos|100/100
|
|-weather|Sandstorm|[upkeep]
|-damage|p1a: Zapdos|94/100|[from] Sandstorm
|-heal|p1a: Zapdos|100/100|[from] item: Leftovers
|upkeep
|turn|32
|
|t:|1730333516
|switch|p2a: 4ever|Celebi|75/100
|move|p1a: Zapdos|Hidden Power|p2a: 4ever
|-supereffective|p2a: 4ever
|-crit|p2a: 4ever
|-damage|p2a: 4ever|7/100
|
|-weather|Sandstorm|[upkeep]
|-damage|p1a: Zapdos|94/100|[from] Sandstorm
|-damage|p2a: 4ever|1/100|[from] Sandstorm
|-heal|p1a: Zapdos|100/100|[from] item: Leftovers
|-heal|p2a: 4ever|7/100|[from] item: Leftovers
|upkeep
|turn|33
|
|t:|1730333525
|switch|p2a: SapoMarino|Swampert, M|99/100
|move|p1a: Zapdos|Hidden Power|p2a: SapoMarino
|-damage|p2a: SapoMarino|77/100
|
|-weather|Sandstorm|[upkeep]
|-damage|p1a: Zapdos|94/100|[from] Sandstorm
|-heal|p1a: Zapdos|100/100|[from] item: Leftovers
|-heal|p2a: SapoMarino|83/100|[from] item: Leftovers
|upkeep
|turn|34
|
|t:|1730333540
|move|p1a: Zapdos|Hidden Power|p2a: SapoMarino
|-damage|p2a: SapoMarino|63/100
|move|p2a: SapoMarino|Ice Beam|p1a: Zapdos
|-supereffective|p1a: Zapdos
|-damage|p1a: Zapdos|51/100
|
|-weather|Sandstorm|[upkeep]
|-damage|p1a: Zapdos|44/100|[from] Sandstorm
|-heal|p1a: Zapdos|51/100|[from] item: Leftovers
|-heal|p2a: SapoMarino|70/100|[from] item: Leftovers
|upkeep
|turn|35
|
|t:|1730333545
|move|p1a: Zapdos|Hidden Power|p2a: SapoMarino
|-damage|p2a: SapoMarino|50/100
|move|p2a: SapoMarino|Earthquake|p1a: Zapdos
|-immune|p1a: Zapdos
|
|-weather|Sandstorm|[upkeep]
|-damage|p1a: Zapdos|44/100|[from] Sandstorm
|-heal|p1a: Zapdos|51/100|[from] item: Leftovers
|-heal|p2a: SapoMarino|56/100|[from] item: Leftovers
|upkeep
|turn|36
|
|t:|1730333548
|switch|p1a: Metagross|Metagross|81/100
|move|p2a: SapoMarino|Ice Beam|p1a: Metagross
|-resisted|p1a: Metagross
|-damage|p1a: Metagross|69/100
|
|-weather|Sandstorm|[upkeep]
|-heal|p1a: Metagross|75/100|[from] item: Leftovers
|-heal|p2a: SapoMarino|62/100|[from] item: Leftovers
|upkeep
|turn|37
|
|t:|1730333554
|move|p1a: Metagross|Explosion|p2a: SapoMarino
|-damage|p2a: SapoMarino|0 fnt
|faint|p1a: Metagross
|faint|p2a: SapoMarino
|
|t:|1730333557
|switch|p1a: Zapdos|Zapdos|51/100
|switch|p2a: Starmie|Starmie|100/100
|
|-weather|Sandstorm|[upkeep]
|-damage|p2a: Starmie|94/100|[from] Sandstorm
|-damage|p1a: Zapdos|44/100|[from] Sandstorm
|-heal|p2a: Starmie|100/100|[from] item: Leftovers
|-heal|p1a: Zapdos|51/100|[from] item: Leftovers
|upkeep
|turn|38
|
|t:|1730333561
|move|p2a: Starmie|Ice Beam|p1a: Zapdos
|-supereffective|p1a: Zapdos
|-damage|p1a: Zapdos|0 fnt
|faint|p1a: Zapdos
|
|win|I love you Jesus
|c|☆xhoshi|gg
|c|☆I love you Jesus|gg

</script>
<script type="application/json" class="data" id="replaydata-smogtours-gen3ou-803522">
{"id":"smogtours-gen3ou-803522","format":"[Gen 3] OU","players":["xhoshi","I love you Jesus"],"uploadtime":1730333561,"views":78,"formatid":"gen3ou","rating":null,"private":0,"password":null}
</script>

<script defer src="js/replays.js?9d40a366"></script>
