<!DOCTYPE html>
<meta charset="utf-8" />
<meta name="viewport" content="width=device-width" />

<title>[Gen 3] OU: kingofironfrisk vs. Handyman2 - Replays - Pok&eacute;mon Showdown!</title>

<meta name="description" content="Watch a replay of a Pok&eacute;mon battle between kingofironfrisk and Handyman2! Format: [Gen 3] OU; Date: Oct 4, 2024" />
<!--

Hey, you! Looking in the source for the replay log?

You can find them in JSON format, just add `.json` at the end of a replay URL.

https://replay.pokemonshowdown.com/gen7randomdoublesbattle-865046831.json

Or, if you only need the log itself, add `.log` instead:

https://replay.pokemonshowdown.com/gen7randomdoublesbattle-865046831.log

-->

<link rel="stylesheet" href="//pokemonshowdown.com/style/global.css?0.023195364461161105" />
<link rel="stylesheet" href="//play.pokemonshowdown.com/style/font-awesome.css?0.13261647063804238" />
<link rel="stylesheet" href="//play.pokemonshowdown.com/style/battle.css?0.8753245789963631" />
<link rel="stylesheet" href="//play.pokemonshowdown.com/style/utilichart.css?0.8627959624976733" />

<!-- Global site tag (gtag.js) - Google Analytics -->
<script async src="https://www.googletagmanager.com/gtag/js?id=UA-26211653-1"></script>
<script>
  window.dataLayer = window.dataLayer || [];
  function gtag(){dataLayer.push(arguments);}
  gtag('js', new Date());

  gtag('config', 'UA-26211653-1');
</script>
<!-- End Google Analytics -->
<!-- Venatus Ad Manager - Install in <HEAD> of page -->
	<script src="https://hb.vntsm.com/v3/live/ad-manager.min.js" type="text/javascript" data-site-id="642aba63ec9a7b11c3c9c1be" data-mode="scan" async></script>
<!-- / Venatus Ad Manager -->

<style>
	@media (max-width:820px) {
		.battle {
			margin: 0 auto;
		}
		.battle-log {
			margin: 7px auto 0;
			max-width: 640px;
			height: 300px;
			position: static;
		}
	}
	.optgroup {
		display: inline-block;
		line-height: 22px;
		font-size: 10pt;
	}
	.optgroup .button {
		height: 25px;
		padding-top: 0;
		padding-bottom: 0;
	}
	.optgroup button.button {
		padding-left: 12px;
		padding-right: 12px;
	}
	.linklist {
		list-style: none;
		margin: 0.5em 0;
		padding: 0;
	}
	.linklist li {
		padding: 2px 0;
	}
	.sidebar {
		float: left;
		width: 320px;
	}
	.bar-wrapper {
		max-width: 1100px;
		margin: 0 auto;
	}
	.bar-wrapper.has-sidebar {
		max-width: 1430px;
	}
	.mainbar {
		margin: 0;
		padding-right: 1px;
	}
	.mainbar.has-sidebar {
		margin-left: 330px;
	}
	@media (min-width: 1511px) {
		.sidebar {
			width: 400px;
		}
		.bar-wrapper.has-sidebar {
			max-width: 1510px;
		}
		.mainbar.has-sidebar {
			margin-left: 410px;
		}
	}
	.section.first-section {
		margin-top: 9px;
	}
	.blocklink small {
		white-space: normal;
	}
	.button {
		vertical-align: middle;
	}
	.replay-controls {
		padding-top: 10px;
	}
	.replay-controls h1 {
		font-size: 16pt;
		font-weight: normal;
		color: #CCC;
	}
	.pagelink {
		text-align: center;
	}
	.pagelink a {
		width: 150px;
	}
	.textbox, .button {
		font-size: 11pt;
		vertical-align: middle;
	}
	@media (max-width: 450px) {
		.button {
			font-size: 9pt;
		}
	}
</style>

<div>

	<header>
		<div class="nav-wrapper"><ul class="nav">
			<li><a class="button nav-first" href="//pokemonshowdown.com/"><img src="//pokemonshowdown.com/images/pokemonshowdownbeta.png" srcset="//pokemonshowdown.com/images/pokemonshowdownbeta.png 1x, //pokemonshowdown.com/images/pokemonshowdownbeta@2x.png 2x" alt="Pok&eacute;mon Showdown" width="146" height="44" /> Home</a></li>
			<li><a class="button" href="//pokemonshowdown.com/dex/">Pok&eacute;dex</a></li>
			<li><a class="button cur" href="/">Replays</a></li>
			<li><a class="button" href="//pokemonshowdown.com/ladder/">Ladder</a></li>
			<li><a class="button nav-last" href="//pokemonshowdown.com/forums/">Forum</a></li>
			<li><a class="button greenbutton nav-first nav-last" href="//play.pokemonshowdown.com/">Play</a></li>
		</ul></div>
	</header>

	<div class="main" id="main">

		<noscript><section class="section">You need to enable JavaScript to use this page; sorry!</section></noscript>

	</div>

</div>

<script defer nomodule src="//play.pokemonshowdown.com/js/lib/ps-polyfill.js"></script>
<script defer src="//play.pokemonshowdown.com/js/lib/preact.min.js"></script>

<script defer src="//play.pokemonshowdown.com/config/config.js?2bddbc15"></script>
<script defer src="//play.pokemonshowdown.com/js/lib/jquery-1.11.0.min.js"></script>
<script defer src="//play.pokemonshowdown.com/js/lib/html-sanitizer-minified.js"></script>
<script defer src="//play.pokemonshowdown.com/js/battle-sound.js"></script>
<script defer src="//play.pokemonshowdown.com/js/battledata.js?0.7209276989879541"></script>
<script defer src="//play.pokemonshowdown.com/data/pokedex-mini.js?0.6111056340867951"></script>
<script defer src="//play.pokemonshowdown.com/data/pokedex-mini-bw.js?0.3532142036491459"></script>
<script defer src="//play.pokemonshowdown.com/data/graphics.js?0.24223875632456182"></script>
<script defer src="//play.pokemonshowdown.com/data/pokedex.js?0.38839984266356864"></script>
<script defer src="//play.pokemonshowdown.com/data/moves.js?0.21866028504024015"></script>
<script defer src="//play.pokemonshowdown.com/data/abilities.js?0.2005157953846628"></script>
<script defer src="//play.pokemonshowdown.com/data/items.js?0.9894211263848525"></script>
<script defer src="//play.pokemonshowdown.com/data/teambuilder-tables.js?0.6008791140282215"></script>
<script defer src="//play.pokemonshowdown.com/js/battle-tooltips.js?0.7580118955022959"></script>
<script defer src="//play.pokemonshowdown.com/js/battle.js?0.6057722274234274"></script>

<script defer src="js/utils.js?e31f9a17"></script>
<script defer src="js/replays-battle.js?7008c182"></script>

<!-- don't scrape this data! just add .json or .log after the URL!
Full API docs: https://github.com/smogon/pokemon-showdown-client/blob/master/WEB-API.md -->
<script type="text/plain" class="log" id="replaylog-smogtours-gen3ou-794562">
|inactive|Battle timer is ON: inactive players will automatically lose when time's up.
|t:|1728054659
|gametype|singles
|player|p1|kingofironfrisk|tabitha-gen3|
|player|p2|Handyman2|265|
|teamsize|p1|6
|teamsize|p2|6
|gen|3
|tier|[Gen 3] OU
|rule|Sleep Clause Mod: Limit one foe put to sleep
|rule|Switch Priority Clause Mod: Faster Pokémon switch first
|rule|Species Clause: Limit one of each Pokémon
|rule|OHKO Clause: OHKO moves are banned
|rule|Evasion Items Clause: Evasion items are banned
|rule|Evasion Moves Clause: Evasion moves are banned
|rule|Endless Battle Clause: Forcing endless battles is banned
|rule|HP Percentage Mod: HP is shown in percentages
|rule|One Boost Passer Clause: Limit one Baton Passer that has a way to boost its stats
|rule|Freeze Clause Mod: Limit one foe frozen
|
|t:|1728054659
|start
|switch|p1a: Tyranitar|Tyranitar, F|100/100
|switch|p2a: Skarmory|Skarmory, F|100/100
|-weather|Sandstorm|[from] ability: Sand Stream|[of] p1a: Tyranitar
|turn|1
|
|t:|1728054667
|move|p2a: Skarmory|Spikes|p1a: Tyranitar
|-sidestart|p1: kingofironfrisk|Spikes
|move|p1a: Tyranitar|Fire Blast|p2a: Skarmory
|-supereffective|p2a: Skarmory
|-damage|p2a: Skarmory|34/100
|
|-weather|Sandstorm|[upkeep]
|-heal|p2a: Skarmory|40/100|[from] item: Leftovers
|upkeep
|turn|2
|
|t:|1728054675
|move|p2a: Skarmory|Protect|p2a: Skarmory
|-singleturn|p2a: Skarmory|Protect
|move|p1a: Tyranitar|Crunch|p2a: Skarmory
|-activate|p2a: Skarmory|Protect
|
|-weather|Sandstorm|[upkeep]
|-heal|p2a: Skarmory|46/100|[from] item: Leftovers
|upkeep
|turn|3
|
|t:|1728054696
|move|p2a: Skarmory|Spikes|p1a: Tyranitar
|-sidestart|p1: kingofironfrisk|Spikes
|move|p1a: Tyranitar|Fire Blast|p2a: Skarmory
|-supereffective|p2a: Skarmory
|-damage|p2a: Skarmory|0 fnt
|faint|p2a: Skarmory
|
|t:|1728054707
|switch|p2a: Dugtrio|Dugtrio, M|100/100
|
|-weather|Sandstorm|[upkeep]
|upkeep
|turn|4
|
|t:|1728054714
|move|p2a: Dugtrio|Earthquake|p1a: Tyranitar
|-supereffective|p1a: Tyranitar
|-damage|p1a: Tyranitar|17/100
|move|p1a: Tyranitar|Crunch|p2a: Dugtrio
|-damage|p2a: Dugtrio|13/100
|
|-weather|Sandstorm|[upkeep]
|-heal|p1a: Tyranitar|23/100|[from] item: Leftovers
|upkeep
|turn|5
|
|t:|1728054719
|move|p2a: Dugtrio|Earthquake|p1a: Tyranitar
|-supereffective|p1a: Tyranitar
|-damage|p1a: Tyranitar|0 fnt
|faint|p1a: Tyranitar
|
|t:|1728054721
|switch|p1a: Skarmory|Skarmory, F|100/100
|
|-weather|Sandstorm|[upkeep]
|upkeep
|turn|6
|
|t:|1728054733
|switch|p2a: Claydol|Claydol|100/100
|move|p1a: Skarmory|Spikes|p2a: Claydol
|-sidestart|p2: Handyman2|Spikes
|
|-weather|Sandstorm|[upkeep]
|upkeep
|turn|7
|
|t:|1728054736
|move|p2a: Claydol|Rapid Spin|p1a: Skarmory
|-resisted|p1a: Skarmory
|-damage|p1a: Skarmory|99/100
|-sideend|p2: Handyman2|Spikes|[from] move: Rapid Spin|[of] p2a: Claydol
|move|p1a: Skarmory|Toxic|p2a: Claydol
|-status|p2a: Claydol|tox
|
|-weather|Sandstorm|[upkeep]
|-damage|p2a: Claydol|94/100 tox|[from] psn
|-heal|p1a: Skarmory|100/100|[from] item: Leftovers
|upkeep
|turn|8
|
|t:|1728054743
|move|p2a: Claydol|Psychic|p1a: Skarmory
|-resisted|p1a: Skarmory
|-damage|p1a: Skarmory|92/100
|move|p1a: Skarmory|Spikes|p2a: Claydol
|-sidestart|p2: Handyman2|Spikes
|
|-weather|Sandstorm|[upkeep]
|-heal|p2a: Claydol|100/100 tox|[from] item: Leftovers
|-damage|p2a: Claydol|88/100 tox|[from] psn
|-heal|p1a: Skarmory|98/100|[from] item: Leftovers
|upkeep
|turn|9
|
|t:|1728054760
|switch|p2a: Milotic|Milotic, M|100/100
|-damage|p2a: Milotic|88/100|[from] Spikes
|move|p1a: Skarmory|Spikes|p2a: Milotic
|-sidestart|p2: Handyman2|Spikes
|
|-weather|Sandstorm|[upkeep]
|-damage|p2a: Milotic|82/100|[from] Sandstorm
|-heal|p2a: Milotic|88/100|[from] item: Leftovers
|-heal|p1a: Skarmory|100/100|[from] item: Leftovers
|upkeep
|turn|10
|
|t:|1728054766
|move|p2a: Milotic|Surf|p1a: Skarmory
|-damage|p1a: Skarmory|72/100
|move|p1a: Skarmory|Toxic|p2a: Milotic
|-status|p2a: Milotic|tox
|
|-weather|Sandstorm|[upkeep]
|-damage|p2a: Milotic|82/100 tox|[from] Sandstorm
|-heal|p2a: Milotic|88/100 tox|[from] item: Leftovers
|-damage|p2a: Milotic|82/100 tox|[from] psn
|-heal|p1a: Skarmory|78/100|[from] item: Leftovers
|upkeep
|turn|11
|
|t:|1728054772
|move|p2a: Milotic|Surf|p1a: Skarmory
|-damage|p1a: Skarmory|46/100
|move|p1a: Skarmory|Spikes|p2a: Milotic
|-sidestart|p2: Handyman2|Spikes
|
|-weather|Sandstorm|[upkeep]
|-damage|p2a: Milotic|76/100 tox|[from] Sandstorm
|-heal|p2a: Milotic|82/100 tox|[from] item: Leftovers
|-damage|p2a: Milotic|70/100 tox|[from] psn
|-heal|p1a: Skarmory|52/100|[from] item: Leftovers
|upkeep
|turn|12
|
|t:|1728054777
|switch|p1a: Blissey|Blissey, F|100/100
|-damage|p1a: Blissey|84/100|[from] Spikes
|move|p2a: Milotic|Refresh|p2a: Milotic
|-curestatus|p2a: Milotic|tox|[msg]
|
|-weather|Sandstorm|[upkeep]
|-damage|p2a: Milotic|64/100|[from] Sandstorm
|-damage|p1a: Blissey|78/100|[from] Sandstorm
|-heal|p2a: Milotic|70/100|[from] item: Leftovers
|-heal|p1a: Blissey|84/100|[from] item: Leftovers
|upkeep
|turn|13
|
|t:|1728054780
|move|p2a: Milotic|Toxic|p1a: Blissey
|-status|p1a: Blissey|tox
|move|p1a: Blissey|Toxic|p2a: Milotic
|-status|p2a: Milotic|tox
|
|-weather|Sandstorm|[upkeep]
|-damage|p2a: Milotic|64/100 tox|[from] Sandstorm
|-damage|p1a: Blissey|78/100 tox|[from] Sandstorm
|-heal|p2a: Milotic|70/100 tox|[from] item: Leftovers
|-damage|p2a: Milotic|64/100 tox|[from] psn
|-heal|p1a: Blissey|84/100 tox|[from] item: Leftovers
|-damage|p1a: Blissey|78/100 tox|[from] psn
|upkeep
|turn|14
|
|t:|1728054785
|-curestatus|p1a: Blissey|tox|[from] ability: Natural Cure
|switch|p1a: Gengar|Gengar, M|100/100
|move|p2a: Milotic|Recover|p2a: Milotic
|-heal|p2a: Milotic|100/100 tox
|
|-weather|Sandstorm|[upkeep]
|-damage|p1a: Gengar|94/100|[from] Sandstorm
|-damage|p2a: Milotic|94/100 tox|[from] Sandstorm
|-heal|p1a: Gengar|100/100|[from] item: Leftovers
|-heal|p2a: Milotic|100/100 tox|[from] item: Leftovers
|-damage|p2a: Milotic|88/100 tox|[from] psn
|upkeep
|turn|15
|inactive|Handyman2 has 270 seconds left.
|
|t:|1728054816
|switch|p2a: Blissey|Blissey, F|100/100
|-damage|p2a: Blissey|76/100|[from] Spikes
|move|p1a: Gengar|Thunderbolt|p2a: Blissey
|-damage|p2a: Blissey|65/100
|
|-weather|Sandstorm|[upkeep]
|-damage|p1a: Gengar|94/100|[from] Sandstorm
|-damage|p2a: Blissey|59/100|[from] Sandstorm
|-heal|p1a: Gengar|100/100|[from] item: Leftovers
|-heal|p2a: Blissey|65/100|[from] item: Leftovers
|upkeep
|turn|16
|
|t:|1728054820
|move|p1a: Gengar|Taunt|p2a: Blissey
|-start|p2a: Blissey|move: Taunt
|cant|p2a: Blissey|move: Taunt|Soft-Boiled
|
|-weather|Sandstorm|[upkeep]
|-damage|p1a: Gengar|94/100|[from] Sandstorm
|-damage|p2a: Blissey|59/100|[from] Sandstorm
|-heal|p1a: Gengar|100/100|[from] item: Leftovers
|-heal|p2a: Blissey|65/100|[from] item: Leftovers
|upkeep
|turn|17
|
|t:|1728054823
|move|p1a: Gengar|Will-O-Wisp|p2a: Blissey|[miss]
|-miss|p1a: Gengar|p2a: Blissey
|move|p2a: Blissey|Ice Beam|p1a: Gengar
|-crit|p1a: Gengar
|-damage|p1a: Gengar|59/100
|
|-weather|Sandstorm|[upkeep]
|-damage|p1a: Gengar|53/100|[from] Sandstorm
|-damage|p2a: Blissey|59/100|[from] Sandstorm
|-heal|p1a: Gengar|59/100|[from] item: Leftovers
|-heal|p2a: Blissey|65/100|[from] item: Leftovers
|-end|p2a: Blissey|move: Taunt|[silent]
|upkeep
|turn|18
|
|t:|1728054835
|switch|p1a: Skarmory|Skarmory, F|52/100
|move|p2a: Blissey|Ice Beam|p1a: Skarmory
|-damage|p1a: Skarmory|32/100
|
|-weather|Sandstorm|[upkeep]
|-damage|p2a: Blissey|59/100|[from] Sandstorm
|-heal|p1a: Skarmory|38/100|[from] item: Leftovers
|-heal|p2a: Blissey|65/100|[from] item: Leftovers
|upkeep
|turn|19
|
|t:|1728054841
|move|p1a: Skarmory|Toxic|p2a: Blissey
|-status|p2a: Blissey|tox
|move|p2a: Blissey|Soft-Boiled|p2a: Blissey
|-heal|p2a: Blissey|100/100 tox
|
|-weather|Sandstorm|[upkeep]
|-damage|p2a: Blissey|94/100 tox|[from] Sandstorm
|-heal|p1a: Skarmory|44/100|[from] item: Leftovers
|-heal|p2a: Blissey|100/100 tox|[from] item: Leftovers
|-damage|p2a: Blissey|94/100 tox|[from] psn
|upkeep
|turn|20
|
|t:|1728054849
|move|p2a: Blissey|Ice Beam|p1a: Skarmory
|-damage|p1a: Skarmory|23/100
|move|p1a: Skarmory|Roar|p2a: Blissey
|-curestatus|p2a: Blissey|tox|[from] ability: Natural Cure
|drag|p2a: Claydol|Claydol|88/100 tox
|
|-weather|Sandstorm|[upkeep]
|-heal|p2a: Claydol|94/100 tox|[from] item: Leftovers
|-damage|p2a: Claydol|88/100 tox|[from] psn
|-heal|p1a: Skarmory|29/100|[from] item: Leftovers
|upkeep
|turn|21
|
|t:|1728054854
|move|p2a: Claydol|Psychic|p1a: Skarmory
|-resisted|p1a: Skarmory
|-damage|p1a: Skarmory|19/100
|move|p1a: Skarmory|Spikes||[still]
|-fail|p1a: Skarmory
|
|-weather|Sandstorm|[upkeep]
|-heal|p2a: Claydol|94/100 tox|[from] item: Leftovers
|-damage|p2a: Claydol|82/100 tox|[from] psn
|-heal|p1a: Skarmory|25/100|[from] item: Leftovers
|upkeep
|turn|22
|
|t:|1728054859
|move|p1a: Skarmory|Protect|p1a: Skarmory
|-singleturn|p1a: Skarmory|Protect
|move|p2a: Claydol|Rapid Spin|p1a: Skarmory
|-activate|p1a: Skarmory|Protect
|
|-weather|Sandstorm|[upkeep]
|-heal|p2a: Claydol|88/100 tox|[from] item: Leftovers
|-damage|p2a: Claydol|70/100 tox|[from] psn
|-heal|p1a: Skarmory|31/100|[from] item: Leftovers
|upkeep
|turn|23
|
|t:|1728054864
|move|p2a: Claydol|Psychic|p1a: Skarmory
|-resisted|p1a: Skarmory
|-crit|p1a: Skarmory
|-damage|p1a: Skarmory|9/100
|move|p1a: Skarmory|Spikes||[still]
|-fail|p1a: Skarmory
|
|-weather|Sandstorm|[upkeep]
|-heal|p2a: Claydol|76/100 tox|[from] item: Leftovers
|-damage|p2a: Claydol|51/100 tox|[from] psn
|-heal|p1a: Skarmory|15/100|[from] item: Leftovers
|upkeep
|turn|24
|
|t:|1728054872
|move|p1a: Skarmory|Protect|p1a: Skarmory
|-singleturn|p1a: Skarmory|Protect
|move|p2a: Claydol|Psychic|p1a: Skarmory
|-activate|p1a: Skarmory|Protect
|
|-weather|Sandstorm|[upkeep]
|-heal|p2a: Claydol|57/100 tox|[from] item: Leftovers
|-damage|p2a: Claydol|26/100 tox|[from] psn
|-heal|p1a: Skarmory|21/100|[from] item: Leftovers
|upkeep
|turn|25
|
|t:|1728054881
|move|p2a: Claydol|Explosion|p1a: Skarmory
|-resisted|p1a: Skarmory
|-damage|p1a: Skarmory|0 fnt
|faint|p2a: Claydol
|faint|p1a: Skarmory
|
|t:|1728054890
|switch|p2a: Tyranitar|Tyranitar, F|100/100
|switch|p1a: Blissey|Blissey, F|78/100
|-damage|p2a: Tyranitar|76/100|[from] Spikes
|-damage|p1a: Blissey|61/100|[from] Spikes
|
|-weather|Sandstorm|[upkeep]
|-damage|p1a: Blissey|55/100|[from] Sandstorm
|-heal|p1a: Blissey|61/100|[from] item: Leftovers
|upkeep
|turn|26
|
|t:|1728054901
|switch|p1a: Flygon|Flygon, F|100/100
|move|p2a: Tyranitar|Taunt|p1a: Flygon
|-start|p1a: Flygon|move: Taunt
|
|-weather|Sandstorm|[upkeep]
|upkeep
|turn|27
|
|t:|1728054910
|switch|p2a: Dugtrio|Dugtrio, M|13/100
|-damage|p2a: Dugtrio|0 fnt|[from] Spikes
|faint|p2a: Dugtrio
|
|t:|1728054915
|switch|p2a: Blissey|Blissey, F|94/100
|-damage|p2a: Blissey|69/100|[from] Spikes
|
|-weather|Sandstorm|[upkeep]
|-damage|p2a: Blissey|63/100|[from] Sandstorm
|-end|p1a: Flygon|move: Taunt|[silent]
|-heal|p2a: Blissey|69/100|[from] item: Leftovers
|upkeep
|turn|28
|
|t:|1728054924
|switch|p1a: Charizard|Charizard, F|100/100
|move|p2a: Blissey|Toxic|p1a: Charizard
|-status|p1a: Charizard|tox
|
|-weather|Sandstorm|[upkeep]
|-damage|p1a: Charizard|94/100 tox|[from] Sandstorm
|-damage|p2a: Blissey|63/100|[from] Sandstorm
|-heal|p1a: Charizard|100/100 tox|[from] item: Leftovers
|-damage|p1a: Charizard|94/100 tox|[from] psn
|-heal|p2a: Blissey|69/100|[from] item: Leftovers
|upkeep
|turn|29
|
|t:|1728054929
|move|p1a: Charizard|Toxic|p2a: Blissey
|-status|p2a: Blissey|tox
|move|p2a: Blissey|Soft-Boiled|p2a: Blissey
|-heal|p2a: Blissey|100/100 tox
|
|-weather|Sandstorm|[upkeep]
|-damage|p1a: Charizard|88/100 tox|[from] Sandstorm
|-damage|p2a: Blissey|94/100 tox|[from] Sandstorm
|-heal|p1a: Charizard|94/100 tox|[from] item: Leftovers
|-damage|p1a: Charizard|82/100 tox|[from] psn
|-heal|p2a: Blissey|100/100 tox|[from] item: Leftovers
|-damage|p2a: Blissey|94/100 tox|[from] psn
|upkeep
|turn|30
|
|t:|1728054935
|switch|p1a: Gengar|Gengar, M|59/100
|move|p2a: Blissey|Seismic Toss|p1a: Gengar
|-immune|p1a: Gengar
|
|-weather|Sandstorm|[upkeep]
|-damage|p1a: Gengar|53/100|[from] Sandstorm
|-damage|p2a: Blissey|88/100 tox|[from] Sandstorm
|-heal|p1a: Gengar|59/100|[from] item: Leftovers
|-heal|p2a: Blissey|94/100 tox|[from] item: Leftovers
|-damage|p2a: Blissey|82/100 tox|[from] psn
|upkeep
|turn|31
|
|t:|1728054940
|move|p1a: Gengar|Taunt|p2a: Blissey
|-start|p2a: Blissey|move: Taunt
|move|p2a: Blissey|Ice Beam|p1a: Gengar
|-damage|p1a: Gengar|39/100
|-status|p1a: Gengar|frz
|
|-weather|Sandstorm|[upkeep]
|-damage|p1a: Gengar|33/100 frz|[from] Sandstorm
|-damage|p2a: Blissey|76/100 tox|[from] Sandstorm
|-heal|p1a: Gengar|39/100 frz|[from] item: Leftovers
|-heal|p2a: Blissey|82/100 tox|[from] item: Leftovers
|-damage|p2a: Blissey|64/100 tox|[from] psn
|upkeep
|turn|32
|
|t:|1728054949
|-curestatus|p1a: Gengar|frz|[msg]
|move|p1a: Gengar|Giga Drain|p2a: Blissey
|-damage|p2a: Blissey|56/100 tox
|-heal|p1a: Gengar|47/100|[from] drain|[of] p2a: Blissey
|move|p2a: Blissey|Ice Beam|p1a: Gengar
|-crit|p1a: Gengar
|-damage|p1a: Gengar|6/100
|
|-weather|Sandstorm|[upkeep]
|-damage|p1a: Gengar|0 fnt|[from] Sandstorm
|-damage|p2a: Blissey|50/100 tox|[from] Sandstorm
|faint|p1a: Gengar
|-heal|p2a: Blissey|56/100 tox|[from] item: Leftovers
|-damage|p2a: Blissey|32/100 tox|[from] psn
|-end|p2a: Blissey|move: Taunt|[silent]
|upkeep
|c|☆Handyman2|Rip
|
|t:|1728054957
|switch|p1a: Flygon|Flygon, F|100/100
|turn|33
|
|t:|1728054961
|move|p1a: Flygon|Earthquake|p2a: Blissey
|-damage|p2a: Blissey|0 fnt
|faint|p2a: Blissey
|
|t:|1728054967
|switch|p2a: Milotic|Milotic, M|88/100 tox
|-damage|p2a: Milotic|63/100 tox|[from] Spikes
|
|-weather|Sandstorm|[upkeep]
|-damage|p2a: Milotic|57/100 tox|[from] Sandstorm
|-heal|p2a: Milotic|63/100 tox|[from] item: Leftovers
|-damage|p2a: Milotic|57/100 tox|[from] psn
|upkeep
|turn|34
|
|t:|1728054972
|move|p1a: Flygon|Earthquake|p2a: Milotic
|-damage|p2a: Milotic|40/100 tox
|move|p2a: Milotic|Recover|p2a: Milotic
|-heal|p2a: Milotic|90/100 tox
|
|-weather|Sandstorm|[upkeep]
|-damage|p2a: Milotic|84/100 tox|[from] Sandstorm
|-heal|p2a: Milotic|90/100 tox|[from] item: Leftovers
|-damage|p2a: Milotic|78/100 tox|[from] psn
|upkeep
|turn|35
|
|t:|1728054974
|move|p1a: Flygon|Earthquake|p2a: Milotic
|-damage|p2a: Milotic|60/100 tox
|move|p2a: Milotic|Toxic|p1a: Flygon
|-status|p1a: Flygon|tox
|
|-weather|Sandstorm|[upkeep]
|-damage|p2a: Milotic|54/100 tox|[from] Sandstorm
|-damage|p1a: Flygon|94/100 tox|[from] psn
|-heal|p2a: Milotic|60/100 tox|[from] item: Leftovers
|-damage|p2a: Milotic|42/100 tox|[from] psn
|upkeep
|turn|36
|
|t:|1728054979
|move|p1a: Flygon|Earthquake|p2a: Milotic
|-damage|p2a: Milotic|25/100 tox
|move|p2a: Milotic|Recover|p2a: Milotic
|-heal|p2a: Milotic|75/100 tox
|
|-weather|Sandstorm|[upkeep]
|-damage|p2a: Milotic|69/100 tox|[from] Sandstorm
|-heal|p1a: Flygon|100/100 tox|[from] item: Leftovers
|-damage|p1a: Flygon|88/100 tox|[from] psn
|-heal|p2a: Milotic|75/100 tox|[from] item: Leftovers
|-damage|p2a: Milotic|51/100 tox|[from] psn
|upkeep
|turn|37
|
|t:|1728054981
|move|p1a: Flygon|Earthquake|p2a: Milotic
|-damage|p2a: Milotic|35/100 tox
|move|p2a: Milotic|Refresh|p2a: Milotic
|-curestatus|p2a: Milotic|tox|[msg]
|
|-weather|Sandstorm|[upkeep]
|-damage|p2a: Milotic|29/100|[from] Sandstorm
|-heal|p1a: Flygon|94/100 tox|[from] item: Leftovers
|-damage|p1a: Flygon|76/100 tox|[from] psn
|-heal|p2a: Milotic|35/100|[from] item: Leftovers
|upkeep
|turn|38
|
|t:|1728054984
|move|p1a: Flygon|Toxic|p2a: Milotic
|-status|p2a: Milotic|tox
|move|p2a: Milotic|Recover|p2a: Milotic
|-heal|p2a: Milotic|85/100 tox
|
|-weather|Sandstorm|[upkeep]
|-damage|p2a: Milotic|79/100 tox|[from] Sandstorm
|-heal|p1a: Flygon|82/100 tox|[from] item: Leftovers
|-damage|p1a: Flygon|58/100 tox|[from] psn
|-heal|p2a: Milotic|85/100 tox|[from] item: Leftovers
|-damage|p2a: Milotic|79/100 tox|[from] psn
|upkeep
|turn|39
|
|t:|1728054991
|switch|p1a: Blissey|Blissey, F|61/100
|-damage|p1a: Blissey|45/100|[from] Spikes
|move|p2a: Milotic|Recover|p2a: Milotic
|-heal|p2a: Milotic|100/100 tox
|
|-weather|Sandstorm|[upkeep]
|-damage|p2a: Milotic|94/100 tox|[from] Sandstorm
|-damage|p1a: Blissey|38/100|[from] Sandstorm
|-heal|p2a: Milotic|100/100 tox|[from] item: Leftovers
|-damage|p2a: Milotic|88/100 tox|[from] psn
|-heal|p1a: Blissey|45/100|[from] item: Leftovers
|upkeep
|turn|40
|
|t:|1728054995
|move|p2a: Milotic|Toxic|p1a: Blissey
|-status|p1a: Blissey|tox
|move|p1a: Blissey|Soft-Boiled|p1a: Blissey
|-heal|p1a: Blissey|95/100 tox
|
|-weather|Sandstorm|[upkeep]
|-damage|p2a: Milotic|82/100 tox|[from] Sandstorm
|-damage|p1a: Blissey|88/100 tox|[from] Sandstorm
|-heal|p2a: Milotic|88/100 tox|[from] item: Leftovers
|-damage|p2a: Milotic|70/100 tox|[from] psn
|-heal|p1a: Blissey|95/100 tox|[from] item: Leftovers
|-damage|p1a: Blissey|88/100 tox|[from] psn
|upkeep
|turn|41
|
|t:|1728054998
|move|p2a: Milotic|Refresh|p2a: Milotic
|-curestatus|p2a: Milotic|tox|[msg]
|move|p1a: Blissey|Toxic|p2a: Milotic
|-status|p2a: Milotic|tox
|
|-weather|Sandstorm|[upkeep]
|-damage|p2a: Milotic|64/100 tox|[from] Sandstorm
|-damage|p1a: Blissey|82/100 tox|[from] Sandstorm
|-heal|p2a: Milotic|70/100 tox|[from] item: Leftovers
|-damage|p2a: Milotic|64/100 tox|[from] psn
|-heal|p1a: Blissey|88/100 tox|[from] item: Leftovers
|-damage|p1a: Blissey|76/100 tox|[from] psn
|upkeep
|turn|42
|
|t:|1728055003
|move|p2a: Milotic|Surf|p1a: Blissey
|-damage|p1a: Blissey|62/100 tox
|move|p1a: Blissey|Seismic Toss|p2a: Milotic
|-damage|p2a: Milotic|39/100 tox
|
|-weather|Sandstorm|[upkeep]
|-damage|p2a: Milotic|32/100 tox|[from] Sandstorm
|-damage|p1a: Blissey|56/100 tox|[from] Sandstorm
|-heal|p2a: Milotic|39/100 tox|[from] item: Leftovers
|-damage|p2a: Milotic|26/100 tox|[from] psn
|-heal|p1a: Blissey|62/100 tox|[from] item: Leftovers
|-damage|p1a: Blissey|43/100 tox|[from] psn
|upkeep
|turn|43
|
|t:|1728055008
|move|p2a: Milotic|Recover|p2a: Milotic
|-heal|p2a: Milotic|76/100 tox
|move|p1a: Blissey|Seismic Toss|p2a: Milotic
|-damage|p2a: Milotic|51/100 tox
|
|-weather|Sandstorm|[upkeep]
|-damage|p2a: Milotic|45/100 tox|[from] Sandstorm
|-damage|p1a: Blissey|37/100 tox|[from] Sandstorm
|-heal|p2a: Milotic|51/100 tox|[from] item: Leftovers
|-damage|p2a: Milotic|33/100 tox|[from] psn
|-heal|p1a: Blissey|43/100 tox|[from] item: Leftovers
|-damage|p1a: Blissey|19/100 tox|[from] psn
|upkeep
|turn|44
|
|t:|1728055017
|move|p2a: Milotic|Refresh|p2a: Milotic
|-curestatus|p2a: Milotic|tox|[msg]
|move|p1a: Blissey|Seismic Toss|p2a: Milotic
|-damage|p2a: Milotic|7/100
|
|-weather|Sandstorm|[upkeep]
|-damage|p2a: Milotic|1/100|[from] Sandstorm
|-damage|p1a: Blissey|13/100 tox|[from] Sandstorm
|-heal|p2a: Milotic|7/100|[from] item: Leftovers
|-heal|p1a: Blissey|19/100 tox|[from] item: Leftovers
|-damage|p1a: Blissey|0 fnt|[from] psn
|faint|p1a: Blissey
|upkeep
|
|t:|1728055020
|switch|p1a: Flygon|Flygon, F|58/100 tox
|turn|45
|
|t:|1728055025
|move|p1a: Flygon|Earthquake|p2a: Milotic
|-damage|p2a: Milotic|0 fnt
|faint|p2a: Milotic
|
|t:|1728055027
|switch|p2a: Tyranitar|Tyranitar, F|76/100
|-damage|p2a: Tyranitar|51/100|[from] Spikes
|
|-weather|Sandstorm|[upkeep]
|-heal|p1a: Flygon|64/100 tox|[from] item: Leftovers
|-damage|p1a: Flygon|58/100 tox|[from] psn
|upkeep
|turn|46
|
|t:|1728055029
|move|p1a: Flygon|Earthquake|p2a: Tyranitar
|-supereffective|p2a: Tyranitar
|-damage|p2a: Tyranitar|0 fnt
|faint|p2a: Tyranitar
|
|win|kingofironfrisk

</script>
<script type="application/json" class="data" id="replaydata-smogtours-gen3ou-794562">
{"id":"smogtours-gen3ou-794562","format":"[Gen 3] OU","players":["kingofironfrisk","Handyman2"],"uploadtime":1728055029,"views":79,"formatid":"gen3ou","rating":null,"private":0,"password":null}
</script>

<script defer src="js/replays.js?9d40a366"></script>
