<!DOCTYPE html>
<meta charset="utf-8" />
<meta name="viewport" content="width=device-width" />

<title>[Gen 3] OU: DunsparceGamer vs. HeyYa!_Forte - Replays - Pok&eacute;mon Showdown!</title>

<meta name="description" content="Watch a replay of a Pok&eacute;mon battle between DunsparceGamer and HeyYa!_Forte! Format: [Gen 3] OU; Date: Nov 1, 2024" />
<!--

Hey, you! Looking in the source for the replay log?

You can find them in JSON format, just add `.json` at the end of a replay URL.

https://replay.pokemonshowdown.com/gen7randomdoublesbattle-865046831.json

Or, if you only need the log itself, add `.log` instead:

https://replay.pokemonshowdown.com/gen7randomdoublesbattle-865046831.log

-->

<link rel="stylesheet" href="//pokemonshowdown.com/style/global.css?0.023195364461161105" />
<link rel="stylesheet" href="//play.pokemonshowdown.com/style/font-awesome.css?0.13261647063804238" />
<link rel="stylesheet" href="//play.pokemonshowdown.com/style/battle.css?0.8753245789963631" />
<link rel="stylesheet" href="//play.pokemonshowdown.com/style/utilichart.css?0.8627959624976733" />

<!-- Global site tag (gtag.js) - Google Analytics -->
<script async src="https://www.googletagmanager.com/gtag/js?id=UA-26211653-1"></script>
<script>
  window.dataLayer = window.dataLayer || [];
  function gtag(){dataLayer.push(arguments);}
  gtag('js', new Date());

  gtag('config', 'UA-26211653-1');
</script>
<!-- End Google Analytics -->
<!-- Venatus Ad Manager - Install in <HEAD> of page -->
	<script src="https://hb.vntsm.com/v3/live/ad-manager.min.js" type="text/javascript" data-site-id="642aba63ec9a7b11c3c9c1be" data-mode="scan" async></script>
<!-- / Venatus Ad Manager -->

<style>
	@media (max-width:820px) {
		.battle {
			margin: 0 auto;
		}
		.battle-log {
			margin: 7px auto 0;
			max-width: 640px;
			height: 300px;
			position: static;
		}
	}
	.optgroup {
		display: inline-block;
		line-height: 22px;
		font-size: 10pt;
	}
	.optgroup .button {
		height: 25px;
		padding-top: 0;
		padding-bottom: 0;
	}
	.optgroup button.button {
		padding-left: 12px;
		padding-right: 12px;
	}
	.linklist {
		list-style: none;
		margin: 0.5em 0;
		padding: 0;
	}
	.linklist li {
		padding: 2px 0;
	}
	.sidebar {
		float: left;
		width: 320px;
	}
	.bar-wrapper {
		max-width: 1100px;
		margin: 0 auto;
	}
	.bar-wrapper.has-sidebar {
		max-width: 1430px;
	}
	.mainbar {
		margin: 0;
		padding-right: 1px;
	}
	.mainbar.has-sidebar {
		margin-left: 330px;
	}
	@media (min-width: 1511px) {
		.sidebar {
			width: 400px;
		}
		.bar-wrapper.has-sidebar {
			max-width: 1510px;
		}
		.mainbar.has-sidebar {
			margin-left: 410px;
		}
	}
	.section.first-section {
		margin-top: 9px;
	}
	.blocklink small {
		white-space: normal;
	}
	.button {
		vertical-align: middle;
	}
	.replay-controls {
		padding-top: 10px;
	}
	.replay-controls h1 {
		font-size: 16pt;
		font-weight: normal;
		color: #CCC;
	}
	.pagelink {
		text-align: center;
	}
	.pagelink a {
		width: 150px;
	}
	.textbox, .button {
		font-size: 11pt;
		vertical-align: middle;
	}
	@media (max-width: 450px) {
		.button {
			font-size: 9pt;
		}
	}
</style>

<div>

	<header>
		<div class="nav-wrapper"><ul class="nav">
			<li><a class="button nav-first" href="//pokemonshowdown.com/"><img src="//pokemonshowdown.com/images/pokemonshowdownbeta.png" srcset="//pokemonshowdown.com/images/pokemonshowdownbeta.png 1x, //pokemonshowdown.com/images/pokemonshowdownbeta@2x.png 2x" alt="Pok&eacute;mon Showdown" width="146" height="44" /> Home</a></li>
			<li><a class="button" href="//pokemonshowdown.com/dex/">Pok&eacute;dex</a></li>
			<li><a class="button cur" href="/">Replays</a></li>
			<li><a class="button" href="//pokemonshowdown.com/ladder/">Ladder</a></li>
			<li><a class="button nav-last" href="//pokemonshowdown.com/forums/">Forum</a></li>
			<li><a class="button greenbutton nav-first nav-last" href="//play.pokemonshowdown.com/">Play</a></li>
		</ul></div>
	</header>

	<div class="main" id="main">

		<noscript><section class="section">You need to enable JavaScript to use this page; sorry!</section></noscript>

	</div>

</div>

<script defer nomodule src="//play.pokemonshowdown.com/js/lib/ps-polyfill.js"></script>
<script defer src="//play.pokemonshowdown.com/js/lib/preact.min.js"></script>

<script defer src="//play.pokemonshowdown.com/config/config.js?2bddbc15"></script>
<script defer src="//play.pokemonshowdown.com/js/lib/jquery-1.11.0.min.js"></script>
<script defer src="//play.pokemonshowdown.com/js/lib/html-sanitizer-minified.js"></script>
<script defer src="//play.pokemonshowdown.com/js/battle-sound.js"></script>
<script defer src="//play.pokemonshowdown.com/js/battledata.js?0.7209276989879541"></script>
<script defer src="//play.pokemonshowdown.com/data/pokedex-mini.js?0.6111056340867951"></script>
<script defer src="//play.pokemonshowdown.com/data/pokedex-mini-bw.js?0.3532142036491459"></script>
<script defer src="//play.pokemonshowdown.com/data/graphics.js?0.24223875632456182"></script>
<script defer src="//play.pokemonshowdown.com/data/pokedex.js?0.38839984266356864"></script>
<script defer src="//play.pokemonshowdown.com/data/moves.js?0.21866028504024015"></script>
<script defer src="//play.pokemonshowdown.com/data/abilities.js?0.2005157953846628"></script>
<script defer src="//play.pokemonshowdown.com/data/items.js?0.9894211263848525"></script>
<script defer src="//play.pokemonshowdown.com/data/teambuilder-tables.js?0.6008791140282215"></script>
<script defer src="//play.pokemonshowdown.com/js/battle-tooltips.js?0.7580118955022959"></script>
<script defer src="//play.pokemonshowdown.com/js/battle.js?0.6057722274234274"></script>

<script defer src="js/utils.js?e31f9a17"></script>
<script defer src="js/replays-battle.js?7008c182"></script>

<!-- don't scrape this data! just add .json or .log after the URL!
Full API docs: https://github.com/smogon/pokemon-showdown-client/blob/master/WEB-API.md -->
<script type="text/plain" class="log" id="replaylog-smogtours-gen3ou-803832">
|inactive|Battle timer is ON: inactive players will automatically lose when time's up.
|t:|1730498525
|gametype|singles
|player|p1|DunsparceGamer|brock|
|player|p2|HeyYa!_Forte|backersf|
|teamsize|p1|6
|teamsize|p2|6
|gen|3
|tier|[Gen 3] OU
|rule|Sleep Clause Mod: Limit one foe put to sleep
|rule|Switch Priority Clause Mod: Faster Pokémon switch first
|rule|Species Clause: Limit one of each Pokémon
|rule|OHKO Clause: OHKO moves are banned
|rule|Evasion Items Clause: Evasion items are banned
|rule|Evasion Moves Clause: Evasion moves are banned
|rule|Endless Battle Clause: Forcing endless battles is banned
|rule|HP Percentage Mod: HP is shown in percentages
|rule|One Boost Passer Clause: Limit one Baton Passer that has a way to boost its stats
|rule|Freeze Clause Mod: Limit one foe frozen
|
|t:|1730498525
|start
|switch|p1a: Metagross|Metagross|100/100
|switch|p2a: Skarmory|Skarmory, M|100/100
|turn|1
|c|☆HeyYa!_Forte|glhf
|
|t:|1730498550
|move|p2a: Skarmory|Protect|p2a: Skarmory
|-singleturn|p2a: Skarmory|Protect
|move|p1a: Metagross|Meteor Mash|p2a: Skarmory
|-activate|p2a: Skarmory|Protect
|
|upkeep
|turn|2
|
|t:|1730498568
|switch|p1a: Jolteon|Jolteon, F|100/100
|move|p2a: Skarmory|Spikes|p1a: Jolteon
|-sidestart|p1: DunsparceGamer|Spikes
|
|upkeep
|turn|3
|
|t:|1730498579
|move|p1a: Jolteon|Thunder Wave|p2a: Skarmory
|-status|p2a: Skarmory|par
|move|p2a: Skarmory|Roar|p1a: Jolteon
|drag|p1a: Swampert|Swampert, M|100/100
|-damage|p1a: Swampert|88/100|[from] Spikes
|
|-heal|p1a: Swampert|94/100|[from] item: Leftovers
|upkeep
|turn|4
|
|t:|1730498585
|move|p1a: Swampert|Hydro Pump|p2a: Skarmory
|-damage|p2a: Skarmory|50/100 par
|cant|p2a: Skarmory|par
|
|-heal|p1a: Swampert|100/100|[from] item: Leftovers
|-heal|p2a: Skarmory|56/100 par|[from] item: Leftovers
|upkeep
|turn|5
|
|t:|1730498603
|move|p2a: Skarmory|Protect|p2a: Skarmory
|-singleturn|p2a: Skarmory|Protect
|move|p1a: Swampert|Hydro Pump|p2a: Skarmory
|-activate|p2a: Skarmory|Protect
|
|-heal|p2a: Skarmory|62/100 par|[from] item: Leftovers
|upkeep
|turn|6
|
|t:|1730498609
|switch|p2a: Venusaur|Venusaur, M|100/100
|move|p1a: Swampert|Hydro Pump|p2a: Venusaur
|-resisted|p2a: Venusaur
|-damage|p2a: Venusaur|73/100
|
|-heal|p2a: Venusaur|79/100|[from] item: Leftovers
|upkeep
|turn|7
|
|t:|1730498630
|switch|p1a: Gengar|Gengar, M|100/100
|move|p2a: Venusaur|Sleep Powder|p1a: Gengar
|-status|p1a: Gengar|slp|[from] move: Sleep Powder
|
|-heal|p2a: Venusaur|85/100|[from] item: Leftovers
|upkeep
|turn|8
|
|t:|1730498633
|cant|p1a: Gengar|slp
|move|p2a: Venusaur|Leech Seed|p1a: Gengar
|-start|p1a: Gengar|move: Leech Seed
|
|-damage|p1a: Gengar|88/100 slp|[from] Leech Seed|[of] p2a: Venusaur
|-heal|p2a: Venusaur|98/100|[silent]
|-heal|p2a: Venusaur|100/100|[from] item: Leftovers
|upkeep
|turn|9
|
|t:|1730498655
|switch|p2a: Jirachi|Jirachi|100/100
|cant|p1a: Gengar|slp
|
|-heal|p1a: Gengar|94/100 slp|[from] item: Leftovers
|-damage|p1a: Gengar|82/100 slp|[from] Leech Seed|[of] p2a: Jirachi
|upkeep
|turn|10
|
|t:|1730498660
|switch|p1a: Jolteon|Jolteon, F|100/100
|-damage|p1a: Jolteon|88/100|[from] Spikes
|move|p2a: Jirachi|Fire Punch|p1a: Jolteon
|-damage|p1a: Jolteon|62/100
|
|-heal|p1a: Jolteon|68/100|[from] item: Leftovers
|upkeep
|turn|11
|
|t:|1730498665
|switch|p2a: Claydol|Claydol|100/100
|move|p1a: Jolteon|Thunder Wave|p2a: Claydol
|-immune|p2a: Claydol
|
|-heal|p1a: Jolteon|74/100|[from] item: Leftovers
|upkeep
|turn|12
|
|t:|1730498676
|switch|p1a: Cloyster|Cloyster, M, shiny|100/100
|-damage|p1a: Cloyster|88/100|[from] Spikes
|move|p2a: Claydol|Psychic|p1a: Cloyster
|-damage|p1a: Cloyster|48/100
|
|upkeep
|turn|13
|inactive|DunsparceGamer has 270 seconds left.
|
|t:|1730498719
|move|p1a: Cloyster|Spikes|p2a: Claydol
|-sidestart|p2: HeyYa!_Forte|Spikes
|move|p2a: Claydol|Psychic|p1a: Cloyster
|-damage|p1a: Cloyster|6/100
|
|-enditem|p1a: Cloyster|Petaya Berry|[eat]
|-boost|p1a: Cloyster|spa|1|[from] item: Petaya Berry
|upkeep
|turn|14
|inactive|HeyYa!_Forte has 270 seconds left.
|
|t:|1730498755
|switch|p2a: Blissey|Blissey, F|100/100
|-damage|p2a: Blissey|88/100|[from] Spikes
|move|p1a: Cloyster|Surf|p2a: Blissey
|-damage|p2a: Blissey|70/100
|
|-heal|p2a: Blissey|76/100|[from] item: Leftovers
|upkeep
|turn|15
|inactive|HeyYa!_Forte has 270 seconds left.
|
|t:|1730498763
|switch|p2a: Skarmory|Skarmory, M|62/100 par
|move|p1a: Cloyster|Explosion|p2a: Skarmory
|-resisted|p2a: Skarmory
|-damage|p2a: Skarmory|22/100 par
|faint|p1a: Cloyster
|
|t:|1730498786
|switch|p1a: Aerodactyl|Aerodactyl, F|100/100
|
|-heal|p2a: Skarmory|28/100 par|[from] item: Leftovers
|upkeep
|turn|16
|
|t:|1730498791
|move|p2a: Skarmory|Protect|p2a: Skarmory
|-singleturn|p2a: Skarmory|Protect
|move|p1a: Aerodactyl|Double-Edge|p2a: Skarmory
|-activate|p2a: Skarmory|Protect
|
|-heal|p2a: Skarmory|34/100 par|[from] item: Leftovers
|upkeep
|turn|17
|
|t:|1730498802
|switch|p2a: Jirachi|Jirachi|100/100
|-damage|p2a: Jirachi|88/100|[from] Spikes
|move|p1a: Aerodactyl|Double-Edge|p2a: Jirachi
|-resisted|p2a: Jirachi
|-damage|p2a: Jirachi|71/100
|
|-heal|p2a: Jirachi|77/100|[from] item: Leftovers
|upkeep
|turn|18
|
|t:|1730498809
|switch|p1a: Metagross|Metagross|100/100
|-damage|p1a: Metagross|88/100|[from] Spikes
|move|p2a: Jirachi|Wish|p2a: Jirachi
|
|-heal|p2a: Jirachi|84/100|[from] item: Leftovers
|upkeep
|turn|19
|inactive|DunsparceGamer has 270 seconds left.
|
|t:|1730498818
|switch|p2a: Skarmory|Skarmory, M|34/100 par
|move|p1a: Metagross|Meteor Mash|p2a: Skarmory
|-resisted|p2a: Skarmory
|-damage|p2a: Skarmory|0 fnt
|faint|p2a: Skarmory
|
|t:|1730498822
|switch|p2a: Jirachi|Jirachi|84/100
|-damage|p2a: Jirachi|71/100|[from] Spikes
|
|-heal|p2a: Jirachi|100/100|[from] move: Wish|[wisher] Jirachi
|upkeep
|turn|20
|
|t:|1730498832
|switch|p1a: Swampert|Swampert, M|100/100
|-damage|p1a: Swampert|88/100|[from] Spikes
|move|p2a: Jirachi|Psychic|p1a: Swampert
|-damage|p1a: Swampert|47/100
|
|-heal|p1a: Swampert|54/100|[from] item: Leftovers
|upkeep
|turn|21
|inactive|DunsparceGamer has 270 seconds left.
|inactive|DunsparceGamer has 240 seconds left.
|
|t:|1730498885
|switch|p2a: Venusaur|Venusaur, M|100/100
|-damage|p2a: Venusaur|88/100|[from] Spikes
|move|p1a: Swampert|Hydro Pump|p2a: Venusaur
|-resisted|p2a: Venusaur
|-damage|p2a: Venusaur|62/100
|
|-heal|p2a: Venusaur|67/100|[from] item: Leftovers
|-heal|p1a: Swampert|60/100|[from] item: Leftovers
|upkeep
|turn|22
|inactive|DunsparceGamer has 240 seconds left.
|
|t:|1730498902
|switch|p1a: Gengar|Gengar, M|82/100 slp
|move|p2a: Venusaur|Leech Seed|p1a: Gengar
|-start|p1a: Gengar|move: Leech Seed
|
|-heal|p1a: Gengar|88/100 slp|[from] item: Leftovers
|-damage|p1a: Gengar|76/100 slp|[from] Leech Seed|[of] p2a: Venusaur
|-heal|p2a: Venusaur|81/100|[silent]
|-heal|p2a: Venusaur|87/100|[from] item: Leftovers
|upkeep
|turn|23
|inactive|DunsparceGamer has 240 seconds left.
|
|t:|1730498911
|cant|p1a: Gengar|slp
|move|p2a: Venusaur|Hidden Power|p1a: Gengar
|-damage|p1a: Gengar|55/100 slp
|
|-heal|p1a: Gengar|61/100 slp|[from] item: Leftovers
|-damage|p1a: Gengar|49/100 slp|[from] Leech Seed|[of] p2a: Venusaur
|-heal|p2a: Venusaur|99/100|[silent]
|-heal|p2a: Venusaur|100/100|[from] item: Leftovers
|upkeep
|turn|24
|
|t:|1730498917
|switch|p2a: Jirachi|Jirachi|100/100
|-damage|p2a: Jirachi|88/100|[from] Spikes
|-curestatus|p1a: Gengar|slp|[msg]
|move|p1a: Gengar|Will-O-Wisp|p2a: Jirachi
|-status|p2a: Jirachi|brn
|
|-heal|p1a: Gengar|55/100|[from] item: Leftovers
|-damage|p1a: Gengar|43/100|[from] Leech Seed|[of] p2a: Jirachi
|-heal|p2a: Jirachi|98/100 brn|[silent]
|-heal|p2a: Jirachi|100/100 brn|[from] item: Leftovers
|-damage|p2a: Jirachi|88/100 brn|[from] brn
|upkeep
|turn|25
|
|t:|1730498927
|switch|p1a: Swampert|Swampert, M|60/100
|-damage|p1a: Swampert|47/100|[from] Spikes
|move|p2a: Jirachi|Psychic|p1a: Swampert
|-damage|p1a: Swampert|3/100
|
|-heal|p2a: Jirachi|94/100 brn|[from] item: Leftovers
|-damage|p2a: Jirachi|82/100 brn|[from] brn
|-heal|p1a: Swampert|9/100|[from] item: Leftovers
|upkeep
|turn|26
|
|t:|1730498933
|move|p2a: Jirachi|Psychic|p1a: Swampert
|-crit|p1a: Swampert
|-damage|p1a: Swampert|0 fnt
|faint|p1a: Swampert
|
|t:|1730498952
|switch|p1a: Metagross|Metagross|88/100
|-damage|p1a: Metagross|76/100|[from] Spikes
|
|-heal|p2a: Jirachi|88/100 brn|[from] item: Leftovers
|-damage|p2a: Jirachi|76/100 brn|[from] brn
|upkeep
|turn|27
|
|t:|1730498958
|switch|p2a: Claydol|Claydol|100/100
|move|p1a: Metagross|Meteor Mash|p2a: Claydol
|-damage|p2a: Claydol|24/100
|
|-heal|p2a: Claydol|30/100|[from] item: Leftovers
|upkeep
|turn|28
|
|t:|1730498977
|move|p1a: Metagross|Meteor Mash|p2a: Claydol
|-damage|p2a: Claydol|0 fnt
|-boost|p1a: Metagross|atk|1
|faint|p2a: Claydol
|
|t:|1730498979
|switch|p2a: Dugtrio|Dugtrio, F|100/100
|-damage|p2a: Dugtrio|88/100|[from] Spikes
|
|upkeep
|turn|29
|
|t:|1730498982
|move|p2a: Dugtrio|Earthquake|p1a: Metagross
|-supereffective|p1a: Metagross
|-damage|p1a: Metagross|0 fnt
|faint|p1a: Metagross
|inactive|DunsparceGamer has 270 seconds left.
|
|t:|1730499014
|switch|p1a: Aerodactyl|Aerodactyl, F|100/100
|
|upkeep
|turn|30
|
|t:|1730499025
|move|p1a: Aerodactyl|Hidden Power|p2a: Dugtrio
|-damage|p2a: Dugtrio|0 fnt
|faint|p2a: Dugtrio
|
|t:|1730499027
|switch|p2a: Jirachi|Jirachi|76/100 brn
|-damage|p2a: Jirachi|63/100 brn|[from] Spikes
|
|-heal|p2a: Jirachi|69/100 brn|[from] item: Leftovers
|-damage|p2a: Jirachi|57/100 brn|[from] brn
|upkeep
|turn|31
|
|t:|1730499037
|switch|p1a: Jolteon|Jolteon, F|74/100
|-damage|p1a: Jolteon|62/100|[from] Spikes
|move|p2a: Jirachi|Calm Mind|p2a: Jirachi
|-boost|p2a: Jirachi|spa|1
|-boost|p2a: Jirachi|spd|1
|
|-heal|p1a: Jolteon|68/100|[from] item: Leftovers
|-heal|p2a: Jirachi|63/100 brn|[from] item: Leftovers
|-damage|p2a: Jirachi|51/100 brn|[from] brn
|upkeep
|turn|32
|
|t:|1730499040
|move|p2a: Jirachi|Wish|p2a: Jirachi
|move|p1a: Jolteon|Roar|p2a: Jirachi
|drag|p2a: Blissey|Blissey, F|76/100
|-damage|p2a: Blissey|64/100|[from] Spikes
|
|-heal|p1a: Jolteon|74/100|[from] item: Leftovers
|-heal|p2a: Blissey|70/100|[from] item: Leftovers
|upkeep
|turn|33
|
|t:|1730499055
|move|p2a: Blissey|Ice Beam|p1a: Jolteon
|-damage|p1a: Jolteon|47/100
|move|p1a: Jolteon|Roar|p2a: Blissey
|drag|p2a: Venusaur|Venusaur, M|100/100
|-damage|p2a: Venusaur|88/100|[from] Spikes
|
|-heal|p2a: Venusaur|100/100|[from] move: Wish|[wisher] Jirachi
|-heal|p1a: Jolteon|53/100|[from] item: Leftovers
|upkeep
|turn|34
|
|t:|1730499069
|move|p1a: Jolteon|Hidden Power|p2a: Venusaur
|-supereffective|p2a: Venusaur
|-damage|p2a: Venusaur|52/100
|move|p2a: Venusaur|Leech Seed|p1a: Jolteon
|-start|p1a: Jolteon|move: Leech Seed
|
|-heal|p1a: Jolteon|59/100|[from] item: Leftovers
|-damage|p1a: Jolteon|47/100|[from] Leech Seed|[of] p2a: Venusaur
|-heal|p2a: Venusaur|63/100|[silent]
|-heal|p2a: Venusaur|69/100|[from] item: Leftovers
|upkeep
|turn|35
|
|t:|1730499082
|move|p1a: Jolteon|Hidden Power|p2a: Venusaur
|-supereffective|p2a: Venusaur
|-damage|p2a: Venusaur|19/100
|move|p2a: Venusaur|Sleep Powder|p1a: Jolteon
|-status|p1a: Jolteon|slp|[from] move: Sleep Powder
|
|-heal|p1a: Jolteon|53/100 slp|[from] item: Leftovers
|-damage|p1a: Jolteon|40/100 slp|[from] Leech Seed|[of] p2a: Venusaur
|-heal|p2a: Venusaur|30/100|[silent]
|-heal|p2a: Venusaur|35/100|[from] item: Leftovers
|upkeep
|turn|36
|
|t:|1730499088
|switch|p1a: Gengar|Gengar, M|43/100
|move|p2a: Venusaur|Leech Seed|p1a: Gengar
|-start|p1a: Gengar|move: Leech Seed
|
|-heal|p1a: Gengar|49/100|[from] item: Leftovers
|-damage|p1a: Gengar|36/100|[from] Leech Seed|[of] p2a: Venusaur
|-heal|p2a: Venusaur|49/100|[silent]
|-heal|p2a: Venusaur|55/100|[from] item: Leftovers
|upkeep
|turn|37
|inactive|DunsparceGamer has 270 seconds left.
|
|t:|1730499126
|move|p1a: Gengar|Will-O-Wisp|p2a: Venusaur|[miss]
|-miss|p1a: Gengar|p2a: Venusaur
|move|p2a: Venusaur|Hidden Power|p1a: Gengar
|-damage|p1a: Gengar|12/100
|
|-heal|p1a: Gengar|18/100|[from] item: Leftovers
|-damage|p1a: Gengar|6/100|[from] Leech Seed|[of] p2a: Venusaur
|-heal|p2a: Venusaur|68/100|[silent]
|-heal|p2a: Venusaur|74/100|[from] item: Leftovers
|upkeep
|turn|38
|inactive|HeyYa!_Forte has 270 seconds left.
|
|t:|1730499143
|move|p1a: Gengar|Explosion|p2a: Venusaur
|-damage|p2a: Venusaur|0 fnt
|faint|p1a: Gengar
|faint|p2a: Venusaur
|inactive|HeyYa!_Forte has 270 seconds left.
|inactive|DunsparceGamer has 270 seconds left.
|
|t:|1730499181
|switch|p1a: Aerodactyl|Aerodactyl, F|100/100
|switch|p2a: Blissey|Blissey, F|70/100
|-damage|p2a: Blissey|57/100|[from] Spikes
|
|-heal|p2a: Blissey|64/100|[from] item: Leftovers
|upkeep
|turn|39
|
|t:|1730499190
|move|p1a: Aerodactyl|Rock Slide|p2a: Blissey|[miss]
|-miss|p1a: Aerodactyl|p2a: Blissey
|move|p2a: Blissey|Soft-Boiled|p2a: Blissey
|-heal|p2a: Blissey|100/100
|
|upkeep
|turn|40
|
|t:|1730499200
|move|p1a: Aerodactyl|Rock Slide|p2a: Blissey
|-damage|p2a: Blissey|53/100
|move|p2a: Blissey|Ice Beam|p1a: Aerodactyl
|-supereffective|p1a: Aerodactyl
|-damage|p1a: Aerodactyl|33/100
|
|-heal|p2a: Blissey|59/100|[from] item: Leftovers
|upkeep
|turn|41
|
|t:|1730499204
|move|p1a: Aerodactyl|Rock Slide|p2a: Blissey
|-damage|p2a: Blissey|13/100
|move|p2a: Blissey|Ice Beam|p1a: Aerodactyl
|-supereffective|p1a: Aerodactyl
|-crit|p1a: Aerodactyl
|-damage|p1a: Aerodactyl|0 fnt
|faint|p1a: Aerodactyl
|c|☆HeyYa!_Forte|gg
|
|t:|1730499208
|switch|p1a: Jolteon|Jolteon, F|40/100 slp
|-damage|p1a: Jolteon|28/100 slp|[from] Spikes
|
|-heal|p1a: Jolteon|34/100 slp|[from] item: Leftovers
|-heal|p2a: Blissey|19/100|[from] item: Leftovers
|upkeep
|turn|42
|
|t:|1730499211
|move|p2a: Blissey|Soft-Boiled|p2a: Blissey
|-heal|p2a: Blissey|69/100
|cant|p1a: Jolteon|slp
|
|-heal|p1a: Jolteon|40/100 slp|[from] item: Leftovers
|-heal|p2a: Blissey|75/100|[from] item: Leftovers
|upkeep
|turn|43
|
|t:|1730499214
|move|p2a: Blissey|Seismic Toss|p1a: Jolteon
|-damage|p1a: Jolteon|3/100 slp
|cant|p1a: Jolteon|slp
|
|-heal|p1a: Jolteon|9/100 slp|[from] item: Leftovers
|-heal|p2a: Blissey|82/100|[from] item: Leftovers
|upkeep
|turn|44
|
|t:|1730499221
|-curestatus|p1a: Jolteon|slp|[msg]
|move|p1a: Jolteon|Thunderbolt|p2a: Blissey
|-damage|p2a: Blissey|64/100
|-status|p2a: Blissey|par
|move|p2a: Blissey|Seismic Toss|p1a: Jolteon
|-damage|p1a: Jolteon|0 fnt
|faint|p1a: Jolteon
|
|win|HeyYa!_Forte

</script>
<script type="application/json" class="data" id="replaydata-smogtours-gen3ou-803832">
{"id":"smogtours-gen3ou-803832","format":"[Gen 3] OU","players":["DunsparceGamer","HeyYa!_Forte"],"uploadtime":1730499221,"views":98,"formatid":"gen3ou","rating":null,"private":0,"password":null}
</script>

<script defer src="js/replays.js?9d40a366"></script>
