<!DOCTYPE html>
<meta charset="utf-8" />
<meta name="viewport" content="width=device-width" />

<title>[Gen 3] OU: denizzz vs. aeris999 - Replays - Pok&eacute;mon Showdown!</title>

<meta name="description" content="Watch a replay of a Pok&eacute;mon battle between denizzz and aeris999! Format: [Gen 3] OU; Date: Oct 5, 2024" />
<!--

Hey, you! Looking in the source for the replay log?

You can find them in JSON format, just add `.json` at the end of a replay URL.

https://replay.pokemonshowdown.com/gen7randomdoublesbattle-865046831.json

Or, if you only need the log itself, add `.log` instead:

https://replay.pokemonshowdown.com/gen7randomdoublesbattle-865046831.log

-->

<link rel="stylesheet" href="//pokemonshowdown.com/style/global.css?0.767286132409787" />
<link rel="stylesheet" href="//play.pokemonshowdown.com/style/font-awesome.css?0.9266228007934947" />
<link rel="stylesheet" href="//play.pokemonshowdown.com/style/battle.css?0.7924700842790926" />
<link rel="stylesheet" href="//play.pokemonshowdown.com/style/utilichart.css?0.8777417872839479" />

<!-- Global site tag (gtag.js) - Google Analytics -->
<script async src="https://www.googletagmanager.com/gtag/js?id=UA-26211653-1"></script>
<script>
  window.dataLayer = window.dataLayer || [];
  function gtag(){dataLayer.push(arguments);}
  gtag('js', new Date());

  gtag('config', 'UA-26211653-1');
</script>
<!-- End Google Analytics -->
<!-- Venatus Ad Manager - Install in <HEAD> of page -->
	<script src="https://hb.vntsm.com/v3/live/ad-manager.min.js" type="text/javascript" data-site-id="642aba63ec9a7b11c3c9c1be" data-mode="scan" async></script>
<!-- / Venatus Ad Manager -->

<style>
	@media (max-width:820px) {
		.battle {
			margin: 0 auto;
		}
		.battle-log {
			margin: 7px auto 0;
			max-width: 640px;
			height: 300px;
			position: static;
		}
	}
	.optgroup {
		display: inline-block;
		line-height: 22px;
		font-size: 10pt;
	}
	.optgroup .button {
		height: 25px;
		padding-top: 0;
		padding-bottom: 0;
	}
	.optgroup button.button {
		padding-left: 12px;
		padding-right: 12px;
	}
	.linklist {
		list-style: none;
		margin: 0.5em 0;
		padding: 0;
	}
	.linklist li {
		padding: 2px 0;
	}
	.sidebar {
		float: left;
		width: 320px;
	}
	.bar-wrapper {
		max-width: 1100px;
		margin: 0 auto;
	}
	.bar-wrapper.has-sidebar {
		max-width: 1430px;
	}
	.mainbar {
		margin: 0;
		padding-right: 1px;
	}
	.mainbar.has-sidebar {
		margin-left: 330px;
	}
	@media (min-width: 1511px) {
		.sidebar {
			width: 400px;
		}
		.bar-wrapper.has-sidebar {
			max-width: 1510px;
		}
		.mainbar.has-sidebar {
			margin-left: 410px;
		}
	}
	.section.first-section {
		margin-top: 9px;
	}
	.blocklink small {
		white-space: normal;
	}
	.button {
		vertical-align: middle;
	}
	.replay-controls {
		padding-top: 10px;
	}
	.replay-controls h1 {
		font-size: 16pt;
		font-weight: normal;
		color: #CCC;
	}
	.pagelink {
		text-align: center;
	}
	.pagelink a {
		width: 150px;
	}
	.textbox, .button {
		font-size: 11pt;
		vertical-align: middle;
	}
	@media (max-width: 450px) {
		.button {
			font-size: 9pt;
		}
	}
</style>

<div>

	<header>
		<div class="nav-wrapper"><ul class="nav">
			<li><a class="button nav-first" href="//pokemonshowdown.com/"><img src="//pokemonshowdown.com/images/pokemonshowdownbeta.png" srcset="//pokemonshowdown.com/images/pokemonshowdownbeta.png 1x, //pokemonshowdown.com/images/pokemonshowdownbeta@2x.png 2x" alt="Pok&eacute;mon Showdown" width="146" height="44" /> Home</a></li>
			<li><a class="button" href="//pokemonshowdown.com/dex/">Pok&eacute;dex</a></li>
			<li><a class="button cur" href="/">Replays</a></li>
			<li><a class="button" href="//pokemonshowdown.com/ladder/">Ladder</a></li>
			<li><a class="button nav-last" href="//pokemonshowdown.com/forums/">Forum</a></li>
			<li><a class="button greenbutton nav-first nav-last" href="//play.pokemonshowdown.com/">Play</a></li>
		</ul></div>
	</header>

	<div class="main" id="main">

		<noscript><section class="section">You need to enable JavaScript to use this page; sorry!</section></noscript>

	</div>

</div>

<script defer nomodule src="//play.pokemonshowdown.com/js/lib/ps-polyfill.js"></script>
<script defer src="//play.pokemonshowdown.com/js/lib/preact.min.js"></script>

<script defer src="//play.pokemonshowdown.com/config/config.js?6dec07f6"></script>
<script defer src="//play.pokemonshowdown.com/js/lib/jquery-1.11.0.min.js"></script>
<script defer src="//play.pokemonshowdown.com/js/lib/html-sanitizer-minified.js"></script>
<script defer src="//play.pokemonshowdown.com/js/battle-sound.js"></script>
<script defer src="//play.pokemonshowdown.com/js/battledata.js?0.6315294753075389"></script>
<script defer src="//play.pokemonshowdown.com/data/pokedex-mini.js?0.7603743185311358"></script>
<script defer src="//play.pokemonshowdown.com/data/pokedex-mini-bw.js?0.030888842834281283"></script>
<script defer src="//play.pokemonshowdown.com/data/graphics.js?0.05593094747507488"></script>
<script defer src="//play.pokemonshowdown.com/data/pokedex.js?0.47064822249611904"></script>
<script defer src="//play.pokemonshowdown.com/data/moves.js?0.8583693120512459"></script>
<script defer src="//play.pokemonshowdown.com/data/abilities.js?0.16017181182386842"></script>
<script defer src="//play.pokemonshowdown.com/data/items.js?0.4163379185673943"></script>
<script defer src="//play.pokemonshowdown.com/data/teambuilder-tables.js?0.31075597372830477"></script>
<script defer src="//play.pokemonshowdown.com/js/battle-tooltips.js?0.6536193500708172"></script>
<script defer src="//play.pokemonshowdown.com/js/battle.js?0.1916591943277901"></script>

<script defer src="js/utils.js?e31f9a17"></script>
<script defer src="js/replays-battle.js?7008c182"></script>

<!-- don't scrape this data! just add .json or .log after the URL!
Full API docs: https://github.com/smogon/pokemon-showdown-client/blob/master/WEB-API.md -->
<script type="text/plain" class="log" id="replaylog-smogtours-gen3ou-794896">
|inactive|Battle timer is ON: inactive players will automatically lose when time's up.
|t:|1728133691
|gametype|singles
|player|p1|denizzz|2|
|player|p2|aeris999|101|
|teamsize|p1|6
|teamsize|p2|6
|gen|3
|tier|[Gen 3] OU
|rule|Sleep Clause Mod: Limit one foe put to sleep
|rule|Switch Priority Clause Mod: Faster Pokémon switch first
|rule|Species Clause: Limit one of each Pokémon
|rule|OHKO Clause: OHKO moves are banned
|rule|Evasion Items Clause: Evasion items are banned
|rule|Evasion Moves Clause: Evasion moves are banned
|rule|Endless Battle Clause: Forcing endless battles is banned
|rule|HP Percentage Mod: HP is shown in percentages
|rule|One Boost Passer Clause: Limit one Baton Passer that has a way to boost its stats
|rule|Freeze Clause Mod: Limit one foe frozen
|
|t:|1728133691
|start
|switch|p1a: Blissey|Blissey, F|100/100
|switch|p2a: Aerodactyl|Aerodactyl, M|100/100
|turn|1
|c|☆denizzz|glhf
|c|☆aeris999|handshake
|
|t:|1728133712
|switch|p2a: Blissey|Blissey, F|100/100
|switch|p1a: Suicune|Suicune|100/100
|
|upkeep
|turn|2
|
|t:|1728133723
|switch|p2a: Milotic|Milotic, F|100/100
|move|p1a: Suicune|Calm Mind|p1a: Suicune
|-boost|p1a: Suicune|spa|1
|-boost|p1a: Suicune|spd|1
|
|upkeep
|turn|3
|
|t:|1728133728
|switch|p1a: Blissey|Blissey, F|100/100
|move|p2a: Milotic|Toxic|p1a: Blissey
|-status|p1a: Blissey|tox
|
|-damage|p1a: Blissey|94/100 tox|[from] psn
|upkeep
|turn|4
|
|t:|1728133735
|switch|p2a: Blissey|Blissey, F|100/100
|-curestatus|p1a: Blissey|tox|[from] ability: Natural Cure
|switch|p1a: Suicune|Suicune|100/100
|
|upkeep
|turn|5
|
|t:|1728133745
|move|p1a: Suicune|Calm Mind|p1a: Suicune
|-boost|p1a: Suicune|spa|1
|-boost|p1a: Suicune|spd|1
|move|p2a: Blissey|Calm Mind|p2a: Blissey
|-boost|p2a: Blissey|spa|1
|-boost|p2a: Blissey|spd|1
|
|upkeep
|turn|6
|
|t:|1728133749
|move|p2a: Blissey|Thunderbolt|p1a: Suicune
|-supereffective|p1a: Suicune
|-damage|p1a: Suicune|64/100
|move|p1a: Suicune|Roar|p2a: Blissey
|drag|p2a: Milotic|Milotic, F|100/100
|
|-heal|p1a: Suicune|71/100|[from] item: Leftovers
|upkeep
|turn|7
|
|t:|1728133756
|move|p1a: Suicune|Calm Mind|p1a: Suicune
|-boost|p1a: Suicune|spa|1
|-boost|p1a: Suicune|spd|1
|move|p2a: Milotic|Toxic|p1a: Suicune
|-status|p1a: Suicune|tox
|
|-heal|p1a: Suicune|77/100 tox|[from] item: Leftovers
|-damage|p1a: Suicune|71/100 tox|[from] psn
|upkeep
|turn|8
|
|t:|1728133761
|switch|p2a: Blissey|Blissey, F|100/100
|move|p1a: Suicune|Rest|p1a: Suicune
|-status|p1a: Suicune|slp|[from] move: Rest
|-heal|p1a: Suicune|100/100 slp|[silent]
|
|upkeep
|turn|9
|
|t:|1728133768
|switch|p1a: Milotic|Milotic, M|100/100
|switch|p2a: Claydol|Claydol, shiny|100/100
|
|upkeep
|turn|10
|
|t:|1728133790
|switch|p1a: Skarmory|Skarmory, M|100/100
|switch|p2a: Blissey|Blissey, F|100/100
|
|upkeep
|turn|11
|
|t:|1728133795
|switch|p1a: Milotic|Milotic, M|100/100
|move|p2a: Blissey|Thunderbolt|p1a: Milotic
|-supereffective|p1a: Milotic
|-damage|p1a: Milotic|61/100
|
|-heal|p1a: Milotic|67/100|[from] item: Leftovers
|upkeep
|turn|12
|
|t:|1728133800
|move|p1a: Milotic|Toxic|p2a: Blissey
|-status|p2a: Blissey|tox
|move|p2a: Blissey|Calm Mind|p2a: Blissey
|-boost|p2a: Blissey|spa|1
|-boost|p2a: Blissey|spd|1
|
|-heal|p1a: Milotic|73/100|[from] item: Leftovers
|-damage|p2a: Blissey|94/100 tox|[from] psn
|upkeep
|turn|13
|
|t:|1728133803
|switch|p1a: Blissey|Blissey, F|94/100
|move|p2a: Blissey|Thunderbolt|p1a: Blissey
|-crit|p1a: Blissey
|-damage|p1a: Blissey|63/100
|
|-heal|p2a: Blissey|100/100 tox|[from] item: Leftovers
|-damage|p2a: Blissey|88/100 tox|[from] psn
|-heal|p1a: Blissey|69/100|[from] item: Leftovers
|upkeep
|turn|14
|
|t:|1728133809
|-curestatus|p2a: Blissey|tox|[from] ability: Natural Cure
|switch|p2a: Sableye|Sableye, M|100/100
|move|p1a: Blissey|Aromatherapy|p1a: Blissey
|-cureteam|p1a: Blissey|[from] move: Aromatherapy
|
|-heal|p1a: Blissey|75/100|[from] item: Leftovers
|upkeep
|turn|15
|inactive|denizzz has 270 seconds left.
|
|t:|1728133839
|move|p1a: Blissey|Soft-Boiled|p1a: Blissey
|-heal|p1a: Blissey|100/100
|move|p2a: Sableye|Knock Off|p1a: Blissey
|-damage|p1a: Blissey|98/100
|-enditem|p1a: Blissey|Leftovers|[from] move: Knock Off|[of] p2a: Sableye
|-hint|In Gens 3-4, Knock Off only makes the target's item unusable; it cannot obtain a new item.
|
|upkeep
|turn|16
|
|t:|1728133855
|move|p1a: Blissey|Ice Beam|p2a: Sableye
|-damage|p2a: Sableye|67/100
|-status|p2a: Sableye|frz
|cant|p2a: Sableye|frz
|
|-heal|p2a: Sableye|74/100 frz|[from] item: Leftovers
|upkeep
|turn|17
|
|t:|1728133864
|switch|p2a: Milotic|Milotic, F|100/100
|move|p1a: Blissey|Ice Beam|p2a: Milotic
|-resisted|p2a: Milotic
|-damage|p2a: Milotic|93/100
|
|-heal|p2a: Milotic|99/100|[from] item: Leftovers
|upkeep
|turn|18
|
|t:|1728133868
|move|p2a: Milotic|Toxic|p1a: Blissey
|-status|p1a: Blissey|tox
|move|p1a: Blissey|Seismic Toss|p2a: Milotic
|-damage|p2a: Milotic|74/100
|
|-heal|p2a: Milotic|80/100|[from] item: Leftovers
|-damage|p1a: Blissey|92/100 tox|[from] psn
|upkeep
|turn|19
|
|t:|1728133883
|switch|p2a: Skarmory|Skarmory, M|100/100
|-curestatus|p1a: Blissey|tox|[from] ability: Natural Cure
|switch|p1a: Milotic|Milotic, M|73/100
|
|-heal|p1a: Milotic|79/100|[from] item: Leftovers
|upkeep
|turn|20
|
|t:|1728133889
|switch|p1a: Skarmory|Skarmory, M|100/100
|move|p2a: Skarmory|Spikes|p1a: Skarmory
|-sidestart|p1: denizzz|Spikes
|
|upkeep
|turn|21
|
|t:|1728133899
|move|p1a: Skarmory|Spikes|p2a: Skarmory
|-sidestart|p2: aeris999|Spikes
|move|p2a: Skarmory|Spikes|p1a: Skarmory
|-sidestart|p1: denizzz|Spikes
|
|upkeep
|turn|22
|
|t:|1728133901
|move|p1a: Skarmory|Spikes|p2a: Skarmory
|-sidestart|p2: aeris999|Spikes
|move|p2a: Skarmory|Spikes|p1a: Skarmory
|-sidestart|p1: denizzz|Spikes
|
|upkeep
|turn|23
|
|t:|1728133903
|move|p1a: Skarmory|Spikes|p2a: Skarmory
|-sidestart|p2: aeris999|Spikes
|move|p2a: Skarmory|Roar|p1a: Skarmory
|drag|p1a: Milotic|Milotic, M|79/100
|-damage|p1a: Milotic|54/100|[from] Spikes
|
|-heal|p1a: Milotic|60/100|[from] item: Leftovers
|upkeep
|turn|24
|
|t:|1728133910
|move|p1a: Milotic|Recover|p1a: Milotic
|-heal|p1a: Milotic|100/100
|move|p2a: Skarmory|Roar|p1a: Milotic
|drag|p1a: Blissey|Blissey, F|92/100
|-damage|p1a: Blissey|67/100|[from] Spikes
|
|upkeep
|turn|25
|
|t:|1728133935
|move|p1a: Blissey|Soft-Boiled|p1a: Blissey
|-heal|p1a: Blissey|100/100
|move|p2a: Skarmory|Roar|p1a: Blissey
|drag|p1a: Skarmory|Skarmory, M|100/100
|
|upkeep
|turn|26
|
|t:|1728133941
|move|p1a: Skarmory|Roar|p2a: Skarmory
|drag|p2a: Aerodactyl|Aerodactyl, M|100/100
|
|upkeep
|turn|27
|
|t:|1728133951
|switch|p2a: Skarmory|Skarmory, M|100/100
|move|p1a: Skarmory|Protect||[still]
|-fail|p1a: Skarmory
|
|upkeep
|turn|28
|
|t:|1728133955
|move|p1a: Skarmory|Roar|p2a: Skarmory
|drag|p2a: Aerodactyl|Aerodactyl, M|100/100
|
|upkeep
|turn|29
|
|t:|1728133959
|switch|p2a: Skarmory|Skarmory, M|100/100
|switch|p1a: Claydol|Claydol|100/100
|
|upkeep
|turn|30
|
|t:|1728133969
|switch|p2a: Claydol|Claydol, shiny|100/100
|switch|p1a: Skarmory|Skarmory, M|100/100
|
|upkeep
|turn|31
|
|t:|1728133975
|switch|p2a: Skarmory|Skarmory, M|100/100
|move|p1a: Skarmory|Drill Peck|p2a: Skarmory
|-resisted|p2a: Skarmory
|-damage|p2a: Skarmory|91/100
|
|-heal|p2a: Skarmory|97/100|[from] item: Leftovers
|upkeep
|turn|32
|
|t:|1728133983
|move|p1a: Skarmory|Roar|p2a: Skarmory
|drag|p2a: Aerodactyl|Aerodactyl, M|100/100
|
|upkeep
|turn|33
|
|t:|1728133987
|switch|p1a: Claydol|Claydol|100/100
|move|p2a: Aerodactyl|Rock Slide|p1a: Claydol
|-resisted|p1a: Claydol
|-damage|p1a: Claydol|75/100
|
|-heal|p1a: Claydol|81/100|[from] item: Leftovers
|upkeep
|turn|34
|
|t:|1728133998
|switch|p2a: Claydol|Claydol, shiny|100/100
|move|p1a: Claydol|Rapid Spin|p2a: Claydol
|-damage|p2a: Claydol|96/100
|-sideend|p1: denizzz|Spikes|[from] move: Rapid Spin|[of] p1a: Claydol
|
|-heal|p2a: Claydol|100/100|[from] item: Leftovers
|-heal|p1a: Claydol|88/100|[from] item: Leftovers
|upkeep
|turn|35
|
|t:|1728134009
|switch|p2a: Skarmory|Skarmory, M|97/100
|switch|p1a: Milotic|Milotic, M|100/100
|
|-heal|p2a: Skarmory|100/100|[from] item: Leftovers
|upkeep
|turn|36
|
|t:|1728134019
|switch|p1a: Claydol|Claydol|88/100
|switch|p2a: Milotic|Milotic, F|80/100
|-damage|p2a: Milotic|55/100|[from] Spikes
|
|-heal|p2a: Milotic|61/100|[from] item: Leftovers
|-heal|p1a: Claydol|94/100|[from] item: Leftovers
|upkeep
|turn|37
|
|t:|1728134024
|switch|p1a: Blissey|Blissey, F|100/100
|move|p2a: Milotic|Recover|p2a: Milotic
|-heal|p2a: Milotic|100/100
|
|upkeep
|turn|38
|
|t:|1728134029
|switch|p1a: Suicune|Suicune|100/100
|move|p2a: Milotic|Toxic|p1a: Suicune
|-status|p1a: Suicune|tox
|
|-damage|p1a: Suicune|94/100 tox|[from] psn
|upkeep
|turn|39
|
|t:|1728134036
|switch|p1a: Blissey|Blissey, F|100/100
|move|p2a: Milotic|Surf|p1a: Blissey
|-damage|p1a: Blissey|87/100
|
|upkeep
|turn|40
|
|t:|1728134047
|switch|p2a: Claydol|Claydol, shiny|100/100
|switch|p1a: Skarmory|Skarmory, M|100/100
|
|upkeep
|turn|41
|
|t:|1728134058
|switch|p1a: Claydol|Claydol|94/100
|move|p2a: Claydol|Rapid Spin|p1a: Claydol
|-damage|p1a: Claydol|89/100
|-sideend|p2: aeris999|Spikes|[from] move: Rapid Spin|[of] p2a: Claydol
|
|-heal|p1a: Claydol|96/100|[from] item: Leftovers
|upkeep
|turn|42
|
|t:|1728134065
|switch|p1a: Skarmory|Skarmory, M|100/100
|move|p2a: Claydol|Shadow Ball|p1a: Skarmory
|-resisted|p1a: Skarmory
|-damage|p1a: Skarmory|93/100
|-unboost|p1a: Skarmory|spd|1
|
|-heal|p1a: Skarmory|99/100|[from] item: Leftovers
|upkeep
|turn|43
|
|t:|1728134073
|switch|p2a: Blissey|Blissey, F|88/100
|move|p1a: Skarmory|Spikes|p2a: Blissey
|-sidestart|p2: aeris999|Spikes
|
|-heal|p1a: Skarmory|100/100|[from] item: Leftovers
|-heal|p2a: Blissey|94/100|[from] item: Leftovers
|upkeep
|turn|44
|
|t:|1728134080
|switch|p1a: Milotic|Milotic, M|100/100
|move|p2a: Blissey|Ice Beam|p1a: Milotic
|-resisted|p1a: Milotic
|-damage|p1a: Milotic|91/100
|
|-heal|p1a: Milotic|97/100|[from] item: Leftovers
|-heal|p2a: Blissey|100/100|[from] item: Leftovers
|upkeep
|turn|45
|
|t:|1728134088
|switch|p2a: Skarmory|Skarmory, M|100/100
|move|p1a: Milotic|Toxic|p2a: Skarmory|[miss]
|-miss|p1a: Milotic|p2a: Skarmory
|
|-heal|p1a: Milotic|100/100|[from] item: Leftovers
|upkeep
|turn|46
|
|t:|1728134099
|switch|p1a: Skarmory|Skarmory, M|100/100
|switch|p2a: Blissey|Blissey, F|100/100
|-damage|p2a: Blissey|88/100|[from] Spikes
|
|-heal|p2a: Blissey|94/100|[from] item: Leftovers
|upkeep
|turn|47
|
|t:|1728134105
|switch|p1a: Milotic|Milotic, M|100/100
|switch|p2a: Aerodactyl|Aerodactyl, M|100/100
|
|upkeep
|turn|48
|
|t:|1728134112
|switch|p2a: Blissey|Blissey, F|94/100
|-damage|p2a: Blissey|82/100|[from] Spikes
|move|p1a: Milotic|Surf|p2a: Blissey
|-damage|p2a: Blissey|69/100
|
|-heal|p2a: Blissey|75/100|[from] item: Leftovers
|upkeep
|turn|49
|
|t:|1728134119
|switch|p2a: Milotic|Milotic, F|100/100
|-damage|p2a: Milotic|88/100|[from] Spikes
|move|p1a: Milotic|Toxic|p2a: Milotic
|-status|p2a: Milotic|tox
|
|-heal|p2a: Milotic|94/100 tox|[from] item: Leftovers
|-damage|p2a: Milotic|88/100 tox|[from] psn
|upkeep
|turn|50
|
|t:|1728134128
|switch|p1a: Blissey|Blissey, F|87/100
|move|p2a: Milotic|Refresh|p2a: Milotic
|-curestatus|p2a: Milotic|tox|[msg]
|
|-heal|p2a: Milotic|94/100|[from] item: Leftovers
|upkeep
|turn|51
|
|t:|1728134141
|switch|p2a: Blissey|Blissey, F|75/100
|-damage|p2a: Blissey|63/100|[from] Spikes
|move|p1a: Blissey|Seismic Toss|p2a: Blissey
|-damage|p2a: Blissey|47/100
|
|-heal|p2a: Blissey|53/100|[from] item: Leftovers
|upkeep
|turn|52
|
|t:|1728134147
|switch|p1a: Claydol|Claydol|96/100
|move|p2a: Blissey|Soft-Boiled|p2a: Blissey
|-heal|p2a: Blissey|100/100
|
|-heal|p1a: Claydol|100/100|[from] item: Leftovers
|upkeep
|turn|53
|
|t:|1728134154
|switch|p1a: Milotic|Milotic, M|100/100
|switch|p2a: Skarmory|Skarmory, M|100/100
|
|upkeep
|turn|54
|
|t:|1728134161
|switch|p1a: Skarmory|Skarmory, M|100/100
|move|p2a: Skarmory|Spikes|p1a: Skarmory
|-sidestart|p1: denizzz|Spikes
|
|upkeep
|turn|55
|
|t:|1728134164
|move|p1a: Skarmory|Spikes|p2a: Skarmory
|-sidestart|p2: aeris999|Spikes
|move|p2a: Skarmory|Spikes|p1a: Skarmory
|-sidestart|p1: denizzz|Spikes
|
|upkeep
|turn|56
|
|t:|1728134167
|switch|p2a: Claydol|Claydol, shiny|100/100
|move|p1a: Skarmory|Spikes|p2a: Claydol
|-sidestart|p2: aeris999|Spikes
|
|upkeep
|turn|57
|
|t:|1728134176
|switch|p1a: Claydol|Claydol|100/100
|move|p2a: Claydol|Rapid Spin|p1a: Claydol
|-damage|p1a: Claydol|96/100
|-sideend|p2: aeris999|Spikes|[from] move: Rapid Spin|[of] p2a: Claydol
|
|-heal|p1a: Claydol|100/100|[from] item: Leftovers
|upkeep
|turn|58
|
|t:|1728134189
|switch|p2a: Sableye|Sableye, M|74/100 frz
|move|p1a: Claydol|Rapid Spin|p2a: Sableye
|-immune|p2a: Sableye
|
|-heal|p2a: Sableye|80/100 frz|[from] item: Leftovers
|upkeep
|turn|59
|
|t:|1728134194
|switch|p2a: Skarmory|Skarmory, M|100/100
|move|p1a: Claydol|Earthquake|p2a: Skarmory
|-immune|p2a: Skarmory
|
|upkeep
|turn|60
|
|t:|1728134199
|move|p2a: Skarmory|Drill Peck|p1a: Claydol
|-damage|p1a: Claydol|81/100
|move|p1a: Claydol|Rapid Spin|p2a: Skarmory
|-resisted|p2a: Skarmory
|-damage|p2a: Skarmory|99/100
|-sideend|p1: denizzz|Spikes|[from] move: Rapid Spin|[of] p1a: Claydol
|
|-heal|p2a: Skarmory|100/100|[from] item: Leftovers
|-heal|p1a: Claydol|87/100|[from] item: Leftovers
|upkeep
|turn|61
|
|t:|1728134203
|switch|p1a: Skarmory|Skarmory, M|100/100
|move|p2a: Skarmory|Drill Peck|p1a: Skarmory
|-resisted|p1a: Skarmory
|-damage|p1a: Skarmory|91/100
|
|-heal|p1a: Skarmory|97/100|[from] item: Leftovers
|upkeep
|turn|62
|
|t:|1728134213
|switch|p2a: Sableye|Sableye, M|80/100 frz
|move|p1a: Skarmory|Spikes|p2a: Sableye
|-sidestart|p2: aeris999|Spikes
|
|-heal|p1a: Skarmory|100/100|[from] item: Leftovers
|-heal|p2a: Sableye|86/100 frz|[from] item: Leftovers
|upkeep
|turn|63
|
|t:|1728134217
|switch|p1a: Dugtrio|Dugtrio, M|100/100
|cant|p2a: Sableye|frz
|
|-heal|p2a: Sableye|92/100 frz|[from] item: Leftovers
|upkeep
|turn|64
|
|t:|1728134225
|move|p1a: Dugtrio|Earthquake|p2a: Sableye
|-damage|p2a: Sableye|34/100 frz
|cant|p2a: Sableye|frz
|
|-heal|p2a: Sableye|40/100 frz|[from] item: Leftovers
|upkeep
|turn|65
|
|t:|1728134227
|move|p1a: Dugtrio|Earthquake|p2a: Sableye
|-damage|p2a: Sableye|0 fnt
|faint|p2a: Sableye
|
|t:|1728134236
|switch|p2a: Aerodactyl|Aerodactyl, M|100/100
|
|upkeep
|turn|66
|
|t:|1728134241
|switch|p1a: Skarmory|Skarmory, M|100/100
|move|p2a: Aerodactyl|Double-Edge|p1a: Skarmory
|-resisted|p1a: Skarmory
|-damage|p1a: Skarmory|78/100
|
|-heal|p1a: Skarmory|84/100|[from] item: Leftovers
|upkeep
|turn|67
|c|☆aeris999|good play btw
|
|t:|1728134254
|switch|p2a: Blissey|Blissey, F|100/100
|-damage|p2a: Blissey|88/100|[from] Spikes
|move|p1a: Skarmory|Spikes|p2a: Blissey
|-sidestart|p2: aeris999|Spikes
|
|-heal|p1a: Skarmory|90/100|[from] item: Leftovers
|-heal|p2a: Blissey|94/100|[from] item: Leftovers
|upkeep
|turn|68
|
|t:|1728134260
|switch|p1a: Milotic|Milotic, M|100/100
|move|p2a: Blissey|Ice Beam|p1a: Milotic
|-resisted|p1a: Milotic
|-damage|p1a: Milotic|92/100
|-status|p1a: Milotic|frz
|
|-heal|p1a: Milotic|98/100 frz|[from] item: Leftovers
|-heal|p2a: Blissey|99/100|[from] item: Leftovers
|upkeep
|turn|69
|
|t:|1728134267
|switch|p1a: Suicune|Suicune|94/100 tox
|move|p2a: Blissey|Calm Mind|p2a: Blissey
|-boost|p2a: Blissey|spa|1
|-boost|p2a: Blissey|spd|1
|
|-heal|p1a: Suicune|100/100 tox|[from] item: Leftovers
|-damage|p1a: Suicune|94/100 tox|[from] psn
|-heal|p2a: Blissey|100/100|[from] item: Leftovers
|upkeep
|turn|70
|
|t:|1728134270
|move|p2a: Blissey|Calm Mind|p2a: Blissey
|-boost|p2a: Blissey|spa|1
|-boost|p2a: Blissey|spd|1
|move|p1a: Suicune|Roar|p2a: Blissey
|drag|p2a: Claydol|Claydol, shiny|100/100
|
|-heal|p1a: Suicune|100/100 tox|[from] item: Leftovers
|-damage|p1a: Suicune|88/100 tox|[from] psn
|upkeep
|turn|71
|
|t:|1728134277
|move|p1a: Suicune|Rest|p1a: Suicune
|-status|p1a: Suicune|slp|[from] move: Rest
|-heal|p1a: Suicune|100/100 slp|[silent]
|move|p2a: Claydol|Rapid Spin|p1a: Suicune
|-damage|p1a: Suicune|98/100 slp
|-sideend|p2: aeris999|Spikes|[from] move: Rapid Spin|[of] p2a: Claydol
|
|-heal|p1a: Suicune|100/100 slp|[from] item: Leftovers
|upkeep
|turn|72
|
|t:|1728134283
|switch|p1a: Blissey|Blissey, F|87/100
|move|p2a: Claydol|Explosion|p1a: Blissey
|-damage|p1a: Blissey|0 fnt
|faint|p2a: Claydol
|faint|p1a: Blissey
|
|t:|1728134295
|switch|p2a: Blissey|Blissey, F|100/100
|switch|p1a: Skarmory|Skarmory, M|90/100
|
|-heal|p1a: Skarmory|96/100|[from] item: Leftovers
|upkeep
|turn|73
|
|t:|1728134298
|move|p2a: Blissey|Thunderbolt|p1a: Skarmory
|-supereffective|p1a: Skarmory
|-damage|p1a: Skarmory|45/100
|move|p1a: Skarmory|Roar|p2a: Blissey
|drag|p2a: Milotic|Milotic, F|94/100
|
|-heal|p2a: Milotic|99/100|[from] item: Leftovers
|-heal|p1a: Skarmory|51/100|[from] item: Leftovers
|upkeep
|turn|74
|
|t:|1728134304
|move|p2a: Milotic|Surf|p1a: Skarmory
|-damage|p1a: Skarmory|18/100
|move|p1a: Skarmory|Spikes|p2a: Milotic
|-sidestart|p2: aeris999|Spikes
|
|-heal|p2a: Milotic|100/100|[from] item: Leftovers
|-heal|p1a: Skarmory|24/100|[from] item: Leftovers
|upkeep
|turn|75
|
|t:|1728134308
|move|p1a: Skarmory|Protect|p1a: Skarmory
|-singleturn|p1a: Skarmory|Protect
|move|p2a: Milotic|Surf|p1a: Skarmory
|-activate|p1a: Skarmory|Protect
|
|-heal|p1a: Skarmory|30/100|[from] item: Leftovers
|upkeep
|turn|76
|
|t:|1728134312
|switch|p1a: Milotic|Milotic, M|98/100 frz
|move|p2a: Milotic|Surf|p1a: Milotic
|-resisted|p1a: Milotic
|-damage|p1a: Milotic|87/100 frz
|
|-heal|p1a: Milotic|93/100 frz|[from] item: Leftovers
|upkeep
|turn|77
|
|t:|1728134318
|switch|p2a: Blissey|Blissey, F|100/100
|-damage|p2a: Blissey|88/100|[from] Spikes
|-curestatus|p1a: Milotic|frz|[msg]
|move|p1a: Milotic|Toxic|p2a: Blissey
|-status|p2a: Blissey|tox
|
|-heal|p1a: Milotic|99/100|[from] item: Leftovers
|-heal|p2a: Blissey|94/100 tox|[from] item: Leftovers
|-damage|p2a: Blissey|88/100 tox|[from] psn
|upkeep
|turn|78
|
|t:|1728134328
|switch|p1a: Claydol|Claydol|87/100
|-curestatus|p2a: Blissey|tox|[from] ability: Natural Cure
|switch|p2a: Milotic|Milotic, F|100/100
|-damage|p2a: Milotic|88/100|[from] Spikes
|
|-heal|p2a: Milotic|94/100|[from] item: Leftovers
|-heal|p1a: Claydol|93/100|[from] item: Leftovers
|upkeep
|turn|79
|
|t:|1728134335
|switch|p2a: Skarmory|Skarmory, M|100/100
|switch|p1a: Milotic|Milotic, M|99/100
|
|-heal|p1a: Milotic|100/100|[from] item: Leftovers
|upkeep
|turn|80
|
|t:|1728134339
|switch|p1a: Skarmory|Skarmory, M|30/100
|move|p2a: Skarmory|Spikes|p1a: Skarmory
|-sidestart|p1: denizzz|Spikes
|
|-heal|p1a: Skarmory|36/100|[from] item: Leftovers
|upkeep
|turn|81
|
|t:|1728134344
|move|p1a: Skarmory|Spikes|p2a: Skarmory
|-sidestart|p2: aeris999|Spikes
|move|p2a: Skarmory|Roar|p1a: Skarmory
|drag|p1a: Dugtrio|Dugtrio, M|100/100
|-damage|p1a: Dugtrio|88/100|[from] Spikes
|
|upkeep
|turn|82
|
|t:|1728134351
|switch|p1a: Skarmory|Skarmory, M|36/100
|switch|p2a: Milotic|Milotic, F|94/100
|-damage|p2a: Milotic|78/100|[from] Spikes
|
|-heal|p2a: Milotic|84/100|[from] item: Leftovers
|-heal|p1a: Skarmory|42/100|[from] item: Leftovers
|upkeep
|turn|83
|
|t:|1728134354
|move|p1a: Skarmory|Protect|p1a: Skarmory
|-singleturn|p1a: Skarmory|Protect
|move|p2a: Milotic|Surf|p1a: Skarmory
|-activate|p1a: Skarmory|Protect
|
|-heal|p2a: Milotic|90/100|[from] item: Leftovers
|-heal|p1a: Skarmory|48/100|[from] item: Leftovers
|upkeep
|turn|84
|
|t:|1728134357
|switch|p1a: Milotic|Milotic, M|100/100
|-damage|p1a: Milotic|88/100|[from] Spikes
|move|p2a: Milotic|Surf|p1a: Milotic
|-resisted|p1a: Milotic
|-damage|p1a: Milotic|76/100
|
|-heal|p1a: Milotic|82/100|[from] item: Leftovers
|-heal|p2a: Milotic|96/100|[from] item: Leftovers
|upkeep
|turn|85
|
|t:|1728134364
|switch|p2a: Blissey|Blissey, F|88/100
|-damage|p2a: Blissey|71/100|[from] Spikes
|move|p1a: Milotic|Surf|p2a: Blissey
|-damage|p2a: Blissey|58/100
|
|-heal|p1a: Milotic|88/100|[from] item: Leftovers
|-heal|p2a: Blissey|64/100|[from] item: Leftovers
|upkeep
|turn|86
|
|t:|1728134369
|move|p1a: Milotic|Toxic|p2a: Blissey
|-status|p2a: Blissey|tox
|move|p2a: Blissey|Soft-Boiled|p2a: Blissey
|-heal|p2a: Blissey|100/100 tox
|
|-heal|p1a: Milotic|94/100|[from] item: Leftovers
|-damage|p2a: Blissey|94/100 tox|[from] psn
|upkeep
|turn|87
|
|t:|1728134374
|-curestatus|p2a: Blissey|tox|[from] ability: Natural Cure
|switch|p2a: Skarmory|Skarmory, M|100/100
|move|p1a: Milotic|Surf|p2a: Skarmory
|-damage|p2a: Skarmory|70/100
|
|-heal|p1a: Milotic|99/100|[from] item: Leftovers
|-heal|p2a: Skarmory|76/100|[from] item: Leftovers
|upkeep
|turn|88
|
|t:|1728134382
|move|p1a: Milotic|Surf|p2a: Skarmory
|-damage|p2a: Skarmory|48/100
|move|p2a: Skarmory|Spikes|p1a: Milotic
|-sidestart|p1: denizzz|Spikes
|
|-heal|p1a: Milotic|100/100|[from] item: Leftovers
|-heal|p2a: Skarmory|54/100|[from] item: Leftovers
|upkeep
|turn|89
|
|t:|1728134386
|move|p2a: Skarmory|Protect|p2a: Skarmory
|-singleturn|p2a: Skarmory|Protect
|move|p1a: Milotic|Surf|p2a: Skarmory
|-activate|p2a: Skarmory|Protect
|
|-heal|p2a: Skarmory|60/100|[from] item: Leftovers
|upkeep
|turn|90
|
|t:|1728134392
|switch|p2a: Milotic|Milotic, F|96/100
|-damage|p2a: Milotic|79/100|[from] Spikes
|move|p1a: Milotic|Surf|p2a: Milotic
|-resisted|p2a: Milotic
|-damage|p2a: Milotic|69/100
|
|-heal|p2a: Milotic|75/100|[from] item: Leftovers
|upkeep
|turn|91
|
|t:|1728134396
|move|p1a: Milotic|Toxic|p2a: Milotic
|-status|p2a: Milotic|tox
|move|p2a: Milotic|Toxic|p1a: Milotic
|-status|p1a: Milotic|tox
|
|-damage|p1a: Milotic|94/100 tox|[from] psn
|-heal|p2a: Milotic|81/100 tox|[from] item: Leftovers
|-damage|p2a: Milotic|75/100 tox|[from] psn
|upkeep
|turn|92
|
|t:|1728134400
|move|p1a: Milotic|Refresh|p1a: Milotic
|-curestatus|p1a: Milotic|tox|[msg]
|move|p2a: Milotic|Refresh|p2a: Milotic
|-curestatus|p2a: Milotic|tox|[msg]
|
|-heal|p1a: Milotic|100/100|[from] item: Leftovers
|-heal|p2a: Milotic|81/100|[from] item: Leftovers
|upkeep
|turn|93
|
|t:|1728134404
|switch|p1a: Skarmory|Skarmory, M|48/100
|switch|p2a: Skarmory|Skarmory, M|60/100
|
|-heal|p1a: Skarmory|54/100|[from] item: Leftovers
|-heal|p2a: Skarmory|66/100|[from] item: Leftovers
|upkeep
|turn|94
|
|t:|1728134407
|move|p1a: Skarmory|Spikes|p2a: Skarmory
|-sidestart|p2: aeris999|Spikes
|move|p2a: Skarmory|Spikes|p1a: Skarmory
|-sidestart|p1: denizzz|Spikes
|
|-heal|p1a: Skarmory|60/100|[from] item: Leftovers
|-heal|p2a: Skarmory|72/100|[from] item: Leftovers
|upkeep
|turn|95
|
|t:|1728134409
|move|p1a: Skarmory|Protect|p1a: Skarmory
|-singleturn|p1a: Skarmory|Protect
|move|p2a: Skarmory|Protect||[still]
|-fail|p2a: Skarmory
|
|-heal|p1a: Skarmory|66/100|[from] item: Leftovers
|-heal|p2a: Skarmory|78/100|[from] item: Leftovers
|upkeep
|turn|96
|
|t:|1728134411
|move|p2a: Skarmory|Protect|p2a: Skarmory
|-singleturn|p2a: Skarmory|Protect
|move|p1a: Skarmory|Roar|p2a: Skarmory
|-activate|p2a: Skarmory|Protect
|
|-heal|p1a: Skarmory|72/100|[from] item: Leftovers
|-heal|p2a: Skarmory|84/100|[from] item: Leftovers
|upkeep
|turn|97
|
|t:|1728134413
|move|p1a: Skarmory|Roar|p2a: Skarmory
|drag|p2a: Blissey|Blissey, F|94/100
|-damage|p2a: Blissey|69/100|[from] Spikes
|
|-heal|p1a: Skarmory|78/100|[from] item: Leftovers
|-heal|p2a: Blissey|76/100|[from] item: Leftovers
|upkeep
|turn|98
|
|t:|1728134417
|move|p2a: Blissey|Calm Mind|p2a: Blissey
|-boost|p2a: Blissey|spa|1
|-boost|p2a: Blissey|spd|1
|move|p1a: Skarmory|Roar|p2a: Blissey
|drag|p2a: Milotic|Milotic, F|81/100
|-damage|p2a: Milotic|56/100|[from] Spikes
|
|-heal|p2a: Milotic|62/100|[from] item: Leftovers
|-heal|p1a: Skarmory|84/100|[from] item: Leftovers
|upkeep
|turn|99
|
|t:|1728134419
|switch|p1a: Milotic|Milotic, M|100/100
|-damage|p1a: Milotic|76/100|[from] Spikes
|move|p2a: Milotic|Surf|p1a: Milotic
|-resisted|p1a: Milotic
|-damage|p1a: Milotic|64/100
|
|-heal|p1a: Milotic|70/100|[from] item: Leftovers
|-heal|p2a: Milotic|68/100|[from] item: Leftovers
|upkeep
|turn|100
|c|☆aeris999|gg im stalemated
|-message|aeris999 forfeited.
|
|win|denizzz
|player|p2|
|c|☆denizzz|gg
|player|p2|aeris999|101|

</script>
<script type="application/json" class="data" id="replaydata-smogtours-gen3ou-794896">
{"id":"smogtours-gen3ou-794896","format":"[Gen 3] OU","players":["denizzz","aeris999"],"uploadtime":1728134439,"views":108,"formatid":"gen3ou","rating":null,"private":0,"password":null}
</script>

<script defer src="js/replays.js?9d40a366"></script>
