<!DOCTYPE html>
<meta charset="utf-8" />
<meta name="viewport" content="width=device-width" />

<title>[Gen 3] OU: earl gr3y vs. TheComanderXD - Replays - Pok&eacute;mon Showdown!</title>

<meta name="description" content="Watch a replay of a Pok&eacute;mon battle between earl gr3y and TheComanderXD! Format: [Gen 3] OU; Date: Oct 30, 2024" />
<!--

Hey, you! Looking in the source for the replay log?

You can find them in JSON format, just add `.json` at the end of a replay URL.

https://replay.pokemonshowdown.com/gen7randomdoublesbattle-865046831.json

Or, if you only need the log itself, add `.log` instead:

https://replay.pokemonshowdown.com/gen7randomdoublesbattle-865046831.log

-->

<link rel="stylesheet" href="//pokemonshowdown.com/style/global.css?0.023195364461161105" />
<link rel="stylesheet" href="//play.pokemonshowdown.com/style/font-awesome.css?0.13261647063804238" />
<link rel="stylesheet" href="//play.pokemonshowdown.com/style/battle.css?0.8753245789963631" />
<link rel="stylesheet" href="//play.pokemonshowdown.com/style/utilichart.css?0.8627959624976733" />

<!-- Global site tag (gtag.js) - Google Analytics -->
<script async src="https://www.googletagmanager.com/gtag/js?id=UA-26211653-1"></script>
<script>
  window.dataLayer = window.dataLayer || [];
  function gtag(){dataLayer.push(arguments);}
  gtag('js', new Date());

  gtag('config', 'UA-26211653-1');
</script>
<!-- End Google Analytics -->
<!-- Venatus Ad Manager - Install in <HEAD> of page -->
	<script src="https://hb.vntsm.com/v3/live/ad-manager.min.js" type="text/javascript" data-site-id="642aba63ec9a7b11c3c9c1be" data-mode="scan" async></script>
<!-- / Venatus Ad Manager -->

<style>
	@media (max-width:820px) {
		.battle {
			margin: 0 auto;
		}
		.battle-log {
			margin: 7px auto 0;
			max-width: 640px;
			height: 300px;
			position: static;
		}
	}
	.optgroup {
		display: inline-block;
		line-height: 22px;
		font-size: 10pt;
	}
	.optgroup .button {
		height: 25px;
		padding-top: 0;
		padding-bottom: 0;
	}
	.optgroup button.button {
		padding-left: 12px;
		padding-right: 12px;
	}
	.linklist {
		list-style: none;
		margin: 0.5em 0;
		padding: 0;
	}
	.linklist li {
		padding: 2px 0;
	}
	.sidebar {
		float: left;
		width: 320px;
	}
	.bar-wrapper {
		max-width: 1100px;
		margin: 0 auto;
	}
	.bar-wrapper.has-sidebar {
		max-width: 1430px;
	}
	.mainbar {
		margin: 0;
		padding-right: 1px;
	}
	.mainbar.has-sidebar {
		margin-left: 330px;
	}
	@media (min-width: 1511px) {
		.sidebar {
			width: 400px;
		}
		.bar-wrapper.has-sidebar {
			max-width: 1510px;
		}
		.mainbar.has-sidebar {
			margin-left: 410px;
		}
	}
	.section.first-section {
		margin-top: 9px;
	}
	.blocklink small {
		white-space: normal;
	}
	.button {
		vertical-align: middle;
	}
	.replay-controls {
		padding-top: 10px;
	}
	.replay-controls h1 {
		font-size: 16pt;
		font-weight: normal;
		color: #CCC;
	}
	.pagelink {
		text-align: center;
	}
	.pagelink a {
		width: 150px;
	}
	.textbox, .button {
		font-size: 11pt;
		vertical-align: middle;
	}
	@media (max-width: 450px) {
		.button {
			font-size: 9pt;
		}
	}
</style>

<div>

	<header>
		<div class="nav-wrapper"><ul class="nav">
			<li><a class="button nav-first" href="//pokemonshowdown.com/"><img src="//pokemonshowdown.com/images/pokemonshowdownbeta.png" srcset="//pokemonshowdown.com/images/pokemonshowdownbeta.png 1x, //pokemonshowdown.com/images/pokemonshowdownbeta@2x.png 2x" alt="Pok&eacute;mon Showdown" width="146" height="44" /> Home</a></li>
			<li><a class="button" href="//pokemonshowdown.com/dex/">Pok&eacute;dex</a></li>
			<li><a class="button cur" href="/">Replays</a></li>
			<li><a class="button" href="//pokemonshowdown.com/ladder/">Ladder</a></li>
			<li><a class="button nav-last" href="//pokemonshowdown.com/forums/">Forum</a></li>
			<li><a class="button greenbutton nav-first nav-last" href="//play.pokemonshowdown.com/">Play</a></li>
		</ul></div>
	</header>

	<div class="main" id="main">

		<noscript><section class="section">You need to enable JavaScript to use this page; sorry!</section></noscript>

	</div>

</div>

<script defer nomodule src="//play.pokemonshowdown.com/js/lib/ps-polyfill.js"></script>
<script defer src="//play.pokemonshowdown.com/js/lib/preact.min.js"></script>

<script defer src="//play.pokemonshowdown.com/config/config.js?2bddbc15"></script>
<script defer src="//play.pokemonshowdown.com/js/lib/jquery-1.11.0.min.js"></script>
<script defer src="//play.pokemonshowdown.com/js/lib/html-sanitizer-minified.js"></script>
<script defer src="//play.pokemonshowdown.com/js/battle-sound.js"></script>
<script defer src="//play.pokemonshowdown.com/js/battledata.js?0.7209276989879541"></script>
<script defer src="//play.pokemonshowdown.com/data/pokedex-mini.js?0.6111056340867951"></script>
<script defer src="//play.pokemonshowdown.com/data/pokedex-mini-bw.js?0.3532142036491459"></script>
<script defer src="//play.pokemonshowdown.com/data/graphics.js?0.24223875632456182"></script>
<script defer src="//play.pokemonshowdown.com/data/pokedex.js?0.38839984266356864"></script>
<script defer src="//play.pokemonshowdown.com/data/moves.js?0.21866028504024015"></script>
<script defer src="//play.pokemonshowdown.com/data/abilities.js?0.2005157953846628"></script>
<script defer src="//play.pokemonshowdown.com/data/items.js?0.9894211263848525"></script>
<script defer src="//play.pokemonshowdown.com/data/teambuilder-tables.js?0.6008791140282215"></script>
<script defer src="//play.pokemonshowdown.com/js/battle-tooltips.js?0.7580118955022959"></script>
<script defer src="//play.pokemonshowdown.com/js/battle.js?0.6057722274234274"></script>

<script defer src="js/utils.js?e31f9a17"></script>
<script defer src="js/replays-battle.js?7008c182"></script>

<!-- don't scrape this data! just add .json or .log after the URL!
Full API docs: https://github.com/smogon/pokemon-showdown-client/blob/master/WEB-API.md -->
<script type="text/plain" class="log" id="replaylog-smogtours-gen3ou-803452">
|inactive|Battle timer is ON: inactive players will automatically lose when time's up.
|t:|1730318659
|gametype|singles
|player|p1|earl gr3y|#roaplxyorknewyanma|
|player|p2|TheComanderXD|red|
|teamsize|p1|6
|teamsize|p2|6
|gen|3
|tier|[Gen 3] OU
|rule|Sleep Clause Mod: Limit one foe put to sleep
|rule|Switch Priority Clause Mod: Faster Pokémon switch first
|rule|Species Clause: Limit one of each Pokémon
|rule|OHKO Clause: OHKO moves are banned
|rule|Evasion Items Clause: Evasion items are banned
|rule|Evasion Moves Clause: Evasion moves are banned
|rule|Endless Battle Clause: Forcing endless battles is banned
|rule|HP Percentage Mod: HP is shown in percentages
|rule|One Boost Passer Clause: Limit one Baton Passer that has a way to boost its stats
|rule|Freeze Clause Mod: Limit one foe frozen
|
|t:|1730318659
|start
|switch|p1a: uhhh|Metagross|100/100
|switch|p2a: The Shining(1980)|Metagross|100/100
|turn|1
|inactive|earl gr3y also wants the timer to be on.
|c|☆earl gr3y|hf
|c|☆TheComanderXD|hf
|inactive|earl gr3y has 270 seconds left.
|
|t:|1730318698
|move|p2a: The Shining(1980)|Protect|p2a: The Shining(1980)
|-singleturn|p2a: The Shining(1980)|Protect
|move|p1a: uhhh|Explosion|p2a: The Shining(1980)
|-activate|p2a: The Shining(1980)|Protect
|faint|p1a: uhhh
|
|t:|1730318701
|switch|p1a: Skarmory|Skarmory, F|100/100
|
|upkeep
|turn|2
|inactive|TheComanderXD has 270 seconds left.
|
|t:|1730318737
|switch|p1a: Celebi|Celebi|100/100
|switch|p2a: Jaws(1975)|Charizard, M|100/100
|
|upkeep
|turn|3
|inactive|TheComanderXD has 270 seconds left.
|
|t:|1730318745
|switch|p1a: Aerodactyl|Aerodactyl, M|100/100
|move|p2a: Jaws(1975)|Flamethrower|p1a: Aerodactyl
|-resisted|p1a: Aerodactyl
|-damage|p1a: Aerodactyl|71/100
|
|upkeep
|turn|4
|inactive|TheComanderXD has 270 seconds left.
|inactive|TheComanderXD has 240 seconds left.
|
|t:|1730318815
|switch|p2a: TheWickerMan(1973)|Claydol|100/100
|move|p1a: Aerodactyl|Earthquake|p2a: TheWickerMan(1973)
|-immune|p2a: TheWickerMan(1973)
|
|upkeep
|turn|5
|
|t:|1730318833
|switch|p1a: Celebi|Celebi|100/100
|switch|p2a: Jaws(1975)|Charizard, M|100/100
|
|upkeep
|turn|6
|inactive|TheComanderXD has 210 seconds left.
|
|t:|1730318872
|switch|p1a: Tyranitar|Tyranitar, M|100/100
|-weather|Sandstorm|[from] ability: Sand Stream|[of] p1a: Tyranitar
|move|p2a: Jaws(1975)|Flamethrower|p1a: Tyranitar
|-resisted|p1a: Tyranitar
|-damage|p1a: Tyranitar|80/100
|-status|p1a: Tyranitar|brn
|-enditem|p1a: Tyranitar|Lum Berry|[eat]
|-curestatus|p1a: Tyranitar|brn|[msg]
|
|-weather|Sandstorm|[upkeep]
|-damage|p2a: Jaws(1975)|94/100|[from] Sandstorm
|-heal|p2a: Jaws(1975)|100/100|[from] item: Leftovers
|upkeep
|turn|7
|inactive|TheComanderXD has 180 seconds left.
|
|t:|1730318911
|switch|p2a: The Shining(1980)|Metagross|100/100
|move|p1a: Tyranitar|Crunch|p2a: The Shining(1980)
|-damage|p2a: The Shining(1980)|68/100
|
|-weather|Sandstorm|[upkeep]
|-heal|p2a: The Shining(1980)|74/100|[from] item: Leftovers
|upkeep
|turn|8
|
|t:|1730318923
|switch|p1a: Skarmory|Skarmory, F|100/100
|move|p2a: The Shining(1980)|Meteor Mash|p1a: Skarmory
|-resisted|p1a: Skarmory
|-damage|p1a: Skarmory|82/100
|
|-weather|Sandstorm|[upkeep]
|-heal|p1a: Skarmory|88/100|[from] item: Leftovers
|-heal|p2a: The Shining(1980)|80/100|[from] item: Leftovers
|upkeep
|turn|9
|inactive|earl gr3y has 270 seconds left.
|
|t:|1730318948
|switch|p1a: Aerodactyl|Aerodactyl, M|71/100
|switch|p2a: Jaws(1975)|Charizard, M|100/100
|
|-weather|Sandstorm|[upkeep]
|-damage|p2a: Jaws(1975)|94/100|[from] Sandstorm
|-heal|p2a: Jaws(1975)|100/100|[from] item: Leftovers
|upkeep
|turn|10
|inactive|earl gr3y has 270 seconds left.
|inactive|TheComanderXD has 150 seconds left.
|
|t:|1730318985
|move|p1a: Aerodactyl|Double-Edge|p2a: Jaws(1975)
|-damage|p2a: Jaws(1975)|29/100
|move|p2a: Jaws(1975)|Hidden Power|p1a: Aerodactyl
|-supereffective|p1a: Aerodactyl
|-damage|p1a: Aerodactyl|14/100
|
|-weather|Sandstorm|[upkeep]
|-damage|p2a: Jaws(1975)|23/100|[from] Sandstorm
|-heal|p2a: Jaws(1975)|29/100|[from] item: Leftovers
|upkeep
|turn|11
|inactive|TheComanderXD has 120 seconds left.
|inactive|earl gr3y has 240 seconds left.
|
|t:|1730319031
|switch|p2a: Halloween(1978)|Salamence, M|100/100
|-ability|p2a: Halloween(1978)|Intimidate|boost
|-unboost|p1a: Aerodactyl|atk|1
|move|p1a: Aerodactyl|Double-Edge|p2a: Halloween(1978)
|-damage|p2a: Halloween(1978)|55/100
|
|-weather|Sandstorm|[upkeep]
|-damage|p2a: Halloween(1978)|49/100|[from] Sandstorm
|-heal|p2a: Halloween(1978)|55/100|[from] item: Leftovers
|upkeep
|turn|12
|inactive|earl gr3y has 210 seconds left.
|
|t:|1730319089
|move|p1a: Aerodactyl|Double-Edge|p2a: Halloween(1978)
|-damage|p2a: Halloween(1978)|10/100
|move|p2a: Halloween(1978)|Dragon Dance|p2a: Halloween(1978)
|-boost|p2a: Halloween(1978)|atk|1
|-boost|p2a: Halloween(1978)|spe|1
|
|-weather|Sandstorm|[upkeep]
|-damage|p2a: Halloween(1978)|4/100|[from] Sandstorm
|-heal|p2a: Halloween(1978)|10/100|[from] item: Leftovers
|upkeep
|turn|13
|inactive|TheComanderXD has 120 seconds left.
|
|t:|1730319105
|switch|p1a: Skarmory|Skarmory, F|88/100
|move|p2a: Halloween(1978)|Hidden Power|p1a: Skarmory
|-resisted|p1a: Skarmory
|-damage|p1a: Skarmory|68/100
|
|-weather|Sandstorm|[upkeep]
|-damage|p2a: Halloween(1978)|4/100|[from] Sandstorm
|-heal|p2a: Halloween(1978)|10/100|[from] item: Leftovers
|-heal|p1a: Skarmory|74/100|[from] item: Leftovers
|upkeep
|turn|14
|
|t:|1730319114
|move|p2a: Halloween(1978)|Rock Slide|p1a: Skarmory
|-damage|p1a: Skarmory|45/100
|move|p1a: Skarmory|Drill Peck|p2a: Halloween(1978)
|-damage|p2a: Halloween(1978)|0 fnt
|faint|p2a: Halloween(1978)
|
|t:|1730319131
|switch|p2a: Jaws(1975)|Charizard, M|29/100
|
|-weather|Sandstorm|[upkeep]
|-damage|p2a: Jaws(1975)|23/100|[from] Sandstorm
|-heal|p2a: Jaws(1975)|29/100|[from] item: Leftovers
|-heal|p1a: Skarmory|51/100|[from] item: Leftovers
|upkeep
|turn|15
|inactive|earl gr3y has 210 seconds left.
|inactive|earl gr3y has 180 seconds left.
|
|t:|1730319169
|switch|p1a: Tyranitar|Tyranitar, M|80/100
|move|p2a: Jaws(1975)|Flamethrower|p1a: Tyranitar
|-resisted|p1a: Tyranitar
|-damage|p1a: Tyranitar|51/100
|
|-weather|Sandstorm|[upkeep]
|-damage|p2a: Jaws(1975)|23/100|[from] Sandstorm
|-heal|p2a: Jaws(1975)|29/100|[from] item: Leftovers
|upkeep
|turn|16
|inactive|TheComanderXD has 90 seconds left.
|
|t:|1730319198
|switch|p2a: Alien(1979)|Tyranitar, F|100/100
|move|p1a: Tyranitar|Crunch|p2a: Alien(1979)
|-resisted|p2a: Alien(1979)
|-damage|p2a: Alien(1979)|86/100
|
|-weather|Sandstorm|[upkeep]
|-heal|p2a: Alien(1979)|92/100|[from] item: Leftovers
|upkeep
|turn|17
|
|t:|1730319216
|move|p1a: Tyranitar|Hidden Power|p2a: Alien(1979)
|-supereffective|p2a: Alien(1979)
|-damage|p2a: Alien(1979)|59/100
|move|p2a: Alien(1979)|Ice Beam|p1a: Tyranitar
|-damage|p1a: Tyranitar|25/100
|
|-weather|Sandstorm|[upkeep]
|-heal|p2a: Alien(1979)|65/100|[from] item: Leftovers
|upkeep
|turn|18
|inactive|earl gr3y has 180 seconds left.
|inactive|earl gr3y has 150 seconds left.
|inactive|earl gr3y has 120 seconds left.
|
|t:|1730319297
|move|p1a: Tyranitar|Hidden Power|p2a: Alien(1979)
|-supereffective|p2a: Alien(1979)
|-damage|p2a: Alien(1979)|27/100
|move|p2a: Alien(1979)|Ice Beam|p1a: Tyranitar
|-damage|p1a: Tyranitar|0 fnt
|faint|p1a: Tyranitar
|
|t:|1730319302
|switch|p1a: Aerodactyl|Aerodactyl, M|14/100
|
|-weather|Sandstorm|[upkeep]
|-heal|p2a: Alien(1979)|33/100|[from] item: Leftovers
|upkeep
|turn|19
|inactive|earl gr3y has 120 seconds left.
|inactive|TheComanderXD has 90 seconds left.
|
|t:|1730319317
|move|p1a: Aerodactyl|Earthquake|p2a: Alien(1979)
|-supereffective|p2a: Alien(1979)
|-damage|p2a: Alien(1979)|0 fnt
|faint|p2a: Alien(1979)
|inactive|TheComanderXD has 90 seconds left.
|
|t:|1730319323
|switch|p2a: Jaws(1975)|Charizard, M|29/100
|
|-weather|Sandstorm|[upkeep]
|-damage|p2a: Jaws(1975)|23/100|[from] Sandstorm
|-heal|p2a: Jaws(1975)|29/100|[from] item: Leftovers
|upkeep
|turn|20
|
|t:|1730319329
|switch|p1a: Swampert|Swampert, F, shiny|100/100
|move|p2a: Jaws(1975)|Flamethrower|p1a: Swampert
|-resisted|p1a: Swampert
|-crit|p1a: Swampert
|-damage|p1a: Swampert|36/100
|
|-weather|Sandstorm|[upkeep]
|-damage|p2a: Jaws(1975)|23/100|[from] Sandstorm
|-heal|p2a: Jaws(1975)|29/100|[from] item: Leftovers
|-heal|p1a: Swampert|42/100|[from] item: Leftovers
|upkeep
|turn|21
|
|t:|1730319342
|switch|p2a: The Thing(1982)|Celebi|100/100
|move|p1a: Swampert|Ice Beam|p2a: The Thing(1982)
|-supereffective|p2a: The Thing(1982)
|-damage|p2a: The Thing(1982)|52/100
|
|-weather|Sandstorm|[upkeep]
|-damage|p2a: The Thing(1982)|46/100|[from] Sandstorm
|-heal|p2a: The Thing(1982)|52/100|[from] item: Leftovers
|-heal|p1a: Swampert|48/100|[from] item: Leftovers
|upkeep
|turn|22
|inactive|TheComanderXD has 90 seconds left.
|inactive|earl gr3y has 120 seconds left.
|inactive|TheComanderXD has 60 seconds left.
|
|t:|1730319398
|switch|p2a: Jaws(1975)|Charizard, M|29/100
|switch|p1a: Celebi|Celebi|100/100
|
|-weather|Sandstorm|[upkeep]
|-damage|p2a: Jaws(1975)|23/100|[from] Sandstorm
|-damage|p1a: Celebi|94/100|[from] Sandstorm
|-heal|p2a: Jaws(1975)|29/100|[from] item: Leftovers
|-heal|p1a: Celebi|100/100|[from] item: Leftovers
|upkeep
|turn|23
|
|t:|1730319414
|switch|p1a: Skarmory|Skarmory, F|51/100
|move|p2a: Jaws(1975)|Flamethrower|p1a: Skarmory
|-supereffective|p1a: Skarmory
|-damage|p1a: Skarmory|0 fnt
|faint|p1a: Skarmory
|
|t:|1730319422
|switch|p1a: Aerodactyl|Aerodactyl, M|14/100
|
|-weather|Sandstorm|[upkeep]
|-damage|p2a: Jaws(1975)|23/100|[from] Sandstorm
|-heal|p2a: Jaws(1975)|29/100|[from] item: Leftovers
|upkeep
|turn|24
|
|t:|1730319438
|switch|p2a: TheWickerMan(1973)|Claydol|100/100
|move|p1a: Aerodactyl|Double-Edge|p2a: TheWickerMan(1973)
|-damage|p2a: TheWickerMan(1973)|30/100
|
|-weather|Sandstorm|[upkeep]
|-heal|p2a: TheWickerMan(1973)|36/100|[from] item: Leftovers
|upkeep
|turn|25
|
|t:|1730319455
|move|p1a: Aerodactyl|Double-Edge|p2a: TheWickerMan(1973)
|-damage|p2a: TheWickerMan(1973)|0 fnt
|faint|p2a: TheWickerMan(1973)
|
|t:|1730319459
|switch|p2a: The Shining(1980)|Metagross|80/100
|
|-weather|Sandstorm|[upkeep]
|-heal|p2a: The Shining(1980)|86/100|[from] item: Leftovers
|upkeep
|turn|26
|
|t:|1730319468
|switch|p1a: Swampert|Swampert, F, shiny|48/100
|move|p2a: The Shining(1980)|Meteor Mash|p1a: Swampert
|-resisted|p1a: Swampert
|-damage|p1a: Swampert|26/100
|
|-weather|Sandstorm|[upkeep]
|-heal|p2a: The Shining(1980)|92/100|[from] item: Leftovers
|-heal|p1a: Swampert|32/100|[from] item: Leftovers
|upkeep
|turn|27
|inactive|TheComanderXD has 60 seconds left.
|inactive|earl gr3y has 120 seconds left.
|
|t:|1730319488
|move|p2a: The Shining(1980)|Earthquake|p1a: Swampert
|-damage|p1a: Swampert|2/100
|move|p1a: Swampert|Hydro Pump|p2a: The Shining(1980)
|-damage|p2a: The Shining(1980)|18/100
|
|-weather|Sandstorm|[upkeep]
|-heal|p2a: The Shining(1980)|24/100|[from] item: Leftovers
|-heal|p1a: Swampert|8/100|[from] item: Leftovers
|upkeep
|turn|28
|inactive|earl gr3y has 120 seconds left.
|
|t:|1730319505
|switch|p2a: The Thing(1982)|Celebi|52/100
|switch|p1a: Celebi|Celebi|100/100
|
|-weather|Sandstorm|[upkeep]
|-damage|p1a: Celebi|94/100|[from] Sandstorm
|-damage|p2a: The Thing(1982)|46/100|[from] Sandstorm
|-heal|p1a: Celebi|100/100|[from] item: Leftovers
|-heal|p2a: The Thing(1982)|52/100|[from] item: Leftovers
|upkeep
|turn|29
|
|t:|1730319523
|move|p1a: Celebi|Calm Mind|p1a: Celebi
|-boost|p1a: Celebi|spa|1
|-boost|p1a: Celebi|spd|1
|move|p2a: The Thing(1982)|Recover|p2a: The Thing(1982)
|-heal|p2a: The Thing(1982)|100/100
|
|-weather|Sandstorm|[upkeep]
|-damage|p1a: Celebi|94/100|[from] Sandstorm
|-damage|p2a: The Thing(1982)|94/100|[from] Sandstorm
|-heal|p1a: Celebi|100/100|[from] item: Leftovers
|-heal|p2a: The Thing(1982)|100/100|[from] item: Leftovers
|upkeep
|turn|30
|
|t:|1730319533
|switch|p2a: The Shining(1980)|Metagross|24/100
|move|p1a: Celebi|Calm Mind|p1a: Celebi
|-boost|p1a: Celebi|spa|1
|-boost|p1a: Celebi|spd|1
|
|-weather|Sandstorm|[upkeep]
|-damage|p1a: Celebi|94/100|[from] Sandstorm
|-heal|p1a: Celebi|100/100|[from] item: Leftovers
|-heal|p2a: The Shining(1980)|31/100|[from] item: Leftovers
|upkeep
|turn|31
|
|t:|1730319544
|move|p1a: Celebi|Hidden Power|p2a: The Shining(1980)
|-supereffective|p2a: The Shining(1980)
|-damage|p2a: The Shining(1980)|0 fnt
|faint|p2a: The Shining(1980)
|
|t:|1730319548
|switch|p2a: Jaws(1975)|Charizard, M|29/100
|
|-weather|Sandstorm|[upkeep]
|-damage|p2a: Jaws(1975)|23/100|[from] Sandstorm
|-damage|p1a: Celebi|94/100|[from] Sandstorm
|-heal|p2a: Jaws(1975)|29/100|[from] item: Leftovers
|-heal|p1a: Celebi|100/100|[from] item: Leftovers
|upkeep
|turn|32
|
|t:|1730319555
|move|p2a: Jaws(1975)|Overheat|p1a: Celebi
|-supereffective|p1a: Celebi
|-damage|p1a: Celebi|0 fnt
|-unboost|p2a: Jaws(1975)|spa|2
|faint|p1a: Celebi
|c|☆earl gr3y|aaaa
|c|☆earl gr3y|12% 
|
|t:|1730319567
|switch|p1a: Aerodactyl|Aerodactyl, M|14/100
|
|-weather|Sandstorm|[upkeep]
|-damage|p2a: Jaws(1975)|23/100|[from] Sandstorm
|-heal|p2a: Jaws(1975)|29/100|[from] item: Leftovers
|upkeep
|turn|33
|c|☆TheComanderXD|sorry
|inactive|TheComanderXD has 60 seconds left.
|
|t:|1730319589
|move|p1a: Aerodactyl|Hidden Power|p2a: Jaws(1975)
|-damage|p2a: Jaws(1975)|0 fnt
|faint|p2a: Jaws(1975)
|
|t:|1730319594
|switch|p2a: The Thing(1982)|Celebi|100/100
|
|-weather|Sandstorm|[upkeep]
|-damage|p2a: The Thing(1982)|94/100|[from] Sandstorm
|-heal|p2a: The Thing(1982)|100/100|[from] item: Leftovers
|upkeep
|turn|34
|
|t:|1730319600
|move|p1a: Aerodactyl|Hidden Power|p2a: The Thing(1982)
|-supereffective|p2a: The Thing(1982)
|-damage|p2a: The Thing(1982)|12/100
|move|p2a: The Thing(1982)|Giga Drain|p1a: Aerodactyl
|-damage|p1a: Aerodactyl|0 fnt
|-heal|p2a: The Thing(1982)|18/100|[from] drain|[of] p1a: Aerodactyl
|faint|p1a: Aerodactyl
|
|t:|1730319602
|switch|p1a: Swampert|Swampert, F, shiny|8/100
|
|-weather|Sandstorm|[upkeep]
|-damage|p2a: The Thing(1982)|11/100|[from] Sandstorm
|-heal|p2a: The Thing(1982)|18/100|[from] item: Leftovers
|-heal|p1a: Swampert|15/100|[from] item: Leftovers
|upkeep
|turn|35
|inactive|TheComanderXD has 60 seconds left.
|
|t:|1730319612
|move|p2a: The Thing(1982)|Giga Drain|p1a: Swampert
|-supereffective|p1a: Swampert
|-damage|p1a: Swampert|0 fnt
|-heal|p2a: The Thing(1982)|25/100|[from] drain|[of] p1a: Swampert
|faint|p1a: Swampert
|
|win|TheComanderXD
|player|p2|
|c|☆earl gr3y|/log earl gr3y made the replay of this battle unlisted.

</script>
<script type="application/json" class="data" id="replaydata-smogtours-gen3ou-803452">
{"id":"smogtours-gen3ou-803452","format":"[Gen 3] OU","players":["earl gr3y","TheComanderXD"],"uploadtime":1730319612,"views":88,"formatid":"gen3ou","rating":null,"private":1,"password":null}
</script>

<script defer src="js/replays.js?9d40a366"></script>
