<!DOCTYPE html>
<meta charset="utf-8" />
<meta name="viewport" content="width=device-width" />

<title>[Gen 3] OU: SSBM Nicki vs. zacynthius - Replays - Pok&eacute;mon Showdown!</title>

<meta name="description" content="Watch a replay of a Pok&eacute;mon battle between SSBM Nicki and zacynthius! Format: [Gen 3] OU; Date: Oct 23, 2024" />
<!--

Hey, you! Looking in the source for the replay log?

You can find them in JSON format, just add `.json` at the end of a replay URL.

https://replay.pokemonshowdown.com/gen7randomdoublesbattle-865046831.json

Or, if you only need the log itself, add `.log` instead:

https://replay.pokemonshowdown.com/gen7randomdoublesbattle-865046831.log

-->

<link rel="stylesheet" href="//pokemonshowdown.com/style/global.css?0.023195364461161105" />
<link rel="stylesheet" href="//play.pokemonshowdown.com/style/font-awesome.css?0.13261647063804238" />
<link rel="stylesheet" href="//play.pokemonshowdown.com/style/battle.css?0.8753245789963631" />
<link rel="stylesheet" href="//play.pokemonshowdown.com/style/utilichart.css?0.8627959624976733" />

<!-- Global site tag (gtag.js) - Google Analytics -->
<script async src="https://www.googletagmanager.com/gtag/js?id=UA-26211653-1"></script>
<script>
  window.dataLayer = window.dataLayer || [];
  function gtag(){dataLayer.push(arguments);}
  gtag('js', new Date());

  gtag('config', 'UA-26211653-1');
</script>
<!-- End Google Analytics -->
<!-- Venatus Ad Manager - Install in <HEAD> of page -->
	<script src="https://hb.vntsm.com/v3/live/ad-manager.min.js" type="text/javascript" data-site-id="642aba63ec9a7b11c3c9c1be" data-mode="scan" async></script>
<!-- / Venatus Ad Manager -->

<style>
	@media (max-width:820px) {
		.battle {
			margin: 0 auto;
		}
		.battle-log {
			margin: 7px auto 0;
			max-width: 640px;
			height: 300px;
			position: static;
		}
	}
	.optgroup {
		display: inline-block;
		line-height: 22px;
		font-size: 10pt;
	}
	.optgroup .button {
		height: 25px;
		padding-top: 0;
		padding-bottom: 0;
	}
	.optgroup button.button {
		padding-left: 12px;
		padding-right: 12px;
	}
	.linklist {
		list-style: none;
		margin: 0.5em 0;
		padding: 0;
	}
	.linklist li {
		padding: 2px 0;
	}
	.sidebar {
		float: left;
		width: 320px;
	}
	.bar-wrapper {
		max-width: 1100px;
		margin: 0 auto;
	}
	.bar-wrapper.has-sidebar {
		max-width: 1430px;
	}
	.mainbar {
		margin: 0;
		padding-right: 1px;
	}
	.mainbar.has-sidebar {
		margin-left: 330px;
	}
	@media (min-width: 1511px) {
		.sidebar {
			width: 400px;
		}
		.bar-wrapper.has-sidebar {
			max-width: 1510px;
		}
		.mainbar.has-sidebar {
			margin-left: 410px;
		}
	}
	.section.first-section {
		margin-top: 9px;
	}
	.blocklink small {
		white-space: normal;
	}
	.button {
		vertical-align: middle;
	}
	.replay-controls {
		padding-top: 10px;
	}
	.replay-controls h1 {
		font-size: 16pt;
		font-weight: normal;
		color: #CCC;
	}
	.pagelink {
		text-align: center;
	}
	.pagelink a {
		width: 150px;
	}
	.textbox, .button {
		font-size: 11pt;
		vertical-align: middle;
	}
	@media (max-width: 450px) {
		.button {
			font-size: 9pt;
		}
	}
</style>

<div>

	<header>
		<div class="nav-wrapper"><ul class="nav">
			<li><a class="button nav-first" href="//pokemonshowdown.com/"><img src="//pokemonshowdown.com/images/pokemonshowdownbeta.png" srcset="//pokemonshowdown.com/images/pokemonshowdownbeta.png 1x, //pokemonshowdown.com/images/pokemonshowdownbeta@2x.png 2x" alt="Pok&eacute;mon Showdown" width="146" height="44" /> Home</a></li>
			<li><a class="button" href="//pokemonshowdown.com/dex/">Pok&eacute;dex</a></li>
			<li><a class="button cur" href="/">Replays</a></li>
			<li><a class="button" href="//pokemonshowdown.com/ladder/">Ladder</a></li>
			<li><a class="button nav-last" href="//pokemonshowdown.com/forums/">Forum</a></li>
			<li><a class="button greenbutton nav-first nav-last" href="//play.pokemonshowdown.com/">Play</a></li>
		</ul></div>
	</header>

	<div class="main" id="main">

		<noscript><section class="section">You need to enable JavaScript to use this page; sorry!</section></noscript>

	</div>

</div>

<script defer nomodule src="//play.pokemonshowdown.com/js/lib/ps-polyfill.js"></script>
<script defer src="//play.pokemonshowdown.com/js/lib/preact.min.js"></script>

<script defer src="//play.pokemonshowdown.com/config/config.js?2bddbc15"></script>
<script defer src="//play.pokemonshowdown.com/js/lib/jquery-1.11.0.min.js"></script>
<script defer src="//play.pokemonshowdown.com/js/lib/html-sanitizer-minified.js"></script>
<script defer src="//play.pokemonshowdown.com/js/battle-sound.js"></script>
<script defer src="//play.pokemonshowdown.com/js/battledata.js?0.7209276989879541"></script>
<script defer src="//play.pokemonshowdown.com/data/pokedex-mini.js?0.6111056340867951"></script>
<script defer src="//play.pokemonshowdown.com/data/pokedex-mini-bw.js?0.3532142036491459"></script>
<script defer src="//play.pokemonshowdown.com/data/graphics.js?0.24223875632456182"></script>
<script defer src="//play.pokemonshowdown.com/data/pokedex.js?0.38839984266356864"></script>
<script defer src="//play.pokemonshowdown.com/data/moves.js?0.21866028504024015"></script>
<script defer src="//play.pokemonshowdown.com/data/abilities.js?0.2005157953846628"></script>
<script defer src="//play.pokemonshowdown.com/data/items.js?0.9894211263848525"></script>
<script defer src="//play.pokemonshowdown.com/data/teambuilder-tables.js?0.6008791140282215"></script>
<script defer src="//play.pokemonshowdown.com/js/battle-tooltips.js?0.7580118955022959"></script>
<script defer src="//play.pokemonshowdown.com/js/battle.js?0.6057722274234274"></script>

<script defer src="js/utils.js?e31f9a17"></script>
<script defer src="js/replays-battle.js?7008c182"></script>

<!-- don't scrape this data! just add .json or .log after the URL!
Full API docs: https://github.com/smogon/pokemon-showdown-client/blob/master/WEB-API.md -->
<script type="text/plain" class="log" id="replaylog-smogtours-gen3ou-801385">
|inactive|Battle timer is ON: inactive players will automatically lose when time's up.
|t:|1729700885
|gametype|singles
|player|p1|SSBM Nicki|2|
|player|p2|zacynthius|265|
|teamsize|p1|6
|teamsize|p2|6
|gen|3
|tier|[Gen 3] OU
|rule|Sleep Clause Mod: Limit one foe put to sleep
|rule|Switch Priority Clause Mod: Faster Pokémon switch first
|rule|Species Clause: Limit one of each Pokémon
|rule|OHKO Clause: OHKO moves are banned
|rule|Evasion Items Clause: Evasion items are banned
|rule|Evasion Moves Clause: Evasion moves are banned
|rule|Endless Battle Clause: Forcing endless battles is banned
|rule|HP Percentage Mod: HP is shown in percentages
|rule|One Boost Passer Clause: Limit one Baton Passer that has a way to boost its stats
|rule|Freeze Clause Mod: Limit one foe frozen
|
|t:|1729700885
|start
|switch|p1a: Salamence|Salamence, F|100/100
|switch|p2a: Salamence|Salamence, F|100/100
|-ability|p2a: Salamence|Intimidate|boost
|-unboost|p1a: Salamence|atk|1
|-ability|p1a: Salamence|Intimidate|boost
|-unboost|p2a: Salamence|atk|1
|turn|1
|inactive|SSBM Nicki has 270 seconds left.
|
|t:|1729700926
|switch|p2a: Celebi|Celebi|100/100
|switch|p1a: Jirachi|Jirachi|100/100
|
|upkeep
|turn|2
|
|t:|1729700939
|move|p2a: Celebi|Calm Mind|p2a: Celebi
|-boost|p2a: Celebi|spa|1
|-boost|p2a: Celebi|spd|1
|move|p1a: Jirachi|Fire Punch|p2a: Celebi
|-supereffective|p2a: Celebi
|-damage|p2a: Celebi|82/100
|
|-heal|p2a: Celebi|88/100|[from] item: Leftovers
|upkeep
|turn|3
|
|t:|1729700946
|move|p2a: Celebi|Calm Mind|p2a: Celebi
|-boost|p2a: Celebi|spa|1
|-boost|p2a: Celebi|spd|1
|move|p1a: Jirachi|Toxic|p2a: Celebi
|-status|p2a: Celebi|tox
|
|-heal|p2a: Celebi|94/100 tox|[from] item: Leftovers
|-damage|p2a: Celebi|88/100 tox|[from] psn
|upkeep
|turn|4
|inactive|SSBM Nicki has 270 seconds left.
|
|t:|1729700989
|switch|p1a: Salamence|Salamence, F|100/100
|-ability|p1a: Salamence|Intimidate|boost
|-unboost|p2a: Celebi|atk|1
|move|p2a: Celebi|Calm Mind|p2a: Celebi
|-boost|p2a: Celebi|spa|1
|-boost|p2a: Celebi|spd|1
|
|-heal|p2a: Celebi|94/100 tox|[from] item: Leftovers
|-damage|p2a: Celebi|82/100 tox|[from] psn
|upkeep
|turn|5
|
|t:|1729701005
|switch|p1a: Blissey|Blissey, F|100/100
|move|p2a: Celebi|Baton Pass|p2a: Celebi
|
|t:|1729701010
|-curestatus|p2a: Celebi|tox|[from] ability: Natural Cure
|switch|p2a: Salamence|Salamence, F|100/100|[from] Baton Pass
|-ability|p2a: Salamence|Intimidate|boost
|-unboost|p1a: Blissey|atk|1
|
|upkeep
|turn|6
|
|t:|1729701034
|move|p2a: Salamence|Brick Break|p1a: Blissey
|-supereffective|p1a: Blissey
|-damage|p1a: Blissey|67/100
|move|p1a: Blissey|Thunder Wave|p2a: Salamence
|-status|p2a: Salamence|par
|
|-heal|p1a: Blissey|73/100|[from] item: Leftovers
|upkeep
|turn|7
|
|t:|1729701043
|move|p1a: Blissey|Soft-Boiled|p1a: Blissey
|-heal|p1a: Blissey|100/100
|move|p2a: Salamence|Dragon Claw|p1a: Blissey
|-damage|p1a: Blissey|71/100
|
|-heal|p1a: Blissey|77/100|[from] item: Leftovers
|upkeep
|turn|8
|
|t:|1729701052
|cant|p2a: Salamence|par
|move|p1a: Blissey|Counter|p2a: Salamence
|
|-heal|p1a: Blissey|83/100|[from] item: Leftovers
|upkeep
|turn|9
|
|t:|1729701060
|move|p1a: Blissey|Thunder Wave|p2a: Salamence
|-fail|p2a: Salamence|par
|cant|p2a: Salamence|par
|
|-heal|p1a: Blissey|89/100|[from] item: Leftovers
|upkeep
|turn|10
|
|t:|1729701066
|move|p1a: Blissey|Seismic Toss|p2a: Salamence
|-damage|p2a: Salamence|70/100 par
|move|p2a: Salamence|Brick Break|p1a: Blissey
|-supereffective|p1a: Blissey
|-damage|p1a: Blissey|57/100
|
|-heal|p1a: Blissey|63/100|[from] item: Leftovers
|upkeep
|turn|11
|
|t:|1729701072
|move|p2a: Salamence|Dragon Claw|p1a: Blissey
|-damage|p1a: Blissey|33/100
|move|p1a: Blissey|Counter|p2a: Salamence
|
|-heal|p1a: Blissey|39/100|[from] item: Leftovers
|upkeep
|turn|12
|
|t:|1729701077
|move|p1a: Blissey|Soft-Boiled|p1a: Blissey
|-heal|p1a: Blissey|89/100
|move|p2a: Salamence|Dragon Claw|p1a: Blissey
|-damage|p1a: Blissey|56/100
|
|-heal|p1a: Blissey|62/100|[from] item: Leftovers
|upkeep
|turn|13
|
|t:|1729701083
|move|p1a: Blissey|Soft-Boiled|p1a: Blissey
|-heal|p1a: Blissey|100/100
|move|p2a: Salamence|Brick Break|p1a: Blissey
|-supereffective|p1a: Blissey
|-damage|p1a: Blissey|66/100
|
|-heal|p1a: Blissey|72/100|[from] item: Leftovers
|upkeep
|turn|14
|
|t:|1729701088
|move|p1a: Blissey|Seismic Toss|p2a: Salamence
|-damage|p2a: Salamence|40/100 par
|move|p2a: Salamence|Dragon Claw|p1a: Blissey
|-damage|p1a: Blissey|39/100
|
|-heal|p1a: Blissey|45/100|[from] item: Leftovers
|upkeep
|turn|15
|
|t:|1729701094
|move|p1a: Blissey|Soft-Boiled|p1a: Blissey
|-heal|p1a: Blissey|95/100
|move|p2a: Salamence|Dragon Claw|p1a: Blissey
|-damage|p1a: Blissey|61/100
|
|-heal|p1a: Blissey|67/100|[from] item: Leftovers
|upkeep
|turn|16
|
|t:|1729701098
|move|p1a: Blissey|Soft-Boiled|p1a: Blissey
|-heal|p1a: Blissey|100/100
|move|p2a: Salamence|Brick Break|p1a: Blissey
|-supereffective|p1a: Blissey
|-damage|p1a: Blissey|70/100
|
|-heal|p1a: Blissey|76/100|[from] item: Leftovers
|upkeep
|turn|17
|
|t:|1729701102
|move|p1a: Blissey|Seismic Toss|p2a: Salamence
|-damage|p2a: Salamence|10/100 par
|move|p2a: Salamence|Dragon Claw|p1a: Blissey
|-damage|p1a: Blissey|42/100
|
|-heal|p1a: Blissey|48/100|[from] item: Leftovers
|upkeep
|turn|18
|
|t:|1729701109
|switch|p2a: Celebi|Celebi|82/100
|move|p1a: Blissey|Soft-Boiled|p1a: Blissey
|-heal|p1a: Blissey|98/100
|
|-heal|p2a: Celebi|88/100|[from] item: Leftovers
|-heal|p1a: Blissey|100/100|[from] item: Leftovers
|upkeep
|turn|19
|
|t:|1729701122
|move|p2a: Celebi|Calm Mind|p2a: Celebi
|-boost|p2a: Celebi|spa|1
|-boost|p2a: Celebi|spd|1
|move|p1a: Blissey|Thunder Wave|p2a: Celebi
|-status|p2a: Celebi|par
|
|-heal|p2a: Celebi|94/100 par|[from] item: Leftovers
|upkeep
|turn|20
|
|t:|1729701136
|switch|p1a: Salamence|Salamence, F|100/100
|-ability|p1a: Salamence|Intimidate|boost
|-unboost|p2a: Celebi|atk|1
|move|p2a: Celebi|Calm Mind|p2a: Celebi
|-boost|p2a: Celebi|spa|1
|-boost|p2a: Celebi|spd|1
|
|-heal|p2a: Celebi|99/100 par|[from] item: Leftovers
|upkeep
|turn|21
|
|t:|1729701143
|move|p2a: Celebi|Calm Mind|p2a: Celebi
|-boost|p2a: Celebi|spa|1
|-boost|p2a: Celebi|spd|1
|move|p1a: Salamence|Roar|p2a: Celebi
|-curestatus|p2a: Celebi|par|[from] ability: Natural Cure
|drag|p2a: Metagross|Metagross|100/100
|
|upkeep
|turn|22
|
|t:|1729701158
|move|p1a: Salamence|Fire Blast|p2a: Metagross
|-supereffective|p2a: Metagross
|-damage|p2a: Metagross|7/100
|-status|p2a: Metagross|brn
|move|p2a: Metagross|Explosion|p1a: Salamence
|-damage|p1a: Salamence|0 fnt
|faint|p2a: Metagross
|faint|p1a: Salamence
|
|t:|1729701168
|switch|p1a: Forretress|Forretress, M|100/100
|switch|p2a: Salamence|Salamence, F|10/100 par
|-ability|p2a: Salamence|Intimidate|boost
|-unboost|p1a: Forretress|atk|1
|
|upkeep
|turn|23
|
|t:|1729701187
|switch|p1a: Blissey|Blissey, F|100/100
|cant|p2a: Salamence|par
|
|upkeep
|turn|24
|
|t:|1729701191
|move|p1a: Blissey|Seismic Toss|p2a: Salamence
|-damage|p2a: Salamence|0 fnt
|faint|p2a: Salamence
|
|t:|1729701194
|switch|p2a: Zapdos|Zapdos|100/100
|
|upkeep
|turn|25
|
|t:|1729701198
|move|p2a: Zapdos|Substitute|p2a: Zapdos
|-start|p2a: Zapdos|Substitute
|-damage|p2a: Zapdos|76/100
|move|p1a: Blissey|Thunder Wave||[still]
|-fail|p1a: Blissey
|
|-heal|p2a: Zapdos|82/100|[from] item: Leftovers
|upkeep
|turn|26
|
|t:|1729701201
|move|p2a: Zapdos|Baton Pass|p2a: Zapdos
|
|t:|1729701204
|switch|p2a: Dugtrio|Dugtrio, F|100/100|[from] Baton Pass
|move|p1a: Blissey|Seismic Toss|p2a: Dugtrio
|-end|p2a: Dugtrio|Substitute
|
|upkeep
|turn|27
|
|t:|1729701208
|move|p2a: Dugtrio|Earthquake|p1a: Blissey
|-damage|p1a: Blissey|55/100
|move|p1a: Blissey|Counter|p2a: Dugtrio
|-damage|p2a: Dugtrio|0 fnt
|faint|p2a: Dugtrio
|
|t:|1729701216
|switch|p2a: Swampert|Swampert, M|100/100
|
|-heal|p1a: Blissey|61/100|[from] item: Leftovers
|upkeep
|turn|28
|
|t:|1729701221
|-singleturn|p2a: Swampert|move: Focus Punch
|move|p1a: Blissey|Soft-Boiled|p1a: Blissey
|-heal|p1a: Blissey|100/100
|move|p2a: Swampert|Focus Punch|p1a: Blissey
|-supereffective|p1a: Blissey
|-damage|p1a: Blissey|33/100
|
|-heal|p1a: Blissey|39/100|[from] item: Leftovers
|upkeep
|turn|29
|
|t:|1729701231
|move|p2a: Swampert|Earthquake|p1a: Blissey
|-damage|p1a: Blissey|7/100
|move|p1a: Blissey|Seismic Toss|p2a: Swampert
|-damage|p2a: Swampert|76/100
|
|-heal|p2a: Swampert|82/100|[from] item: Leftovers
|-heal|p1a: Blissey|13/100|[from] item: Leftovers
|upkeep
|turn|30
|
|t:|1729701250
|switch|p1a: Forretress|Forretress, M|100/100
|move|p2a: Swampert|Surf|p1a: Forretress
|-damage|p1a: Forretress|63/100
|
|-heal|p2a: Swampert|88/100|[from] item: Leftovers
|-heal|p1a: Forretress|69/100|[from] item: Leftovers
|upkeep
|turn|31
|
|t:|1729701268
|move|p2a: Swampert|Surf|p1a: Forretress
|-crit|p1a: Forretress
|-damage|p1a: Forretress|0 fnt
|faint|p1a: Forretress
|
|t:|1729701275
|switch|p1a: Jirachi|Jirachi|100/100
|
|-heal|p2a: Swampert|94/100|[from] item: Leftovers
|upkeep
|turn|32
|
|t:|1729701280
|move|p1a: Jirachi|Toxic|p2a: Swampert
|-status|p2a: Swampert|tox
|move|p2a: Swampert|Earthquake|p1a: Jirachi
|-supereffective|p1a: Jirachi
|-damage|p1a: Jirachi|56/100
|
|-heal|p1a: Jirachi|62/100|[from] item: Leftovers
|-heal|p2a: Swampert|100/100 tox|[from] item: Leftovers
|-damage|p2a: Swampert|94/100 tox|[from] psn
|upkeep
|turn|33
|
|t:|1729701287
|move|p1a: Jirachi|Wish|p1a: Jirachi
|move|p2a: Swampert|Earthquake|p1a: Jirachi
|-supereffective|p1a: Jirachi
|-damage|p1a: Jirachi|13/100
|
|-heal|p1a: Jirachi|19/100|[from] item: Leftovers
|-heal|p2a: Swampert|100/100 tox|[from] item: Leftovers
|-damage|p2a: Swampert|88/100 tox|[from] psn
|upkeep
|turn|34
|
|t:|1729701297
|switch|p2a: Zapdos|Zapdos|82/100
|move|p1a: Jirachi|Protect||[still]
|-fail|p1a: Jirachi
|
|-heal|p1a: Jirachi|69/100|[from] move: Wish|[wisher] Jirachi
|-heal|p2a: Zapdos|88/100|[from] item: Leftovers
|-heal|p1a: Jirachi|75/100|[from] item: Leftovers
|upkeep
|turn|35
|
|t:|1729701309
|move|p2a: Zapdos|Substitute|p2a: Zapdos
|-start|p2a: Zapdos|Substitute
|-damage|p2a: Zapdos|63/100
|move|p1a: Jirachi|Wish|p1a: Jirachi
|
|-heal|p2a: Zapdos|69/100|[from] item: Leftovers
|-heal|p1a: Jirachi|81/100|[from] item: Leftovers
|upkeep
|turn|36
|
|t:|1729701330
|switch|p1a: Blissey|Blissey, F|13/100
|move|p2a: Zapdos|Baton Pass|p2a: Zapdos
|
|t:|1729701333
|switch|p2a: Celebi|Celebi|99/100|[from] Baton Pass
|
|-heal|p1a: Blissey|63/100|[from] move: Wish|[wisher] Jirachi
|-heal|p2a: Celebi|100/100|[from] item: Leftovers
|-heal|p1a: Blissey|69/100|[from] item: Leftovers
|upkeep
|turn|37
|
|t:|1729701340
|move|p2a: Celebi|Calm Mind|p2a: Celebi
|-boost|p2a: Celebi|spa|1
|-boost|p2a: Celebi|spd|1
|move|p1a: Blissey|Seismic Toss|p2a: Celebi
|-end|p2a: Celebi|Substitute
|
|-heal|p1a: Blissey|75/100|[from] item: Leftovers
|upkeep
|turn|38
|
|t:|1729701348
|move|p2a: Celebi|Calm Mind|p2a: Celebi
|-boost|p2a: Celebi|spa|1
|-boost|p2a: Celebi|spd|1
|move|p1a: Blissey|Seismic Toss|p2a: Celebi
|-damage|p2a: Celebi|76/100
|
|-heal|p2a: Celebi|82/100|[from] item: Leftovers
|-heal|p1a: Blissey|82/100|[from] item: Leftovers
|upkeep
|turn|39
|
|t:|1729701353
|move|p2a: Celebi|Calm Mind|p2a: Celebi
|-boost|p2a: Celebi|spa|1
|-boost|p2a: Celebi|spd|1
|move|p1a: Blissey|Thunder Wave|p2a: Celebi
|-status|p2a: Celebi|par
|
|-heal|p1a: Blissey|88/100|[from] item: Leftovers
|-heal|p2a: Celebi|88/100 par|[from] item: Leftovers
|upkeep
|turn|40
|
|t:|1729701358
|move|p1a: Blissey|Seismic Toss|p2a: Celebi
|-damage|p2a: Celebi|63/100 par
|move|p2a: Celebi|Calm Mind|p2a: Celebi
|-boost|p2a: Celebi|spa|1
|-boost|p2a: Celebi|spd|1
|
|-heal|p1a: Blissey|94/100|[from] item: Leftovers
|-heal|p2a: Celebi|70/100 par|[from] item: Leftovers
|upkeep
|turn|41
|
|t:|1729701372
|move|p1a: Blissey|Thunder Wave|p2a: Celebi
|-fail|p2a: Celebi|par
|cant|p2a: Celebi|par
|
|-heal|p1a: Blissey|99/100|[from] item: Leftovers
|-heal|p2a: Celebi|76/100 par|[from] item: Leftovers
|upkeep
|turn|42
|
|t:|1729701389
|move|p1a: Blissey|Seismic Toss|p2a: Celebi
|-damage|p2a: Celebi|51/100 par
|cant|p2a: Celebi|par
|
|-heal|p1a: Blissey|100/100|[from] item: Leftovers
|-heal|p2a: Celebi|57/100 par|[from] item: Leftovers
|upkeep
|turn|43
|
|t:|1729701404
|move|p1a: Blissey|Seismic Toss|p2a: Celebi
|-damage|p2a: Celebi|32/100 par
|move|p2a: Celebi|Calm Mind|p2a: Celebi
|-boost|p2a: Celebi|spa|1
|-boost|p2a: Celebi|spd|1
|
|-heal|p2a: Celebi|39/100 par|[from] item: Leftovers
|upkeep
|turn|44
|
|t:|1729701409
|move|p1a: Blissey|Seismic Toss|p2a: Celebi
|-damage|p2a: Celebi|14/100 par
|cant|p2a: Celebi|par
|
|-heal|p2a: Celebi|20/100 par|[from] item: Leftovers
|upkeep
|turn|45
|
|t:|1729701415
|move|p1a: Blissey|Seismic Toss|p2a: Celebi
|-damage|p2a: Celebi|0 fnt
|faint|p2a: Celebi
|
|t:|1729701420
|switch|p2a: Swampert|Swampert, M|88/100 tox
|
|-heal|p2a: Swampert|94/100 tox|[from] item: Leftovers
|-damage|p2a: Swampert|88/100 tox|[from] psn
|upkeep
|turn|46
|
|t:|1729701426
|move|p2a: Swampert|Earthquake|p1a: Blissey
|-damage|p1a: Blissey|69/100
|move|p1a: Blissey|Seismic Toss|p2a: Swampert
|-damage|p2a: Swampert|63/100 tox
|
|-heal|p2a: Swampert|69/100 tox|[from] item: Leftovers
|-damage|p2a: Swampert|57/100 tox|[from] psn
|-heal|p1a: Blissey|75/100|[from] item: Leftovers
|upkeep
|turn|47
|
|t:|1729701435
|move|p2a: Swampert|Earthquake|p1a: Blissey
|-damage|p1a: Blissey|44/100
|move|p1a: Blissey|Soft-Boiled|p1a: Blissey
|-heal|p1a: Blissey|94/100
|
|-heal|p2a: Swampert|63/100 tox|[from] item: Leftovers
|-damage|p2a: Swampert|45/100 tox|[from] psn
|-heal|p1a: Blissey|99/100|[from] item: Leftovers
|upkeep
|turn|48
|c|☆zacynthius|GGs lol
|
|t:|1729701444
|move|p2a: Swampert|Earthquake|p1a: Blissey
|-damage|p1a: Blissey|66/100
|move|p1a: Blissey|Soft-Boiled|p1a: Blissey
|-heal|p1a: Blissey|100/100
|
|-heal|p2a: Swampert|51/100 tox|[from] item: Leftovers
|-damage|p2a: Swampert|26/100 tox|[from] psn
|upkeep
|turn|49
|
|t:|1729701448
|move|p2a: Swampert|Earthquake|p1a: Blissey
|-damage|p1a: Blissey|70/100
|move|p1a: Blissey|Seismic Toss|p2a: Swampert
|-damage|p2a: Swampert|1/100 tox
|
|-heal|p2a: Swampert|7/100 tox|[from] item: Leftovers
|-damage|p2a: Swampert|0 fnt|[from] psn
|faint|p2a: Swampert
|-heal|p1a: Blissey|77/100|[from] item: Leftovers
|upkeep
|
|t:|1729701452
|switch|p2a: Zapdos|Zapdos|69/100
|turn|50
|c|☆SSBM Nicki|ggs
|
|t:|1729701457
|move|p2a: Zapdos|Thunderbolt|p1a: Blissey
|-damage|p1a: Blissey|57/100
|move|p1a: Blissey|Seismic Toss|p2a: Zapdos
|-damage|p2a: Zapdos|38/100
|
|-heal|p2a: Zapdos|45/100|[from] item: Leftovers
|-heal|p1a: Blissey|63/100|[from] item: Leftovers
|upkeep
|turn|51
|
|t:|1729701461
|move|p2a: Zapdos|Thunderbolt|p1a: Blissey
|-damage|p1a: Blissey|45/100
|move|p1a: Blissey|Seismic Toss|p2a: Zapdos
|-damage|p2a: Zapdos|14/100
|
|-heal|p2a: Zapdos|20/100|[from] item: Leftovers
|-heal|p1a: Blissey|51/100|[from] item: Leftovers
|upkeep
|turn|52
|
|t:|1729701463
|move|p2a: Zapdos|Thunderbolt|p1a: Blissey
|-damage|p1a: Blissey|31/100
|move|p1a: Blissey|Seismic Toss|p2a: Zapdos
|-damage|p2a: Zapdos|0 fnt
|faint|p2a: Zapdos
|
|win|SSBM Nicki

</script>
<script type="application/json" class="data" id="replaydata-smogtours-gen3ou-801385">
{"id":"smogtours-gen3ou-801385","format":"[Gen 3] OU","players":["SSBM Nicki","zacynthius"],"uploadtime":1729701463,"views":78,"formatid":"gen3ou","rating":null,"private":0,"password":null}
</script>

<script defer src="js/replays.js?9d40a366"></script>
