<!DOCTYPE html>
<meta charset="utf-8" />
<meta name="viewport" content="width=device-width" />

<title>[Gen 3] OU: 13ased vs. SqueamishCube - Replays - Pok&eacute;mon Showdown!</title>

<meta name="description" content="Watch a replay of a Pok&eacute;mon battle between 13ased and SqueamishCube! Format: [Gen 3] OU; Date: Oct 26, 2024" />
<!--

Hey, you! Looking in the source for the replay log?

You can find them in JSON format, just add `.json` at the end of a replay URL.

https://replay.pokemonshowdown.com/gen7randomdoublesbattle-865046831.json

Or, if you only need the log itself, add `.log` instead:

https://replay.pokemonshowdown.com/gen7randomdoublesbattle-865046831.log

-->

<link rel="stylesheet" href="//pokemonshowdown.com/style/global.css?0.023195364461161105" />
<link rel="stylesheet" href="//play.pokemonshowdown.com/style/font-awesome.css?0.13261647063804238" />
<link rel="stylesheet" href="//play.pokemonshowdown.com/style/battle.css?0.8753245789963631" />
<link rel="stylesheet" href="//play.pokemonshowdown.com/style/utilichart.css?0.8627959624976733" />

<!-- Global site tag (gtag.js) - Google Analytics -->
<script async src="https://www.googletagmanager.com/gtag/js?id=UA-26211653-1"></script>
<script>
  window.dataLayer = window.dataLayer || [];
  function gtag(){dataLayer.push(arguments);}
  gtag('js', new Date());

  gtag('config', 'UA-26211653-1');
</script>
<!-- End Google Analytics -->
<!-- Venatus Ad Manager - Install in <HEAD> of page -->
	<script src="https://hb.vntsm.com/v3/live/ad-manager.min.js" type="text/javascript" data-site-id="642aba63ec9a7b11c3c9c1be" data-mode="scan" async></script>
<!-- / Venatus Ad Manager -->

<style>
	@media (max-width:820px) {
		.battle {
			margin: 0 auto;
		}
		.battle-log {
			margin: 7px auto 0;
			max-width: 640px;
			height: 300px;
			position: static;
		}
	}
	.optgroup {
		display: inline-block;
		line-height: 22px;
		font-size: 10pt;
	}
	.optgroup .button {
		height: 25px;
		padding-top: 0;
		padding-bottom: 0;
	}
	.optgroup button.button {
		padding-left: 12px;
		padding-right: 12px;
	}
	.linklist {
		list-style: none;
		margin: 0.5em 0;
		padding: 0;
	}
	.linklist li {
		padding: 2px 0;
	}
	.sidebar {
		float: left;
		width: 320px;
	}
	.bar-wrapper {
		max-width: 1100px;
		margin: 0 auto;
	}
	.bar-wrapper.has-sidebar {
		max-width: 1430px;
	}
	.mainbar {
		margin: 0;
		padding-right: 1px;
	}
	.mainbar.has-sidebar {
		margin-left: 330px;
	}
	@media (min-width: 1511px) {
		.sidebar {
			width: 400px;
		}
		.bar-wrapper.has-sidebar {
			max-width: 1510px;
		}
		.mainbar.has-sidebar {
			margin-left: 410px;
		}
	}
	.section.first-section {
		margin-top: 9px;
	}
	.blocklink small {
		white-space: normal;
	}
	.button {
		vertical-align: middle;
	}
	.replay-controls {
		padding-top: 10px;
	}
	.replay-controls h1 {
		font-size: 16pt;
		font-weight: normal;
		color: #CCC;
	}
	.pagelink {
		text-align: center;
	}
	.pagelink a {
		width: 150px;
	}
	.textbox, .button {
		font-size: 11pt;
		vertical-align: middle;
	}
	@media (max-width: 450px) {
		.button {
			font-size: 9pt;
		}
	}
</style>

<div>

	<header>
		<div class="nav-wrapper"><ul class="nav">
			<li><a class="button nav-first" href="//pokemonshowdown.com/"><img src="//pokemonshowdown.com/images/pokemonshowdownbeta.png" srcset="//pokemonshowdown.com/images/pokemonshowdownbeta.png 1x, //pokemonshowdown.com/images/pokemonshowdownbeta@2x.png 2x" alt="Pok&eacute;mon Showdown" width="146" height="44" /> Home</a></li>
			<li><a class="button" href="//pokemonshowdown.com/dex/">Pok&eacute;dex</a></li>
			<li><a class="button cur" href="/">Replays</a></li>
			<li><a class="button" href="//pokemonshowdown.com/ladder/">Ladder</a></li>
			<li><a class="button nav-last" href="//pokemonshowdown.com/forums/">Forum</a></li>
			<li><a class="button greenbutton nav-first nav-last" href="//play.pokemonshowdown.com/">Play</a></li>
		</ul></div>
	</header>

	<div class="main" id="main">

		<noscript><section class="section">You need to enable JavaScript to use this page; sorry!</section></noscript>

	</div>

</div>

<script defer nomodule src="//play.pokemonshowdown.com/js/lib/ps-polyfill.js"></script>
<script defer src="//play.pokemonshowdown.com/js/lib/preact.min.js"></script>

<script defer src="//play.pokemonshowdown.com/config/config.js?2bddbc15"></script>
<script defer src="//play.pokemonshowdown.com/js/lib/jquery-1.11.0.min.js"></script>
<script defer src="//play.pokemonshowdown.com/js/lib/html-sanitizer-minified.js"></script>
<script defer src="//play.pokemonshowdown.com/js/battle-sound.js"></script>
<script defer src="//play.pokemonshowdown.com/js/battledata.js?0.7209276989879541"></script>
<script defer src="//play.pokemonshowdown.com/data/pokedex-mini.js?0.6111056340867951"></script>
<script defer src="//play.pokemonshowdown.com/data/pokedex-mini-bw.js?0.3532142036491459"></script>
<script defer src="//play.pokemonshowdown.com/data/graphics.js?0.24223875632456182"></script>
<script defer src="//play.pokemonshowdown.com/data/pokedex.js?0.38839984266356864"></script>
<script defer src="//play.pokemonshowdown.com/data/moves.js?0.21866028504024015"></script>
<script defer src="//play.pokemonshowdown.com/data/abilities.js?0.2005157953846628"></script>
<script defer src="//play.pokemonshowdown.com/data/items.js?0.9894211263848525"></script>
<script defer src="//play.pokemonshowdown.com/data/teambuilder-tables.js?0.6008791140282215"></script>
<script defer src="//play.pokemonshowdown.com/js/battle-tooltips.js?0.7580118955022959"></script>
<script defer src="//play.pokemonshowdown.com/js/battle.js?0.6057722274234274"></script>

<script defer src="js/utils.js?e31f9a17"></script>
<script defer src="js/replays-battle.js?7008c182"></script>

<!-- don't scrape this data! just add .json or .log after the URL!
Full API docs: https://github.com/smogon/pokemon-showdown-client/blob/master/WEB-API.md -->
<script type="text/plain" class="log" id="replaylog-smogtours-gen3ou-801992">
|inactive|Battle timer is ON: inactive players will automatically lose when time's up.
|t:|1729901103
|gametype|singles
|player|p1|13ased|ltsurge|
|player|p2|SqueamishCube|lyra|
|teamsize|p1|6
|teamsize|p2|6
|gen|3
|tier|[Gen 3] OU
|rule|Sleep Clause Mod: Limit one foe put to sleep
|rule|Switch Priority Clause Mod: Faster Pokémon switch first
|rule|Species Clause: Limit one of each Pokémon
|rule|OHKO Clause: OHKO moves are banned
|rule|Evasion Items Clause: Evasion items are banned
|rule|Evasion Moves Clause: Evasion moves are banned
|rule|Endless Battle Clause: Forcing endless battles is banned
|rule|HP Percentage Mod: HP is shown in percentages
|rule|One Boost Passer Clause: Limit one Baton Passer that has a way to boost its stats
|rule|Freeze Clause Mod: Limit one foe frozen
|
|t:|1729901103
|start
|switch|p1a: Tyranitar|Tyranitar, M|100/100
|switch|p2a: Tyranitar|Tyranitar, F|100/100
|-weather|Sandstorm|[from] ability: Sand Stream|[of] p2a: Tyranitar
|turn|1
|c|☆13ased|Vl
|c|☆13ased|Gl
|
|t:|1729901121
|switch|p1a: Skarmory|Skarmory, F|100/100
|switch|p2a: Skarmory|Skarmory, F|100/100
|
|-weather|Sandstorm|[upkeep]
|upkeep
|turn|2
|
|t:|1729901125
|switch|p2a: Moltres|Moltres|100/100
|move|p1a: Skarmory|Taunt|p2a: Moltres
|-start|p2a: Moltres|move: Taunt
|
|-weather|Sandstorm|[upkeep]
|-damage|p2a: Moltres|94/100|[from] Sandstorm
|-heal|p2a: Moltres|100/100|[from] item: Leftovers
|upkeep
|turn|3
|
|t:|1729901133
|switch|p1a: Tyranitar|Tyranitar, M|100/100
|move|p2a: Moltres|Flamethrower|p1a: Tyranitar
|-resisted|p1a: Tyranitar
|-damage|p1a: Tyranitar|76/100
|
|-weather|Sandstorm|[upkeep]
|-damage|p2a: Moltres|94/100|[from] Sandstorm
|-heal|p2a: Moltres|100/100|[from] item: Leftovers
|-end|p2a: Moltres|move: Taunt|[silent]
|upkeep
|turn|4
|
|t:|1729901137
|switch|p2a: Skarmory|Skarmory, F|100/100
|move|p1a: Tyranitar|Dragon Dance|p1a: Tyranitar
|-boost|p1a: Tyranitar|atk|1
|-boost|p1a: Tyranitar|spe|1
|
|-weather|Sandstorm|[upkeep]
|upkeep
|turn|5
|
|t:|1729901142
|move|p1a: Tyranitar|Taunt|p2a: Skarmory
|-start|p2a: Skarmory|move: Taunt
|cant|p2a: Skarmory|move: Taunt|Spikes
|
|-weather|Sandstorm|[upkeep]
|upkeep
|turn|6
|
|t:|1729901147
|switch|p2a: Claydol|Claydol|100/100
|move|p1a: Tyranitar|Rock Slide|p2a: Claydol
|-resisted|p2a: Claydol
|-damage|p2a: Claydol|77/100
|
|-weather|Sandstorm|[upkeep]
|-heal|p2a: Claydol|83/100|[from] item: Leftovers
|upkeep
|turn|7
|
|t:|1729901153
|switch|p1a: Swampert|Swampert, F|100/100
|move|p2a: Claydol|Earthquake|p1a: Swampert
|-damage|p1a: Swampert|74/100
|
|-weather|Sandstorm|[upkeep]
|-heal|p1a: Swampert|80/100|[from] item: Leftovers
|-heal|p2a: Claydol|89/100|[from] item: Leftovers
|upkeep
|turn|8
|
|t:|1729901164
|switch|p1a: Gengar|Gengar, F|100/100
|switch|p2a: Skarmory|Skarmory, F|100/100
|
|-weather|Sandstorm|[upkeep]
|-damage|p1a: Gengar|94/100|[from] Sandstorm
|-heal|p1a: Gengar|100/100|[from] item: Leftovers
|upkeep
|turn|9
|
|t:|1729901169
|move|p2a: Skarmory|Protect|p2a: Skarmory
|-singleturn|p2a: Skarmory|Protect
|move|p1a: Gengar|Hypnosis|p2a: Skarmory|[miss]
|-miss|p1a: Gengar|p2a: Skarmory
|
|-weather|Sandstorm|[upkeep]
|-damage|p1a: Gengar|94/100|[from] Sandstorm
|-heal|p1a: Gengar|100/100|[from] item: Leftovers
|upkeep
|turn|10
|
|t:|1729901176
|move|p1a: Gengar|Will-O-Wisp|p2a: Skarmory
|-status|p2a: Skarmory|brn
|move|p2a: Skarmory|Spikes|p1a: Gengar
|-sidestart|p1: 13ased|Spikes
|
|-weather|Sandstorm|[upkeep]
|-damage|p1a: Gengar|94/100|[from] Sandstorm
|-heal|p1a: Gengar|100/100|[from] item: Leftovers
|-damage|p2a: Skarmory|88/100 brn|[from] brn
|upkeep
|turn|11
|
|t:|1729901180
|move|p1a: Gengar|Thunderbolt|p2a: Skarmory
|-supereffective|p2a: Skarmory
|-damage|p2a: Skarmory|34/100 brn
|move|p2a: Skarmory|Spikes|p1a: Gengar
|-sidestart|p1: 13ased|Spikes
|
|-weather|Sandstorm|[upkeep]
|-damage|p1a: Gengar|94/100|[from] Sandstorm
|-heal|p1a: Gengar|100/100|[from] item: Leftovers
|-heal|p2a: Skarmory|40/100 brn|[from] item: Leftovers
|-damage|p2a: Skarmory|27/100 brn|[from] brn
|upkeep
|turn|12
|
|t:|1729901184
|switch|p2a: Claydol|Claydol|89/100
|move|p1a: Gengar|Thunderbolt|p2a: Claydol
|-immune|p2a: Claydol
|
|-weather|Sandstorm|[upkeep]
|-damage|p1a: Gengar|94/100|[from] Sandstorm
|-heal|p1a: Gengar|100/100|[from] item: Leftovers
|-heal|p2a: Claydol|95/100|[from] item: Leftovers
|upkeep
|turn|13
|
|t:|1729901191
|move|p1a: Gengar|Hypnosis|p2a: Claydol|[miss]
|-miss|p1a: Gengar|p2a: Claydol
|move|p2a: Claydol|Rock Slide|p1a: Gengar
|-damage|p1a: Gengar|79/100
|
|-weather|Sandstorm|[upkeep]
|-damage|p1a: Gengar|73/100|[from] Sandstorm
|-heal|p1a: Gengar|79/100|[from] item: Leftovers
|-heal|p2a: Claydol|100/100|[from] item: Leftovers
|upkeep
|turn|14
|
|t:|1729901197
|move|p1a: Gengar|Hypnosis|p2a: Claydol|[miss]
|-miss|p1a: Gengar|p2a: Claydol
|move|p2a: Claydol|Rock Slide|p1a: Gengar
|-damage|p1a: Gengar|56/100
|
|-weather|Sandstorm|[upkeep]
|-damage|p1a: Gengar|50/100|[from] Sandstorm
|-heal|p1a: Gengar|56/100|[from] item: Leftovers
|upkeep
|turn|15
|
|t:|1729901206
|switch|p2a: Starmie|Starmie|100/100
|move|p1a: Gengar|Hypnosis|p2a: Starmie
|-status|p2a: Starmie|slp|[from] move: Hypnosis
|
|-weather|Sandstorm|[upkeep]
|-damage|p2a: Starmie|94/100 slp|[from] Sandstorm
|-damage|p1a: Gengar|50/100|[from] Sandstorm
|-heal|p2a: Starmie|100/100 slp|[from] item: Leftovers
|-heal|p1a: Gengar|56/100|[from] item: Leftovers
|upkeep
|turn|16
|
|t:|1729901210
|-curestatus|p2a: Starmie|slp|[from] ability: Natural Cure
|switch|p2a: Gengar|Gengar, M|100/100
|move|p1a: Gengar|Ice Punch|p2a: Gengar
|-damage|p2a: Gengar|71/100
|
|-weather|Sandstorm|[upkeep]
|-damage|p2a: Gengar|65/100|[from] Sandstorm
|-damage|p1a: Gengar|50/100|[from] Sandstorm
|-heal|p2a: Gengar|71/100|[from] item: Leftovers
|-heal|p1a: Gengar|56/100|[from] item: Leftovers
|upkeep
|turn|17
|
|t:|1729901218
|switch|p1a: Blissey|Blissey, F|100/100
|-damage|p1a: Blissey|84/100|[from] Spikes
|move|p2a: Gengar|Will-O-Wisp|p1a: Blissey
|-status|p1a: Blissey|brn
|
|-weather|Sandstorm|[upkeep]
|-damage|p2a: Gengar|65/100|[from] Sandstorm
|-damage|p1a: Blissey|78/100 brn|[from] Sandstorm
|-heal|p2a: Gengar|71/100|[from] item: Leftovers
|-heal|p1a: Blissey|84/100 brn|[from] item: Leftovers
|-damage|p1a: Blissey|71/100 brn|[from] brn
|upkeep
|turn|18
|
|t:|1729901227
|switch|p2a: Tyranitar|Tyranitar, F|100/100
|move|p1a: Blissey|Thunderbolt|p2a: Tyranitar
|-damage|p2a: Tyranitar|81/100
|
|-weather|Sandstorm|[upkeep]
|-damage|p1a: Blissey|65/100 brn|[from] Sandstorm
|-heal|p1a: Blissey|71/100 brn|[from] item: Leftovers
|-damage|p1a: Blissey|59/100 brn|[from] brn
|upkeep
|turn|19
|
|t:|1729901243
|-curestatus|p1a: Blissey|brn|[from] ability: Natural Cure
|switch|p1a: Swampert|Swampert, F|80/100
|-damage|p1a: Swampert|64/100|[from] Spikes
|move|p2a: Tyranitar|Dragon Dance|p2a: Tyranitar
|-boost|p2a: Tyranitar|atk|1
|-boost|p2a: Tyranitar|spe|1
|
|-weather|Sandstorm|[upkeep]
|-heal|p1a: Swampert|70/100|[from] item: Leftovers
|upkeep
|turn|20
|
|t:|1729901263
|move|p2a: Tyranitar|Brick Break|p1a: Swampert
|-damage|p1a: Swampert|37/100
|move|p1a: Swampert|Hydro Pump|p2a: Tyranitar
|-supereffective|p2a: Tyranitar
|-damage|p2a: Tyranitar|0 fnt
|faint|p2a: Tyranitar
|
|t:|1729901266
|switch|p2a: Moltres|Moltres|100/100
|
|-weather|Sandstorm|[upkeep]
|-damage|p2a: Moltres|94/100|[from] Sandstorm
|-heal|p2a: Moltres|100/100|[from] item: Leftovers
|-heal|p1a: Swampert|44/100|[from] item: Leftovers
|upkeep
|turn|21
|
|t:|1729901284
|switch|p1a: Gengar|Gengar, F|56/100
|move|p2a: Moltres|Flamethrower|p1a: Gengar
|-damage|p1a: Gengar|2/100
|
|-weather|Sandstorm|[upkeep]
|-damage|p1a: Gengar|0 fnt|[from] Sandstorm
|-damage|p2a: Moltres|94/100|[from] Sandstorm
|faint|p1a: Gengar
|-heal|p2a: Moltres|100/100|[from] item: Leftovers
|upkeep
|
|t:|1729901295
|switch|p1a: Blissey|Blissey, F|59/100
|-damage|p1a: Blissey|42/100|[from] Spikes
|turn|22
|
|t:|1729901301
|move|p2a: Moltres|Will-O-Wisp|p1a: Blissey
|-status|p1a: Blissey|brn
|move|p1a: Blissey|Soft-Boiled|p1a: Blissey
|-heal|p1a: Blissey|92/100 brn
|
|-weather|Sandstorm|[upkeep]
|-damage|p2a: Moltres|94/100|[from] Sandstorm
|-damage|p1a: Blissey|86/100 brn|[from] Sandstorm
|-heal|p2a: Moltres|100/100|[from] item: Leftovers
|-heal|p1a: Blissey|92/100 brn|[from] item: Leftovers
|-damage|p1a: Blissey|80/100 brn|[from] brn
|upkeep
|turn|23
|
|t:|1729901307
|switch|p2a: Skarmory|Skarmory, F|27/100 brn
|move|p1a: Blissey|Wish|p1a: Blissey
|
|-weather|Sandstorm|[upkeep]
|-damage|p1a: Blissey|74/100 brn|[from] Sandstorm
|-heal|p2a: Skarmory|33/100 brn|[from] item: Leftovers
|-damage|p2a: Skarmory|21/100 brn|[from] brn
|-heal|p1a: Blissey|80/100 brn|[from] item: Leftovers
|-damage|p1a: Blissey|67/100 brn|[from] brn
|upkeep
|turn|24
|
|t:|1729901312
|move|p2a: Skarmory|Spikes|p1a: Blissey
|-sidestart|p1: 13ased|Spikes
|move|p1a: Blissey|Thunderbolt|p2a: Skarmory
|-supereffective|p2a: Skarmory
|-damage|p2a: Skarmory|0 fnt
|faint|p2a: Skarmory
|
|t:|1729901315
|switch|p2a: Claydol|Claydol|100/100
|
|-heal|p1a: Blissey|100/100 brn|[from] move: Wish|[wisher] Blissey
|-weather|Sandstorm|[upkeep]
|-damage|p1a: Blissey|94/100 brn|[from] Sandstorm
|-heal|p1a: Blissey|100/100 brn|[from] item: Leftovers
|-damage|p1a: Blissey|88/100 brn|[from] brn
|upkeep
|turn|25
|
|t:|1729901326
|move|p2a: Claydol|Rock Slide|p1a: Blissey
|-damage|p1a: Blissey|73/100 brn
|cant|p1a: Blissey|flinch
|
|-weather|Sandstorm|[upkeep]
|-damage|p1a: Blissey|67/100 brn|[from] Sandstorm
|-heal|p1a: Blissey|73/100 brn|[from] item: Leftovers
|-damage|p1a: Blissey|60/100 brn|[from] brn
|upkeep
|turn|26
|
|t:|1729901337
|move|p2a: Claydol|Earthquake|p1a: Blissey
|-damage|p1a: Blissey|28/100 brn
|move|p1a: Blissey|Soft-Boiled|p1a: Blissey
|-heal|p1a: Blissey|77/100 brn
|
|-weather|Sandstorm|[upkeep]
|-damage|p1a: Blissey|71/100 brn|[from] Sandstorm
|-heal|p1a: Blissey|77/100 brn|[from] item: Leftovers
|-damage|p1a: Blissey|65/100 brn|[from] brn
|upkeep
|turn|27
|
|t:|1729901345
|move|p2a: Claydol|Earthquake|p1a: Blissey
|-damage|p1a: Blissey|35/100 brn
|move|p1a: Blissey|Wish|p1a: Blissey
|
|-weather|Sandstorm|[upkeep]
|-damage|p1a: Blissey|29/100 brn|[from] Sandstorm
|-heal|p1a: Blissey|35/100 brn|[from] item: Leftovers
|-damage|p1a: Blissey|22/100 brn|[from] brn
|upkeep
|turn|28
|
|t:|1729901352
|move|p2a: Claydol|Earthquake|p1a: Blissey
|-crit|p1a: Blissey
|-damage|p1a: Blissey|0 fnt
|faint|p1a: Blissey
|
|t:|1729901355
|switch|p1a: Swampert|Swampert, F|44/100
|-damage|p1a: Swampert|19/100|[from] Spikes
|
|-heal|p1a: Swampert|69/100|[from] move: Wish|[wisher] Blissey
|-weather|Sandstorm|[upkeep]
|-heal|p1a: Swampert|75/100|[from] item: Leftovers
|upkeep
|turn|29
|
|t:|1729901371
|switch|p2a: Starmie|Starmie|100/100
|move|p1a: Swampert|Hydro Pump|p2a: Starmie
|-resisted|p2a: Starmie
|-damage|p2a: Starmie|65/100
|
|-weather|Sandstorm|[upkeep]
|-damage|p2a: Starmie|59/100|[from] Sandstorm
|-heal|p2a: Starmie|65/100|[from] item: Leftovers
|-heal|p1a: Swampert|81/100|[from] item: Leftovers
|upkeep
|turn|30
|inactive|13ased has 270 seconds left.
|
|t:|1729901402
|switch|p1a: Skarmory|Skarmory, F|100/100
|move|p2a: Starmie|Surf|p1a: Skarmory
|-damage|p1a: Skarmory|62/100
|
|-weather|Sandstorm|[upkeep]
|-damage|p2a: Starmie|59/100|[from] Sandstorm
|-heal|p2a: Starmie|65/100|[from] item: Leftovers
|-heal|p1a: Skarmory|68/100|[from] item: Leftovers
|upkeep
|turn|31
|
|t:|1729901412
|move|p2a: Starmie|Thunderbolt|p1a: Skarmory
|-supereffective|p1a: Skarmory
|-damage|p1a: Skarmory|12/100
|move|p1a: Skarmory|Drill Peck|p2a: Starmie
|-damage|p2a: Starmie|31/100
|
|-weather|Sandstorm|[upkeep]
|-damage|p2a: Starmie|25/100|[from] Sandstorm
|-heal|p2a: Starmie|31/100|[from] item: Leftovers
|-heal|p1a: Skarmory|18/100|[from] item: Leftovers
|upkeep
|turn|32
|
|t:|1729901417
|move|p2a: Starmie|Surf|p1a: Skarmory
|-damage|p1a: Skarmory|0 fnt
|faint|p1a: Skarmory
|
|t:|1729901423
|switch|p1a: Aerodactyl|Aerodactyl, M|100/100
|
|-weather|Sandstorm|[upkeep]
|-damage|p2a: Starmie|25/100|[from] Sandstorm
|-heal|p2a: Starmie|31/100|[from] item: Leftovers
|upkeep
|turn|33
|
|t:|1729901432
|move|p2a: Starmie|Surf|p1a: Aerodactyl
|-supereffective|p1a: Aerodactyl
|-damage|p1a: Aerodactyl|0 fnt
|faint|p1a: Aerodactyl
|
|t:|1729901438
|switch|p1a: Swampert|Swampert, F|81/100
|-damage|p1a: Swampert|56/100|[from] Spikes
|
|-weather|Sandstorm|[upkeep]
|-damage|p2a: Starmie|25/100|[from] Sandstorm
|-heal|p2a: Starmie|31/100|[from] item: Leftovers
|-heal|p1a: Swampert|62/100|[from] item: Leftovers
|upkeep
|turn|34
|
|t:|1729901443
|move|p2a: Starmie|Surf|p1a: Swampert
|-damage|p1a: Swampert|16/100
|move|p1a: Swampert|Hydro Pump|p2a: Starmie|[miss]
|-miss|p1a: Swampert|p2a: Starmie
|
|-weather|Sandstorm|[upkeep]
|-damage|p2a: Starmie|25/100|[from] Sandstorm
|-heal|p2a: Starmie|31/100|[from] item: Leftovers
|-heal|p1a: Swampert|22/100|[from] item: Leftovers
|upkeep
|turn|35
|
|t:|1729901453
|move|p2a: Starmie|Surf|p1a: Swampert
|-damage|p1a: Swampert|0 fnt
|faint|p1a: Swampert
|
|t:|1729901454
|switch|p1a: Tyranitar|Tyranitar, M|76/100
|-damage|p1a: Tyranitar|51/100|[from] Spikes
|
|-weather|Sandstorm|[upkeep]
|-damage|p2a: Starmie|25/100|[from] Sandstorm
|-heal|p2a: Starmie|31/100|[from] item: Leftovers
|upkeep
|turn|36
|
|t:|1729901456
|move|p2a: Starmie|Surf|p1a: Tyranitar
|-supereffective|p1a: Tyranitar
|-damage|p1a: Tyranitar|0 fnt
|faint|p1a: Tyranitar
|
|win|SqueamishCube
|c|☆13ased|Gg
|player|p1|
|player|p2|
|player|p1|13ased|ltsurge|

</script>
<script type="application/json" class="data" id="replaydata-smogtours-gen3ou-801992">
{"id":"smogtours-gen3ou-801992","format":"[Gen 3] OU","players":["13ased","SqueamishCube"],"uploadtime":1729901456,"views":80,"formatid":"gen3ou","rating":null,"private":0,"password":null}
</script>

<script defer src="js/replays.js?9d40a366"></script>
