<!DOCTYPE html>
<meta charset="utf-8" />
<meta name="viewport" content="width=device-width" />

<title>[Gen 3] OU: AirPan vs. CazabichosPablo - Replays - Pok&eacute;mon Showdown!</title>

<meta name="description" content="Watch a replay of a Pok&eacute;mon battle between AirPan and CazabichosPablo! Format: [Gen 3] OU; Date: Oct 1, 2024" />
<!--

Hey, you! Looking in the source for the replay log?

You can find them in JSON format, just add `.json` at the end of a replay URL.

https://replay.pokemonshowdown.com/gen7randomdoublesbattle-865046831.json

Or, if you only need the log itself, add `.log` instead:

https://replay.pokemonshowdown.com/gen7randomdoublesbattle-865046831.log

-->

<link rel="stylesheet" href="//pokemonshowdown.com/style/global.css?0.023195364461161105" />
<link rel="stylesheet" href="//play.pokemonshowdown.com/style/font-awesome.css?0.13261647063804238" />
<link rel="stylesheet" href="//play.pokemonshowdown.com/style/battle.css?0.8753245789963631" />
<link rel="stylesheet" href="//play.pokemonshowdown.com/style/utilichart.css?0.8627959624976733" />

<!-- Global site tag (gtag.js) - Google Analytics -->
<script async src="https://www.googletagmanager.com/gtag/js?id=UA-26211653-1"></script>
<script>
  window.dataLayer = window.dataLayer || [];
  function gtag(){dataLayer.push(arguments);}
  gtag('js', new Date());

  gtag('config', 'UA-26211653-1');
</script>
<!-- End Google Analytics -->
<!-- Venatus Ad Manager - Install in <HEAD> of page -->
	<script src="https://hb.vntsm.com/v3/live/ad-manager.min.js" type="text/javascript" data-site-id="642aba63ec9a7b11c3c9c1be" data-mode="scan" async></script>
<!-- / Venatus Ad Manager -->

<style>
	@media (max-width:820px) {
		.battle {
			margin: 0 auto;
		}
		.battle-log {
			margin: 7px auto 0;
			max-width: 640px;
			height: 300px;
			position: static;
		}
	}
	.optgroup {
		display: inline-block;
		line-height: 22px;
		font-size: 10pt;
	}
	.optgroup .button {
		height: 25px;
		padding-top: 0;
		padding-bottom: 0;
	}
	.optgroup button.button {
		padding-left: 12px;
		padding-right: 12px;
	}
	.linklist {
		list-style: none;
		margin: 0.5em 0;
		padding: 0;
	}
	.linklist li {
		padding: 2px 0;
	}
	.sidebar {
		float: left;
		width: 320px;
	}
	.bar-wrapper {
		max-width: 1100px;
		margin: 0 auto;
	}
	.bar-wrapper.has-sidebar {
		max-width: 1430px;
	}
	.mainbar {
		margin: 0;
		padding-right: 1px;
	}
	.mainbar.has-sidebar {
		margin-left: 330px;
	}
	@media (min-width: 1511px) {
		.sidebar {
			width: 400px;
		}
		.bar-wrapper.has-sidebar {
			max-width: 1510px;
		}
		.mainbar.has-sidebar {
			margin-left: 410px;
		}
	}
	.section.first-section {
		margin-top: 9px;
	}
	.blocklink small {
		white-space: normal;
	}
	.button {
		vertical-align: middle;
	}
	.replay-controls {
		padding-top: 10px;
	}
	.replay-controls h1 {
		font-size: 16pt;
		font-weight: normal;
		color: #CCC;
	}
	.pagelink {
		text-align: center;
	}
	.pagelink a {
		width: 150px;
	}
	.textbox, .button {
		font-size: 11pt;
		vertical-align: middle;
	}
	@media (max-width: 450px) {
		.button {
			font-size: 9pt;
		}
	}
</style>

<div>

	<header>
		<div class="nav-wrapper"><ul class="nav">
			<li><a class="button nav-first" href="//pokemonshowdown.com/"><img src="//pokemonshowdown.com/images/pokemonshowdownbeta.png" srcset="//pokemonshowdown.com/images/pokemonshowdownbeta.png 1x, //pokemonshowdown.com/images/pokemonshowdownbeta@2x.png 2x" alt="Pok&eacute;mon Showdown" width="146" height="44" /> Home</a></li>
			<li><a class="button" href="//pokemonshowdown.com/dex/">Pok&eacute;dex</a></li>
			<li><a class="button cur" href="/">Replays</a></li>
			<li><a class="button" href="//pokemonshowdown.com/ladder/">Ladder</a></li>
			<li><a class="button nav-last" href="//pokemonshowdown.com/forums/">Forum</a></li>
			<li><a class="button greenbutton nav-first nav-last" href="//play.pokemonshowdown.com/">Play</a></li>
		</ul></div>
	</header>

	<div class="main" id="main">

		<noscript><section class="section">You need to enable JavaScript to use this page; sorry!</section></noscript>

	</div>

</div>

<script defer nomodule src="//play.pokemonshowdown.com/js/lib/ps-polyfill.js"></script>
<script defer src="//play.pokemonshowdown.com/js/lib/preact.min.js"></script>

<script defer src="//play.pokemonshowdown.com/config/config.js?2bddbc15"></script>
<script defer src="//play.pokemonshowdown.com/js/lib/jquery-1.11.0.min.js"></script>
<script defer src="//play.pokemonshowdown.com/js/lib/html-sanitizer-minified.js"></script>
<script defer src="//play.pokemonshowdown.com/js/battle-sound.js"></script>
<script defer src="//play.pokemonshowdown.com/js/battledata.js?0.7209276989879541"></script>
<script defer src="//play.pokemonshowdown.com/data/pokedex-mini.js?0.6111056340867951"></script>
<script defer src="//play.pokemonshowdown.com/data/pokedex-mini-bw.js?0.3532142036491459"></script>
<script defer src="//play.pokemonshowdown.com/data/graphics.js?0.24223875632456182"></script>
<script defer src="//play.pokemonshowdown.com/data/pokedex.js?0.38839984266356864"></script>
<script defer src="//play.pokemonshowdown.com/data/moves.js?0.21866028504024015"></script>
<script defer src="//play.pokemonshowdown.com/data/abilities.js?0.2005157953846628"></script>
<script defer src="//play.pokemonshowdown.com/data/items.js?0.9894211263848525"></script>
<script defer src="//play.pokemonshowdown.com/data/teambuilder-tables.js?0.6008791140282215"></script>
<script defer src="//play.pokemonshowdown.com/js/battle-tooltips.js?0.7580118955022959"></script>
<script defer src="//play.pokemonshowdown.com/js/battle.js?0.6057722274234274"></script>

<script defer src="js/utils.js?e31f9a17"></script>
<script defer src="js/replays-battle.js?7008c182"></script>

<!-- don't scrape this data! just add .json or .log after the URL!
Full API docs: https://github.com/smogon/pokemon-showdown-client/blob/master/WEB-API.md -->
<script type="text/plain" class="log" id="replaylog-gen3ou-2213761993">
|j|☆AirPan
|j|☆CazabichosPablo
|t:|1727808792
|gametype|singles
|player|p1|AirPan|pokemonrangerf-gen4|
|player|p2|CazabichosPablo|bugcatcher-gen4dp|
|teamsize|p1|6
|teamsize|p2|6
|gen|3
|tier|[Gen 3] OU
|rule|Sleep Clause Mod: Limit one foe put to sleep
|rule|Switch Priority Clause Mod: Faster Pokémon switch first
|rule|Species Clause: Limit one of each Pokémon
|rule|OHKO Clause: OHKO moves are banned
|rule|Evasion Items Clause: Evasion items are banned
|rule|Evasion Moves Clause: Evasion moves are banned
|rule|Endless Battle Clause: Forcing endless battles is banned
|rule|HP Percentage Mod: HP is shown in percentages
|rule|One Boost Passer Clause: Limit one Baton Passer that has a way to boost its stats
|rule|Freeze Clause Mod: Limit one foe frozen
|
|t:|1727808792
|start
|switch|p1a: no feelings|Tyranitar, F, shiny|100/100
|switch|p2a: Tyranitar|Tyranitar, F|100/100
|-weather|Sandstorm|[from] ability: Sand Stream|[of] p2a: Tyranitar
|turn|1
|inactive|Battle timer is ON: inactive players will automatically lose when time's up. (requested by AirPan)
|
|t:|1727808799
|switch|p2a: Flygon|Flygon, M|100/100
|switch|p1a: problems|Swampert, F, shiny|100/100
|
|-weather|Sandstorm|[upkeep]
|upkeep
|turn|2
|
|t:|1727808807
|switch|p2a: Skarmory|Skarmory, F|100/100
|move|p1a: problems|Ice Beam|p2a: Skarmory
|-crit|p2a: Skarmory
|-damage|p2a: Skarmory|64/100
|
|-weather|Sandstorm|[upkeep]
|-heal|p2a: Skarmory|70/100|[from] item: Leftovers
|upkeep
|turn|3
|
|t:|1727808816
|switch|p1a: pretty vacant|Zapdos|100/100
|move|p2a: Skarmory|Spikes|p1a: pretty vacant
|-sidestart|p1: AirPan|Spikes
|
|-weather|Sandstorm|[upkeep]
|-damage|p1a: pretty vacant|94/100|[from] Sandstorm
|-heal|p1a: pretty vacant|100/100|[from] item: Leftovers
|-heal|p2a: Skarmory|76/100|[from] item: Leftovers
|upkeep
|turn|4
|
|t:|1727808822
|switch|p2a: Jirachi|Jirachi|100/100
|move|p1a: pretty vacant|Roar|p2a: Jirachi
|drag|p2a: Manin|Gengar, M|100/100
|
|-weather|Sandstorm|[upkeep]
|-damage|p2a: Manin|94/100|[from] Sandstorm
|-damage|p1a: pretty vacant|94/100|[from] Sandstorm
|-heal|p2a: Manin|100/100|[from] item: Leftovers
|-heal|p1a: pretty vacant|100/100|[from] item: Leftovers
|upkeep
|turn|5
|
|t:|1727808826
|switch|p2a: Flygon|Flygon, M|100/100
|switch|p1a: god save the queen|Umbreon, M|100/100
|-damage|p1a: god save the queen|88/100|[from] Spikes
|
|-weather|Sandstorm|[upkeep]
|-damage|p1a: god save the queen|82/100|[from] Sandstorm
|-heal|p1a: god save the queen|88/100|[from] item: Leftovers
|upkeep
|turn|6
|
|t:|1727808830
|switch|p2a: Skarmory|Skarmory, F|76/100
|move|p1a: god save the queen|Toxic|p2a: Skarmory|[miss]
|-miss|p1a: god save the queen|p2a: Skarmory
|
|-weather|Sandstorm|[upkeep]
|-damage|p1a: god save the queen|82/100|[from] Sandstorm
|-heal|p2a: Skarmory|82/100|[from] item: Leftovers
|-heal|p1a: god save the queen|88/100|[from] item: Leftovers
|upkeep
|turn|7
|
|t:|1727808835
|switch|p1a: bodies|Forretress, M, shiny|100/100
|-damage|p1a: bodies|88/100|[from] Spikes
|move|p2a: Skarmory|Spikes|p1a: bodies
|-sidestart|p1: AirPan|Spikes
|
|-weather|Sandstorm|[upkeep]
|-heal|p2a: Skarmory|88/100|[from] item: Leftovers
|-heal|p1a: bodies|94/100|[from] item: Leftovers
|upkeep
|turn|8
|
|t:|1727808839
|switch|p2a: Manin|Gengar, M|100/100
|move|p1a: bodies|Spikes|p2a: Manin
|-sidestart|p2: CazabichosPablo|Spikes
|
|-weather|Sandstorm|[upkeep]
|-damage|p2a: Manin|94/100|[from] Sandstorm
|-heal|p2a: Manin|100/100|[from] item: Leftovers
|-heal|p1a: bodies|100/100|[from] item: Leftovers
|upkeep
|turn|9
|
|t:|1727808843
|switch|p2a: Jirachi|Jirachi|100/100
|-damage|p2a: Jirachi|88/100|[from] Spikes
|switch|p1a: god save the queen|Umbreon, M|88/100
|-damage|p1a: god save the queen|72/100|[from] Spikes
|
|-weather|Sandstorm|[upkeep]
|-damage|p1a: god save the queen|65/100|[from] Sandstorm
|-heal|p2a: Jirachi|94/100|[from] item: Leftovers
|-heal|p1a: god save the queen|72/100|[from] item: Leftovers
|upkeep
|turn|10
|
|t:|1727808845
|move|p2a: Jirachi|Calm Mind|p2a: Jirachi
|-boost|p2a: Jirachi|spa|1
|-boost|p2a: Jirachi|spd|1
|move|p1a: god save the queen|Wish|p1a: god save the queen
|
|-weather|Sandstorm|[upkeep]
|-damage|p1a: god save the queen|65/100|[from] Sandstorm
|-heal|p2a: Jirachi|100/100|[from] item: Leftovers
|-heal|p1a: god save the queen|72/100|[from] item: Leftovers
|upkeep
|turn|11
|
|t:|1727808849
|switch|p1a: no feelings|Tyranitar, F, shiny|100/100
|-damage|p1a: no feelings|84/100|[from] Spikes
|move|p2a: Jirachi|Calm Mind|p2a: Jirachi
|-boost|p2a: Jirachi|spa|1
|-boost|p2a: Jirachi|spd|1
|
|-heal|p1a: no feelings|100/100|[from] move: Wish|[wisher] god save the queen
|-weather|Sandstorm|[upkeep]
|upkeep
|turn|12
|
|t:|1727808854
|move|p2a: Jirachi|Thunderbolt|p1a: no feelings
|-damage|p1a: no feelings|55/100
|move|p1a: no feelings|Earthquake|p2a: Jirachi
|-supereffective|p2a: Jirachi
|-damage|p2a: Jirachi|5/100
|
|-weather|Sandstorm|[upkeep]
|-heal|p2a: Jirachi|12/100|[from] item: Leftovers
|upkeep
|turn|13
|
|t:|1727808863
|move|p2a: Jirachi|Thunderbolt|p1a: no feelings
|-damage|p1a: no feelings|11/100
|move|p1a: no feelings|Earthquake|p2a: Jirachi
|-supereffective|p2a: Jirachi
|-damage|p2a: Jirachi|0 fnt
|faint|p2a: Jirachi
|
|t:|1727808868
|switch|p2a: Tyranitar|Tyranitar, F|100/100
|-damage|p2a: Tyranitar|88/100|[from] Spikes
|
|-weather|Sandstorm|[upkeep]
|upkeep
|turn|14
|
|t:|1727808870
|move|p2a: Tyranitar|Brick Break|p1a: no feelings
|-supereffective|p1a: no feelings
|-damage|p1a: no feelings|0 fnt
|faint|p1a: no feelings
|
|t:|1727808880
|switch|p1a: anarchy in the uk|Celebi|100/100
|-damage|p1a: anarchy in the uk|84/100|[from] Spikes
|
|-weather|Sandstorm|[upkeep]
|-damage|p1a: anarchy in the uk|78/100|[from] Sandstorm
|-heal|p1a: anarchy in the uk|84/100|[from] item: Leftovers
|upkeep
|turn|15
|
|t:|1727808883
|move|p1a: anarchy in the uk|Leech Seed|p2a: Tyranitar
|-start|p2a: Tyranitar|move: Leech Seed
|move|p2a: Tyranitar|Fire Blast|p1a: anarchy in the uk
|-supereffective|p1a: anarchy in the uk
|-damage|p1a: anarchy in the uk|31/100
|
|-weather|Sandstorm|[upkeep]
|-damage|p1a: anarchy in the uk|25/100|[from] Sandstorm
|-heal|p1a: anarchy in the uk|31/100|[from] item: Leftovers
|-damage|p2a: Tyranitar|76/100|[from] Leech Seed|[of] p1a: anarchy in the uk
|-heal|p1a: anarchy in the uk|42/100|[silent]
|upkeep
|turn|16
|
|t:|1727808887
|switch|p2a: Skarmory|Skarmory, F|88/100
|move|p1a: anarchy in the uk|Giga Drain|p2a: Skarmory
|-resisted|p2a: Skarmory
|-damage|p2a: Skarmory|83/100
|-heal|p1a: anarchy in the uk|44/100|[from] drain|[of] p2a: Skarmory
|
|-weather|Sandstorm|[upkeep]
|-damage|p1a: anarchy in the uk|37/100|[from] Sandstorm
|-heal|p1a: anarchy in the uk|44/100|[from] item: Leftovers
|-heal|p2a: Skarmory|89/100|[from] item: Leftovers
|upkeep
|turn|17
|
|t:|1727808890
|move|p1a: anarchy in the uk|Leech Seed|p2a: Skarmory
|-start|p2a: Skarmory|move: Leech Seed
|move|p2a: Skarmory|Spikes|p1a: anarchy in the uk
|-sidestart|p1: AirPan|Spikes
|
|-weather|Sandstorm|[upkeep]
|-damage|p1a: anarchy in the uk|37/100|[from] Sandstorm
|-heal|p1a: anarchy in the uk|44/100|[from] item: Leftovers
|-heal|p2a: Skarmory|95/100|[from] item: Leftovers
|-damage|p2a: Skarmory|83/100|[from] Leech Seed|[of] p1a: anarchy in the uk
|-heal|p1a: anarchy in the uk|54/100|[silent]
|upkeep
|turn|18
|
|t:|1727808895
|switch|p2a: Tyranitar|Tyranitar, F|76/100
|-damage|p2a: Tyranitar|63/100|[from] Spikes
|move|p1a: anarchy in the uk|Psychic|p2a: Tyranitar
|-immune|p2a: Tyranitar
|
|-weather|Sandstorm|[upkeep]
|-damage|p1a: anarchy in the uk|48/100|[from] Sandstorm
|-heal|p1a: anarchy in the uk|54/100|[from] item: Leftovers
|upkeep
|turn|19
|
|t:|1727808897
|move|p1a: anarchy in the uk|Giga Drain|p2a: Tyranitar
|-supereffective|p2a: Tyranitar
|-damage|p2a: Tyranitar|20/100
|-heal|p1a: anarchy in the uk|72/100|[from] drain|[of] p2a: Tyranitar
|move|p2a: Tyranitar|Fire Blast|p1a: anarchy in the uk
|-supereffective|p1a: anarchy in the uk
|-damage|p1a: anarchy in the uk|22/100
|
|-weather|Sandstorm|[upkeep]
|-damage|p1a: anarchy in the uk|16/100|[from] Sandstorm
|-heal|p1a: anarchy in the uk|22/100|[from] item: Leftovers
|upkeep
|turn|20
|
|t:|1727808902
|move|p1a: anarchy in the uk|Giga Drain|p2a: Tyranitar
|-supereffective|p2a: Tyranitar
|-crit|p2a: Tyranitar
|-damage|p2a: Tyranitar|0 fnt
|-heal|p1a: anarchy in the uk|30/100|[from] drain|[of] p2a: Tyranitar
|faint|p2a: Tyranitar
|
|t:|1727808905
|switch|p2a: Manin|Gengar, M|100/100
|
|-weather|Sandstorm|[upkeep]
|-damage|p2a: Manin|94/100|[from] Sandstorm
|-damage|p1a: anarchy in the uk|24/100|[from] Sandstorm
|-heal|p2a: Manin|100/100|[from] item: Leftovers
|-heal|p1a: anarchy in the uk|30/100|[from] item: Leftovers
|upkeep
|turn|21
|
|t:|1727808907
|move|p2a: Manin|Fire Punch|p1a: anarchy in the uk
|-supereffective|p1a: anarchy in the uk
|-damage|p1a: anarchy in the uk|0 fnt
|faint|p1a: anarchy in the uk
|
|t:|1727808910
|switch|p1a: god save the queen|Umbreon, M|72/100
|-damage|p1a: god save the queen|47/100|[from] Spikes
|
|-weather|Sandstorm|[upkeep]
|-damage|p2a: Manin|94/100|[from] Sandstorm
|-damage|p1a: god save the queen|41/100|[from] Sandstorm
|-heal|p2a: Manin|100/100|[from] item: Leftovers
|-heal|p1a: god save the queen|47/100|[from] item: Leftovers
|upkeep
|turn|22
|
|t:|1727808914
|switch|p2a: Aerodactyl|Aerodactyl, M|100/100
|move|p1a: god save the queen|Wish|p1a: god save the queen
|
|-weather|Sandstorm|[upkeep]
|-damage|p1a: god save the queen|41/100|[from] Sandstorm
|-heal|p1a: god save the queen|47/100|[from] item: Leftovers
|upkeep
|turn|23
|
|t:|1727808921
|switch|p2a: Skarmory|Skarmory, F|83/100
|move|p1a: god save the queen|Protect||[still]
|-fail|p1a: god save the queen
|
|-heal|p1a: god save the queen|97/100|[from] move: Wish|[wisher] god save the queen
|-weather|Sandstorm|[upkeep]
|-damage|p1a: god save the queen|91/100|[from] Sandstorm
|-heal|p2a: Skarmory|89/100|[from] item: Leftovers
|-heal|p1a: god save the queen|97/100|[from] item: Leftovers
|upkeep
|turn|24
|
|t:|1727808924
|move|p1a: god save the queen|Wish|p1a: god save the queen
|move|p2a: Skarmory|Roar|p1a: god save the queen
|drag|p1a: bodies|Forretress, M, shiny|100/100
|-damage|p1a: bodies|76/100|[from] Spikes
|
|-weather|Sandstorm|[upkeep]
|-heal|p2a: Skarmory|95/100|[from] item: Leftovers
|-heal|p1a: bodies|82/100|[from] item: Leftovers
|upkeep
|turn|25
|
|t:|1727808935
|switch|p2a: Manin|Gengar, M|100/100
|move|p1a: bodies|Rapid Spin|p2a: Manin
|-immune|p2a: Manin
|
|-heal|p1a: bodies|100/100|[from] move: Wish|[wisher] god save the queen
|-weather|Sandstorm|[upkeep]
|-damage|p2a: Manin|94/100|[from] Sandstorm
|-heal|p2a: Manin|100/100|[from] item: Leftovers
|upkeep
|turn|26
|
|t:|1727808943
|switch|p2a: Aerodactyl|Aerodactyl, M|100/100
|switch|p1a: pretty vacant|Zapdos|100/100
|
|-weather|Sandstorm|[upkeep]
|-damage|p1a: pretty vacant|94/100|[from] Sandstorm
|-heal|p1a: pretty vacant|100/100|[from] item: Leftovers
|upkeep
|turn|27
|
|t:|1727808946
|move|p2a: Aerodactyl|Rock Slide|p1a: pretty vacant
|-supereffective|p1a: pretty vacant
|-damage|p1a: pretty vacant|0 fnt
|faint|p1a: pretty vacant
|
|t:|1727808948
|switch|p1a: problems|Swampert, F, shiny|100/100
|-damage|p1a: problems|76/100|[from] Spikes
|
|-weather|Sandstorm|[upkeep]
|-heal|p1a: problems|82/100|[from] item: Leftovers
|upkeep
|turn|28
|
|t:|1727808953
|switch|p2a: Skarmory|Skarmory, F|95/100
|move|p1a: problems|Ice Beam|p2a: Skarmory
|-damage|p2a: Skarmory|79/100
|
|-weather|Sandstorm|[upkeep]
|-heal|p2a: Skarmory|85/100|[from] item: Leftovers
|-heal|p1a: problems|88/100|[from] item: Leftovers
|upkeep
|turn|29
|
|t:|1727808957
|move|p1a: problems|Protect|p1a: problems
|-singleturn|p1a: problems|Protect
|move|p2a: Skarmory|Toxic|p1a: problems
|-activate|p1a: problems|Protect
|
|-weather|Sandstorm|[upkeep]
|-heal|p2a: Skarmory|91/100|[from] item: Leftovers
|-heal|p1a: problems|94/100|[from] item: Leftovers
|upkeep
|turn|30
|
|t:|1727808960
|switch|p1a: bodies|Forretress, M, shiny|100/100
|-damage|p1a: bodies|76/100|[from] Spikes
|move|p2a: Skarmory|Roar|p1a: bodies
|drag|p1a: god save the queen|Umbreon, M|97/100
|-damage|p1a: god save the queen|72/100|[from] Spikes
|
|-weather|Sandstorm|[upkeep]
|-damage|p1a: god save the queen|66/100|[from] Sandstorm
|-heal|p2a: Skarmory|97/100|[from] item: Leftovers
|-heal|p1a: god save the queen|72/100|[from] item: Leftovers
|upkeep
|turn|31
|
|t:|1727808966
|move|p2a: Skarmory|Toxic|p1a: god save the queen
|-status|p1a: god save the queen|tox
|move|p1a: god save the queen|Wish|p1a: god save the queen
|
|-weather|Sandstorm|[upkeep]
|-damage|p1a: god save the queen|66/100 tox|[from] Sandstorm
|-heal|p2a: Skarmory|100/100|[from] item: Leftovers
|-heal|p1a: god save the queen|72/100 tox|[from] item: Leftovers
|-damage|p1a: god save the queen|66/100 tox|[from] psn
|upkeep
|turn|32
|
|t:|1727808969
|move|p1a: god save the queen|Pursuit|p2a: Skarmory
|-resisted|p2a: Skarmory
|-damage|p2a: Skarmory|96/100
|move|p2a: Skarmory|Roar|p1a: god save the queen
|drag|p1a: problems|Swampert, F, shiny|94/100
|-damage|p1a: problems|69/100|[from] Spikes
|
|-heal|p1a: problems|100/100|[from] move: Wish|[wisher] god save the queen
|-weather|Sandstorm|[upkeep]
|-heal|p2a: Skarmory|100/100|[from] item: Leftovers
|upkeep
|turn|33
|
|t:|1727808973
|move|p2a: Skarmory|Toxic|p1a: problems
|-status|p1a: problems|tox
|move|p1a: problems|Ice Beam|p2a: Skarmory
|-damage|p2a: Skarmory|82/100
|
|-weather|Sandstorm|[upkeep]
|-heal|p2a: Skarmory|88/100|[from] item: Leftovers
|-damage|p1a: problems|94/100 tox|[from] psn
|upkeep
|turn|34
|
|t:|1727808976
|move|p2a: Skarmory|Protect|p2a: Skarmory
|-singleturn|p2a: Skarmory|Protect
|move|p1a: problems|Ice Beam|p2a: Skarmory
|-activate|p2a: Skarmory|Protect
|
|-weather|Sandstorm|[upkeep]
|-heal|p2a: Skarmory|94/100|[from] item: Leftovers
|-heal|p1a: problems|100/100 tox|[from] item: Leftovers
|-damage|p1a: problems|88/100 tox|[from] psn
|upkeep
|turn|35
|
|t:|1727808977
|move|p2a: Skarmory|Protect||[still]
|-fail|p2a: Skarmory
|move|p1a: problems|Ice Beam|p2a: Skarmory
|-damage|p2a: Skarmory|77/100
|
|-weather|Sandstorm|[upkeep]
|-heal|p2a: Skarmory|83/100|[from] item: Leftovers
|-heal|p1a: problems|94/100 tox|[from] item: Leftovers
|-damage|p1a: problems|76/100 tox|[from] psn
|upkeep
|turn|36
|
|t:|1727808979
|move|p2a: Skarmory|Protect|p2a: Skarmory
|-singleturn|p2a: Skarmory|Protect
|move|p1a: problems|Ice Beam|p2a: Skarmory
|-activate|p2a: Skarmory|Protect
|
|-weather|Sandstorm|[upkeep]
|-heal|p2a: Skarmory|89/100|[from] item: Leftovers
|-heal|p1a: problems|82/100 tox|[from] item: Leftovers
|-damage|p1a: problems|57/100 tox|[from] psn
|upkeep
|turn|37
|
|t:|1727808982
|move|p2a: Skarmory|Protect|p2a: Skarmory
|-singleturn|p2a: Skarmory|Protect
|move|p1a: problems|Ice Beam|p2a: Skarmory
|-activate|p2a: Skarmory|Protect
|
|-weather|Sandstorm|[upkeep]
|-heal|p2a: Skarmory|95/100|[from] item: Leftovers
|-heal|p1a: problems|63/100 tox|[from] item: Leftovers
|-damage|p1a: problems|32/100 tox|[from] psn
|upkeep
|turn|38
|
|t:|1727808985
|move|p2a: Skarmory|Protect||[still]
|-fail|p2a: Skarmory
|move|p1a: problems|Ice Beam|p2a: Skarmory
|-damage|p2a: Skarmory|76/100
|
|-weather|Sandstorm|[upkeep]
|-heal|p2a: Skarmory|82/100|[from] item: Leftovers
|-heal|p1a: problems|38/100 tox|[from] item: Leftovers
|-damage|p1a: problems|1/100 tox|[from] psn
|upkeep
|turn|39
|-message|AirPan forfeited.
|
|win|CazabichosPablo
|c|☆AirPan|gg
|c|☆CazabichosPablo|gg

</script>
<script type="application/json" class="data" id="replaydata-gen3ou-2213761993">
{"id":"gen3ou-2213761993","format":"[Gen 3] OU","players":["AirPan","CazabichosPablo"],"uploadtime":1727808994,"views":192,"formatid":"gen3ou","rating":null,"private":0,"password":null}
</script>

<script defer src="js/replays.js?9d40a366"></script>
