<!DOCTYPE html>
<meta charset="utf-8" />
<meta name="viewport" content="width=device-width" />

<title>[Gen 3] OU: Nun_IE vs. RetiredBohrier - Replays - Pok&eacute;mon Showdown!</title>

<meta name="description" content="Watch a replay of a Pok&eacute;mon battle between Nun_IE and RetiredBohrier! Format: [Gen 3] OU; Date: Oct 5, 2024" />
<!--

Hey, you! Looking in the source for the replay log?

You can find them in JSON format, just add `.json` at the end of a replay URL.

https://replay.pokemonshowdown.com/gen7randomdoublesbattle-865046831.json

Or, if you only need the log itself, add `.log` instead:

https://replay.pokemonshowdown.com/gen7randomdoublesbattle-865046831.log

-->

<link rel="stylesheet" href="//pokemonshowdown.com/style/global.css?0.023195364461161105" />
<link rel="stylesheet" href="//play.pokemonshowdown.com/style/font-awesome.css?0.13261647063804238" />
<link rel="stylesheet" href="//play.pokemonshowdown.com/style/battle.css?0.8753245789963631" />
<link rel="stylesheet" href="//play.pokemonshowdown.com/style/utilichart.css?0.8627959624976733" />

<!-- Global site tag (gtag.js) - Google Analytics -->
<script async src="https://www.googletagmanager.com/gtag/js?id=UA-26211653-1"></script>
<script>
  window.dataLayer = window.dataLayer || [];
  function gtag(){dataLayer.push(arguments);}
  gtag('js', new Date());

  gtag('config', 'UA-26211653-1');
</script>
<!-- End Google Analytics -->
<!-- Venatus Ad Manager - Install in <HEAD> of page -->
	<script src="https://hb.vntsm.com/v3/live/ad-manager.min.js" type="text/javascript" data-site-id="642aba63ec9a7b11c3c9c1be" data-mode="scan" async></script>
<!-- / Venatus Ad Manager -->

<style>
	@media (max-width:820px) {
		.battle {
			margin: 0 auto;
		}
		.battle-log {
			margin: 7px auto 0;
			max-width: 640px;
			height: 300px;
			position: static;
		}
	}
	.optgroup {
		display: inline-block;
		line-height: 22px;
		font-size: 10pt;
	}
	.optgroup .button {
		height: 25px;
		padding-top: 0;
		padding-bottom: 0;
	}
	.optgroup button.button {
		padding-left: 12px;
		padding-right: 12px;
	}
	.linklist {
		list-style: none;
		margin: 0.5em 0;
		padding: 0;
	}
	.linklist li {
		padding: 2px 0;
	}
	.sidebar {
		float: left;
		width: 320px;
	}
	.bar-wrapper {
		max-width: 1100px;
		margin: 0 auto;
	}
	.bar-wrapper.has-sidebar {
		max-width: 1430px;
	}
	.mainbar {
		margin: 0;
		padding-right: 1px;
	}
	.mainbar.has-sidebar {
		margin-left: 330px;
	}
	@media (min-width: 1511px) {
		.sidebar {
			width: 400px;
		}
		.bar-wrapper.has-sidebar {
			max-width: 1510px;
		}
		.mainbar.has-sidebar {
			margin-left: 410px;
		}
	}
	.section.first-section {
		margin-top: 9px;
	}
	.blocklink small {
		white-space: normal;
	}
	.button {
		vertical-align: middle;
	}
	.replay-controls {
		padding-top: 10px;
	}
	.replay-controls h1 {
		font-size: 16pt;
		font-weight: normal;
		color: #CCC;
	}
	.pagelink {
		text-align: center;
	}
	.pagelink a {
		width: 150px;
	}
	.textbox, .button {
		font-size: 11pt;
		vertical-align: middle;
	}
	@media (max-width: 450px) {
		.button {
			font-size: 9pt;
		}
	}
</style>

<div>

	<header>
		<div class="nav-wrapper"><ul class="nav">
			<li><a class="button nav-first" href="//pokemonshowdown.com/"><img src="//pokemonshowdown.com/images/pokemonshowdownbeta.png" srcset="//pokemonshowdown.com/images/pokemonshowdownbeta.png 1x, //pokemonshowdown.com/images/pokemonshowdownbeta@2x.png 2x" alt="Pok&eacute;mon Showdown" width="146" height="44" /> Home</a></li>
			<li><a class="button" href="//pokemonshowdown.com/dex/">Pok&eacute;dex</a></li>
			<li><a class="button cur" href="/">Replays</a></li>
			<li><a class="button" href="//pokemonshowdown.com/ladder/">Ladder</a></li>
			<li><a class="button nav-last" href="//pokemonshowdown.com/forums/">Forum</a></li>
			<li><a class="button greenbutton nav-first nav-last" href="//play.pokemonshowdown.com/">Play</a></li>
		</ul></div>
	</header>

	<div class="main" id="main">

		<noscript><section class="section">You need to enable JavaScript to use this page; sorry!</section></noscript>

	</div>

</div>

<script defer nomodule src="//play.pokemonshowdown.com/js/lib/ps-polyfill.js"></script>
<script defer src="//play.pokemonshowdown.com/js/lib/preact.min.js"></script>

<script defer src="//play.pokemonshowdown.com/config/config.js?2bddbc15"></script>
<script defer src="//play.pokemonshowdown.com/js/lib/jquery-1.11.0.min.js"></script>
<script defer src="//play.pokemonshowdown.com/js/lib/html-sanitizer-minified.js"></script>
<script defer src="//play.pokemonshowdown.com/js/battle-sound.js"></script>
<script defer src="//play.pokemonshowdown.com/js/battledata.js?0.7209276989879541"></script>
<script defer src="//play.pokemonshowdown.com/data/pokedex-mini.js?0.6111056340867951"></script>
<script defer src="//play.pokemonshowdown.com/data/pokedex-mini-bw.js?0.3532142036491459"></script>
<script defer src="//play.pokemonshowdown.com/data/graphics.js?0.24223875632456182"></script>
<script defer src="//play.pokemonshowdown.com/data/pokedex.js?0.38839984266356864"></script>
<script defer src="//play.pokemonshowdown.com/data/moves.js?0.21866028504024015"></script>
<script defer src="//play.pokemonshowdown.com/data/abilities.js?0.2005157953846628"></script>
<script defer src="//play.pokemonshowdown.com/data/items.js?0.9894211263848525"></script>
<script defer src="//play.pokemonshowdown.com/data/teambuilder-tables.js?0.6008791140282215"></script>
<script defer src="//play.pokemonshowdown.com/js/battle-tooltips.js?0.7580118955022959"></script>
<script defer src="//play.pokemonshowdown.com/js/battle.js?0.6057722274234274"></script>

<script defer src="js/utils.js?e31f9a17"></script>
<script defer src="js/replays-battle.js?7008c182"></script>

<!-- don't scrape this data! just add .json or .log after the URL!
Full API docs: https://github.com/smogon/pokemon-showdown-client/blob/master/WEB-API.md -->
<script type="text/plain" class="log" id="replaylog-smogtours-gen3ou-794876">
|inactive|Battle timer is ON: inactive players will automatically lose when time's up.
|t:|1728130660
|gametype|singles
|player|p1|Nun_IE|veteranf|
|player|p2|RetiredBohrier|101|
|teamsize|p1|6
|teamsize|p2|6
|gen|3
|tier|[Gen 3] OU
|rule|Sleep Clause Mod: Limit one foe put to sleep
|rule|Switch Priority Clause Mod: Faster Pokémon switch first
|rule|Species Clause: Limit one of each Pokémon
|rule|OHKO Clause: OHKO moves are banned
|rule|Evasion Items Clause: Evasion items are banned
|rule|Evasion Moves Clause: Evasion moves are banned
|rule|Endless Battle Clause: Forcing endless battles is banned
|rule|HP Percentage Mod: HP is shown in percentages
|rule|One Boost Passer Clause: Limit one Baton Passer that has a way to boost its stats
|rule|Freeze Clause Mod: Limit one foe frozen
|
|t:|1728130660
|start
|switch|p1a: Giants|Slaking, M|100/100
|switch|p2a: Salamence|Salamence, M|100/100
|-ability|p2a: Salamence|Intimidate|boost
|-unboost|p1a: Giants|atk|1
|turn|1
|
|t:|1728130666
|switch|p2a: Metagross|Metagross|100/100
|move|p1a: Giants|Double-Edge|p2a: Metagross
|-resisted|p2a: Metagross
|-damage|p2a: Metagross|72/100
|-damage|p1a: Giants|93/100|[from] Recoil|[of] p2a: Metagross
|
|-heal|p2a: Metagross|78/100|[from] item: Leftovers
|upkeep
|turn|2
|
|t:|1728130680
|switch|p1a: Lions|Suicune|100/100
|move|p2a: Metagross|Earthquake|p1a: Lions
|-damage|p1a: Lions|80/100
|
|-heal|p1a: Lions|86/100|[from] item: Leftovers
|-heal|p2a: Metagross|84/100|[from] item: Leftovers
|upkeep
|turn|3
|
|t:|1728130688
|switch|p2a: Blissey|Blissey, F|100/100
|move|p1a: Lions|Calm Mind|p1a: Lions
|-boost|p1a: Lions|spa|1
|-boost|p1a: Lions|spd|1
|
|-heal|p1a: Lions|93/100|[from] item: Leftovers
|upkeep
|turn|4
|
|t:|1728130694
|move|p1a: Lions|Calm Mind|p1a: Lions
|-boost|p1a: Lions|spa|1
|-boost|p1a: Lions|spd|1
|move|p2a: Blissey|Toxic|p1a: Lions
|-status|p1a: Lions|tox
|
|-heal|p1a: Lions|99/100 tox|[from] item: Leftovers
|-damage|p1a: Lions|93/100 tox|[from] psn
|upkeep
|turn|5
|
|t:|1728130703
|move|p1a: Lions|Calm Mind|p1a: Lions
|-boost|p1a: Lions|spa|1
|-boost|p1a: Lions|spd|1
|move|p2a: Blissey|Thunderbolt|p1a: Lions
|-supereffective|p1a: Lions
|-damage|p1a: Lions|78/100 tox
|
|-heal|p1a: Lions|84/100 tox|[from] item: Leftovers
|-damage|p1a: Lions|72/100 tox|[from] psn
|upkeep
|turn|6
|
|t:|1728130715
|move|p1a: Lions|Calm Mind|p1a: Lions
|-boost|p1a: Lions|spa|1
|-boost|p1a: Lions|spd|1
|move|p2a: Blissey|Thunderbolt|p1a: Lions
|-supereffective|p1a: Lions
|-damage|p1a: Lions|60/100 tox
|
|-heal|p1a: Lions|66/100 tox|[from] item: Leftovers
|-damage|p1a: Lions|47/100 tox|[from] psn
|upkeep
|turn|7
|
|t:|1728130728
|switch|p2a: Skarmory|Skarmory, F|100/100
|move|p1a: Lions|Rest|p1a: Lions
|-status|p1a: Lions|slp|[from] move: Rest
|-heal|p1a: Lions|100/100 slp|[silent]
|
|upkeep
|turn|8
|
|t:|1728130734
|cant|p1a: Lions|slp
|move|p2a: Skarmory|Roar|p1a: Lions
|drag|p1a: Kangaroos|Dugtrio, F|100/100
|
|upkeep
|turn|9
|
|t:|1728130742
|switch|p1a: Power|Magneton|100/100
|move|p2a: Skarmory|Spikes|p1a: Power
|-sidestart|p1: Nun_IE|Spikes
|
|upkeep
|turn|10
|
|t:|1728130749
|move|p1a: Power|Thunderbolt|p2a: Skarmory
|-supereffective|p2a: Skarmory
|-damage|p2a: Skarmory|10/100
|move|p2a: Skarmory|Spikes|p1a: Power
|-sidestart|p1: Nun_IE|Spikes
|
|-heal|p2a: Skarmory|16/100|[from] item: Leftovers
|upkeep
|turn|11
|
|t:|1728130756
|move|p1a: Power|Thunderbolt|p2a: Skarmory
|-supereffective|p2a: Skarmory
|-damage|p2a: Skarmory|0 fnt
|faint|p2a: Skarmory
|
|t:|1728130761
|switch|p2a: Claydol|Claydol|100/100
|
|upkeep
|turn|12
|
|t:|1728130769
|move|p1a: Power|Reflect|p1a: Power
|-sidestart|p1: Nun_IE|Reflect
|move|p2a: Claydol|Earthquake|p1a: Power
|-supereffective|p1a: Power
|-damage|p1a: Power|0 fnt
|faint|p1a: Power
|
|t:|1728130783
|switch|p1a: Bombers|Salamence, M|100/100
|-ability|p1a: Bombers|Intimidate|boost
|-unboost|p2a: Claydol|atk|1
|
|upkeep
|turn|13
|
|t:|1728130787
|switch|p2a: Salamence|Salamence, M|100/100
|-ability|p2a: Salamence|Intimidate|boost
|-unboost|p1a: Bombers|atk|1
|move|p1a: Bombers|Dragon Dance|p1a: Bombers
|-boost|p1a: Bombers|atk|1
|-boost|p1a: Bombers|spe|1
|
|upkeep
|turn|14
|
|t:|1728130795
|move|p1a: Bombers|Rock Slide|p2a: Salamence
|-supereffective|p2a: Salamence
|-damage|p2a: Salamence|25/100
|move|p2a: Salamence|Dragon Claw|p1a: Bombers
|-supereffective|p1a: Bombers
|-damage|p1a: Bombers|15/100
|
|-heal|p1a: Bombers|21/100|[from] item: Leftovers
|-heal|p2a: Salamence|31/100|[from] item: Leftovers
|upkeep
|turn|15
|
|t:|1728130814
|switch|p2a: Blissey|Blissey, F|100/100
|move|p1a: Bombers|Hidden Power|p2a: Blissey
|-damage|p2a: Blissey|59/100
|
|-heal|p1a: Bombers|27/100|[from] item: Leftovers
|-heal|p2a: Blissey|65/100|[from] item: Leftovers
|upkeep
|turn|16
|
|t:|1728130829
|switch|p1a: Giants|Slaking, M|93/100
|-damage|p1a: Giants|76/100|[from] Spikes
|move|p2a: Blissey|Ice Beam|p1a: Giants
|-damage|p1a: Giants|49/100
|
|-sideend|p1: Nun_IE|Reflect
|-heal|p2a: Blissey|71/100|[from] item: Leftovers
|upkeep
|turn|17
|
|t:|1728130842
|-singleturn|p1a: Giants|move: Focus Punch
|switch|p2a: Metagross|Metagross|84/100
|move|p1a: Giants|Focus Punch|p2a: Metagross
|-crit|p2a: Metagross
|-damage|p2a: Metagross|0 fnt
|faint|p2a: Metagross
|
|t:|1728130851
|switch|p2a: Salamence|Salamence, M|31/100
|-ability|p2a: Salamence|Intimidate|boost
|-unboost|p1a: Giants|atk|1
|
|-heal|p2a: Salamence|37/100|[from] item: Leftovers
|upkeep
|turn|18
|
|t:|1728130859
|switch|p1a: Magpies|Snorlax, M|100/100
|-damage|p1a: Magpies|84/100|[from] Spikes
|move|p2a: Salamence|Dragon Claw|p1a: Magpies
|-damage|p1a: Magpies|63/100
|
|-heal|p2a: Salamence|43/100|[from] item: Leftovers
|-heal|p1a: Magpies|69/100|[from] item: Leftovers
|upkeep
|turn|19
|
|t:|1728130876
|move|p2a: Salamence|Brick Break|p1a: Magpies
|-supereffective|p1a: Magpies
|-damage|p1a: Magpies|33/100
|move|p1a: Magpies|Body Slam|p2a: Salamence
|-damage|p2a: Salamence|0 fnt
|faint|p2a: Salamence
|
|t:|1728130879
|switch|p2a: Claydol|Claydol|100/100
|
|-heal|p1a: Magpies|39/100|[from] item: Leftovers
|upkeep
|turn|20
|
|t:|1728130885
|move|p2a: Claydol|Earthquake|p1a: Magpies
|-damage|p1a: Magpies|11/100
|move|p1a: Magpies|Self-Destruct|p2a: Claydol
|-damage|p2a: Claydol|0 fnt
|faint|p1a: Magpies
|faint|p2a: Claydol
|
|t:|1728130892
|switch|p2a: Blissey|Blissey, F|71/100
|switch|p1a: Giants|Slaking, M|49/100
|-damage|p1a: Giants|33/100|[from] Spikes
|
|-heal|p2a: Blissey|77/100|[from] item: Leftovers
|upkeep
|turn|21
|
|t:|1728130898
|move|p1a: Giants|Double-Edge|p2a: Blissey
|-damage|p2a: Blissey|0 fnt
|-damage|p1a: Giants|0 fnt|[from] Recoil|[of] p2a: Blissey
|faint|p2a: Blissey
|faint|p1a: Giants
|
|t:|1728130905
|switch|p1a: Kangaroos|Dugtrio, F|100/100
|switch|p2a: Suicune|Suicune|100/100
|-damage|p1a: Kangaroos|84/100|[from] Spikes
|
|upkeep
|turn|22
|
|t:|1728130922
|switch|p1a: Lions|Suicune|100/100 slp
|-damage|p1a: Lions|84/100 slp|[from] Spikes
|move|p2a: Suicune|Surf|p1a: Lions
|-resisted|p1a: Lions
|-damage|p1a: Lions|74/100 slp
|
|-heal|p1a: Lions|80/100 slp|[from] item: Leftovers
|upkeep
|turn|23
|
|t:|1728130929
|move|p2a: Suicune|Calm Mind|p2a: Suicune
|-boost|p2a: Suicune|spa|1
|-boost|p2a: Suicune|spd|1
|cant|p1a: Lions|slp
|
|-heal|p1a: Lions|86/100 slp|[from] item: Leftovers
|upkeep
|turn|24
|
|t:|1728130935
|move|p2a: Suicune|Calm Mind|p2a: Suicune
|-boost|p2a: Suicune|spa|1
|-boost|p2a: Suicune|spd|1
|-curestatus|p1a: Lions|slp|[msg]
|move|p1a: Lions|Calm Mind|p1a: Lions
|-boost|p1a: Lions|spa|1
|-boost|p1a: Lions|spd|1
|
|-heal|p1a: Lions|93/100|[from] item: Leftovers
|upkeep
|turn|25
|
|t:|1728130944
|move|p2a: Suicune|Surf|p1a: Lions
|-resisted|p1a: Lions
|-damage|p1a: Lions|76/100
|move|p1a: Lions|Calm Mind|p1a: Lions
|-boost|p1a: Lions|spa|1
|-boost|p1a: Lions|spd|1
|
|-heal|p1a: Lions|83/100|[from] item: Leftovers
|upkeep
|turn|26
|
|t:|1728130952
|move|p2a: Suicune|Calm Mind|p2a: Suicune
|-boost|p2a: Suicune|spa|1
|-boost|p2a: Suicune|spd|1
|move|p1a: Lions|Calm Mind|p1a: Lions
|-boost|p1a: Lions|spa|1
|-boost|p1a: Lions|spd|1
|
|-heal|p1a: Lions|89/100|[from] item: Leftovers
|upkeep
|turn|27
|
|t:|1728130959
|move|p2a: Suicune|Calm Mind|p2a: Suicune
|-boost|p2a: Suicune|spa|1
|-boost|p2a: Suicune|spd|1
|move|p1a: Lions|Calm Mind|p1a: Lions
|-boost|p1a: Lions|spa|1
|-boost|p1a: Lions|spd|1
|
|-heal|p1a: Lions|95/100|[from] item: Leftovers
|upkeep
|turn|28
|
|t:|1728130968
|move|p2a: Suicune|Calm Mind|p2a: Suicune
|-boost|p2a: Suicune|spa|1
|-boost|p2a: Suicune|spd|1
|move|p1a: Lions|Calm Mind|p1a: Lions
|-boost|p1a: Lions|spa|1
|-boost|p1a: Lions|spd|1
|
|-heal|p1a: Lions|100/100|[from] item: Leftovers
|upkeep
|turn|29
|
|t:|1728130976
|move|p2a: Suicune|Calm Mind|p2a: Suicune
|-boost|p2a: Suicune|spa|1
|-boost|p2a: Suicune|spd|1
|move|p1a: Lions|Surf|p2a: Suicune
|-resisted|p2a: Suicune
|-damage|p2a: Suicune|90/100
|
|-heal|p2a: Suicune|97/100|[from] item: Leftovers
|upkeep
|turn|30
|
|t:|1728130983
|move|p2a: Suicune|Rest|p2a: Suicune
|-status|p2a: Suicune|slp|[from] move: Rest
|-heal|p2a: Suicune|100/100 slp|[silent]
|move|p1a: Lions|Surf|p2a: Suicune
|-resisted|p2a: Suicune
|-damage|p2a: Suicune|91/100 slp
|
|-heal|p2a: Suicune|97/100 slp|[from] item: Leftovers
|upkeep
|turn|31
|
|t:|1728130991
|cant|p2a: Suicune|slp
|move|p1a: Lions|Calm Mind|p1a: Lions
|-boost|p1a: Lions|spa|1
|-boost|p1a: Lions|spd|1
|
|-heal|p2a: Suicune|100/100 slp|[from] item: Leftovers
|upkeep
|turn|32
|
|t:|1728130997
|cant|p2a: Suicune|slp
|move|p1a: Lions|Surf|p2a: Suicune
|-resisted|p2a: Suicune
|-damage|p2a: Suicune|90/100 slp
|
|-heal|p2a: Suicune|96/100 slp|[from] item: Leftovers
|upkeep
|turn|33
|
|t:|1728131010
|-curestatus|p2a: Suicune|slp|[msg]
|move|p2a: Suicune|Calm Mind|p2a: Suicune
|-boost|p2a: Suicune|spa|0
|-boost|p2a: Suicune|spd|0
|move|p1a: Lions|Roar||[still]
|-fail|p1a: Lions
|
|-heal|p2a: Suicune|100/100|[from] item: Leftovers
|upkeep
|turn|34
|
|t:|1728131017
|move|p2a: Suicune|Calm Mind|p2a: Suicune
|-boost|p2a: Suicune|spa|0
|-boost|p2a: Suicune|spd|0
|move|p1a: Lions|Roar||[still]
|-fail|p1a: Lions
|
|upkeep
|turn|35
|
|t:|1728131023
|move|p2a: Suicune|Calm Mind|p2a: Suicune
|-boost|p2a: Suicune|spa|0
|-boost|p2a: Suicune|spd|0
|move|p1a: Lions|Roar||[still]
|-fail|p1a: Lions
|
|upkeep
|turn|36
|
|t:|1728131028
|move|p2a: Suicune|Calm Mind|p2a: Suicune
|-boost|p2a: Suicune|spa|0
|-boost|p2a: Suicune|spd|0
|move|p1a: Lions|Roar||[still]
|-fail|p1a: Lions
|
|upkeep
|turn|37
|
|t:|1728131034
|move|p2a: Suicune|Calm Mind|p2a: Suicune
|-boost|p2a: Suicune|spa|0
|-boost|p2a: Suicune|spd|0
|move|p1a: Lions|Roar||[still]
|-fail|p1a: Lions
|
|upkeep
|turn|38
|
|t:|1728131039
|move|p2a: Suicune|Calm Mind|p2a: Suicune
|-boost|p2a: Suicune|spa|0
|-boost|p2a: Suicune|spd|0
|move|p1a: Lions|Roar||[still]
|-fail|p1a: Lions
|
|upkeep
|turn|39
|
|t:|1728131044
|move|p2a: Suicune|Calm Mind|p2a: Suicune
|-boost|p2a: Suicune|spa|0
|-boost|p2a: Suicune|spd|0
|move|p1a: Lions|Roar||[still]
|-fail|p1a: Lions
|
|upkeep
|turn|40
|
|t:|1728131049
|move|p2a: Suicune|Calm Mind|p2a: Suicune
|-boost|p2a: Suicune|spa|0
|-boost|p2a: Suicune|spd|0
|move|p1a: Lions|Roar||[still]
|-fail|p1a: Lions
|
|upkeep
|turn|41
|
|t:|1728131054
|move|p2a: Suicune|Calm Mind|p2a: Suicune
|-boost|p2a: Suicune|spa|0
|-boost|p2a: Suicune|spd|0
|move|p1a: Lions|Roar||[still]
|-fail|p1a: Lions
|
|upkeep
|turn|42
|
|t:|1728131059
|move|p2a: Suicune|Calm Mind|p2a: Suicune
|-boost|p2a: Suicune|spa|0
|-boost|p2a: Suicune|spd|0
|move|p1a: Lions|Roar||[still]
|-fail|p1a: Lions
|
|upkeep
|turn|43
|
|t:|1728131065
|move|p2a: Suicune|Calm Mind|p2a: Suicune
|-boost|p2a: Suicune|spa|0
|-boost|p2a: Suicune|spd|0
|move|p1a: Lions|Roar||[still]
|-fail|p1a: Lions
|
|upkeep
|turn|44
|
|t:|1728131070
|move|p2a: Suicune|Calm Mind|p2a: Suicune
|-boost|p2a: Suicune|spa|0
|-boost|p2a: Suicune|spd|0
|move|p1a: Lions|Roar||[still]
|-fail|p1a: Lions
|
|upkeep
|turn|45
|
|t:|1728131075
|move|p2a: Suicune|Calm Mind|p2a: Suicune
|-boost|p2a: Suicune|spa|0
|-boost|p2a: Suicune|spd|0
|move|p1a: Lions|Roar||[still]
|-fail|p1a: Lions
|
|upkeep
|turn|46
|
|t:|1728131083
|move|p2a: Suicune|Calm Mind|p2a: Suicune
|-boost|p2a: Suicune|spa|0
|-boost|p2a: Suicune|spd|0
|move|p1a: Lions|Roar||[still]
|-fail|p1a: Lions
|
|upkeep
|turn|47
|
|t:|1728131088
|move|p2a: Suicune|Calm Mind|p2a: Suicune
|-boost|p2a: Suicune|spa|0
|-boost|p2a: Suicune|spd|0
|move|p1a: Lions|Roar||[still]
|-fail|p1a: Lions
|
|upkeep
|turn|48
|
|t:|1728131093
|move|p2a: Suicune|Calm Mind|p2a: Suicune
|-boost|p2a: Suicune|spa|0
|-boost|p2a: Suicune|spd|0
|move|p1a: Lions|Roar||[still]
|-fail|p1a: Lions
|
|upkeep
|turn|49
|
|t:|1728131099
|move|p2a: Suicune|Calm Mind|p2a: Suicune
|-boost|p2a: Suicune|spa|0
|-boost|p2a: Suicune|spd|0
|move|p1a: Lions|Calm Mind|p1a: Lions
|-boost|p1a: Lions|spa|0
|-boost|p1a: Lions|spd|0
|
|upkeep
|turn|50
|
|t:|1728131104
|move|p2a: Suicune|Calm Mind|p2a: Suicune
|-boost|p2a: Suicune|spa|0
|-boost|p2a: Suicune|spd|0
|move|p1a: Lions|Calm Mind|p1a: Lions
|-boost|p1a: Lions|spa|0
|-boost|p1a: Lions|spd|0
|
|upkeep
|turn|51
|
|t:|1728131110
|move|p2a: Suicune|Calm Mind|p2a: Suicune
|-boost|p2a: Suicune|spa|0
|-boost|p2a: Suicune|spd|0
|move|p1a: Lions|Calm Mind|p1a: Lions
|-boost|p1a: Lions|spa|0
|-boost|p1a: Lions|spd|0
|
|upkeep
|turn|52
|
|t:|1728131124
|move|p2a: Suicune|Calm Mind|p2a: Suicune
|-boost|p2a: Suicune|spa|0
|-boost|p2a: Suicune|spd|0
|move|p1a: Lions|Calm Mind|p1a: Lions
|-boost|p1a: Lions|spa|0
|-boost|p1a: Lions|spd|0
|
|upkeep
|turn|53
|
|t:|1728131131
|move|p2a: Suicune|Calm Mind|p2a: Suicune
|-boost|p2a: Suicune|spa|0
|-boost|p2a: Suicune|spd|0
|move|p1a: Lions|Calm Mind|p1a: Lions
|-boost|p1a: Lions|spa|0
|-boost|p1a: Lions|spd|0
|
|upkeep
|turn|54
|
|t:|1728131137
|move|p2a: Suicune|Calm Mind|p2a: Suicune
|-boost|p2a: Suicune|spa|0
|-boost|p2a: Suicune|spd|0
|move|p1a: Lions|Calm Mind|p1a: Lions
|-boost|p1a: Lions|spa|0
|-boost|p1a: Lions|spd|0
|
|upkeep
|turn|55
|
|t:|1728131143
|move|p2a: Suicune|Calm Mind|p2a: Suicune
|-boost|p2a: Suicune|spa|0
|-boost|p2a: Suicune|spd|0
|move|p1a: Lions|Calm Mind|p1a: Lions
|-boost|p1a: Lions|spa|0
|-boost|p1a: Lions|spd|0
|
|upkeep
|turn|56
|
|t:|1728131149
|move|p2a: Suicune|Calm Mind|p2a: Suicune
|-boost|p2a: Suicune|spa|0
|-boost|p2a: Suicune|spd|0
|move|p1a: Lions|Calm Mind|p1a: Lions
|-boost|p1a: Lions|spa|0
|-boost|p1a: Lions|spd|0
|
|upkeep
|turn|57
|
|t:|1728131155
|move|p2a: Suicune|Calm Mind|p2a: Suicune
|-boost|p2a: Suicune|spa|0
|-boost|p2a: Suicune|spd|0
|move|p1a: Lions|Calm Mind|p1a: Lions
|-boost|p1a: Lions|spa|0
|-boost|p1a: Lions|spd|0
|
|upkeep
|turn|58
|
|t:|1728131160
|move|p2a: Suicune|Calm Mind|p2a: Suicune
|-boost|p2a: Suicune|spa|0
|-boost|p2a: Suicune|spd|0
|move|p1a: Lions|Calm Mind|p1a: Lions
|-boost|p1a: Lions|spa|0
|-boost|p1a: Lions|spd|0
|
|upkeep
|turn|59
|
|t:|1728131166
|move|p2a: Suicune|Sleep Talk|p2a: Suicune
|move|p1a: Lions|Calm Mind|p1a: Lions
|-boost|p1a: Lions|spa|0
|-boost|p1a: Lions|spd|0
|
|upkeep
|turn|60
|
|t:|1728131170
|move|p2a: Suicune|Sleep Talk|p2a: Suicune
|move|p1a: Lions|Calm Mind|p1a: Lions
|-boost|p1a: Lions|spa|0
|-boost|p1a: Lions|spd|0
|
|upkeep
|turn|61
|
|t:|1728131174
|move|p2a: Suicune|Sleep Talk|p2a: Suicune
|move|p1a: Lions|Calm Mind|p1a: Lions
|-boost|p1a: Lions|spa|0
|-boost|p1a: Lions|spd|0
|
|upkeep
|turn|62
|
|t:|1728131178
|move|p2a: Suicune|Sleep Talk|p2a: Suicune
|move|p1a: Lions|Calm Mind|p1a: Lions
|-boost|p1a: Lions|spa|0
|-boost|p1a: Lions|spd|0
|
|upkeep
|turn|63
|
|t:|1728131182
|move|p2a: Suicune|Sleep Talk|p2a: Suicune
|move|p1a: Lions|Calm Mind|p1a: Lions
|-boost|p1a: Lions|spa|0
|-boost|p1a: Lions|spd|0
|
|upkeep
|turn|64
|
|t:|1728131186
|move|p2a: Suicune|Sleep Talk|p2a: Suicune
|move|p1a: Lions|Calm Mind|p1a: Lions
|-boost|p1a: Lions|spa|0
|-boost|p1a: Lions|spd|0
|
|upkeep
|turn|65
|
|t:|1728131190
|move|p2a: Suicune|Sleep Talk|p2a: Suicune
|move|p1a: Lions|Calm Mind|p1a: Lions
|-boost|p1a: Lions|spa|0
|-boost|p1a: Lions|spd|0
|
|upkeep
|turn|66
|
|t:|1728131195
|move|p2a: Suicune|Sleep Talk|p2a: Suicune
|move|p1a: Lions|Calm Mind|p1a: Lions
|-boost|p1a: Lions|spa|0
|-boost|p1a: Lions|spd|0
|
|upkeep
|turn|67
|
|t:|1728131199
|move|p2a: Suicune|Sleep Talk|p2a: Suicune
|move|p1a: Lions|Calm Mind|p1a: Lions
|-boost|p1a: Lions|spa|0
|-boost|p1a: Lions|spd|0
|
|upkeep
|turn|68
|
|t:|1728131203
|move|p2a: Suicune|Sleep Talk|p2a: Suicune
|move|p1a: Lions|Calm Mind|p1a: Lions
|-boost|p1a: Lions|spa|0
|-boost|p1a: Lions|spd|0
|
|upkeep
|turn|69
|
|t:|1728131207
|move|p2a: Suicune|Sleep Talk|p2a: Suicune
|move|p1a: Lions|Calm Mind|p1a: Lions
|-boost|p1a: Lions|spa|0
|-boost|p1a: Lions|spd|0
|
|upkeep
|turn|70
|
|t:|1728131211
|move|p2a: Suicune|Sleep Talk|p2a: Suicune
|move|p1a: Lions|Calm Mind|p1a: Lions
|-boost|p1a: Lions|spa|0
|-boost|p1a: Lions|spd|0
|
|upkeep
|turn|71
|
|t:|1728131217
|move|p2a: Suicune|Sleep Talk|p2a: Suicune
|move|p1a: Lions|Surf|p2a: Suicune
|-resisted|p2a: Suicune
|-damage|p2a: Suicune|89/100
|
|-heal|p2a: Suicune|95/100|[from] item: Leftovers
|upkeep
|turn|72
|
|t:|1728131223
|move|p2a: Suicune|Rest|p2a: Suicune
|-status|p2a: Suicune|slp|[from] move: Rest
|-heal|p2a: Suicune|100/100 slp|[silent]
|move|p1a: Lions|Surf|p2a: Suicune
|-resisted|p2a: Suicune
|-damage|p2a: Suicune|89/100 slp
|
|-heal|p2a: Suicune|95/100 slp|[from] item: Leftovers
|upkeep
|turn|73
|
|t:|1728131231
|cant|p2a: Suicune|slp
|move|p2a: Suicune|Sleep Talk|p2a: Suicune
|move|p2a: Suicune|Surf|p1a: Lions|[from]Sleep Talk
|-resisted|p1a: Lions
|-damage|p1a: Lions|90/100
|move|p1a: Lions|Surf|p2a: Suicune
|-resisted|p2a: Suicune
|-damage|p2a: Suicune|83/100 slp
|
|-heal|p2a: Suicune|90/100 slp|[from] item: Leftovers
|-heal|p1a: Lions|96/100|[from] item: Leftovers
|upkeep
|turn|74
|
|t:|1728131241
|cant|p2a: Suicune|slp
|move|p2a: Suicune|Sleep Talk|p2a: Suicune
|move|p2a: Suicune|Rest|p2a: Suicune|[from]Sleep Talk
|move|p1a: Lions|Rest|p1a: Lions
|-status|p1a: Lions|slp|[from] move: Rest
|-heal|p1a: Lions|100/100 slp|[silent]
|
|-heal|p2a: Suicune|96/100 slp|[from] item: Leftovers
|upkeep
|turn|75
|
|t:|1728131252
|-curestatus|p2a: Suicune|slp|[msg]
|move|p2a: Suicune|Surf|p1a: Lions
|-resisted|p1a: Lions
|-damage|p1a: Lions|90/100 slp
|cant|p1a: Lions|slp
|
|-heal|p2a: Suicune|100/100|[from] item: Leftovers
|-heal|p1a: Lions|96/100 slp|[from] item: Leftovers
|upkeep
|turn|76
|
|t:|1728131261
|move|p2a: Suicune|Rest|p2a: Suicune
|-fail|p2a: Suicune|heal
|cant|p1a: Lions|slp
|
|-heal|p1a: Lions|100/100 slp|[from] item: Leftovers
|upkeep
|turn|77
|
|t:|1728131269
|move|p2a: Suicune|Sleep Talk|p2a: Suicune
|-curestatus|p1a: Lions|slp|[msg]
|move|p1a: Lions|Rest|p1a: Lions
|-fail|p1a: Lions|heal
|
|upkeep
|turn|78
|
|t:|1728131277
|move|p2a: Suicune|Rest|p2a: Suicune
|-fail|p2a: Suicune|heal
|move|p1a: Lions|Rest|p1a: Lions
|-fail|p1a: Lions|heal
|
|upkeep
|turn|79
|
|t:|1728131284
|move|p2a: Suicune|Rest|p2a: Suicune
|-fail|p2a: Suicune|heal
|move|p1a: Lions|Rest|p1a: Lions
|-fail|p1a: Lions|heal
|
|upkeep
|turn|80
|
|t:|1728131289
|move|p2a: Suicune|Rest|p2a: Suicune
|-fail|p2a: Suicune|heal
|move|p1a: Lions|Rest|p1a: Lions
|-fail|p1a: Lions|heal
|
|upkeep
|turn|81
|
|t:|1728131295
|move|p2a: Suicune|Rest|p2a: Suicune
|-fail|p2a: Suicune|heal
|move|p1a: Lions|Rest|p1a: Lions
|-fail|p1a: Lions|heal
|
|upkeep
|turn|82
|
|t:|1728131300
|move|p2a: Suicune|Rest|p2a: Suicune
|-fail|p2a: Suicune|heal
|move|p1a: Lions|Rest|p1a: Lions
|-fail|p1a: Lions|heal
|
|upkeep
|turn|83
|
|t:|1728131305
|move|p2a: Suicune|Rest|p2a: Suicune
|-fail|p2a: Suicune|heal
|move|p1a: Lions|Rest|p1a: Lions
|-fail|p1a: Lions|heal
|
|upkeep
|turn|84
|
|t:|1728131311
|move|p2a: Suicune|Rest|p2a: Suicune
|-fail|p2a: Suicune|heal
|move|p1a: Lions|Rest|p1a: Lions
|-fail|p1a: Lions|heal
|
|upkeep
|turn|85
|
|t:|1728131317
|move|p2a: Suicune|Rest|p2a: Suicune
|-fail|p2a: Suicune|heal
|move|p1a: Lions|Rest|p1a: Lions
|-fail|p1a: Lions|heal
|
|upkeep
|turn|86
|
|t:|1728131322
|move|p2a: Suicune|Rest|p2a: Suicune
|-fail|p2a: Suicune|heal
|move|p1a: Lions|Rest|p1a: Lions
|-fail|p1a: Lions|heal
|
|upkeep
|turn|87
|
|t:|1728131327
|move|p2a: Suicune|Rest|p2a: Suicune
|-fail|p2a: Suicune|heal
|move|p1a: Lions|Rest|p1a: Lions
|-fail|p1a: Lions|heal
|
|upkeep
|turn|88
|
|t:|1728131333
|move|p2a: Suicune|Rest|p2a: Suicune
|-fail|p2a: Suicune|heal
|move|p1a: Lions|Rest|p1a: Lions
|-fail|p1a: Lions|heal
|
|upkeep
|turn|89
|
|t:|1728131338
|move|p2a: Suicune|Rest|p2a: Suicune
|-fail|p2a: Suicune|heal
|move|p1a: Lions|Rest|p1a: Lions
|-fail|p1a: Lions|heal
|
|upkeep
|turn|90
|
|t:|1728131343
|move|p2a: Suicune|Rest|p2a: Suicune
|-fail|p2a: Suicune|heal
|move|p1a: Lions|Surf|p2a: Suicune
|-resisted|p2a: Suicune
|-damage|p2a: Suicune|90/100
|
|-heal|p2a: Suicune|96/100|[from] item: Leftovers
|upkeep
|turn|91
|
|t:|1728131351
|move|p2a: Suicune|Surf|p1a: Lions
|-resisted|p1a: Lions
|-damage|p1a: Lions|89/100
|move|p1a: Lions|Surf|p2a: Suicune
|-resisted|p2a: Suicune
|-damage|p2a: Suicune|85/100
|
|-heal|p2a: Suicune|91/100|[from] item: Leftovers
|-heal|p1a: Lions|95/100|[from] item: Leftovers
|upkeep
|turn|92
|
|t:|1728131359
|move|p2a: Suicune|Surf|p1a: Lions
|-resisted|p1a: Lions
|-damage|p1a: Lions|84/100
|move|p1a: Lions|Surf|p2a: Suicune
|-resisted|p2a: Suicune
|-damage|p2a: Suicune|81/100
|
|-heal|p2a: Suicune|87/100|[from] item: Leftovers
|-heal|p1a: Lions|90/100|[from] item: Leftovers
|upkeep
|turn|93
|
|t:|1728131367
|move|p2a: Suicune|Surf|p1a: Lions
|-resisted|p1a: Lions
|-damage|p1a: Lions|78/100
|move|p1a: Lions|Surf|p2a: Suicune
|-resisted|p2a: Suicune
|-damage|p2a: Suicune|75/100
|
|-heal|p2a: Suicune|82/100|[from] item: Leftovers
|-heal|p1a: Lions|84/100|[from] item: Leftovers
|upkeep
|turn|94
|
|t:|1728131375
|move|p2a: Suicune|Surf|p1a: Lions
|-resisted|p1a: Lions
|-damage|p1a: Lions|73/100
|move|p1a: Lions|Surf|p2a: Suicune
|-resisted|p2a: Suicune
|-damage|p2a: Suicune|71/100
|
|-heal|p2a: Suicune|77/100|[from] item: Leftovers
|-heal|p1a: Lions|80/100|[from] item: Leftovers
|upkeep
|turn|95
|
|t:|1728131384
|move|p2a: Suicune|Surf|p1a: Lions
|-resisted|p1a: Lions
|-damage|p1a: Lions|69/100
|move|p1a: Lions|Surf|p2a: Suicune
|-resisted|p2a: Suicune
|-damage|p2a: Suicune|65/100
|
|-heal|p2a: Suicune|72/100|[from] item: Leftovers
|-heal|p1a: Lions|75/100|[from] item: Leftovers
|upkeep
|turn|96
|
|t:|1728131392
|move|p2a: Suicune|Surf|p1a: Lions
|-resisted|p1a: Lions
|-damage|p1a: Lions|64/100
|move|p1a: Lions|Rest|p1a: Lions
|-status|p1a: Lions|slp|[from] move: Rest
|-heal|p1a: Lions|100/100 slp|[silent]
|
|-heal|p2a: Suicune|78/100|[from] item: Leftovers
|upkeep
|turn|97
|
|t:|1728131401
|move|p2a: Suicune|Surf|p1a: Lions
|-resisted|p1a: Lions
|-damage|p1a: Lions|89/100 slp
|cant|p1a: Lions|slp
|
|-heal|p2a: Suicune|84/100|[from] item: Leftovers
|-heal|p1a: Lions|95/100 slp|[from] item: Leftovers
|upkeep
|turn|98
|
|t:|1728131409
|move|p2a: Suicune|Surf|p1a: Lions
|-resisted|p1a: Lions
|-damage|p1a: Lions|83/100 slp
|cant|p1a: Lions|slp
|
|-heal|p2a: Suicune|90/100|[from] item: Leftovers
|-heal|p1a: Lions|90/100 slp|[from] item: Leftovers
|upkeep
|turn|99
|c|☆RetiredBohrier|Honestly
|c|☆RetiredBohrier|Good cune mirror plays
|
|t:|1728131422
|move|p2a: Suicune|Surf|p1a: Lions
|-resisted|p1a: Lions
|-damage|p1a: Lions|78/100 slp
|-curestatus|p1a: Lions|slp|[msg]
|move|p1a: Lions|Struggle|p2a: Suicune
|-damage|p2a: Suicune|86/100
|-damage|p1a: Lions|77/100|[from] Recoil|[of] p2a: Suicune
|
|-heal|p2a: Suicune|92/100|[from] item: Leftovers
|-heal|p1a: Lions|84/100|[from] item: Leftovers
|upkeep
|turn|100
|c|☆RetiredBohrier|Gg
|
|t:|1728131433
|move|p2a: Suicune|Struggle|p1a: Lions
|-damage|p1a: Lions|79/100
|-damage|p2a: Suicune|91/100|[from] Recoil|[of] p1a: Lions
|move|p1a: Lions|Struggle|p2a: Suicune
|-damage|p2a: Suicune|87/100
|-damage|p1a: Lions|78/100|[from] Recoil|[of] p2a: Suicune
|
|-heal|p2a: Suicune|94/100|[from] item: Leftovers
|-heal|p1a: Lions|85/100|[from] item: Leftovers
|upkeep
|turn|101
|c|☆Nun_IE|gg
|
|t:|1728131446
|switch|p1a: Bombers|Salamence, M|27/100
|-ability|p1a: Bombers|Intimidate|boost
|-unboost|p2a: Suicune|atk|1
|move|p2a: Suicune|Struggle|p1a: Bombers
|-damage|p1a: Bombers|22/100
|-damage|p2a: Suicune|93/100|[from] Recoil|[of] p1a: Bombers
|
|-heal|p1a: Bombers|28/100|[from] item: Leftovers
|-heal|p2a: Suicune|99/100|[from] item: Leftovers
|upkeep
|turn|102
|
|t:|1728131456
|move|p1a: Bombers|Dragon Dance|p1a: Bombers
|-boost|p1a: Bombers|atk|1
|-boost|p1a: Bombers|spe|1
|move|p2a: Suicune|Struggle|p1a: Bombers
|-damage|p1a: Bombers|22/100
|-damage|p2a: Suicune|98/100|[from] Recoil|[of] p1a: Bombers
|
|-heal|p1a: Bombers|28/100|[from] item: Leftovers
|-heal|p2a: Suicune|100/100|[from] item: Leftovers
|upkeep
|turn|103
|-message|RetiredBohrier forfeited.
|
|win|Nun_IE
|c|☆Nun_IE|got the replay
|player|p1|
|player|p2|
|player|p1|Nun_IE|veteranf|

</script>
<script type="application/json" class="data" id="replaydata-smogtours-gen3ou-794876">
{"id":"smogtours-gen3ou-794876","format":"[Gen 3] OU","players":["Nun_IE","RetiredBohrier"],"uploadtime":1728131463,"views":101,"formatid":"gen3ou","rating":null,"private":0,"password":null}
</script>

<script defer src="js/replays.js?9d40a366"></script>
