<!DOCTYPE html>
<meta charset="utf-8" />
<meta name="viewport" content="width=device-width" />

<title>[Gen 3] OU: WraxiusGaming vs. B.B.H00D - Replays - Pok&eacute;mon Showdown!</title>

<meta name="description" content="Watch a replay of a Pok&eacute;mon battle between WraxiusGaming and B.B.H00D! Format: [Gen 3] OU; Date: Oct 27, 2024" />
<!--

Hey, you! Looking in the source for the replay log?

You can find them in JSON format, just add `.json` at the end of a replay URL.

https://replay.pokemonshowdown.com/gen7randomdoublesbattle-865046831.json

Or, if you only need the log itself, add `.log` instead:

https://replay.pokemonshowdown.com/gen7randomdoublesbattle-865046831.log

-->

<link rel="stylesheet" href="//pokemonshowdown.com/style/global.css?0.023195364461161105" />
<link rel="stylesheet" href="//play.pokemonshowdown.com/style/font-awesome.css?0.13261647063804238" />
<link rel="stylesheet" href="//play.pokemonshowdown.com/style/battle.css?0.8753245789963631" />
<link rel="stylesheet" href="//play.pokemonshowdown.com/style/utilichart.css?0.8627959624976733" />

<!-- Global site tag (gtag.js) - Google Analytics -->
<script async src="https://www.googletagmanager.com/gtag/js?id=UA-26211653-1"></script>
<script>
  window.dataLayer = window.dataLayer || [];
  function gtag(){dataLayer.push(arguments);}
  gtag('js', new Date());

  gtag('config', 'UA-26211653-1');
</script>
<!-- End Google Analytics -->
<!-- Venatus Ad Manager - Install in <HEAD> of page -->
	<script src="https://hb.vntsm.com/v3/live/ad-manager.min.js" type="text/javascript" data-site-id="642aba63ec9a7b11c3c9c1be" data-mode="scan" async></script>
<!-- / Venatus Ad Manager -->

<style>
	@media (max-width:820px) {
		.battle {
			margin: 0 auto;
		}
		.battle-log {
			margin: 7px auto 0;
			max-width: 640px;
			height: 300px;
			position: static;
		}
	}
	.optgroup {
		display: inline-block;
		line-height: 22px;
		font-size: 10pt;
	}
	.optgroup .button {
		height: 25px;
		padding-top: 0;
		padding-bottom: 0;
	}
	.optgroup button.button {
		padding-left: 12px;
		padding-right: 12px;
	}
	.linklist {
		list-style: none;
		margin: 0.5em 0;
		padding: 0;
	}
	.linklist li {
		padding: 2px 0;
	}
	.sidebar {
		float: left;
		width: 320px;
	}
	.bar-wrapper {
		max-width: 1100px;
		margin: 0 auto;
	}
	.bar-wrapper.has-sidebar {
		max-width: 1430px;
	}
	.mainbar {
		margin: 0;
		padding-right: 1px;
	}
	.mainbar.has-sidebar {
		margin-left: 330px;
	}
	@media (min-width: 1511px) {
		.sidebar {
			width: 400px;
		}
		.bar-wrapper.has-sidebar {
			max-width: 1510px;
		}
		.mainbar.has-sidebar {
			margin-left: 410px;
		}
	}
	.section.first-section {
		margin-top: 9px;
	}
	.blocklink small {
		white-space: normal;
	}
	.button {
		vertical-align: middle;
	}
	.replay-controls {
		padding-top: 10px;
	}
	.replay-controls h1 {
		font-size: 16pt;
		font-weight: normal;
		color: #CCC;
	}
	.pagelink {
		text-align: center;
	}
	.pagelink a {
		width: 150px;
	}
	.textbox, .button {
		font-size: 11pt;
		vertical-align: middle;
	}
	@media (max-width: 450px) {
		.button {
			font-size: 9pt;
		}
	}
</style>

<div>

	<header>
		<div class="nav-wrapper"><ul class="nav">
			<li><a class="button nav-first" href="//pokemonshowdown.com/"><img src="//pokemonshowdown.com/images/pokemonshowdownbeta.png" srcset="//pokemonshowdown.com/images/pokemonshowdownbeta.png 1x, //pokemonshowdown.com/images/pokemonshowdownbeta@2x.png 2x" alt="Pok&eacute;mon Showdown" width="146" height="44" /> Home</a></li>
			<li><a class="button" href="//pokemonshowdown.com/dex/">Pok&eacute;dex</a></li>
			<li><a class="button cur" href="/">Replays</a></li>
			<li><a class="button" href="//pokemonshowdown.com/ladder/">Ladder</a></li>
			<li><a class="button nav-last" href="//pokemonshowdown.com/forums/">Forum</a></li>
			<li><a class="button greenbutton nav-first nav-last" href="//play.pokemonshowdown.com/">Play</a></li>
		</ul></div>
	</header>

	<div class="main" id="main">

		<noscript><section class="section">You need to enable JavaScript to use this page; sorry!</section></noscript>

	</div>

</div>

<script defer nomodule src="//play.pokemonshowdown.com/js/lib/ps-polyfill.js"></script>
<script defer src="//play.pokemonshowdown.com/js/lib/preact.min.js"></script>

<script defer src="//play.pokemonshowdown.com/config/config.js?2bddbc15"></script>
<script defer src="//play.pokemonshowdown.com/js/lib/jquery-1.11.0.min.js"></script>
<script defer src="//play.pokemonshowdown.com/js/lib/html-sanitizer-minified.js"></script>
<script defer src="//play.pokemonshowdown.com/js/battle-sound.js"></script>
<script defer src="//play.pokemonshowdown.com/js/battledata.js?0.7209276989879541"></script>
<script defer src="//play.pokemonshowdown.com/data/pokedex-mini.js?0.6111056340867951"></script>
<script defer src="//play.pokemonshowdown.com/data/pokedex-mini-bw.js?0.3532142036491459"></script>
<script defer src="//play.pokemonshowdown.com/data/graphics.js?0.24223875632456182"></script>
<script defer src="//play.pokemonshowdown.com/data/pokedex.js?0.38839984266356864"></script>
<script defer src="//play.pokemonshowdown.com/data/moves.js?0.21866028504024015"></script>
<script defer src="//play.pokemonshowdown.com/data/abilities.js?0.2005157953846628"></script>
<script defer src="//play.pokemonshowdown.com/data/items.js?0.9894211263848525"></script>
<script defer src="//play.pokemonshowdown.com/data/teambuilder-tables.js?0.6008791140282215"></script>
<script defer src="//play.pokemonshowdown.com/js/battle-tooltips.js?0.7580118955022959"></script>
<script defer src="//play.pokemonshowdown.com/js/battle.js?0.6057722274234274"></script>

<script defer src="js/utils.js?e31f9a17"></script>
<script defer src="js/replays-battle.js?7008c182"></script>

<!-- don't scrape this data! just add .json or .log after the URL!
Full API docs: https://github.com/smogon/pokemon-showdown-client/blob/master/WEB-API.md -->
<script type="text/plain" class="log" id="replaylog-smogtours-gen3ou-802656">
|inactive|Battle timer is ON: inactive players will automatically lose when time's up.
|t:|1730056915
|gametype|singles
|player|p1|WraxiusGaming|marley|
|player|p2|B.B.H00D|anabel|
|teamsize|p1|6
|teamsize|p2|6
|gen|3
|tier|[Gen 3] OU
|rule|Sleep Clause Mod: Limit one foe put to sleep
|rule|Switch Priority Clause Mod: Faster Pokémon switch first
|rule|Species Clause: Limit one of each Pokémon
|rule|OHKO Clause: OHKO moves are banned
|rule|Evasion Items Clause: Evasion items are banned
|rule|Evasion Moves Clause: Evasion moves are banned
|rule|Endless Battle Clause: Forcing endless battles is banned
|rule|HP Percentage Mod: HP is shown in percentages
|rule|One Boost Passer Clause: Limit one Baton Passer that has a way to boost its stats
|rule|Freeze Clause Mod: Limit one foe frozen
|
|t:|1730056915
|start
|switch|p1a: Salamence|Salamence, M|100/100
|switch|p2a: Flygon|Flygon, M, shiny|100/100
|-ability|p1a: Salamence|Intimidate|boost
|-unboost|p2a: Flygon|atk|1
|turn|1
|inactive|WraxiusGaming also wants the timer to be on.
|c|☆B.B.H00D|gl
|c|☆WraxiusGaming|gl
|
|t:|1730056929
|switch|p2a: Milotic|Milotic, F, shiny|100/100
|move|p1a: Salamence|Dragon Claw|p2a: Milotic
|-damage|p2a: Milotic|75/100
|
|-heal|p2a: Milotic|81/100|[from] item: Leftovers
|upkeep
|turn|2
|
|t:|1730056936
|switch|p1a: Suicune|Suicune|100/100
|move|p2a: Milotic|Toxic|p1a: Suicune
|-status|p1a: Suicune|tox
|
|-damage|p1a: Suicune|94/100 tox|[from] psn
|-heal|p2a: Milotic|87/100|[from] item: Leftovers
|upkeep
|turn|3
|
|t:|1730056948
|switch|p2a: Celebi|Celebi|100/100
|move|p1a: Suicune|Calm Mind|p1a: Suicune
|-boost|p1a: Suicune|spa|1
|-boost|p1a: Suicune|spd|1
|
|-heal|p1a: Suicune|100/100 tox|[from] item: Leftovers
|-damage|p1a: Suicune|88/100 tox|[from] psn
|upkeep
|turn|4
|
|t:|1730056952
|switch|p1a: Salamence|Salamence, M|100/100
|-ability|p1a: Salamence|Intimidate|boost
|-unboost|p2a: Celebi|atk|1
|move|p2a: Celebi|Leech Seed|p1a: Salamence
|-start|p1a: Salamence|move: Leech Seed
|
|-damage|p1a: Salamence|88/100|[from] Leech Seed|[of] p2a: Celebi
|upkeep
|turn|5
|
|t:|1730056959
|switch|p1a: Skarmory|Skarmory, F|100/100
|switch|p2a: Milotic|Milotic, F, shiny|87/100
|
|-heal|p2a: Milotic|93/100|[from] item: Leftovers
|upkeep
|turn|6
|
|t:|1730056961
|switch|p2a: Magneton|Magneton|100/100
|move|p1a: Skarmory|Spikes|p2a: Magneton
|-sidestart|p2: B.B.H00D|Spikes
|
|upkeep
|turn|7
|
|t:|1730056964
|move|p2a: Magneton|Thunderbolt|p1a: Skarmory
|-supereffective|p1a: Skarmory
|-damage|p1a: Skarmory|0 fnt
|faint|p1a: Skarmory
|
|t:|1730056969
|switch|p1a: Salamence|Salamence, M|88/100
|-ability|p1a: Salamence|Intimidate|boost
|-unboost|p2a: Magneton|atk|1
|
|-heal|p1a: Salamence|94/100|[from] item: Leftovers
|upkeep
|turn|8
|
|t:|1730056975
|switch|p2a: Milotic|Milotic, F, shiny|93/100
|-damage|p2a: Milotic|81/100|[from] Spikes
|move|p1a: Salamence|Fire Blast|p2a: Milotic
|-resisted|p2a: Milotic
|-damage|p2a: Milotic|68/100
|
|-heal|p1a: Salamence|99/100|[from] item: Leftovers
|-heal|p2a: Milotic|74/100|[from] item: Leftovers
|upkeep
|turn|9
|
|t:|1730056990
|switch|p1a: Suicune|Suicune|88/100 tox
|move|p2a: Milotic|Recover|p2a: Milotic
|-heal|p2a: Milotic|100/100
|
|-heal|p1a: Suicune|94/100 tox|[from] item: Leftovers
|-damage|p1a: Suicune|88/100 tox|[from] psn
|upkeep
|turn|10
|
|t:|1730056996
|switch|p2a: Magneton|Magneton|100/100
|-damage|p2a: Magneton|88/100|[from] Spikes
|move|p1a: Suicune|Roar|p2a: Magneton
|drag|p2a: Milotic|Milotic, F, shiny|100/100
|-damage|p2a: Milotic|88/100|[from] Spikes
|
|-heal|p1a: Suicune|94/100 tox|[from] item: Leftovers
|-damage|p1a: Suicune|82/100 tox|[from] psn
|-heal|p2a: Milotic|94/100|[from] item: Leftovers
|upkeep
|turn|11
|
|t:|1730057005
|switch|p2a: Celebi|Celebi|100/100
|-damage|p2a: Celebi|88/100|[from] Spikes
|move|p1a: Suicune|Rest|p1a: Suicune
|-status|p1a: Suicune|slp|[from] move: Rest
|-heal|p1a: Suicune|100/100 slp|[silent]
|
|-heal|p2a: Celebi|94/100|[from] item: Leftovers
|upkeep
|turn|12
|
|t:|1730057011
|move|p2a: Celebi|Calm Mind|p2a: Celebi
|-boost|p2a: Celebi|spa|1
|-boost|p2a: Celebi|spd|1
|cant|p1a: Suicune|slp
|
|-heal|p2a: Celebi|100/100|[from] item: Leftovers
|upkeep
|turn|13
|
|t:|1730057016
|move|p2a: Celebi|Psychic|p1a: Suicune
|-damage|p1a: Suicune|54/100 slp
|cant|p1a: Suicune|slp
|
|-heal|p1a: Suicune|60/100 slp|[from] item: Leftovers
|upkeep
|turn|14
|
|t:|1730057021
|switch|p1a: Blissey|Blissey, F|100/100
|move|p2a: Celebi|Psychic|p1a: Blissey
|-damage|p1a: Blissey|75/100
|
|-heal|p1a: Blissey|81/100|[from] item: Leftovers
|upkeep
|turn|15
|
|t:|1730057025
|move|p2a: Celebi|Leech Seed|p1a: Blissey
|-start|p1a: Blissey|move: Leech Seed
|move|p1a: Blissey|Toxic|p2a: Celebi
|-status|p2a: Celebi|tox
|
|-damage|p2a: Celebi|94/100 tox|[from] psn
|-heal|p1a: Blissey|87/100|[from] item: Leftovers
|-damage|p1a: Blissey|75/100|[from] Leech Seed|[of] p2a: Celebi
|-heal|p2a: Celebi|100/100 tox|[silent]
|upkeep
|turn|16
|
|t:|1730057036
|move|p2a: Celebi|Calm Mind|p2a: Celebi
|-boost|p2a: Celebi|spa|1
|-boost|p2a: Celebi|spd|1
|move|p1a: Blissey|Soft-Boiled|p1a: Blissey
|-heal|p1a: Blissey|100/100
|
|-damage|p2a: Celebi|88/100 tox|[from] psn
|-damage|p1a: Blissey|88/100|[from] Leech Seed|[of] p2a: Celebi
|-heal|p2a: Celebi|100/100 tox|[silent]
|upkeep
|turn|17
|
|t:|1730057043
|move|p2a: Celebi|Psychic|p1a: Blissey
|-damage|p1a: Blissey|56/100
|move|p1a: Blissey|Ice Beam|p2a: Celebi
|-supereffective|p2a: Celebi
|-damage|p2a: Celebi|78/100 tox
|
|-heal|p2a: Celebi|84/100 tox|[from] item: Leftovers
|-damage|p2a: Celebi|66/100 tox|[from] psn
|-heal|p1a: Blissey|62/100|[from] item: Leftovers
|-damage|p1a: Blissey|50/100|[from] Leech Seed|[of] p2a: Celebi
|-heal|p2a: Celebi|87/100 tox|[silent]
|upkeep
|turn|18
|
|t:|1730057052
|move|p2a: Celebi|Giga Drain|p1a: Blissey
|-damage|p1a: Blissey|29/100
|-heal|p2a: Celebi|100/100 tox|[from] drain|[of] p1a: Blissey
|move|p1a: Blissey|Soft-Boiled|p1a: Blissey
|-heal|p1a: Blissey|79/100
|
|-damage|p2a: Celebi|76/100 tox|[from] psn
|-heal|p1a: Blissey|85/100|[from] item: Leftovers
|-damage|p1a: Blissey|73/100|[from] Leech Seed|[of] p2a: Celebi
|-heal|p2a: Celebi|97/100 tox|[silent]
|upkeep
|turn|19
|
|t:|1730057070
|switch|p1a: Metagross|Metagross|100/100
|move|p2a: Celebi|Psychic|p1a: Metagross
|-resisted|p1a: Metagross
|-damage|p1a: Metagross|77/100
|
|-heal|p2a: Celebi|100/100 tox|[from] item: Leftovers
|-damage|p2a: Celebi|70/100 tox|[from] psn
|upkeep
|turn|20
|
|t:|1730057084
|-curestatus|p2a: Celebi|tox|[from] ability: Natural Cure
|switch|p2a: Magneton|Magneton|88/100
|-damage|p2a: Magneton|76/100|[from] Spikes
|move|p1a: Metagross|Meteor Mash|p2a: Magneton
|-resisted|p2a: Magneton
|-damage|p2a: Magneton|43/100
|-boost|p1a: Metagross|atk|1
|
|upkeep
|turn|21
|
|t:|1730057091
|move|p2a: Magneton|Thunder Wave|p1a: Metagross
|-status|p1a: Metagross|par
|move|p1a: Metagross|Meteor Mash|p2a: Magneton
|-resisted|p2a: Magneton
|-damage|p2a: Magneton|0 fnt
|faint|p2a: Magneton
|
|t:|1730057103
|switch|p2a: Flygon|Flygon, M, shiny|100/100
|
|upkeep
|turn|22
|
|t:|1730057108
|switch|p1a: Claydol|Claydol|100/100
|move|p2a: Flygon|Earthquake|p1a: Claydol
|-immune|p1a: Claydol
|
|upkeep
|turn|23
|
|t:|1730057125
|switch|p2a: Skarmory|Skarmory, F, shiny|100/100
|move|p1a: Claydol|Psychic|p2a: Skarmory
|-resisted|p2a: Skarmory
|-damage|p2a: Skarmory|91/100
|
|-heal|p2a: Skarmory|97/100|[from] item: Leftovers
|upkeep
|turn|24
|
|t:|1730057138
|switch|p1a: Metagross|Metagross|77/100 par
|move|p2a: Skarmory|Spikes|p1a: Metagross
|-sidestart|p1: WraxiusGaming|Spikes
|
|-heal|p2a: Skarmory|100/100|[from] item: Leftovers
|upkeep
|turn|25
|
|t:|1730057145
|switch|p1a: Claydol|Claydol|100/100
|move|p2a: Skarmory|Protect||[still]
|-fail|p2a: Skarmory
|
|upkeep
|turn|26
|
|t:|1730057149
|move|p1a: Claydol|Rapid Spin|p2a: Skarmory
|-resisted|p2a: Skarmory
|-damage|p2a: Skarmory|99/100
|-sideend|p1: WraxiusGaming|Spikes|[from] move: Rapid Spin|[of] p1a: Claydol
|move|p2a: Skarmory|Drill Peck|p1a: Claydol
|-damage|p1a: Claydol|77/100
|
|-heal|p1a: Claydol|84/100|[from] item: Leftovers
|-heal|p2a: Skarmory|100/100|[from] item: Leftovers
|upkeep
|turn|27
|
|t:|1730057158
|switch|p1a: Suicune|Suicune|60/100 slp
|move|p2a: Skarmory|Spikes|p1a: Suicune
|-sidestart|p1: WraxiusGaming|Spikes
|
|-heal|p1a: Suicune|66/100 slp|[from] item: Leftovers
|upkeep
|turn|28
|
|t:|1730057169
|-curestatus|p1a: Suicune|slp|[msg]
|move|p1a: Suicune|Calm Mind|p1a: Suicune
|-boost|p1a: Suicune|spa|1
|-boost|p1a: Suicune|spd|1
|move|p2a: Skarmory|Roar|p1a: Suicune
|drag|p1a: Claydol|Claydol|84/100
|
|-heal|p1a: Claydol|90/100|[from] item: Leftovers
|upkeep
|turn|29
|
|t:|1730057176
|switch|p2a: Celebi|Celebi|70/100
|-damage|p2a: Celebi|57/100|[from] Spikes
|move|p1a: Claydol|Rapid Spin|p2a: Celebi
|-damage|p2a: Celebi|53/100
|-sideend|p1: WraxiusGaming|Spikes|[from] move: Rapid Spin|[of] p1a: Claydol
|
|-heal|p2a: Celebi|60/100|[from] item: Leftovers
|-heal|p1a: Claydol|96/100|[from] item: Leftovers
|upkeep
|turn|30
|
|t:|1730057192
|switch|p2a: Skarmory|Skarmory, F, shiny|100/100
|switch|p1a: Metagross|Metagross|77/100 par
|
|upkeep
|turn|31
|
|t:|1730057200
|move|p2a: Skarmory|Spikes|p1a: Metagross
|-sidestart|p1: WraxiusGaming|Spikes
|move|p1a: Metagross|Meteor Mash|p2a: Skarmory
|-resisted|p2a: Skarmory
|-damage|p2a: Skarmory|69/100
|
|-heal|p2a: Skarmory|75/100|[from] item: Leftovers
|upkeep
|turn|32
|
|t:|1730057208
|move|p2a: Skarmory|Protect|p2a: Skarmory
|-singleturn|p2a: Skarmory|Protect
|cant|p1a: Metagross|par
|
|-heal|p2a: Skarmory|81/100|[from] item: Leftovers
|upkeep
|turn|33
|
|t:|1730057223
|switch|p2a: Milotic|Milotic, F, shiny|94/100
|-damage|p2a: Milotic|82/100|[from] Spikes
|move|p1a: Metagross|Meteor Mash|p2a: Milotic|[miss]
|-miss|p1a: Metagross|p2a: Milotic
|
|-heal|p2a: Milotic|88/100|[from] item: Leftovers
|upkeep
|turn|34
|
|t:|1730057231
|switch|p1a: Blissey|Blissey, F|73/100
|-damage|p1a: Blissey|61/100|[from] Spikes
|move|p2a: Milotic|Toxic|p1a: Blissey
|-status|p1a: Blissey|tox
|
|-heal|p2a: Milotic|94/100|[from] item: Leftovers
|-heal|p1a: Blissey|67/100 tox|[from] item: Leftovers
|-damage|p1a: Blissey|61/100 tox|[from] psn
|upkeep
|turn|35
|
|t:|1730057243
|move|p2a: Milotic|Surf|p1a: Blissey
|-damage|p1a: Blissey|47/100 tox
|move|p1a: Blissey|Soft-Boiled|p1a: Blissey
|-heal|p1a: Blissey|97/100 tox
|
|-heal|p2a: Milotic|99/100|[from] item: Leftovers
|-heal|p1a: Blissey|100/100 tox|[from] item: Leftovers
|-damage|p1a: Blissey|88/100 tox|[from] psn
|upkeep
|turn|36
|
|t:|1730057252
|move|p2a: Milotic|Toxic|p1a: Blissey
|-fail|p1a: Blissey|tox
|move|p1a: Blissey|Toxic|p2a: Milotic|[miss]
|-miss|p1a: Blissey|p2a: Milotic
|
|-heal|p2a: Milotic|100/100|[from] item: Leftovers
|-heal|p1a: Blissey|94/100 tox|[from] item: Leftovers
|-damage|p1a: Blissey|76/100 tox|[from] psn
|upkeep
|turn|37
|
|t:|1730057263
|move|p2a: Milotic|Toxic|p1a: Blissey
|-fail|p1a: Blissey|tox
|move|p1a: Blissey|Toxic|p2a: Milotic
|-status|p2a: Milotic|tox
|
|-damage|p2a: Milotic|94/100 tox|[from] psn
|-heal|p1a: Blissey|82/100 tox|[from] item: Leftovers
|-damage|p1a: Blissey|57/100 tox|[from] psn
|upkeep
|turn|38
|
|t:|1730057272
|move|p2a: Milotic|Toxic|p1a: Blissey
|-fail|p1a: Blissey|tox
|move|p1a: Blissey|Soft-Boiled|p1a: Blissey
|-heal|p1a: Blissey|100/100 tox
|
|-heal|p2a: Milotic|100/100 tox|[from] item: Leftovers
|-damage|p2a: Milotic|88/100 tox|[from] psn
|-damage|p1a: Blissey|70/100 tox|[from] psn
|upkeep
|turn|39
|
|t:|1730057279
|-curestatus|p1a: Blissey|tox|[from] ability: Natural Cure
|switch|p1a: Suicune|Suicune|66/100
|-damage|p1a: Suicune|54/100|[from] Spikes
|move|p2a: Milotic|Refresh|p2a: Milotic
|-curestatus|p2a: Milotic|tox|[msg]
|
|-heal|p1a: Suicune|60/100|[from] item: Leftovers
|-heal|p2a: Milotic|94/100|[from] item: Leftovers
|upkeep
|turn|40
|
|t:|1730057285
|move|p2a: Milotic|Toxic|p1a: Suicune
|-status|p1a: Suicune|tox
|move|p1a: Suicune|Roar|p2a: Milotic
|drag|p2a: Skarmory|Skarmory, F, shiny|81/100
|
|-heal|p1a: Suicune|66/100 tox|[from] item: Leftovers
|-damage|p1a: Suicune|60/100 tox|[from] psn
|-heal|p2a: Skarmory|87/100|[from] item: Leftovers
|upkeep
|turn|41
|
|t:|1730057292
|move|p1a: Suicune|Rest|p1a: Suicune
|-status|p1a: Suicune|slp|[from] move: Rest
|-heal|p1a: Suicune|100/100 slp|[silent]
|move|p2a: Skarmory|Drill Peck|p1a: Suicune
|-crit|p1a: Suicune
|-damage|p1a: Suicune|76/100 slp
|
|-heal|p1a: Suicune|82/100 slp|[from] item: Leftovers
|-heal|p2a: Skarmory|93/100|[from] item: Leftovers
|upkeep
|turn|42
|
|t:|1730057297
|switch|p2a: Celebi|Celebi|60/100
|-damage|p2a: Celebi|47/100|[from] Spikes
|cant|p1a: Suicune|slp
|
|-heal|p2a: Celebi|53/100|[from] item: Leftovers
|-heal|p1a: Suicune|88/100 slp|[from] item: Leftovers
|upkeep
|turn|43
|
|t:|1730057301
|move|p2a: Celebi|Leech Seed|p1a: Suicune
|-start|p1a: Suicune|move: Leech Seed
|cant|p1a: Suicune|slp
|
|-heal|p2a: Celebi|60/100|[from] item: Leftovers
|-heal|p1a: Suicune|94/100 slp|[from] item: Leftovers
|-damage|p1a: Suicune|82/100 slp|[from] Leech Seed|[of] p2a: Celebi
|-heal|p2a: Celebi|72/100|[silent]
|upkeep
|turn|44
|
|t:|1730057310
|move|p2a: Celebi|Calm Mind|p2a: Celebi
|-boost|p2a: Celebi|spa|1
|-boost|p2a: Celebi|spd|1
|-curestatus|p1a: Suicune|slp|[msg]
|move|p1a: Suicune|Roar|p2a: Celebi
|drag|p2a: Flygon|Flygon, M, shiny|100/100
|
|-heal|p1a: Suicune|88/100|[from] item: Leftovers
|-damage|p1a: Suicune|76/100|[from] Leech Seed|[of] p2a: Flygon
|upkeep
|turn|45
|
|t:|1730057319
|switch|p1a: Claydol|Claydol|96/100
|move|p2a: Flygon|Hidden Power|p1a: Claydol
|-supereffective|p1a: Claydol
|-damage|p1a: Claydol|32/100
|
|-heal|p1a: Claydol|38/100|[from] item: Leftovers
|upkeep
|turn|46
|
|t:|1730057325
|switch|p1a: Salamence|Salamence, M|99/100
|-ability|p1a: Salamence|Intimidate|boost
|-unboost|p2a: Flygon|atk|1
|move|p2a: Flygon|Hidden Power|p1a: Salamence
|-resisted|p1a: Salamence
|-damage|p1a: Salamence|86/100
|
|-heal|p1a: Salamence|92/100|[from] item: Leftovers
|upkeep
|turn|47
|
|t:|1730057330
|switch|p2a: Milotic|Milotic, F, shiny|94/100
|-damage|p2a: Milotic|82/100|[from] Spikes
|move|p1a: Salamence|Dragon Claw|p2a: Milotic
|-damage|p2a: Milotic|54/100
|
|-heal|p1a: Salamence|98/100|[from] item: Leftovers
|-heal|p2a: Milotic|60/100|[from] item: Leftovers
|upkeep
|turn|48
|
|t:|1730057343
|switch|p1a: Metagross|Metagross|77/100 par
|-damage|p1a: Metagross|64/100 par|[from] Spikes
|move|p2a: Milotic|Recover|p2a: Milotic
|-heal|p2a: Milotic|100/100
|
|upkeep
|turn|49
|
|t:|1730057351
|switch|p2a: Skarmory|Skarmory, F, shiny|93/100
|move|p1a: Metagross|Explosion|p2a: Skarmory
|-resisted|p2a: Skarmory
|-damage|p2a: Skarmory|0 fnt
|faint|p1a: Metagross
|faint|p2a: Skarmory
|
|t:|1730057364
|switch|p1a: Salamence|Salamence, M|98/100
|switch|p2a: Flygon|Flygon, M, shiny|100/100
|-ability|p1a: Salamence|Intimidate|boost
|-unboost|p2a: Flygon|atk|1
|
|-heal|p1a: Salamence|100/100|[from] item: Leftovers
|upkeep
|turn|50
|
|t:|1730057372
|switch|p2a: Milotic|Milotic, F, shiny|100/100
|-damage|p2a: Milotic|88/100|[from] Spikes
|switch|p1a: Blissey|Blissey, F|70/100
|-damage|p1a: Blissey|57/100|[from] Spikes
|
|-heal|p2a: Milotic|94/100|[from] item: Leftovers
|-heal|p1a: Blissey|63/100|[from] item: Leftovers
|upkeep
|turn|51
|
|t:|1730057377
|move|p2a: Milotic|Toxic|p1a: Blissey|[miss]
|-miss|p2a: Milotic|p1a: Blissey
|move|p1a: Blissey|Toxic|p2a: Milotic
|-status|p2a: Milotic|tox
|
|-heal|p2a: Milotic|99/100 tox|[from] item: Leftovers
|-damage|p2a: Milotic|94/100 tox|[from] psn
|-heal|p1a: Blissey|70/100|[from] item: Leftovers
|upkeep
|turn|52
|
|t:|1730057381
|move|p2a: Milotic|Refresh|p2a: Milotic
|-curestatus|p2a: Milotic|tox|[msg]
|move|p1a: Blissey|Thunderbolt|p2a: Milotic
|-supereffective|p2a: Milotic
|-damage|p2a: Milotic|56/100
|
|-heal|p2a: Milotic|62/100|[from] item: Leftovers
|-heal|p1a: Blissey|76/100|[from] item: Leftovers
|upkeep
|turn|53
|
|t:|1730057386
|move|p2a: Milotic|Recover|p2a: Milotic
|-heal|p2a: Milotic|100/100
|move|p1a: Blissey|Thunderbolt|p2a: Milotic
|-supereffective|p2a: Milotic
|-damage|p2a: Milotic|64/100
|
|-heal|p2a: Milotic|70/100|[from] item: Leftovers
|-heal|p1a: Blissey|82/100|[from] item: Leftovers
|upkeep
|turn|54
|
|t:|1730057396
|switch|p2a: Celebi|Celebi|72/100
|-damage|p2a: Celebi|60/100|[from] Spikes
|move|p1a: Blissey|Thunderbolt|p2a: Celebi
|-resisted|p2a: Celebi
|-damage|p2a: Celebi|50/100
|-status|p2a: Celebi|par
|
|-heal|p1a: Blissey|88/100|[from] item: Leftovers
|-heal|p2a: Celebi|56/100 par|[from] item: Leftovers
|upkeep
|turn|55
|
|t:|1730057402
|switch|p1a: Claydol|Claydol|38/100
|move|p2a: Celebi|Leech Seed|p1a: Claydol
|-start|p1a: Claydol|move: Leech Seed
|
|-heal|p1a: Claydol|44/100|[from] item: Leftovers
|-damage|p1a: Claydol|32/100|[from] Leech Seed|[of] p2a: Celebi
|-heal|p2a: Celebi|66/100 par|[silent]
|-heal|p2a: Celebi|72/100 par|[from] item: Leftovers
|upkeep
|turn|56
|
|t:|1730057417
|-curestatus|p2a: Celebi|par|[from] ability: Natural Cure
|switch|p2a: Tyranitar|Tyranitar, M|100/100
|-damage|p2a: Tyranitar|88/100|[from] Spikes
|-weather|Sandstorm|[from] ability: Sand Stream|[of] p2a: Tyranitar
|move|p1a: Claydol|Rapid Spin|p2a: Tyranitar
|-resisted|p2a: Tyranitar
|-damage|p2a: Tyranitar|86/100
|-end|p1a: Claydol|Leech Seed|[from] move: Rapid Spin|[of] p1a: Claydol
|-sideend|p1: WraxiusGaming|Spikes|[from] move: Rapid Spin|[of] p1a: Claydol
|
|-weather|Sandstorm|[upkeep]
|-heal|p1a: Claydol|38/100|[from] item: Leftovers
|-heal|p2a: Tyranitar|93/100|[from] item: Leftovers
|upkeep
|turn|57
|
|t:|1730057422
|move|p1a: Claydol|Explosion|p2a: Tyranitar
|-resisted|p2a: Tyranitar
|-damage|p2a: Tyranitar|48/100
|faint|p1a: Claydol
|
|t:|1730057426
|switch|p1a: Suicune|Suicune|76/100
|
|-weather|Sandstorm|[upkeep]
|-damage|p1a: Suicune|69/100|[from] Sandstorm
|-heal|p1a: Suicune|76/100|[from] item: Leftovers
|-heal|p2a: Tyranitar|54/100|[from] item: Leftovers
|upkeep
|turn|58
|
|t:|1730057436
|move|p2a: Tyranitar|Rock Slide|p1a: Suicune
|-damage|p1a: Suicune|56/100
|move|p1a: Suicune|Roar|p2a: Tyranitar
|drag|p2a: Milotic|Milotic, F, shiny|70/100
|-damage|p2a: Milotic|57/100|[from] Spikes
|
|-weather|Sandstorm|[upkeep]
|-damage|p1a: Suicune|50/100|[from] Sandstorm
|-damage|p2a: Milotic|51/100|[from] Sandstorm
|-heal|p1a: Suicune|56/100|[from] item: Leftovers
|-heal|p2a: Milotic|57/100|[from] item: Leftovers
|upkeep
|turn|59
|
|t:|1730057441
|move|p1a: Suicune|Calm Mind|p1a: Suicune
|-boost|p1a: Suicune|spa|1
|-boost|p1a: Suicune|spd|1
|move|p2a: Milotic|Toxic|p1a: Suicune
|-status|p1a: Suicune|tox
|
|-weather|Sandstorm|[upkeep]
|-damage|p1a: Suicune|50/100 tox|[from] Sandstorm
|-damage|p2a: Milotic|51/100|[from] Sandstorm
|-heal|p1a: Suicune|56/100 tox|[from] item: Leftovers
|-damage|p1a: Suicune|50/100 tox|[from] psn
|-heal|p2a: Milotic|57/100|[from] item: Leftovers
|upkeep
|turn|60
|
|t:|1730057446
|move|p1a: Suicune|Rest|p1a: Suicune
|-status|p1a: Suicune|slp|[from] move: Rest
|-heal|p1a: Suicune|100/100 slp|[silent]
|move|p2a: Milotic|Recover|p2a: Milotic
|-heal|p2a: Milotic|100/100
|
|-weather|Sandstorm|[upkeep]
|-damage|p1a: Suicune|94/100 slp|[from] Sandstorm
|-damage|p2a: Milotic|94/100|[from] Sandstorm
|-heal|p1a: Suicune|100/100 slp|[from] item: Leftovers
|-heal|p2a: Milotic|100/100|[from] item: Leftovers
|upkeep
|turn|61
|
|t:|1730057448
|switch|p2a: Celebi|Celebi|72/100
|-damage|p2a: Celebi|60/100|[from] Spikes
|cant|p1a: Suicune|slp
|
|-weather|Sandstorm|[upkeep]
|-damage|p2a: Celebi|54/100|[from] Sandstorm
|-damage|p1a: Suicune|94/100 slp|[from] Sandstorm
|-heal|p2a: Celebi|60/100|[from] item: Leftovers
|-heal|p1a: Suicune|100/100 slp|[from] item: Leftovers
|upkeep
|turn|62
|
|t:|1730057452
|move|p2a: Celebi|Leech Seed|p1a: Suicune
|-start|p1a: Suicune|move: Leech Seed
|cant|p1a: Suicune|slp
|
|-weather|Sandstorm|[upkeep]
|-damage|p2a: Celebi|54/100|[from] Sandstorm
|-damage|p1a: Suicune|94/100 slp|[from] Sandstorm
|-heal|p2a: Celebi|60/100|[from] item: Leftovers
|-heal|p1a: Suicune|100/100 slp|[from] item: Leftovers
|-damage|p1a: Suicune|88/100 slp|[from] Leech Seed|[of] p2a: Celebi
|-heal|p2a: Celebi|73/100|[silent]
|upkeep
|turn|63
|
|t:|1730057460
|switch|p1a: Salamence|Salamence, M|100/100
|-ability|p1a: Salamence|Intimidate|boost
|-unboost|p2a: Celebi|atk|1
|move|p2a: Celebi|Psychic|p1a: Salamence
|-damage|p1a: Salamence|53/100
|
|-weather|Sandstorm|[upkeep]
|-damage|p1a: Salamence|47/100|[from] Sandstorm
|-damage|p2a: Celebi|67/100|[from] Sandstorm
|-heal|p1a: Salamence|53/100|[from] item: Leftovers
|-heal|p2a: Celebi|73/100|[from] item: Leftovers
|upkeep
|turn|64
|
|t:|1730057469
|switch|p1a: Blissey|Blissey, F|88/100
|switch|p2a: Milotic|Milotic, F, shiny|100/100
|-damage|p2a: Milotic|88/100|[from] Spikes
|
|-weather|Sandstorm|[upkeep]
|-damage|p2a: Milotic|82/100|[from] Sandstorm
|-damage|p1a: Blissey|82/100|[from] Sandstorm
|-heal|p2a: Milotic|88/100|[from] item: Leftovers
|-heal|p1a: Blissey|88/100|[from] item: Leftovers
|upkeep
|turn|65
|
|t:|1730057496
|move|p2a: Milotic|Toxic|p1a: Blissey
|-status|p1a: Blissey|tox
|move|p1a: Blissey|Toxic|p2a: Milotic
|-status|p2a: Milotic|tox
|
|-weather|Sandstorm|[upkeep]
|-damage|p2a: Milotic|82/100 tox|[from] Sandstorm
|-damage|p1a: Blissey|82/100 tox|[from] Sandstorm
|-heal|p2a: Milotic|88/100 tox|[from] item: Leftovers
|-damage|p2a: Milotic|82/100 tox|[from] psn
|-heal|p1a: Blissey|88/100 tox|[from] item: Leftovers
|-damage|p1a: Blissey|82/100 tox|[from] psn
|upkeep
|turn|66
|
|t:|1730057500
|-curestatus|p1a: Blissey|tox|[from] ability: Natural Cure
|switch|p1a: Suicune|Suicune|88/100 slp
|move|p2a: Milotic|Refresh|p2a: Milotic
|-curestatus|p2a: Milotic|tox|[msg]
|
|-weather|Sandstorm|[upkeep]
|-damage|p1a: Suicune|82/100 slp|[from] Sandstorm
|-damage|p2a: Milotic|76/100|[from] Sandstorm
|-heal|p1a: Suicune|88/100 slp|[from] item: Leftovers
|-heal|p2a: Milotic|82/100|[from] item: Leftovers
|upkeep
|turn|67
|
|t:|1730057510
|move|p2a: Milotic|Toxic||[still]
|-fail|p2a: Milotic
|-curestatus|p1a: Suicune|slp|[msg]
|move|p1a: Suicune|Roar|p2a: Milotic
|drag|p2a: Flygon|Flygon, M, shiny|100/100
|
|-weather|Sandstorm|[upkeep]
|-damage|p1a: Suicune|82/100|[from] Sandstorm
|-heal|p1a: Suicune|88/100|[from] item: Leftovers
|upkeep
|turn|68
|
|t:|1730057518
|move|p2a: Flygon|Earthquake|p1a: Suicune
|-crit|p1a: Suicune
|-damage|p1a: Suicune|13/100
|move|p1a: Suicune|Surf|p2a: Flygon
|-damage|p2a: Flygon|60/100
|
|-weather|Sandstorm|[upkeep]
|-damage|p1a: Suicune|6/100|[from] Sandstorm
|-heal|p1a: Suicune|13/100|[from] item: Leftovers
|upkeep
|turn|69
|
|t:|1730057529
|switch|p1a: Blissey|Blissey, F|82/100
|move|p2a: Flygon|Earthquake|p1a: Blissey
|-damage|p1a: Blissey|11/100
|
|-weather|Sandstorm|[upkeep]
|-damage|p1a: Blissey|5/100|[from] Sandstorm
|-heal|p1a: Blissey|11/100|[from] item: Leftovers
|upkeep
|turn|70
|
|t:|1730057534
|switch|p1a: Salamence|Salamence, M|53/100
|-ability|p1a: Salamence|Intimidate|boost
|-unboost|p2a: Flygon|atk|1
|move|p2a: Flygon|Earthquake|p1a: Salamence
|-immune|p1a: Salamence
|
|-weather|Sandstorm|[upkeep]
|-damage|p1a: Salamence|47/100|[from] Sandstorm
|-heal|p1a: Salamence|53/100|[from] item: Leftovers
|upkeep
|turn|71
|
|t:|1730057542
|switch|p2a: Tyranitar|Tyranitar, M|54/100
|-damage|p2a: Tyranitar|41/100|[from] Spikes
|switch|p1a: Suicune|Suicune|13/100
|
|-weather|Sandstorm|[upkeep]
|-damage|p1a: Suicune|6/100|[from] Sandstorm
|-heal|p1a: Suicune|13/100|[from] item: Leftovers
|-heal|p2a: Tyranitar|48/100|[from] item: Leftovers
|upkeep
|turn|72
|
|t:|1730057549
|move|p1a: Suicune|Rest|p1a: Suicune
|-status|p1a: Suicune|slp|[from] move: Rest
|-heal|p1a: Suicune|100/100 slp|[silent]
|move|p2a: Tyranitar|Crunch|p1a: Suicune
|-damage|p1a: Suicune|75/100 slp
|
|-weather|Sandstorm|[upkeep]
|-damage|p1a: Suicune|68/100 slp|[from] Sandstorm
|-heal|p1a: Suicune|75/100 slp|[from] item: Leftovers
|-heal|p2a: Tyranitar|54/100|[from] item: Leftovers
|upkeep
|turn|73
|
|t:|1730057561
|cant|p1a: Suicune|slp
|move|p2a: Tyranitar|Crunch|p1a: Suicune
|-crit|p1a: Suicune
|-damage|p1a: Suicune|22/100 slp
|-unboost|p1a: Suicune|spd|1
|
|-weather|Sandstorm|[upkeep]
|-damage|p1a: Suicune|16/100 slp|[from] Sandstorm
|-heal|p1a: Suicune|22/100 slp|[from] item: Leftovers
|-heal|p2a: Tyranitar|60/100|[from] item: Leftovers
|upkeep
|turn|74
|
|t:|1730057574
|switch|p1a: Blissey|Blissey, F|11/100
|move|p2a: Tyranitar|Crunch|p1a: Blissey
|-damage|p1a: Blissey|0 fnt
|faint|p1a: Blissey
|
|t:|1730057576
|switch|p1a: Salamence|Salamence, M|53/100
|-ability|p1a: Salamence|Intimidate|boost
|-unboost|p2a: Tyranitar|atk|1
|
|-weather|Sandstorm|[upkeep]
|-damage|p1a: Salamence|47/100|[from] Sandstorm
|-heal|p1a: Salamence|53/100|[from] item: Leftovers
|-heal|p2a: Tyranitar|66/100|[from] item: Leftovers
|upkeep
|turn|75
|inactive|B.B.H00D has 270 seconds left.
|
|t:|1730057614
|switch|p1a: Suicune|Suicune|22/100 slp
|move|p2a: Tyranitar|Rock Slide|p1a: Suicune
|-damage|p1a: Suicune|10/100 slp
|
|-weather|Sandstorm|[upkeep]
|-damage|p1a: Suicune|4/100 slp|[from] Sandstorm
|-heal|p1a: Suicune|10/100 slp|[from] item: Leftovers
|-heal|p2a: Tyranitar|72/100|[from] item: Leftovers
|upkeep
|turn|76
|inactive|B.B.H00D has 270 seconds left.
|
|t:|1730057624
|-activate|p1a: Suicune|move: Pursuit
|move|p2a: Tyranitar|Pursuit|p1a: Suicune|[from]Pursuit
|-damage|p1a: Suicune|0 fnt
|faint|p1a: Suicune
|-hint|Previously chosen switches continue in Gen 2-4 after a Pursuit target faints.
|switch|p1a: Salamence|Salamence, M|53/100
|-ability|p1a: Salamence|Intimidate|boost
|-unboost|p2a: Tyranitar|atk|1
|
|-weather|Sandstorm|[upkeep]
|-damage|p1a: Salamence|47/100|[from] Sandstorm
|-heal|p1a: Salamence|53/100|[from] item: Leftovers
|-heal|p2a: Tyranitar|79/100|[from] item: Leftovers
|upkeep
|turn|77
|
|t:|1730057628
|move|p1a: Salamence|Brick Break|p2a: Tyranitar
|-supereffective|p2a: Tyranitar
|-damage|p2a: Tyranitar|7/100
|move|p2a: Tyranitar|Crunch|p1a: Salamence
|-damage|p1a: Salamence|7/100
|-unboost|p1a: Salamence|spd|1
|
|-weather|Sandstorm|[upkeep]
|-damage|p1a: Salamence|0 fnt|[from] Sandstorm
|faint|p1a: Salamence
|
|win|B.B.H00D
|upkeep
|c|☆B.B.H00D|gg
|player|p2|

</script>
<script type="application/json" class="data" id="replaydata-smogtours-gen3ou-802656">
{"id":"smogtours-gen3ou-802656","format":"[Gen 3] OU","players":["WraxiusGaming","B.B.H00D"],"uploadtime":1730057628,"views":83,"formatid":"gen3ou","rating":null,"private":0,"password":null}
</script>

<script defer src="js/replays.js?9d40a366"></script>
