<!DOCTYPE html>
<meta charset="utf-8" />
<meta name="viewport" content="width=device-width" />

<title>[Gen 3] OU: xlimexheep vs. alphasapphire918 - Replays - Pok&eacute;mon Showdown!</title>

<meta name="description" content="Watch a replay of a Pok&eacute;mon battle between xlimexheep and alphasapphire918! Format: [Gen 3] OU; Date: Oct 17, 2024" />
<!--

Hey, you! Looking in the source for the replay log?

You can find them in JSON format, just add `.json` at the end of a replay URL.

https://replay.pokemonshowdown.com/gen7randomdoublesbattle-865046831.json

Or, if you only need the log itself, add `.log` instead:

https://replay.pokemonshowdown.com/gen7randomdoublesbattle-865046831.log

-->

<link rel="stylesheet" href="//pokemonshowdown.com/style/global.css?0.767286132409787" />
<link rel="stylesheet" href="//play.pokemonshowdown.com/style/font-awesome.css?0.9266228007934947" />
<link rel="stylesheet" href="//play.pokemonshowdown.com/style/battle.css?0.7924700842790926" />
<link rel="stylesheet" href="//play.pokemonshowdown.com/style/utilichart.css?0.8777417872839479" />

<!-- Global site tag (gtag.js) - Google Analytics -->
<script async src="https://www.googletagmanager.com/gtag/js?id=UA-26211653-1"></script>
<script>
  window.dataLayer = window.dataLayer || [];
  function gtag(){dataLayer.push(arguments);}
  gtag('js', new Date());

  gtag('config', 'UA-26211653-1');
</script>
<!-- End Google Analytics -->
<!-- Venatus Ad Manager - Install in <HEAD> of page -->
	<script src="https://hb.vntsm.com/v3/live/ad-manager.min.js" type="text/javascript" data-site-id="642aba63ec9a7b11c3c9c1be" data-mode="scan" async></script>
<!-- / Venatus Ad Manager -->

<style>
	@media (max-width:820px) {
		.battle {
			margin: 0 auto;
		}
		.battle-log {
			margin: 7px auto 0;
			max-width: 640px;
			height: 300px;
			position: static;
		}
	}
	.optgroup {
		display: inline-block;
		line-height: 22px;
		font-size: 10pt;
	}
	.optgroup .button {
		height: 25px;
		padding-top: 0;
		padding-bottom: 0;
	}
	.optgroup button.button {
		padding-left: 12px;
		padding-right: 12px;
	}
	.linklist {
		list-style: none;
		margin: 0.5em 0;
		padding: 0;
	}
	.linklist li {
		padding: 2px 0;
	}
	.sidebar {
		float: left;
		width: 320px;
	}
	.bar-wrapper {
		max-width: 1100px;
		margin: 0 auto;
	}
	.bar-wrapper.has-sidebar {
		max-width: 1430px;
	}
	.mainbar {
		margin: 0;
		padding-right: 1px;
	}
	.mainbar.has-sidebar {
		margin-left: 330px;
	}
	@media (min-width: 1511px) {
		.sidebar {
			width: 400px;
		}
		.bar-wrapper.has-sidebar {
			max-width: 1510px;
		}
		.mainbar.has-sidebar {
			margin-left: 410px;
		}
	}
	.section.first-section {
		margin-top: 9px;
	}
	.blocklink small {
		white-space: normal;
	}
	.button {
		vertical-align: middle;
	}
	.replay-controls {
		padding-top: 10px;
	}
	.replay-controls h1 {
		font-size: 16pt;
		font-weight: normal;
		color: #CCC;
	}
	.pagelink {
		text-align: center;
	}
	.pagelink a {
		width: 150px;
	}
	.textbox, .button {
		font-size: 11pt;
		vertical-align: middle;
	}
	@media (max-width: 450px) {
		.button {
			font-size: 9pt;
		}
	}
</style>

<div>

	<header>
		<div class="nav-wrapper"><ul class="nav">
			<li><a class="button nav-first" href="//pokemonshowdown.com/"><img src="//pokemonshowdown.com/images/pokemonshowdownbeta.png" srcset="//pokemonshowdown.com/images/pokemonshowdownbeta.png 1x, //pokemonshowdown.com/images/pokemonshowdownbeta@2x.png 2x" alt="Pok&eacute;mon Showdown" width="146" height="44" /> Home</a></li>
			<li><a class="button" href="//pokemonshowdown.com/dex/">Pok&eacute;dex</a></li>
			<li><a class="button cur" href="/">Replays</a></li>
			<li><a class="button" href="//pokemonshowdown.com/ladder/">Ladder</a></li>
			<li><a class="button nav-last" href="//pokemonshowdown.com/forums/">Forum</a></li>
			<li><a class="button greenbutton nav-first nav-last" href="//play.pokemonshowdown.com/">Play</a></li>
		</ul></div>
	</header>

	<div class="main" id="main">

		<noscript><section class="section">You need to enable JavaScript to use this page; sorry!</section></noscript>

	</div>

</div>

<script defer nomodule src="//play.pokemonshowdown.com/js/lib/ps-polyfill.js"></script>
<script defer src="//play.pokemonshowdown.com/js/lib/preact.min.js"></script>

<script defer src="//play.pokemonshowdown.com/config/config.js?6dec07f6"></script>
<script defer src="//play.pokemonshowdown.com/js/lib/jquery-1.11.0.min.js"></script>
<script defer src="//play.pokemonshowdown.com/js/lib/html-sanitizer-minified.js"></script>
<script defer src="//play.pokemonshowdown.com/js/battle-sound.js"></script>
<script defer src="//play.pokemonshowdown.com/js/battledata.js?0.6315294753075389"></script>
<script defer src="//play.pokemonshowdown.com/data/pokedex-mini.js?0.7603743185311358"></script>
<script defer src="//play.pokemonshowdown.com/data/pokedex-mini-bw.js?0.030888842834281283"></script>
<script defer src="//play.pokemonshowdown.com/data/graphics.js?0.05593094747507488"></script>
<script defer src="//play.pokemonshowdown.com/data/pokedex.js?0.47064822249611904"></script>
<script defer src="//play.pokemonshowdown.com/data/moves.js?0.8583693120512459"></script>
<script defer src="//play.pokemonshowdown.com/data/abilities.js?0.16017181182386842"></script>
<script defer src="//play.pokemonshowdown.com/data/items.js?0.4163379185673943"></script>
<script defer src="//play.pokemonshowdown.com/data/teambuilder-tables.js?0.31075597372830477"></script>
<script defer src="//play.pokemonshowdown.com/js/battle-tooltips.js?0.6536193500708172"></script>
<script defer src="//play.pokemonshowdown.com/js/battle.js?0.1916591943277901"></script>

<script defer src="js/utils.js?e31f9a17"></script>
<script defer src="js/replays-battle.js?7008c182"></script>

<!-- don't scrape this data! just add .json or .log after the URL!
Full API docs: https://github.com/smogon/pokemon-showdown-client/blob/master/WEB-API.md -->
<script type="text/plain" class="log" id="replaylog-smogtours-gen3ou-799230">
|inactive|Battle timer is ON: inactive players will automatically lose when time's up.
|t:|1729129598
|gametype|singles
|player|p1|xlimexheep|schoolkidf|
|player|p2|alphasapphire918|galacticgruntf|
|teamsize|p1|6
|teamsize|p2|6
|gen|3
|tier|[Gen 3] OU
|rule|Sleep Clause Mod: Limit one foe put to sleep
|rule|Switch Priority Clause Mod: Faster Pokémon switch first
|rule|Species Clause: Limit one of each Pokémon
|rule|OHKO Clause: OHKO moves are banned
|rule|Evasion Items Clause: Evasion items are banned
|rule|Evasion Moves Clause: Evasion moves are banned
|rule|Endless Battle Clause: Forcing endless battles is banned
|rule|HP Percentage Mod: HP is shown in percentages
|rule|One Boost Passer Clause: Limit one Baton Passer that has a way to boost its stats
|rule|Freeze Clause Mod: Limit one foe frozen
|
|t:|1729129598
|start
|switch|p1a: mind control|Medicham, F|100/100
|switch|p2a: King of Greed|Tyranitar, F, shiny|100/100
|-weather|Sandstorm|[from] ability: Sand Stream|[of] p2a: King of Greed
|turn|1
|
|t:|1729129623
|switch|p2a: Knight of Despair|Flygon, F, shiny|100/100
|move|p1a: mind control|Brick Break|p2a: Knight of Despair
|-damage|p2a: Knight of Despair|40/100
|
|-weather|Sandstorm|[upkeep]
|-damage|p1a: mind control|94/100|[from] Sandstorm
|-heal|p2a: Knight of Despair|46/100|[from] item: Leftovers
|upkeep
|turn|2
|
|t:|1729129633
|switch|p1a: rocking rock|Regirock|100/100
|move|p2a: Knight of Despair|Protect||[still]
|-fail|p2a: Knight of Despair
|
|-weather|Sandstorm|[upkeep]
|-heal|p2a: Knight of Despair|52/100|[from] item: Leftovers
|upkeep
|turn|3
|
|t:|1729129647
|move|p2a: Knight of Despair|Protect|p2a: Knight of Despair
|-singleturn|p2a: Knight of Despair|Protect
|move|p1a: rocking rock|Superpower|p2a: Knight of Despair
|-activate|p2a: Knight of Despair|Protect
|
|-weather|Sandstorm|[upkeep]
|-heal|p2a: Knight of Despair|58/100|[from] item: Leftovers
|upkeep
|turn|4
|
|t:|1729129666
|switch|p2a: Judgment Bird|Skarmory, F, shiny|100/100
|move|p1a: rocking rock|Superpower|p2a: Judgment Bird
|-damage|p2a: Judgment Bird|72/100
|-unboost|p1a: rocking rock|atk|1
|-unboost|p1a: rocking rock|def|1
|
|-weather|Sandstorm|[upkeep]
|-heal|p2a: Judgment Bird|78/100|[from] item: Leftovers
|upkeep
|turn|5
|
|t:|1729129674
|switch|p1a: mag|Magneton|100/100
|move|p2a: Judgment Bird|Spikes|p1a: mag
|-sidestart|p1: xlimexheep|Spikes
|
|-weather|Sandstorm|[upkeep]
|-heal|p2a: Judgment Bird|84/100|[from] item: Leftovers
|upkeep
|turn|6
|c|☆alphasapphire918|mag
|
|t:|1729129684
|move|p2a: Judgment Bird|Protect|p2a: Judgment Bird
|-singleturn|p2a: Judgment Bird|Protect
|move|p1a: mag|Thunderbolt|p2a: Judgment Bird
|-activate|p2a: Judgment Bird|Protect
|
|-weather|Sandstorm|[upkeep]
|-heal|p2a: Judgment Bird|90/100|[from] item: Leftovers
|upkeep
|turn|7
|
|t:|1729129694
|move|p2a: Judgment Bird|Protect||[still]
|-fail|p2a: Judgment Bird
|move|p1a: mag|Thunderbolt|p2a: Judgment Bird
|-supereffective|p2a: Judgment Bird
|-damage|p2a: Judgment Bird|0 fnt
|faint|p2a: Judgment Bird
|c|☆xlimexheep|mag loaded
|
|t:|1729129715
|switch|p2a: Blue Star|Jirachi|100/100
|
|-weather|Sandstorm|[upkeep]
|upkeep
|turn|8
|
|t:|1729129737
|switch|p1a: doll|Claydol|100/100
|move|p2a: Blue Star|Dynamic Punch|p1a: doll
|-resisted|p1a: doll
|-damage|p1a: doll|90/100
|-start|p1a: doll|confusion
|
|-weather|Sandstorm|[upkeep]
|-heal|p1a: doll|96/100|[from] item: Leftovers
|upkeep
|turn|9
|
|t:|1729129750
|move|p2a: Blue Star|Wish|p2a: Blue Star
|-activate|p1a: doll|confusion
|move|p1a: doll|Rapid Spin|p2a: Blue Star
|-resisted|p2a: Blue Star
|-damage|p2a: Blue Star|99/100
|-sideend|p1: xlimexheep|Spikes|[from] move: Rapid Spin|[of] p1a: doll
|
|-weather|Sandstorm|[upkeep]
|-heal|p2a: Blue Star|100/100|[from] item: Leftovers
|-heal|p1a: doll|100/100|[from] item: Leftovers
|upkeep
|turn|10
|inactive|xlimexheep has 270 seconds left.
|
|t:|1729129781
|switch|p2a: King of Greed|Tyranitar, F, shiny|100/100
|switch|p1a: june|Celebi|100/100
|
|-weather|Sandstorm|[upkeep]
|-damage|p1a: june|94/100|[from] Sandstorm
|-heal|p1a: june|100/100|[from] item: Leftovers
|upkeep
|turn|11
|inactive|xlimexheep has 270 seconds left.
|
|t:|1729129799
|move|p1a: june|Baton Pass|p1a: june
|
|t:|1729129803
|switch|p1a: wator dog|Suicune|100/100|[from] Baton Pass
|move|p2a: King of Greed|Crunch|p1a: wator dog
|-damage|p1a: wator dog|73/100
|
|-weather|Sandstorm|[upkeep]
|-damage|p1a: wator dog|67/100|[from] Sandstorm
|-heal|p1a: wator dog|73/100|[from] item: Leftovers
|upkeep
|turn|12
|
|t:|1729129819
|switch|p2a: Snow Queen|Articuno|100/100
|move|p1a: wator dog|Calm Mind|p1a: wator dog
|-boost|p1a: wator dog|spa|1
|-boost|p1a: wator dog|spd|1
|
|-weather|Sandstorm|[upkeep]
|-damage|p1a: wator dog|67/100|[from] Sandstorm
|-damage|p2a: Snow Queen|94/100|[from] Sandstorm
|-heal|p1a: wator dog|73/100|[from] item: Leftovers
|-heal|p2a: Snow Queen|100/100|[from] item: Leftovers
|upkeep
|turn|13
|
|t:|1729129828
|move|p1a: wator dog|Ice Beam|p2a: Snow Queen
|-damage|p2a: Snow Queen|85/100
|move|p2a: Snow Queen|Roar|p1a: wator dog
|drag|p1a: rocking rock|Regirock|100/100
|
|-weather|Sandstorm|[upkeep]
|-damage|p2a: Snow Queen|79/100|[from] Sandstorm
|-heal|p2a: Snow Queen|85/100|[from] item: Leftovers
|upkeep
|turn|14
|
|t:|1729129843
|switch|p2a: Knight of Despair|Flygon, F, shiny|58/100
|move|p1a: rocking rock|Hidden Power|p2a: Knight of Despair
|-resisted|p2a: Knight of Despair
|-damage|p2a: Knight of Despair|44/100
|
|-weather|Sandstorm|[upkeep]
|-heal|p2a: Knight of Despair|50/100|[from] item: Leftovers
|upkeep
|turn|15
|
|t:|1729129860
|switch|p1a: doll|Claydol|100/100
|move|p2a: Knight of Despair|Protect||[still]
|-fail|p2a: Knight of Despair
|
|-weather|Sandstorm|[upkeep]
|-heal|p2a: Knight of Despair|56/100|[from] item: Leftovers
|upkeep
|turn|16
|inactive|alphasapphire918 has 270 seconds left.
|
|t:|1729129876
|switch|p2a: Blue Star|Jirachi|100/100
|move|p1a: doll|Psychic|p2a: Blue Star
|-resisted|p2a: Blue Star
|-damage|p2a: Blue Star|97/100
|
|-weather|Sandstorm|[upkeep]
|-heal|p2a: Blue Star|100/100|[from] item: Leftovers
|upkeep
|turn|17
|
|t:|1729129885
|move|p2a: Blue Star|Wish|p2a: Blue Star
|move|p1a: doll|Earthquake|p2a: Blue Star
|-supereffective|p2a: Blue Star
|-damage|p2a: Blue Star|43/100
|
|-weather|Sandstorm|[upkeep]
|-heal|p2a: Blue Star|49/100|[from] item: Leftovers
|upkeep
|turn|18
|
|t:|1729129889
|move|p2a: Blue Star|Protect|p2a: Blue Star
|-singleturn|p2a: Blue Star|Protect
|move|p1a: doll|Earthquake|p2a: Blue Star
|-activate|p2a: Blue Star|Protect
|
|-heal|p2a: Blue Star|99/100|[from] move: Wish|[wisher] Blue Star
|-weather|Sandstorm|[upkeep]
|-heal|p2a: Blue Star|100/100|[from] item: Leftovers
|upkeep
|turn|19
|
|t:|1729129910
|switch|p1a: june|Celebi|100/100
|move|p2a: Blue Star|Wish|p2a: Blue Star
|
|-weather|Sandstorm|[upkeep]
|-damage|p1a: june|94/100|[from] Sandstorm
|-heal|p1a: june|100/100|[from] item: Leftovers
|upkeep
|turn|20
|
|t:|1729129918
|switch|p2a: Knight of Despair|Flygon, F, shiny|56/100
|move|p1a: june|Substitute|p1a: june
|-start|p1a: june|Substitute
|-damage|p1a: june|75/100
|
|-heal|p2a: Knight of Despair|100/100|[from] move: Wish|[wisher] Blue Star
|-weather|Sandstorm|[upkeep]
|-damage|p1a: june|69/100|[from] Sandstorm
|-heal|p1a: june|75/100|[from] item: Leftovers
|upkeep
|turn|21
|
|t:|1729129931
|switch|p2a: Snow Queen|Articuno|85/100
|move|p1a: june|Leech Seed|p2a: Snow Queen
|-start|p2a: Snow Queen|move: Leech Seed
|
|-weather|Sandstorm|[upkeep]
|-damage|p1a: june|69/100|[from] Sandstorm
|-damage|p2a: Snow Queen|79/100|[from] Sandstorm
|-heal|p1a: june|75/100|[from] item: Leftovers
|-heal|p2a: Snow Queen|85/100|[from] item: Leftovers
|-damage|p2a: Snow Queen|73/100|[from] Leech Seed|[of] p1a: june
|-heal|p1a: june|87/100|[silent]
|upkeep
|turn|22
|
|t:|1729129938
|move|p1a: june|Substitute|p1a: june
|-fail|p1a: june|move: Substitute
|move|p2a: Snow Queen|Roar|p1a: june
|drag|p1a: mind control|Medicham, F|94/100
|
|-weather|Sandstorm|[upkeep]
|-damage|p1a: mind control|88/100|[from] Sandstorm
|-damage|p2a: Snow Queen|66/100|[from] Sandstorm
|-heal|p2a: Snow Queen|73/100|[from] item: Leftovers
|-damage|p2a: Snow Queen|60/100|[from] Leech Seed|[of] p1a: mind control
|-heal|p1a: mind control|100/100|[silent]
|upkeep
|turn|23
|
|t:|1729129952
|move|p1a: mind control|Rock Slide|p2a: Snow Queen
|-supereffective|p2a: Snow Queen
|-damage|p2a: Snow Queen|0 fnt
|faint|p2a: Snow Queen
|
|t:|1729129964
|switch|p2a: Knight of Despair|Flygon, F, shiny|100/100
|
|-weather|Sandstorm|[upkeep]
|-damage|p1a: mind control|94/100|[from] Sandstorm
|upkeep
|turn|24
|
|t:|1729129975
|switch|p1a: doll|Claydol|100/100
|move|p2a: Knight of Despair|Toxic|p1a: doll
|-status|p1a: doll|tox
|
|-weather|Sandstorm|[upkeep]
|-damage|p1a: doll|94/100 tox|[from] psn
|upkeep
|turn|25
|
|t:|1729129986
|switch|p1a: wator dog|Suicune|73/100
|move|p2a: Knight of Despair|Protect||[still]
|-fail|p2a: Knight of Despair
|
|-weather|Sandstorm|[upkeep]
|-damage|p1a: wator dog|67/100|[from] Sandstorm
|-heal|p1a: wator dog|73/100|[from] item: Leftovers
|upkeep
|turn|26
|
|t:|1729129995
|switch|p2a: Blue Star|Jirachi|100/100
|move|p1a: wator dog|Ice Beam|p2a: Blue Star
|-resisted|p2a: Blue Star
|-damage|p2a: Blue Star|94/100
|
|-weather|Sandstorm|[upkeep]
|-damage|p1a: wator dog|67/100|[from] Sandstorm
|-heal|p2a: Blue Star|99/100|[from] item: Leftovers
|-heal|p1a: wator dog|73/100|[from] item: Leftovers
|upkeep
|turn|27
|
|t:|1729130004
|move|p2a: Blue Star|Body Slam|p1a: wator dog
|-damage|p1a: wator dog|61/100
|-status|p1a: wator dog|par
|move|p1a: wator dog|Calm Mind|p1a: wator dog
|-boost|p1a: wator dog|spa|1
|-boost|p1a: wator dog|spd|1
|
|-weather|Sandstorm|[upkeep]
|-damage|p1a: wator dog|55/100 par|[from] Sandstorm
|-heal|p2a: Blue Star|100/100|[from] item: Leftovers
|-heal|p1a: wator dog|61/100 par|[from] item: Leftovers
|upkeep
|turn|28
|
|t:|1729130011
|move|p2a: Blue Star|Dynamic Punch|p1a: wator dog|[miss]
|-miss|p2a: Blue Star|p1a: wator dog
|cant|p1a: wator dog|par
|
|-weather|Sandstorm|[upkeep]
|-damage|p1a: wator dog|55/100 par|[from] Sandstorm
|-heal|p1a: wator dog|61/100 par|[from] item: Leftovers
|upkeep
|turn|29
|
|t:|1729130019
|move|p2a: Blue Star|Wish|p2a: Blue Star
|move|p1a: wator dog|Calm Mind|p1a: wator dog
|-boost|p1a: wator dog|spa|1
|-boost|p1a: wator dog|spd|1
|
|-weather|Sandstorm|[upkeep]
|-damage|p1a: wator dog|55/100 par|[from] Sandstorm
|-heal|p1a: wator dog|61/100 par|[from] item: Leftovers
|upkeep
|turn|30
|
|t:|1729130026
|move|p2a: Blue Star|Dynamic Punch|p1a: wator dog|[miss]
|-miss|p2a: Blue Star|p1a: wator dog
|move|p1a: wator dog|Calm Mind|p1a: wator dog
|-boost|p1a: wator dog|spa|1
|-boost|p1a: wator dog|spd|1
|
|-weather|Sandstorm|[upkeep]
|-damage|p1a: wator dog|55/100 par|[from] Sandstorm
|-heal|p1a: wator dog|61/100 par|[from] item: Leftovers
|upkeep
|turn|31
|
|t:|1729130030
|move|p2a: Blue Star|Dynamic Punch|p1a: wator dog|[miss]
|-miss|p2a: Blue Star|p1a: wator dog
|move|p1a: wator dog|Calm Mind|p1a: wator dog
|-boost|p1a: wator dog|spa|1
|-boost|p1a: wator dog|spd|1
|
|-weather|Sandstorm|[upkeep]
|-damage|p1a: wator dog|55/100 par|[from] Sandstorm
|-heal|p1a: wator dog|61/100 par|[from] item: Leftovers
|upkeep
|turn|32
|
|t:|1729130033
|move|p2a: Blue Star|Dynamic Punch|p1a: wator dog
|-crit|p1a: wator dog
|-damage|p1a: wator dog|34/100 par
|-start|p1a: wator dog|confusion
|-activate|p1a: wator dog|confusion
|cant|p1a: wator dog|par
|
|-weather|Sandstorm|[upkeep]
|-damage|p1a: wator dog|28/100 par|[from] Sandstorm
|-heal|p1a: wator dog|34/100 par|[from] item: Leftovers
|upkeep
|turn|33
|
|t:|1729130040
|switch|p2a: Punishing Bird|Moltres|100/100
|-end|p1a: wator dog|confusion
|move|p1a: wator dog|Rest|p1a: wator dog
|-status|p1a: wator dog|slp|[from] move: Rest
|-heal|p1a: wator dog|100/100 slp|[silent]
|
|-weather|Sandstorm|[upkeep]
|-damage|p2a: Punishing Bird|94/100|[from] Sandstorm
|-damage|p1a: wator dog|94/100 slp|[from] Sandstorm
|-heal|p2a: Punishing Bird|100/100|[from] item: Leftovers
|-heal|p1a: wator dog|100/100 slp|[from] item: Leftovers
|upkeep
|turn|34
|
|t:|1729130047
|cant|p1a: wator dog|slp
|move|p2a: Punishing Bird|Roar|p1a: wator dog
|drag|p1a: doll|Claydol|94/100 tox
|
|-weather|Sandstorm|[upkeep]
|-damage|p2a: Punishing Bird|94/100|[from] Sandstorm
|-heal|p2a: Punishing Bird|100/100|[from] item: Leftovers
|-heal|p1a: doll|100/100 tox|[from] item: Leftovers
|-damage|p1a: doll|94/100 tox|[from] psn
|upkeep
|turn|35
|
|t:|1729130064
|switch|p1a: rocking rock|Regirock|100/100
|move|p2a: Punishing Bird|Hidden Power|p1a: rocking rock
|-supereffective|p1a: rocking rock
|-damage|p1a: rocking rock|53/100
|
|-weather|Sandstorm|[upkeep]
|-damage|p2a: Punishing Bird|94/100|[from] Sandstorm
|-heal|p2a: Punishing Bird|100/100|[from] item: Leftovers
|-heal|p1a: rocking rock|59/100|[from] item: Leftovers
|upkeep
|turn|36
|
|t:|1729130075
|switch|p2a: Knight of Despair|Flygon, F, shiny|100/100
|move|p1a: rocking rock|Explosion|p2a: Knight of Despair
|-damage|p2a: Knight of Despair|0 fnt
|faint|p1a: rocking rock
|faint|p2a: Knight of Despair
|
|t:|1729130088
|switch|p2a: Punishing Bird|Moltres|100/100
|switch|p1a: wator dog|Suicune|100/100 slp
|
|-weather|Sandstorm|[upkeep]
|-damage|p2a: Punishing Bird|94/100|[from] Sandstorm
|-damage|p1a: wator dog|94/100 slp|[from] Sandstorm
|-heal|p2a: Punishing Bird|100/100|[from] item: Leftovers
|-heal|p1a: wator dog|100/100 slp|[from] item: Leftovers
|upkeep
|turn|37
|
|t:|1729130097
|move|p2a: Punishing Bird|Hidden Power|p1a: wator dog
|-supereffective|p1a: wator dog
|-damage|p1a: wator dog|60/100 slp
|cant|p1a: wator dog|slp
|
|-weather|Sandstorm|[upkeep]
|-damage|p2a: Punishing Bird|94/100|[from] Sandstorm
|-damage|p1a: wator dog|54/100 slp|[from] Sandstorm
|-heal|p2a: Punishing Bird|100/100|[from] item: Leftovers
|-heal|p1a: wator dog|60/100 slp|[from] item: Leftovers
|upkeep
|turn|38
|
|t:|1729130112
|switch|p2a: Blue Star|Jirachi|100/100
|-curestatus|p1a: wator dog|slp|[msg]
|move|p1a: wator dog|Surf|p2a: Blue Star
|-damage|p2a: Blue Star|82/100
|
|-weather|Sandstorm|[upkeep]
|-damage|p1a: wator dog|54/100|[from] Sandstorm
|-heal|p2a: Blue Star|88/100|[from] item: Leftovers
|-heal|p1a: wator dog|60/100|[from] item: Leftovers
|upkeep
|turn|39
|
|t:|1729130118
|move|p2a: Blue Star|Body Slam|p1a: wator dog
|-damage|p1a: wator dog|50/100
|move|p1a: wator dog|Calm Mind|p1a: wator dog
|-boost|p1a: wator dog|spa|1
|-boost|p1a: wator dog|spd|1
|
|-weather|Sandstorm|[upkeep]
|-damage|p1a: wator dog|44/100|[from] Sandstorm
|-heal|p2a: Blue Star|95/100|[from] item: Leftovers
|-heal|p1a: wator dog|50/100|[from] item: Leftovers
|upkeep
|turn|40
|
|t:|1729130124
|move|p2a: Blue Star|Body Slam|p1a: wator dog
|-damage|p1a: wator dog|38/100
|move|p1a: wator dog|Surf|p2a: Blue Star
|-damage|p2a: Blue Star|65/100
|
|-weather|Sandstorm|[upkeep]
|-damage|p1a: wator dog|32/100|[from] Sandstorm
|-heal|p2a: Blue Star|72/100|[from] item: Leftovers
|-heal|p1a: wator dog|38/100|[from] item: Leftovers
|upkeep
|turn|41
|
|t:|1729130130
|move|p2a: Blue Star|Body Slam|p1a: wator dog
|-damage|p1a: wator dog|28/100
|move|p1a: wator dog|Surf|p2a: Blue Star
|-damage|p2a: Blue Star|44/100
|
|-weather|Sandstorm|[upkeep]
|-damage|p1a: wator dog|22/100|[from] Sandstorm
|-heal|p2a: Blue Star|50/100|[from] item: Leftovers
|-heal|p1a: wator dog|28/100|[from] item: Leftovers
|upkeep
|turn|42
|
|t:|1729130139
|move|p2a: Blue Star|Body Slam|p1a: wator dog
|-damage|p1a: wator dog|16/100
|move|p1a: wator dog|Calm Mind|p1a: wator dog
|-boost|p1a: wator dog|spa|1
|-boost|p1a: wator dog|spd|1
|
|-weather|Sandstorm|[upkeep]
|-damage|p1a: wator dog|10/100|[from] Sandstorm
|-heal|p2a: Blue Star|57/100|[from] item: Leftovers
|-heal|p1a: wator dog|16/100|[from] item: Leftovers
|upkeep
|turn|43
|
|t:|1729130146
|move|p2a: Blue Star|Body Slam|p1a: wator dog
|-damage|p1a: wator dog|5/100
|move|p1a: wator dog|Rest|p1a: wator dog
|-status|p1a: wator dog|slp|[from] move: Rest
|-heal|p1a: wator dog|100/100 slp|[silent]
|
|-weather|Sandstorm|[upkeep]
|-damage|p1a: wator dog|94/100 slp|[from] Sandstorm
|-heal|p2a: Blue Star|63/100|[from] item: Leftovers
|-heal|p1a: wator dog|100/100 slp|[from] item: Leftovers
|upkeep
|turn|44
|
|t:|1729130151
|switch|p2a: Punishing Bird|Moltres|100/100
|cant|p1a: wator dog|slp
|
|-weather|Sandstorm|[upkeep]
|-damage|p2a: Punishing Bird|94/100|[from] Sandstorm
|-damage|p1a: wator dog|94/100 slp|[from] Sandstorm
|-heal|p2a: Punishing Bird|100/100|[from] item: Leftovers
|-heal|p1a: wator dog|100/100 slp|[from] item: Leftovers
|upkeep
|turn|45
|
|t:|1729130155
|cant|p1a: wator dog|slp
|move|p2a: Punishing Bird|Roar|p1a: wator dog
|drag|p1a: june|Celebi|87/100
|
|-weather|Sandstorm|[upkeep]
|-damage|p2a: Punishing Bird|94/100|[from] Sandstorm
|-damage|p1a: june|81/100|[from] Sandstorm
|-heal|p2a: Punishing Bird|100/100|[from] item: Leftovers
|-heal|p1a: june|87/100|[from] item: Leftovers
|upkeep
|turn|46
|
|t:|1729130168
|switch|p1a: wator dog|Suicune|100/100 slp
|move|p2a: Punishing Bird|Flamethrower|p1a: wator dog
|-resisted|p1a: wator dog
|-crit|p1a: wator dog
|-damage|p1a: wator dog|63/100 slp
|
|-weather|Sandstorm|[upkeep]
|-damage|p2a: Punishing Bird|94/100|[from] Sandstorm
|-damage|p1a: wator dog|57/100 slp|[from] Sandstorm
|-heal|p2a: Punishing Bird|100/100|[from] item: Leftovers
|-heal|p1a: wator dog|63/100 slp|[from] item: Leftovers
|upkeep
|turn|47
|
|t:|1729130175
|move|p2a: Punishing Bird|Hidden Power|p1a: wator dog
|-supereffective|p1a: wator dog
|-damage|p1a: wator dog|27/100 slp
|-curestatus|p1a: wator dog|slp|[msg]
|move|p1a: wator dog|Surf|p2a: Punishing Bird
|-supereffective|p2a: Punishing Bird
|-damage|p2a: Punishing Bird|28/100
|
|-weather|Sandstorm|[upkeep]
|-damage|p2a: Punishing Bird|21/100|[from] Sandstorm
|-damage|p1a: wator dog|21/100|[from] Sandstorm
|-heal|p2a: Punishing Bird|28/100|[from] item: Leftovers
|-heal|p1a: wator dog|27/100|[from] item: Leftovers
|upkeep
|turn|48
|
|t:|1729130196
|move|p2a: Punishing Bird|Overheat|p1a: wator dog
|-resisted|p1a: wator dog
|-damage|p1a: wator dog|0 fnt
|-unboost|p2a: Punishing Bird|spa|2
|faint|p1a: wator dog
|
|t:|1729130198
|switch|p1a: mind control|Medicham, F|94/100
|
|-weather|Sandstorm|[upkeep]
|-damage|p2a: Punishing Bird|21/100|[from] Sandstorm
|-damage|p1a: mind control|88/100|[from] Sandstorm
|-heal|p2a: Punishing Bird|28/100|[from] item: Leftovers
|upkeep
|turn|49
|
|t:|1729130207
|switch|p2a: Blue Star|Jirachi|63/100
|move|p1a: mind control|Brick Break|p2a: Blue Star
|-damage|p2a: Blue Star|0 fnt
|faint|p2a: Blue Star
|
|t:|1729130212
|switch|p2a: Punishing Bird|Moltres|28/100
|
|-weather|Sandstorm|[upkeep]
|-damage|p2a: Punishing Bird|21/100|[from] Sandstorm
|-damage|p1a: mind control|82/100|[from] Sandstorm
|-heal|p2a: Punishing Bird|28/100|[from] item: Leftovers
|upkeep
|turn|50
|
|t:|1729130218
|switch|p1a: doll|Claydol|94/100 tox
|move|p2a: Punishing Bird|Overheat|p1a: doll
|-damage|p1a: doll|29/100 tox
|-unboost|p2a: Punishing Bird|spa|2
|
|-weather|Sandstorm|[upkeep]
|-damage|p2a: Punishing Bird|21/100|[from] Sandstorm
|-heal|p2a: Punishing Bird|28/100|[from] item: Leftovers
|-heal|p1a: doll|35/100 tox|[from] item: Leftovers
|-damage|p1a: doll|29/100 tox|[from] psn
|upkeep
|turn|51
|inactive|alphasapphire918 has 270 seconds left.
|
|t:|1729130251
|switch|p2a: King of Greed|Tyranitar, F, shiny|100/100
|move|p1a: doll|Explosion|p2a: King of Greed
|-resisted|p2a: King of Greed
|-crit|p2a: King of Greed
|-damage|p2a: King of Greed|10/100
|faint|p1a: doll
|
|t:|1729130257
|switch|p1a: mind control|Medicham, F|82/100
|
|-weather|Sandstorm|[upkeep]
|-damage|p1a: mind control|76/100|[from] Sandstorm
|-heal|p2a: King of Greed|16/100|[from] item: Leftovers
|upkeep
|turn|52
|
|t:|1729130263
|move|p1a: mind control|Brick Break|p2a: King of Greed
|-supereffective|p2a: King of Greed
|-damage|p2a: King of Greed|0 fnt
|faint|p2a: King of Greed
|
|t:|1729130265
|switch|p2a: Punishing Bird|Moltres|28/100
|
|-weather|Sandstorm|[upkeep]
|-damage|p2a: Punishing Bird|21/100|[from] Sandstorm
|-damage|p1a: mind control|70/100|[from] Sandstorm
|-heal|p2a: Punishing Bird|28/100|[from] item: Leftovers
|upkeep
|turn|53
|
|t:|1729130273
|switch|p1a: june|Celebi|87/100
|move|p2a: Punishing Bird|Flamethrower|p1a: june
|-supereffective|p1a: june
|-crit|p1a: june
|-damage|p1a: june|0 fnt
|faint|p1a: june
|
|t:|1729130277
|switch|p1a: mag|Magneton|100/100
|
|-weather|Sandstorm|[upkeep]
|-damage|p2a: Punishing Bird|21/100|[from] Sandstorm
|-heal|p2a: Punishing Bird|28/100|[from] item: Leftovers
|upkeep
|turn|54
|
|t:|1729130288
|move|p2a: Punishing Bird|Flamethrower|p1a: mag
|-supereffective|p1a: mag
|-damage|p1a: mag|0 fnt
|faint|p1a: mag
|
|t:|1729130289
|switch|p1a: mind control|Medicham, F|70/100
|
|-weather|Sandstorm|[upkeep]
|-damage|p2a: Punishing Bird|21/100|[from] Sandstorm
|-damage|p1a: mind control|64/100|[from] Sandstorm
|-heal|p2a: Punishing Bird|28/100|[from] item: Leftovers
|upkeep
|turn|55
|
|t:|1729130305
|move|p2a: Punishing Bird|Flamethrower|p1a: mind control
|-damage|p1a: mind control|0 fnt
|faint|p1a: mind control
|
|win|alphasapphire918
|c|☆xlimexheep|gg
|c|☆alphasapphire918|ggwp
|c|☆alphasapphire918|REAL good games
|c|☆alphasapphire918|thank you, that was super fun
|c|☆xlimexheep|same to you
|c|☆xlimexheep|gl
|c|☆alphasapphire918|ty ty!!

</script>
<script type="application/json" class="data" id="replaydata-smogtours-gen3ou-799230">
{"id":"smogtours-gen3ou-799230","format":"[Gen 3] OU","players":["xlimexheep","alphasapphire918"],"uploadtime":1729130305,"views":98,"formatid":"gen3ou","rating":null,"private":0,"password":null}
</script>

<script defer src="js/replays.js?9d40a366"></script>
