<!DOCTYPE html>
<meta charset="utf-8" />
<meta name="viewport" content="width=device-width" />

<title>[Gen 3] OU: Zcarlett_ vs. UponLink - Replays - Pok&eacute;mon Showdown!</title>

<meta name="description" content="Watch a replay of a Pok&eacute;mon battle between Zcarlett_ and UponLink! Format: [Gen 3] OU; Date: Oct 5, 2024" />
<!--

Hey, you! Looking in the source for the replay log?

You can find them in JSON format, just add `.json` at the end of a replay URL.

https://replay.pokemonshowdown.com/gen7randomdoublesbattle-865046831.json

Or, if you only need the log itself, add `.log` instead:

https://replay.pokemonshowdown.com/gen7randomdoublesbattle-865046831.log

-->

<link rel="stylesheet" href="//pokemonshowdown.com/style/global.css?0.023195364461161105" />
<link rel="stylesheet" href="//play.pokemonshowdown.com/style/font-awesome.css?0.13261647063804238" />
<link rel="stylesheet" href="//play.pokemonshowdown.com/style/battle.css?0.8753245789963631" />
<link rel="stylesheet" href="//play.pokemonshowdown.com/style/utilichart.css?0.8627959624976733" />

<!-- Global site tag (gtag.js) - Google Analytics -->
<script async src="https://www.googletagmanager.com/gtag/js?id=UA-26211653-1"></script>
<script>
  window.dataLayer = window.dataLayer || [];
  function gtag(){dataLayer.push(arguments);}
  gtag('js', new Date());

  gtag('config', 'UA-26211653-1');
</script>
<!-- End Google Analytics -->
<!-- Venatus Ad Manager - Install in <HEAD> of page -->
	<script src="https://hb.vntsm.com/v3/live/ad-manager.min.js" type="text/javascript" data-site-id="642aba63ec9a7b11c3c9c1be" data-mode="scan" async></script>
<!-- / Venatus Ad Manager -->

<style>
	@media (max-width:820px) {
		.battle {
			margin: 0 auto;
		}
		.battle-log {
			margin: 7px auto 0;
			max-width: 640px;
			height: 300px;
			position: static;
		}
	}
	.optgroup {
		display: inline-block;
		line-height: 22px;
		font-size: 10pt;
	}
	.optgroup .button {
		height: 25px;
		padding-top: 0;
		padding-bottom: 0;
	}
	.optgroup button.button {
		padding-left: 12px;
		padding-right: 12px;
	}
	.linklist {
		list-style: none;
		margin: 0.5em 0;
		padding: 0;
	}
	.linklist li {
		padding: 2px 0;
	}
	.sidebar {
		float: left;
		width: 320px;
	}
	.bar-wrapper {
		max-width: 1100px;
		margin: 0 auto;
	}
	.bar-wrapper.has-sidebar {
		max-width: 1430px;
	}
	.mainbar {
		margin: 0;
		padding-right: 1px;
	}
	.mainbar.has-sidebar {
		margin-left: 330px;
	}
	@media (min-width: 1511px) {
		.sidebar {
			width: 400px;
		}
		.bar-wrapper.has-sidebar {
			max-width: 1510px;
		}
		.mainbar.has-sidebar {
			margin-left: 410px;
		}
	}
	.section.first-section {
		margin-top: 9px;
	}
	.blocklink small {
		white-space: normal;
	}
	.button {
		vertical-align: middle;
	}
	.replay-controls {
		padding-top: 10px;
	}
	.replay-controls h1 {
		font-size: 16pt;
		font-weight: normal;
		color: #CCC;
	}
	.pagelink {
		text-align: center;
	}
	.pagelink a {
		width: 150px;
	}
	.textbox, .button {
		font-size: 11pt;
		vertical-align: middle;
	}
	@media (max-width: 450px) {
		.button {
			font-size: 9pt;
		}
	}
</style>

<div>

	<header>
		<div class="nav-wrapper"><ul class="nav">
			<li><a class="button nav-first" href="//pokemonshowdown.com/"><img src="//pokemonshowdown.com/images/pokemonshowdownbeta.png" srcset="//pokemonshowdown.com/images/pokemonshowdownbeta.png 1x, //pokemonshowdown.com/images/pokemonshowdownbeta@2x.png 2x" alt="Pok&eacute;mon Showdown" width="146" height="44" /> Home</a></li>
			<li><a class="button" href="//pokemonshowdown.com/dex/">Pok&eacute;dex</a></li>
			<li><a class="button cur" href="/">Replays</a></li>
			<li><a class="button" href="//pokemonshowdown.com/ladder/">Ladder</a></li>
			<li><a class="button nav-last" href="//pokemonshowdown.com/forums/">Forum</a></li>
			<li><a class="button greenbutton nav-first nav-last" href="//play.pokemonshowdown.com/">Play</a></li>
		</ul></div>
	</header>

	<div class="main" id="main">

		<noscript><section class="section">You need to enable JavaScript to use this page; sorry!</section></noscript>

	</div>

</div>

<script defer nomodule src="//play.pokemonshowdown.com/js/lib/ps-polyfill.js"></script>
<script defer src="//play.pokemonshowdown.com/js/lib/preact.min.js"></script>

<script defer src="//play.pokemonshowdown.com/config/config.js?2bddbc15"></script>
<script defer src="//play.pokemonshowdown.com/js/lib/jquery-1.11.0.min.js"></script>
<script defer src="//play.pokemonshowdown.com/js/lib/html-sanitizer-minified.js"></script>
<script defer src="//play.pokemonshowdown.com/js/battle-sound.js"></script>
<script defer src="//play.pokemonshowdown.com/js/battledata.js?0.7209276989879541"></script>
<script defer src="//play.pokemonshowdown.com/data/pokedex-mini.js?0.6111056340867951"></script>
<script defer src="//play.pokemonshowdown.com/data/pokedex-mini-bw.js?0.3532142036491459"></script>
<script defer src="//play.pokemonshowdown.com/data/graphics.js?0.24223875632456182"></script>
<script defer src="//play.pokemonshowdown.com/data/pokedex.js?0.38839984266356864"></script>
<script defer src="//play.pokemonshowdown.com/data/moves.js?0.21866028504024015"></script>
<script defer src="//play.pokemonshowdown.com/data/abilities.js?0.2005157953846628"></script>
<script defer src="//play.pokemonshowdown.com/data/items.js?0.9894211263848525"></script>
<script defer src="//play.pokemonshowdown.com/data/teambuilder-tables.js?0.6008791140282215"></script>
<script defer src="//play.pokemonshowdown.com/js/battle-tooltips.js?0.7580118955022959"></script>
<script defer src="//play.pokemonshowdown.com/js/battle.js?0.6057722274234274"></script>

<script defer src="js/utils.js?e31f9a17"></script>
<script defer src="js/replays-battle.js?7008c182"></script>

<!-- don't scrape this data! just add .json or .log after the URL!
Full API docs: https://github.com/smogon/pokemon-showdown-client/blob/master/WEB-API.md -->
<script type="text/plain" class="log" id="replaylog-smogtours-gen3ou-794829">
|inactive|Battle timer is ON: inactive players will automatically lose when time's up.
|t:|1728095845
|gametype|singles
|player|p1|Zcarlett_|miku-flying|
|player|p2|UponLink|101|
|teamsize|p1|6
|teamsize|p2|6
|gen|3
|tier|[Gen 3] OU
|rule|Sleep Clause Mod: Limit one foe put to sleep
|rule|Switch Priority Clause Mod: Faster Pokémon switch first
|rule|Species Clause: Limit one of each Pokémon
|rule|OHKO Clause: OHKO moves are banned
|rule|Evasion Items Clause: Evasion items are banned
|rule|Evasion Moves Clause: Evasion moves are banned
|rule|Endless Battle Clause: Forcing endless battles is banned
|rule|HP Percentage Mod: HP is shown in percentages
|rule|One Boost Passer Clause: Limit one Baton Passer that has a way to boost its stats
|rule|Freeze Clause Mod: Limit one foe frozen
|
|t:|1728095845
|start
|switch|p1a: Zapdos|Zapdos|100/100
|switch|p2a: Metagross|Metagross|100/100
|turn|1
|
|t:|1728095860
|switch|p1a: Celebi|Celebi|100/100
|move|p2a: Metagross|Rock Slide|p1a: Celebi
|-crit|p1a: Celebi
|-damage|p1a: Celebi|25/100
|
|-heal|p1a: Celebi|31/100|[from] item: Leftovers
|upkeep
|turn|2
|
|t:|1728095872
|switch|p1a: Swampert|Swampert, F|100/100
|move|p2a: Metagross|Rock Slide|p1a: Swampert
|-resisted|p1a: Swampert
|-damage|p1a: Swampert|86/100
|
|-heal|p1a: Swampert|92/100|[from] item: Leftovers
|upkeep
|turn|3
|
|t:|1728095878
|switch|p2a: Weezing|Weezing, F|100/100
|move|p1a: Swampert|Ice Beam|p2a: Weezing
|-damage|p2a: Weezing|69/100
|
|-heal|p2a: Weezing|75/100|[from] item: Leftovers
|-heal|p1a: Swampert|98/100|[from] item: Leftovers
|upkeep
|turn|4
|
|t:|1728095888
|switch|p1a: Celebi|Celebi|31/100
|move|p2a: Weezing|Will-O-Wisp|p1a: Celebi
|-status|p1a: Celebi|brn
|
|-heal|p1a: Celebi|37/100 brn|[from] item: Leftovers
|-damage|p1a: Celebi|25/100 brn|[from] brn
|-heal|p2a: Weezing|81/100|[from] item: Leftovers
|upkeep
|turn|5
|
|t:|1728095893
|move|p1a: Celebi|Leech Seed|p2a: Weezing
|-start|p2a: Weezing|move: Leech Seed
|move|p2a: Weezing|Sludge Bomb|p1a: Celebi
|-supereffective|p1a: Celebi
|-damage|p1a: Celebi|0 fnt
|faint|p1a: Celebi
|
|t:|1728095901
|switch|p1a: Zapdos|Zapdos|100/100
|
|-heal|p2a: Weezing|87/100|[from] item: Leftovers
|-damage|p2a: Weezing|75/100|[from] Leech Seed|[of] p1a: Zapdos
|upkeep
|turn|6
|
|t:|1728095905
|move|p1a: Zapdos|Thunderbolt|p2a: Weezing
|-damage|p2a: Weezing|7/100
|move|p2a: Weezing|Explosion|p1a: Zapdos
|-damage|p1a: Zapdos|0 fnt
|faint|p2a: Weezing
|faint|p1a: Zapdos
|
|t:|1728095915
|switch|p1a: Swampert|Swampert, F|98/100
|switch|p2a: Snorlax|Snorlax, F|100/100
|
|-heal|p1a: Swampert|100/100|[from] item: Leftovers
|upkeep
|turn|7
|
|t:|1728095919
|move|p2a: Snorlax|Curse|p2a: Snorlax
|-unboost|p2a: Snorlax|spe|1
|-boost|p2a: Snorlax|atk|1
|-boost|p2a: Snorlax|def|1
|move|p1a: Swampert|Roar|p2a: Snorlax
|drag|p2a: Claydol|Claydol|100/100
|
|upkeep
|turn|8
|
|t:|1728095927
|move|p2a: Claydol|Earthquake|p1a: Swampert
|-damage|p1a: Swampert|74/100
|move|p1a: Swampert|Hydro Pump|p2a: Claydol
|-supereffective|p2a: Claydol
|-damage|p2a: Claydol|29/100
|
|-heal|p2a: Claydol|35/100|[from] item: Leftovers
|-heal|p1a: Swampert|80/100|[from] item: Leftovers
|upkeep
|turn|9
|
|t:|1728095930
|switch|p1a: Gengar|Gengar, F|100/100
|move|p2a: Claydol|Explosion|p1a: Gengar
|-immune|p1a: Gengar
|faint|p2a: Claydol
|
|t:|1728095944
|switch|p2a: Magneton|Magneton|100/100
|
|upkeep
|turn|10
|
|t:|1728095949
|switch|p1a: Dugtrio|Dugtrio, F|100/100
|move|p2a: Magneton|Toxic|p1a: Dugtrio
|-status|p1a: Dugtrio|tox
|
|-damage|p1a: Dugtrio|94/100 tox|[from] psn
|upkeep
|turn|11
|
|t:|1728095956
|move|p2a: Magneton|Protect|p2a: Magneton
|-singleturn|p2a: Magneton|Protect
|move|p1a: Dugtrio|Earthquake|p2a: Magneton
|-activate|p2a: Magneton|Protect
|
|-damage|p1a: Dugtrio|82/100 tox|[from] psn
|upkeep
|turn|12
|
|t:|1728095958
|move|p2a: Magneton|Protect||[still]
|-fail|p2a: Magneton
|move|p1a: Dugtrio|Earthquake|p2a: Magneton
|-supereffective|p2a: Magneton
|-damage|p2a: Magneton|0 fnt
|faint|p2a: Magneton
|
|t:|1728095960
|switch|p2a: Gengar|Gengar, M|100/100
|
|-damage|p1a: Dugtrio|64/100 tox|[from] psn
|upkeep
|turn|13
|
|t:|1728095966
|switch|p1a: Tyranitar|Tyranitar, M|100/100
|-weather|Sandstorm|[from] ability: Sand Stream|[of] p1a: Tyranitar
|move|p2a: Gengar|Will-O-Wisp|p1a: Tyranitar|[miss]
|-miss|p2a: Gengar|p1a: Tyranitar
|
|-weather|Sandstorm|[upkeep]
|-damage|p2a: Gengar|94/100|[from] Sandstorm
|-heal|p2a: Gengar|100/100|[from] item: Leftovers
|upkeep
|turn|14
|
|t:|1728095982
|move|p2a: Gengar|Will-O-Wisp|p1a: Tyranitar
|-status|p1a: Tyranitar|brn
|move|p1a: Tyranitar|Rock Slide|p2a: Gengar
|-damage|p2a: Gengar|72/100
|
|-weather|Sandstorm|[upkeep]
|-damage|p2a: Gengar|66/100|[from] Sandstorm
|-heal|p2a: Gengar|72/100|[from] item: Leftovers
|-damage|p1a: Tyranitar|88/100 brn|[from] brn
|upkeep
|turn|15
|
|t:|1728095987
|move|p2a: Gengar|Giga Drain|p1a: Tyranitar
|-supereffective|p1a: Tyranitar
|-crit|p1a: Tyranitar
|-damage|p1a: Tyranitar|30/100 brn
|-heal|p2a: Gengar|100/100|[from] drain|[of] p1a: Tyranitar
|move|p1a: Tyranitar|Rock Slide|p2a: Gengar
|-damage|p2a: Gengar|69/100
|
|-weather|Sandstorm|[upkeep]
|-damage|p2a: Gengar|63/100|[from] Sandstorm
|-heal|p2a: Gengar|69/100|[from] item: Leftovers
|-heal|p1a: Tyranitar|36/100 brn|[from] item: Leftovers
|-damage|p1a: Tyranitar|24/100 brn|[from] brn
|upkeep
|turn|16
|
|t:|1728095991
|move|p2a: Gengar|Giga Drain|p1a: Tyranitar
|-supereffective|p1a: Tyranitar
|-damage|p1a: Tyranitar|0 fnt
|-heal|p2a: Gengar|83/100|[from] drain|[of] p1a: Tyranitar
|faint|p1a: Tyranitar
|
|t:|1728095992
|switch|p1a: Gengar|Gengar, F|100/100
|
|-weather|Sandstorm|[upkeep]
|-damage|p2a: Gengar|77/100|[from] Sandstorm
|-damage|p1a: Gengar|94/100|[from] Sandstorm
|-heal|p2a: Gengar|83/100|[from] item: Leftovers
|-heal|p1a: Gengar|100/100|[from] item: Leftovers
|upkeep
|turn|17
|
|t:|1728095996
|move|p2a: Gengar|Will-O-Wisp|p1a: Gengar
|-status|p1a: Gengar|brn
|move|p1a: Gengar|Thunderbolt|p2a: Gengar
|-damage|p2a: Gengar|43/100
|
|-weather|Sandstorm|[upkeep]
|-damage|p2a: Gengar|37/100|[from] Sandstorm
|-damage|p1a: Gengar|94/100 brn|[from] Sandstorm
|-heal|p2a: Gengar|43/100|[from] item: Leftovers
|-heal|p1a: Gengar|100/100 brn|[from] item: Leftovers
|-damage|p1a: Gengar|88/100 brn|[from] brn
|upkeep
|turn|18
|
|t:|1728096000
|move|p2a: Gengar|Destiny Bond|p2a: Gengar
|-singlemove|p2a: Gengar|Destiny Bond
|move|p1a: Gengar|Thunderbolt|p2a: Gengar
|-damage|p2a: Gengar|5/100
|
|-weather|Sandstorm|[upkeep]
|-damage|p2a: Gengar|0 fnt|[from] Sandstorm
|-damage|p1a: Gengar|82/100 brn|[from] Sandstorm
|faint|p2a: Gengar
|-heal|p1a: Gengar|88/100 brn|[from] item: Leftovers
|-damage|p1a: Gengar|76/100 brn|[from] brn
|upkeep
|inactive|UponLink has 270 seconds left.
|
|t:|1728096037
|switch|p2a: Metagross|Metagross|100/100
|turn|19
|inactive|UponLink has 270 seconds left.
|
|t:|1728096042
|switch|p1a: Swampert|Swampert, F|80/100
|move|p2a: Metagross|Meteor Mash|p1a: Swampert
|-resisted|p1a: Swampert
|-damage|p1a: Swampert|50/100
|
|-weather|Sandstorm|[upkeep]
|-heal|p1a: Swampert|56/100|[from] item: Leftovers
|upkeep
|turn|20
|
|t:|1728096048
|move|p2a: Metagross|Meteor Mash|p1a: Swampert
|-resisted|p1a: Swampert
|-damage|p1a: Swampert|24/100
|move|p1a: Swampert|Earthquake|p2a: Metagross
|-supereffective|p2a: Metagross
|-damage|p2a: Metagross|43/100
|
|-weather|Sandstorm|[upkeep]
|-heal|p1a: Swampert|30/100|[from] item: Leftovers
|upkeep
|turn|21
|inactive|UponLink has 270 seconds left.
|
|t:|1728096070
|move|p2a: Metagross|Meteor Mash|p1a: Swampert
|-resisted|p1a: Swampert
|-damage|p1a: Swampert|0 fnt
|faint|p1a: Swampert
|
|t:|1728096072
|switch|p1a: Dugtrio|Dugtrio, F|64/100 tox
|
|-weather|Sandstorm|[upkeep]
|-damage|p1a: Dugtrio|58/100 tox|[from] psn
|upkeep
|turn|22
|
|t:|1728096075
|move|p1a: Dugtrio|Earthquake|p2a: Metagross
|-supereffective|p2a: Metagross
|-damage|p2a: Metagross|0 fnt
|faint|p2a: Metagross
|
|t:|1728096076
|switch|p2a: Snorlax|Snorlax, F|100/100
|
|-weather|Sandstorm|[upkeep]
|-damage|p2a: Snorlax|94/100|[from] Sandstorm
|-damage|p1a: Dugtrio|46/100 tox|[from] psn
|-heal|p2a: Snorlax|100/100|[from] item: Leftovers
|upkeep
|turn|23
|
|t:|1728096082
|move|p1a: Dugtrio|Earthquake|p2a: Snorlax
|-damage|p2a: Snorlax|50/100
|move|p2a: Snorlax|Curse|p2a: Snorlax
|-unboost|p2a: Snorlax|spe|1
|-boost|p2a: Snorlax|atk|1
|-boost|p2a: Snorlax|def|1
|
|-weather|Sandstorm|[upkeep]
|-damage|p2a: Snorlax|43/100|[from] Sandstorm
|-damage|p1a: Dugtrio|28/100 tox|[from] psn
|-heal|p2a: Snorlax|50/100|[from] item: Leftovers
|upkeep
|turn|24
|
|t:|1728096092
|switch|p1a: Gengar|Gengar, F|76/100 brn
|move|p2a: Snorlax|Body Slam|p1a: Gengar
|-immune|p1a: Gengar
|
|-weather|Sandstorm|[upkeep]
|-damage|p1a: Gengar|70/100 brn|[from] Sandstorm
|-damage|p2a: Snorlax|43/100|[from] Sandstorm
|-heal|p1a: Gengar|76/100 brn|[from] item: Leftovers
|-damage|p1a: Gengar|63/100 brn|[from] brn
|-heal|p2a: Snorlax|50/100|[from] item: Leftovers
|upkeep
|turn|25
|
|t:|1728096096
|move|p1a: Gengar|Will-O-Wisp|p2a: Snorlax
|-status|p2a: Snorlax|brn
|move|p2a: Snorlax|Shadow Ball|p1a: Gengar
|-supereffective|p1a: Gengar
|-damage|p1a: Gengar|0 fnt
|faint|p1a: Gengar
|
|t:|1728096097
|switch|p1a: Dugtrio|Dugtrio, F|28/100 tox
|
|-weather|Sandstorm|[upkeep]
|-damage|p2a: Snorlax|43/100 brn|[from] Sandstorm
|-damage|p1a: Dugtrio|22/100 tox|[from] psn
|-heal|p2a: Snorlax|50/100 brn|[from] item: Leftovers
|-damage|p2a: Snorlax|37/100 brn|[from] brn
|upkeep
|turn|26
|
|t:|1728096100
|move|p1a: Dugtrio|Earthquake|p2a: Snorlax
|-damage|p2a: Snorlax|6/100 brn
|move|p2a: Snorlax|Body Slam|p1a: Dugtrio
|-damage|p1a: Dugtrio|0 fnt
|faint|p1a: Dugtrio
|
|win|UponLink
|c|☆Zcarlett_|gg
|player|p1|
|c|☆UponLink|gg

</script>
<script type="application/json" class="data" id="replaydata-smogtours-gen3ou-794829">
{"id":"smogtours-gen3ou-794829","format":"[Gen 3] OU","players":["Zcarlett_","UponLink"],"uploadtime":1728096100,"views":152,"formatid":"gen3ou","rating":null,"private":0,"password":null}
</script>

<script defer src="js/replays.js?9d40a366"></script>
