<!DOCTYPE html>
<meta charset="utf-8" />
<meta name="viewport" content="width=device-width" />

<title>[Gen 3] OU: SqueamishCube vs. 13ased - Replays - Pok&eacute;mon Showdown!</title>

<meta name="description" content="Watch a replay of a Pok&eacute;mon battle between SqueamishCube and 13ased! Format: [Gen 3] OU; Date: Oct 26, 2024" />
<!--

Hey, you! Looking in the source for the replay log?

You can find them in JSON format, just add `.json` at the end of a replay URL.

https://replay.pokemonshowdown.com/gen7randomdoublesbattle-865046831.json

Or, if you only need the log itself, add `.log` instead:

https://replay.pokemonshowdown.com/gen7randomdoublesbattle-865046831.log

-->

<link rel="stylesheet" href="//pokemonshowdown.com/style/global.css?0.023195364461161105" />
<link rel="stylesheet" href="//play.pokemonshowdown.com/style/font-awesome.css?0.13261647063804238" />
<link rel="stylesheet" href="//play.pokemonshowdown.com/style/battle.css?0.8753245789963631" />
<link rel="stylesheet" href="//play.pokemonshowdown.com/style/utilichart.css?0.8627959624976733" />

<!-- Global site tag (gtag.js) - Google Analytics -->
<script async src="https://www.googletagmanager.com/gtag/js?id=UA-26211653-1"></script>
<script>
  window.dataLayer = window.dataLayer || [];
  function gtag(){dataLayer.push(arguments);}
  gtag('js', new Date());

  gtag('config', 'UA-26211653-1');
</script>
<!-- End Google Analytics -->
<!-- Venatus Ad Manager - Install in <HEAD> of page -->
	<script src="https://hb.vntsm.com/v3/live/ad-manager.min.js" type="text/javascript" data-site-id="642aba63ec9a7b11c3c9c1be" data-mode="scan" async></script>
<!-- / Venatus Ad Manager -->

<style>
	@media (max-width:820px) {
		.battle {
			margin: 0 auto;
		}
		.battle-log {
			margin: 7px auto 0;
			max-width: 640px;
			height: 300px;
			position: static;
		}
	}
	.optgroup {
		display: inline-block;
		line-height: 22px;
		font-size: 10pt;
	}
	.optgroup .button {
		height: 25px;
		padding-top: 0;
		padding-bottom: 0;
	}
	.optgroup button.button {
		padding-left: 12px;
		padding-right: 12px;
	}
	.linklist {
		list-style: none;
		margin: 0.5em 0;
		padding: 0;
	}
	.linklist li {
		padding: 2px 0;
	}
	.sidebar {
		float: left;
		width: 320px;
	}
	.bar-wrapper {
		max-width: 1100px;
		margin: 0 auto;
	}
	.bar-wrapper.has-sidebar {
		max-width: 1430px;
	}
	.mainbar {
		margin: 0;
		padding-right: 1px;
	}
	.mainbar.has-sidebar {
		margin-left: 330px;
	}
	@media (min-width: 1511px) {
		.sidebar {
			width: 400px;
		}
		.bar-wrapper.has-sidebar {
			max-width: 1510px;
		}
		.mainbar.has-sidebar {
			margin-left: 410px;
		}
	}
	.section.first-section {
		margin-top: 9px;
	}
	.blocklink small {
		white-space: normal;
	}
	.button {
		vertical-align: middle;
	}
	.replay-controls {
		padding-top: 10px;
	}
	.replay-controls h1 {
		font-size: 16pt;
		font-weight: normal;
		color: #CCC;
	}
	.pagelink {
		text-align: center;
	}
	.pagelink a {
		width: 150px;
	}
	.textbox, .button {
		font-size: 11pt;
		vertical-align: middle;
	}
	@media (max-width: 450px) {
		.button {
			font-size: 9pt;
		}
	}
</style>

<div>

	<header>
		<div class="nav-wrapper"><ul class="nav">
			<li><a class="button nav-first" href="//pokemonshowdown.com/"><img src="//pokemonshowdown.com/images/pokemonshowdownbeta.png" srcset="//pokemonshowdown.com/images/pokemonshowdownbeta.png 1x, //pokemonshowdown.com/images/pokemonshowdownbeta@2x.png 2x" alt="Pok&eacute;mon Showdown" width="146" height="44" /> Home</a></li>
			<li><a class="button" href="//pokemonshowdown.com/dex/">Pok&eacute;dex</a></li>
			<li><a class="button cur" href="/">Replays</a></li>
			<li><a class="button" href="//pokemonshowdown.com/ladder/">Ladder</a></li>
			<li><a class="button nav-last" href="//pokemonshowdown.com/forums/">Forum</a></li>
			<li><a class="button greenbutton nav-first nav-last" href="//play.pokemonshowdown.com/">Play</a></li>
		</ul></div>
	</header>

	<div class="main" id="main">

		<noscript><section class="section">You need to enable JavaScript to use this page; sorry!</section></noscript>

	</div>

</div>

<script defer nomodule src="//play.pokemonshowdown.com/js/lib/ps-polyfill.js"></script>
<script defer src="//play.pokemonshowdown.com/js/lib/preact.min.js"></script>

<script defer src="//play.pokemonshowdown.com/config/config.js?2bddbc15"></script>
<script defer src="//play.pokemonshowdown.com/js/lib/jquery-1.11.0.min.js"></script>
<script defer src="//play.pokemonshowdown.com/js/lib/html-sanitizer-minified.js"></script>
<script defer src="//play.pokemonshowdown.com/js/battle-sound.js"></script>
<script defer src="//play.pokemonshowdown.com/js/battledata.js?0.7209276989879541"></script>
<script defer src="//play.pokemonshowdown.com/data/pokedex-mini.js?0.6111056340867951"></script>
<script defer src="//play.pokemonshowdown.com/data/pokedex-mini-bw.js?0.3532142036491459"></script>
<script defer src="//play.pokemonshowdown.com/data/graphics.js?0.24223875632456182"></script>
<script defer src="//play.pokemonshowdown.com/data/pokedex.js?0.38839984266356864"></script>
<script defer src="//play.pokemonshowdown.com/data/moves.js?0.21866028504024015"></script>
<script defer src="//play.pokemonshowdown.com/data/abilities.js?0.2005157953846628"></script>
<script defer src="//play.pokemonshowdown.com/data/items.js?0.9894211263848525"></script>
<script defer src="//play.pokemonshowdown.com/data/teambuilder-tables.js?0.6008791140282215"></script>
<script defer src="//play.pokemonshowdown.com/js/battle-tooltips.js?0.7580118955022959"></script>
<script defer src="//play.pokemonshowdown.com/js/battle.js?0.6057722274234274"></script>

<script defer src="js/utils.js?e31f9a17"></script>
<script defer src="js/replays-battle.js?7008c182"></script>

<!-- don't scrape this data! just add .json or .log after the URL!
Full API docs: https://github.com/smogon/pokemon-showdown-client/blob/master/WEB-API.md -->
<script type="text/plain" class="log" id="replaylog-smogtours-gen3ou-802007">
|inactive|Battle timer is ON: inactive players will automatically lose when time's up.
|t:|1729902169
|gametype|singles
|player|p1|SqueamishCube|lyra|
|player|p2|13ased|ltsurge|
|teamsize|p1|6
|teamsize|p2|6
|gen|3
|tier|[Gen 3] OU
|rule|Sleep Clause Mod: Limit one foe put to sleep
|rule|Switch Priority Clause Mod: Faster Pokémon switch first
|rule|Species Clause: Limit one of each Pokémon
|rule|OHKO Clause: OHKO moves are banned
|rule|Evasion Items Clause: Evasion items are banned
|rule|Evasion Moves Clause: Evasion moves are banned
|rule|Endless Battle Clause: Forcing endless battles is banned
|rule|HP Percentage Mod: HP is shown in percentages
|rule|One Boost Passer Clause: Limit one Baton Passer that has a way to boost its stats
|rule|Freeze Clause Mod: Limit one foe frozen
|
|t:|1729902169
|start
|switch|p1a: Tyranitar|Tyranitar, M|100/100
|switch|p2a: Slaking|Slaking, F|100/100
|-weather|Sandstorm|[from] ability: Sand Stream|[of] p1a: Tyranitar
|turn|1
|c|☆13ased|Gl
|
|t:|1729902185
|switch|p1a: Skarmory|Skarmory, M|100/100
|move|p2a: Slaking|Shadow Ball|p1a: Skarmory
|-resisted|p1a: Skarmory
|-damage|p1a: Skarmory|81/100
|
|-weather|Sandstorm|[upkeep]
|-damage|p2a: Slaking|94/100|[from] Sandstorm
|-heal|p1a: Skarmory|87/100|[from] item: Leftovers
|upkeep
|turn|2
|
|t:|1729902189
|switch|p2a: Magneton|Magneton|100/100
|move|p1a: Skarmory|Toxic|p2a: Magneton
|-immune|p2a: Magneton
|
|-weather|Sandstorm|[upkeep]
|-heal|p1a: Skarmory|93/100|[from] item: Leftovers
|upkeep
|turn|3
|
|t:|1729902193
|move|p2a: Magneton|Thunderbolt|p1a: Skarmory
|-supereffective|p1a: Skarmory
|-damage|p1a: Skarmory|0 fnt
|faint|p1a: Skarmory
|
|t:|1729902197
|switch|p1a: Swampert|Swampert, F|100/100
|
|-weather|Sandstorm|[upkeep]
|upkeep
|turn|4
|
|t:|1729902204
|move|p2a: Magneton|Toxic|p1a: Swampert
|-status|p1a: Swampert|tox
|move|p1a: Swampert|Hydro Pump|p2a: Magneton
|-damage|p2a: Magneton|9/100
|
|-weather|Sandstorm|[upkeep]
|-damage|p1a: Swampert|94/100 tox|[from] psn
|upkeep
|turn|5
|
|t:|1729902211
|switch|p2a: Blissey|Blissey, F|100/100
|move|p1a: Swampert|Ice Beam|p2a: Blissey
|-damage|p2a: Blissey|90/100
|
|-weather|Sandstorm|[upkeep]
|-damage|p2a: Blissey|83/100|[from] Sandstorm
|-heal|p1a: Swampert|100/100 tox|[from] item: Leftovers
|-damage|p1a: Swampert|88/100 tox|[from] psn
|-heal|p2a: Blissey|90/100|[from] item: Leftovers
|upkeep
|turn|6
|
|t:|1729902217
|switch|p1a: Tyranitar|Tyranitar, M|100/100
|move|p2a: Blissey|Ice Beam|p1a: Tyranitar
|-damage|p1a: Tyranitar|81/100
|
|-weather|Sandstorm|[upkeep]
|-damage|p2a: Blissey|83/100|[from] Sandstorm
|-heal|p2a: Blissey|90/100|[from] item: Leftovers
|upkeep
|turn|7
|
|t:|1729902222
|switch|p2a: Swampert|Swampert, F|100/100
|move|p1a: Tyranitar|Dragon Dance|p1a: Tyranitar
|-boost|p1a: Tyranitar|atk|1
|-boost|p1a: Tyranitar|spe|1
|
|-weather|Sandstorm|[upkeep]
|upkeep
|turn|8
|
|t:|1729902227
|switch|p1a: Gengar|Gengar, F|100/100
|move|p2a: Swampert|Earthquake|p1a: Gengar
|-immune|p1a: Gengar
|
|-weather|Sandstorm|[upkeep]
|-damage|p1a: Gengar|94/100|[from] Sandstorm
|-heal|p1a: Gengar|100/100|[from] item: Leftovers
|upkeep
|turn|9
|
|t:|1729902231
|move|p2a: Swampert|Protect|p2a: Swampert
|-singleturn|p2a: Swampert|Protect
|move|p1a: Gengar|Giga Drain|p2a: Swampert
|-activate|p2a: Swampert|Protect
|
|-weather|Sandstorm|[upkeep]
|-damage|p1a: Gengar|94/100|[from] Sandstorm
|-heal|p1a: Gengar|100/100|[from] item: Leftovers
|upkeep
|turn|10
|
|t:|1729902234
|switch|p2a: Blissey|Blissey, F|90/100
|move|p1a: Gengar|Giga Drain|p2a: Blissey
|-damage|p2a: Blissey|83/100
|
|-weather|Sandstorm|[upkeep]
|-damage|p1a: Gengar|94/100|[from] Sandstorm
|-damage|p2a: Blissey|76/100|[from] Sandstorm
|-heal|p1a: Gengar|100/100|[from] item: Leftovers
|-heal|p2a: Blissey|83/100|[from] item: Leftovers
|upkeep
|turn|11
|
|t:|1729902241
|switch|p1a: Tyranitar|Tyranitar, M|81/100
|move|p2a: Blissey|Calm Mind|p2a: Blissey
|-boost|p2a: Blissey|spa|1
|-boost|p2a: Blissey|spd|1
|
|-weather|Sandstorm|[upkeep]
|-damage|p2a: Blissey|76/100|[from] Sandstorm
|-heal|p2a: Blissey|83/100|[from] item: Leftovers
|upkeep
|turn|12
|
|t:|1729902245
|switch|p2a: Swampert|Swampert, F|100/100
|move|p1a: Tyranitar|Brick Break|p2a: Swampert
|-damage|p2a: Swampert|87/100
|
|-weather|Sandstorm|[upkeep]
|-heal|p2a: Swampert|93/100|[from] item: Leftovers
|upkeep
|turn|13
|
|t:|1729902250
|switch|p1a: Swampert|Swampert, F|88/100 tox
|move|p2a: Swampert|Hydro Pump|p1a: Swampert
|-crit|p1a: Swampert
|-damage|p1a: Swampert|13/100 tox
|
|-weather|Sandstorm|[upkeep]
|-heal|p1a: Swampert|19/100 tox|[from] item: Leftovers
|-damage|p1a: Swampert|13/100 tox|[from] psn
|-heal|p2a: Swampert|99/100|[from] item: Leftovers
|upkeep
|turn|14
|
|t:|1729902257
|move|p2a: Swampert|Protect|p2a: Swampert
|-singleturn|p2a: Swampert|Protect
|move|p1a: Swampert|Hydro Pump|p2a: Swampert
|-activate|p2a: Swampert|Protect
|
|-weather|Sandstorm|[upkeep]
|-heal|p1a: Swampert|19/100 tox|[from] item: Leftovers
|-damage|p1a: Swampert|7/100 tox|[from] psn
|-heal|p2a: Swampert|100/100|[from] item: Leftovers
|upkeep
|turn|15
|
|t:|1729902262
|switch|p2a: Magneton|Magneton|9/100
|move|p1a: Swampert|Hydro Pump|p2a: Magneton
|-damage|p2a: Magneton|0 fnt
|faint|p2a: Magneton
|
|t:|1729902268
|switch|p2a: Blissey|Blissey, F|83/100
|
|-weather|Sandstorm|[upkeep]
|-damage|p2a: Blissey|76/100|[from] Sandstorm
|-heal|p1a: Swampert|13/100 tox|[from] item: Leftovers
|-damage|p1a: Swampert|0 fnt|[from] psn
|faint|p1a: Swampert
|-heal|p2a: Blissey|83/100|[from] item: Leftovers
|upkeep
|
|t:|1729902273
|switch|p1a: Tyranitar|Tyranitar, M|81/100
|turn|16
|
|t:|1729902280
|switch|p2a: Swampert|Swampert, F|100/100
|move|p1a: Tyranitar|Dragon Dance|p1a: Tyranitar
|-boost|p1a: Tyranitar|atk|1
|-boost|p1a: Tyranitar|spe|1
|
|-weather|Sandstorm|[upkeep]
|upkeep
|turn|17
|
|t:|1729902284
|move|p1a: Tyranitar|Brick Break|p2a: Swampert
|-damage|p2a: Swampert|79/100
|move|p2a: Swampert|Earthquake|p1a: Tyranitar
|-supereffective|p1a: Tyranitar
|-damage|p1a: Tyranitar|14/100
|
|-weather|Sandstorm|[upkeep]
|-heal|p2a: Swampert|86/100|[from] item: Leftovers
|upkeep
|turn|18
|
|t:|1729902288
|move|p1a: Tyranitar|Rock Slide|p2a: Swampert
|-resisted|p2a: Swampert
|-damage|p2a: Swampert|68/100
|move|p2a: Swampert|Earthquake|p1a: Tyranitar
|-supereffective|p1a: Tyranitar
|-damage|p1a: Tyranitar|0 fnt
|faint|p1a: Tyranitar
|
|t:|1729902293
|switch|p1a: Gengar|Gengar, F|100/100
|
|-weather|Sandstorm|[upkeep]
|-damage|p1a: Gengar|94/100|[from] Sandstorm
|-heal|p1a: Gengar|100/100|[from] item: Leftovers
|-heal|p2a: Swampert|74/100|[from] item: Leftovers
|upkeep
|turn|19
|
|t:|1729902298
|move|p2a: Swampert|Protect|p2a: Swampert
|-singleturn|p2a: Swampert|Protect
|move|p1a: Gengar|Giga Drain|p2a: Swampert
|-activate|p2a: Swampert|Protect
|
|-weather|Sandstorm|[upkeep]
|-damage|p1a: Gengar|94/100|[from] Sandstorm
|-heal|p1a: Gengar|100/100|[from] item: Leftovers
|-heal|p2a: Swampert|80/100|[from] item: Leftovers
|upkeep
|turn|20
|
|t:|1729902301
|switch|p2a: Blissey|Blissey, F|83/100
|move|p1a: Gengar|Giga Drain|p2a: Blissey
|-damage|p2a: Blissey|74/100
|
|-weather|Sandstorm|[upkeep]
|-damage|p1a: Gengar|94/100|[from] Sandstorm
|-damage|p2a: Blissey|68/100|[from] Sandstorm
|-heal|p1a: Gengar|100/100|[from] item: Leftovers
|-heal|p2a: Blissey|74/100|[from] item: Leftovers
|upkeep
|turn|21
|
|t:|1729902313
|switch|p1a: Moltres|Moltres|100/100
|move|p2a: Blissey|Ice Beam|p1a: Moltres
|-damage|p1a: Moltres|71/100
|-status|p1a: Moltres|frz
|
|-weather|Sandstorm|[upkeep]
|-damage|p1a: Moltres|65/100 frz|[from] Sandstorm
|-damage|p2a: Blissey|68/100|[from] Sandstorm
|-heal|p1a: Moltres|71/100 frz|[from] item: Leftovers
|-heal|p2a: Blissey|74/100|[from] item: Leftovers
|upkeep
|turn|22
|
|t:|1729902319
|cant|p1a: Moltres|frz
|move|p2a: Blissey|Thunderbolt|p1a: Moltres
|-supereffective|p1a: Moltres
|-damage|p1a: Moltres|9/100 frz
|
|-weather|Sandstorm|[upkeep]
|-damage|p1a: Moltres|2/100 frz|[from] Sandstorm
|-damage|p2a: Blissey|68/100|[from] Sandstorm
|-heal|p1a: Moltres|9/100 frz|[from] item: Leftovers
|-heal|p2a: Blissey|74/100|[from] item: Leftovers
|upkeep
|turn|23
|
|t:|1729902321
|cant|p1a: Moltres|frz
|move|p2a: Blissey|Ice Beam|p1a: Moltres
|-crit|p1a: Moltres
|-damage|p1a: Moltres|0 fnt
|faint|p1a: Moltres
|
|t:|1729902323
|switch|p1a: Aerodactyl|Aerodactyl, M|100/100
|
|-weather|Sandstorm|[upkeep]
|-damage|p2a: Blissey|68/100|[from] Sandstorm
|-heal|p2a: Blissey|74/100|[from] item: Leftovers
|upkeep
|turn|24
|
|t:|1729902337
|switch|p2a: Metagross|Metagross|100/100
|move|p1a: Aerodactyl|Double-Edge|p2a: Metagross
|-resisted|p2a: Metagross
|-damage|p2a: Metagross|79/100
|
|-weather|Sandstorm|[upkeep]
|upkeep
|turn|25
|
|t:|1729902346
|switch|p1a: Gengar|Gengar, F|100/100
|move|p2a: Metagross|Meteor Mash|p1a: Gengar
|-damage|p1a: Gengar|8/100
|
|-weather|Sandstorm|[upkeep]
|-damage|p1a: Gengar|2/100|[from] Sandstorm
|-heal|p1a: Gengar|8/100|[from] item: Leftovers
|upkeep
|turn|26
|
|t:|1729902352
|switch|p2a: Blissey|Blissey, F|74/100
|move|p1a: Gengar|Will-O-Wisp|p2a: Blissey
|-status|p2a: Blissey|brn
|
|-weather|Sandstorm|[upkeep]
|-damage|p1a: Gengar|2/100|[from] Sandstorm
|-damage|p2a: Blissey|68/100 brn|[from] Sandstorm
|-heal|p1a: Gengar|8/100|[from] item: Leftovers
|-heal|p2a: Blissey|74/100 brn|[from] item: Leftovers
|-damage|p2a: Blissey|62/100 brn|[from] brn
|upkeep
|turn|27
|
|t:|1729902356
|move|p1a: Gengar|Giga Drain|p2a: Blissey
|-damage|p2a: Blissey|54/100 brn
|-heal|p1a: Gengar|16/100|[from] drain|[of] p2a: Blissey
|move|p2a: Blissey|Ice Beam|p1a: Gengar
|-damage|p1a: Gengar|0 fnt
|faint|p1a: Gengar
|
|t:|1729902359
|switch|p1a: Aerodactyl|Aerodactyl, M|100/100
|
|-weather|Sandstorm|[upkeep]
|-damage|p2a: Blissey|48/100 brn|[from] Sandstorm
|-heal|p2a: Blissey|54/100 brn|[from] item: Leftovers
|-damage|p2a: Blissey|42/100 brn|[from] brn
|upkeep
|turn|28
|
|t:|1729902363
|move|p1a: Aerodactyl|Earthquake|p2a: Blissey
|-damage|p2a: Blissey|0 fnt
|faint|p2a: Blissey
|
|t:|1729902366
|switch|p2a: Salamence|Salamence, M|100/100
|-ability|p2a: Salamence|Intimidate|boost
|-unboost|p1a: Aerodactyl|atk|1
|
|-weather|Sandstorm|[upkeep]
|-damage|p2a: Salamence|94/100|[from] Sandstorm
|-heal|p2a: Salamence|100/100|[from] item: Leftovers
|upkeep
|turn|29
|
|t:|1729902371
|move|p1a: Aerodactyl|Earthquake|p2a: Salamence
|-immune|p2a: Salamence
|move|p2a: Salamence|Dragon Dance|p2a: Salamence
|-boost|p2a: Salamence|atk|1
|-boost|p2a: Salamence|spe|1
|
|-weather|Sandstorm|[upkeep]
|-damage|p2a: Salamence|94/100|[from] Sandstorm
|-heal|p2a: Salamence|100/100|[from] item: Leftovers
|upkeep
|turn|30
|c|☆SqueamishCube|Gg
|-message|SqueamishCube forfeited.
|
|win|13ased
|c|☆13ased|Gg
|player|p1|

</script>
<script type="application/json" class="data" id="replaydata-smogtours-gen3ou-802007">
{"id":"smogtours-gen3ou-802007","format":"[Gen 3] OU","players":["SqueamishCube","13ased"],"uploadtime":1729902385,"views":81,"formatid":"gen3ou","rating":null,"private":0,"password":null}
</script>

<script defer src="js/replays.js?9d40a366"></script>
