<!DOCTYPE html>
<meta charset="utf-8" />
<meta name="viewport" content="width=device-width" />

<title>[Gen 3] OU: Jnho vs. Jfaun - Replays - Pok&eacute;mon Showdown!</title>

<meta name="description" content="Watch a replay of a Pok&eacute;mon battle between Jnho and Jfaun! Format: [Gen 3] OU; Date: Oct 17, 2024" />
<!--

Hey, you! Looking in the source for the replay log?

You can find them in JSON format, just add `.json` at the end of a replay URL.

https://replay.pokemonshowdown.com/gen7randomdoublesbattle-865046831.json

Or, if you only need the log itself, add `.log` instead:

https://replay.pokemonshowdown.com/gen7randomdoublesbattle-865046831.log

-->

<link rel="stylesheet" href="//pokemonshowdown.com/style/global.css?0.023195364461161105" />
<link rel="stylesheet" href="//play.pokemonshowdown.com/style/font-awesome.css?0.13261647063804238" />
<link rel="stylesheet" href="//play.pokemonshowdown.com/style/battle.css?0.8753245789963631" />
<link rel="stylesheet" href="//play.pokemonshowdown.com/style/utilichart.css?0.8627959624976733" />

<!-- Global site tag (gtag.js) - Google Analytics -->
<script async src="https://www.googletagmanager.com/gtag/js?id=UA-26211653-1"></script>
<script>
  window.dataLayer = window.dataLayer || [];
  function gtag(){dataLayer.push(arguments);}
  gtag('js', new Date());

  gtag('config', 'UA-26211653-1');
</script>
<!-- End Google Analytics -->
<!-- Venatus Ad Manager - Install in <HEAD> of page -->
	<script src="https://hb.vntsm.com/v3/live/ad-manager.min.js" type="text/javascript" data-site-id="642aba63ec9a7b11c3c9c1be" data-mode="scan" async></script>
<!-- / Venatus Ad Manager -->

<style>
	@media (max-width:820px) {
		.battle {
			margin: 0 auto;
		}
		.battle-log {
			margin: 7px auto 0;
			max-width: 640px;
			height: 300px;
			position: static;
		}
	}
	.optgroup {
		display: inline-block;
		line-height: 22px;
		font-size: 10pt;
	}
	.optgroup .button {
		height: 25px;
		padding-top: 0;
		padding-bottom: 0;
	}
	.optgroup button.button {
		padding-left: 12px;
		padding-right: 12px;
	}
	.linklist {
		list-style: none;
		margin: 0.5em 0;
		padding: 0;
	}
	.linklist li {
		padding: 2px 0;
	}
	.sidebar {
		float: left;
		width: 320px;
	}
	.bar-wrapper {
		max-width: 1100px;
		margin: 0 auto;
	}
	.bar-wrapper.has-sidebar {
		max-width: 1430px;
	}
	.mainbar {
		margin: 0;
		padding-right: 1px;
	}
	.mainbar.has-sidebar {
		margin-left: 330px;
	}
	@media (min-width: 1511px) {
		.sidebar {
			width: 400px;
		}
		.bar-wrapper.has-sidebar {
			max-width: 1510px;
		}
		.mainbar.has-sidebar {
			margin-left: 410px;
		}
	}
	.section.first-section {
		margin-top: 9px;
	}
	.blocklink small {
		white-space: normal;
	}
	.button {
		vertical-align: middle;
	}
	.replay-controls {
		padding-top: 10px;
	}
	.replay-controls h1 {
		font-size: 16pt;
		font-weight: normal;
		color: #CCC;
	}
	.pagelink {
		text-align: center;
	}
	.pagelink a {
		width: 150px;
	}
	.textbox, .button {
		font-size: 11pt;
		vertical-align: middle;
	}
	@media (max-width: 450px) {
		.button {
			font-size: 9pt;
		}
	}
</style>

<div>

	<header>
		<div class="nav-wrapper"><ul class="nav">
			<li><a class="button nav-first" href="//pokemonshowdown.com/"><img src="//pokemonshowdown.com/images/pokemonshowdownbeta.png" srcset="//pokemonshowdown.com/images/pokemonshowdownbeta.png 1x, //pokemonshowdown.com/images/pokemonshowdownbeta@2x.png 2x" alt="Pok&eacute;mon Showdown" width="146" height="44" /> Home</a></li>
			<li><a class="button" href="//pokemonshowdown.com/dex/">Pok&eacute;dex</a></li>
			<li><a class="button cur" href="/">Replays</a></li>
			<li><a class="button" href="//pokemonshowdown.com/ladder/">Ladder</a></li>
			<li><a class="button nav-last" href="//pokemonshowdown.com/forums/">Forum</a></li>
			<li><a class="button greenbutton nav-first nav-last" href="//play.pokemonshowdown.com/">Play</a></li>
		</ul></div>
	</header>

	<div class="main" id="main">

		<noscript><section class="section">You need to enable JavaScript to use this page; sorry!</section></noscript>

	</div>

</div>

<script defer nomodule src="//play.pokemonshowdown.com/js/lib/ps-polyfill.js"></script>
<script defer src="//play.pokemonshowdown.com/js/lib/preact.min.js"></script>

<script defer src="//play.pokemonshowdown.com/config/config.js?2bddbc15"></script>
<script defer src="//play.pokemonshowdown.com/js/lib/jquery-1.11.0.min.js"></script>
<script defer src="//play.pokemonshowdown.com/js/lib/html-sanitizer-minified.js"></script>
<script defer src="//play.pokemonshowdown.com/js/battle-sound.js"></script>
<script defer src="//play.pokemonshowdown.com/js/battledata.js?0.7209276989879541"></script>
<script defer src="//play.pokemonshowdown.com/data/pokedex-mini.js?0.6111056340867951"></script>
<script defer src="//play.pokemonshowdown.com/data/pokedex-mini-bw.js?0.3532142036491459"></script>
<script defer src="//play.pokemonshowdown.com/data/graphics.js?0.24223875632456182"></script>
<script defer src="//play.pokemonshowdown.com/data/pokedex.js?0.38839984266356864"></script>
<script defer src="//play.pokemonshowdown.com/data/moves.js?0.21866028504024015"></script>
<script defer src="//play.pokemonshowdown.com/data/abilities.js?0.2005157953846628"></script>
<script defer src="//play.pokemonshowdown.com/data/items.js?0.9894211263848525"></script>
<script defer src="//play.pokemonshowdown.com/data/teambuilder-tables.js?0.6008791140282215"></script>
<script defer src="//play.pokemonshowdown.com/js/battle-tooltips.js?0.7580118955022959"></script>
<script defer src="//play.pokemonshowdown.com/js/battle.js?0.6057722274234274"></script>

<script defer src="js/utils.js?e31f9a17"></script>
<script defer src="js/replays-battle.js?7008c182"></script>

<!-- don't scrape this data! just add .json or .log after the URL!
Full API docs: https://github.com/smogon/pokemon-showdown-client/blob/master/WEB-API.md -->
<script type="text/plain" class="log" id="replaylog-smogtours-gen3ou-799414">
|inactive|Battle timer is ON: inactive players will automatically lose when time's up.
|t:|1729206618
|gametype|singles
|player|p1|Jnho|caitlin|
|player|p2|Jfaun|265|
|teamsize|p1|6
|teamsize|p2|6
|gen|3
|tier|[Gen 3] OU
|rule|Sleep Clause Mod: Limit one foe put to sleep
|rule|Switch Priority Clause Mod: Faster Pokémon switch first
|rule|Species Clause: Limit one of each Pokémon
|rule|OHKO Clause: OHKO moves are banned
|rule|Evasion Items Clause: Evasion items are banned
|rule|Evasion Moves Clause: Evasion moves are banned
|rule|Endless Battle Clause: Forcing endless battles is banned
|rule|HP Percentage Mod: HP is shown in percentages
|rule|One Boost Passer Clause: Limit one Baton Passer that has a way to boost its stats
|rule|Freeze Clause Mod: Limit one foe frozen
|
|t:|1729206618
|start
|switch|p1a: Metagross|Metagross|100/100
|switch|p2a: Skarmory|Skarmory, F, shiny|100/100
|turn|1
|c|☆Jfaun|gl hf!
|c|☆Jnho|U2
|
|t:|1729206628
|move|p1a: Metagross|Explosion|p2a: Skarmory
|-resisted|p2a: Skarmory
|-damage|p2a: Skarmory|5/100
|faint|p1a: Metagross
|
|t:|1729206632
|switch|p1a: Magneton|Magneton|100/100
|
|-heal|p2a: Skarmory|11/100|[from] item: Leftovers
|upkeep
|turn|2
|
|t:|1729206635
|move|p1a: Magneton|Thunderbolt|p2a: Skarmory
|-supereffective|p2a: Skarmory
|-damage|p2a: Skarmory|0 fnt
|faint|p2a: Skarmory
|
|t:|1729206650
|switch|p2a: Blissey|Blissey, F|100/100
|
|upkeep
|turn|3
|
|t:|1729206655
|switch|p1a: Snorlax|Snorlax, M|100/100
|move|p2a: Blissey|Thunder Wave|p1a: Snorlax
|-status|p1a: Snorlax|par
|
|upkeep
|turn|4
|
|t:|1729206674
|switch|p2a: Swampert|Swampert, M|100/100
|move|p1a: Snorlax|Earthquake|p2a: Swampert
|-damage|p2a: Swampert|69/100
|
|-heal|p2a: Swampert|75/100|[from] item: Leftovers
|upkeep
|turn|5
|
|t:|1729206679
|switch|p1a: Celebi|Celebi|100/100
|move|p2a: Swampert|Earthquake|p1a: Celebi
|-resisted|p1a: Celebi
|-damage|p1a: Celebi|86/100
|
|-heal|p1a: Celebi|92/100|[from] item: Leftovers
|-heal|p2a: Swampert|81/100|[from] item: Leftovers
|upkeep
|turn|6
|
|t:|1729206702
|move|p1a: Celebi|Leech Seed|p2a: Swampert
|-start|p2a: Swampert|move: Leech Seed
|move|p2a: Swampert|Ice Beam|p1a: Celebi
|-supereffective|p1a: Celebi
|-damage|p1a: Celebi|61/100
|
|-heal|p1a: Celebi|67/100|[from] item: Leftovers
|-heal|p2a: Swampert|87/100|[from] item: Leftovers
|-damage|p2a: Swampert|75/100|[from] Leech Seed|[of] p1a: Celebi
|-heal|p1a: Celebi|79/100|[silent]
|upkeep
|turn|7
|
|t:|1729206714
|switch|p2a: Blissey|Blissey, F|100/100
|move|p1a: Celebi|Baton Pass|p1a: Celebi
|
|t:|1729206717
|switch|p1a: Snorlax|Snorlax, M|100/100 par|[from] Baton Pass
|
|upkeep
|turn|8
|
|t:|1729206722
|move|p2a: Blissey|Seismic Toss|p1a: Snorlax
|-damage|p1a: Snorlax|79/100 par
|move|p1a: Snorlax|Body Slam|p2a: Blissey
|-damage|p2a: Blissey|44/100
|-status|p2a: Blissey|par
|
|-heal|p2a: Blissey|50/100 par|[from] item: Leftovers
|upkeep
|turn|9
|
|t:|1729206749
|-curestatus|p2a: Blissey|par|[from] ability: Natural Cure
|switch|p2a: Celebi|Celebi|100/100
|switch|p1a: Celebi|Celebi|79/100
|
|-heal|p1a: Celebi|85/100|[from] item: Leftovers
|upkeep
|turn|10
|
|t:|1729206762
|move|p1a: Celebi|Baton Pass|p1a: Celebi
|
|t:|1729206767
|switch|p1a: Snorlax|Snorlax, M|79/100 par|[from] Baton Pass
|move|p2a: Celebi|Leech Seed|p1a: Snorlax
|-start|p1a: Snorlax|move: Leech Seed
|
|-damage|p1a: Snorlax|66/100 par|[from] Leech Seed|[of] p2a: Celebi
|upkeep
|turn|11
|
|t:|1729206787
|switch|p1a: Celebi|Celebi|85/100
|move|p2a: Celebi|Psychic|p1a: Celebi
|-resisted|p1a: Celebi
|-damage|p1a: Celebi|72/100
|
|-heal|p1a: Celebi|78/100|[from] item: Leftovers
|upkeep
|turn|12
|inactive|Jfaun has 270 seconds left.
|
|t:|1729206805
|switch|p2a: Blissey|Blissey, F|50/100
|move|p1a: Celebi|Substitute|p1a: Celebi
|-start|p1a: Celebi|Substitute
|-damage|p1a: Celebi|53/100
|
|-heal|p1a: Celebi|59/100|[from] item: Leftovers
|-heal|p2a: Blissey|57/100|[from] item: Leftovers
|upkeep
|turn|13
|
|t:|1729206811
|move|p1a: Celebi|Leech Seed|p2a: Blissey|[miss]
|-miss|p1a: Celebi|p2a: Blissey
|move|p2a: Blissey|Seismic Toss|p1a: Celebi
|-activate|p1a: Celebi|Substitute|[damage]
|
|-heal|p1a: Celebi|66/100|[from] item: Leftovers
|-heal|p2a: Blissey|63/100|[from] item: Leftovers
|upkeep
|turn|14
|
|t:|1729206816
|move|p1a: Celebi|Leech Seed|p2a: Blissey
|-start|p2a: Blissey|move: Leech Seed
|move|p2a: Blissey|Seismic Toss|p1a: Celebi
|-end|p1a: Celebi|Substitute
|
|-heal|p1a: Celebi|72/100|[from] item: Leftovers
|-heal|p2a: Blissey|69/100|[from] item: Leftovers
|-damage|p2a: Blissey|56/100|[from] Leech Seed|[of] p1a: Celebi
|-heal|p1a: Celebi|93/100|[silent]
|upkeep
|turn|15
|
|t:|1729206824
|switch|p2a: Swampert|Swampert, M|75/100
|move|p1a: Celebi|Substitute|p1a: Celebi
|-start|p1a: Celebi|Substitute
|-damage|p1a: Celebi|68/100
|
|-heal|p1a: Celebi|75/100|[from] item: Leftovers
|-heal|p2a: Swampert|81/100|[from] item: Leftovers
|upkeep
|turn|16
|
|t:|1729206831
|move|p1a: Celebi|Baton Pass|p1a: Celebi
|
|t:|1729206833
|switch|p1a: Snorlax|Snorlax, M|66/100 par|[from] Baton Pass
|move|p2a: Swampert|Ice Beam|p1a: Snorlax
|-activate|p1a: Snorlax|Substitute|[damage]
|
|-heal|p2a: Swampert|87/100|[from] item: Leftovers
|upkeep
|turn|17
|
|t:|1729206837
|move|p2a: Swampert|Earthquake|p1a: Snorlax
|-end|p1a: Snorlax|Substitute
|move|p1a: Snorlax|Body Slam|p2a: Swampert
|-damage|p2a: Swampert|41/100
|
|-heal|p2a: Swampert|47/100|[from] item: Leftovers
|upkeep
|turn|18
|
|t:|1729206857
|move|p2a: Swampert|Earthquake|p1a: Snorlax
|-damage|p1a: Snorlax|33/100 par
|move|p1a: Snorlax|Body Slam|p2a: Swampert
|-damage|p2a: Swampert|3/100
|
|-heal|p2a: Swampert|9/100|[from] item: Leftovers
|upkeep
|turn|19
|inactive|Jfaun has 270 seconds left.
|
|t:|1729206882
|switch|p1a: Celebi|Celebi|75/100
|move|p2a: Swampert|Earthquake|p1a: Celebi
|-resisted|p1a: Celebi
|-damage|p1a: Celebi|60/100
|
|-heal|p1a: Celebi|66/100|[from] item: Leftovers
|-heal|p2a: Swampert|16/100|[from] item: Leftovers
|upkeep
|turn|20
|
|t:|1729206888
|move|p1a: Celebi|Psychic|p2a: Swampert
|-damage|p2a: Swampert|0 fnt
|faint|p2a: Swampert
|
|t:|1729206892
|switch|p2a: Aerodactyl|Aerodactyl, M|100/100
|
|-heal|p1a: Celebi|73/100|[from] item: Leftovers
|upkeep
|turn|21
|inactive|Jfaun has 270 seconds left.
|
|t:|1729206914
|switch|p1a: Magneton|Magneton|100/100
|move|p2a: Aerodactyl|Hidden Power|p1a: Magneton
|-resisted|p1a: Magneton
|-damage|p1a: Magneton|76/100
|
|upkeep
|turn|22
|
|t:|1729206922
|switch|p2a: Celebi|Celebi|100/100
|switch|p1a: Celebi|Celebi|73/100
|
|-heal|p1a: Celebi|79/100|[from] item: Leftovers
|upkeep
|turn|23
|
|t:|1729206927
|move|p1a: Celebi|Substitute|p1a: Celebi
|-start|p1a: Celebi|Substitute
|-damage|p1a: Celebi|54/100
|move|p2a: Celebi|Leech Seed|p1a: Celebi
|-immune|p1a: Celebi
|
|-heal|p1a: Celebi|60/100|[from] item: Leftovers
|upkeep
|turn|24
|
|t:|1729206934
|move|p1a: Celebi|Baton Pass|p1a: Celebi
|
|t:|1729206936
|switch|p1a: Snorlax|Snorlax, M|33/100 par|[from] Baton Pass
|move|p2a: Celebi|Psychic|p1a: Snorlax
|-activate|p1a: Snorlax|Substitute|[damage]
|
|upkeep
|turn|25
|
|t:|1729206941
|move|p2a: Celebi|Psychic|p1a: Snorlax
|-end|p1a: Snorlax|Substitute
|move|p1a: Snorlax|Body Slam|p2a: Celebi
|-damage|p2a: Celebi|58/100
|
|-heal|p2a: Celebi|65/100|[from] item: Leftovers
|upkeep
|turn|26
|
|t:|1729206952
|switch|p1a: Celebi|Celebi|60/100
|move|p2a: Celebi|Psychic|p1a: Celebi
|-resisted|p1a: Celebi
|-damage|p1a: Celebi|47/100
|
|-heal|p1a: Celebi|53/100|[from] item: Leftovers
|-heal|p2a: Celebi|71/100|[from] item: Leftovers
|upkeep
|turn|27
|
|t:|1729206957
|switch|p2a: Blissey|Blissey, F|56/100
|move|p1a: Celebi|Substitute|p1a: Celebi
|-start|p1a: Celebi|Substitute
|-damage|p1a: Celebi|28/100
|
|-heal|p1a: Celebi|35/100|[from] item: Leftovers
|-heal|p2a: Blissey|63/100|[from] item: Leftovers
|upkeep
|turn|28
|
|t:|1729206966
|switch|p2a: Celebi|Celebi|71/100
|move|p1a: Celebi|Leech Seed|p2a: Celebi
|-immune|p2a: Celebi
|
|-heal|p1a: Celebi|41/100|[from] item: Leftovers
|-heal|p2a: Celebi|77/100|[from] item: Leftovers
|upkeep
|turn|29
|
|t:|1729206971
|move|p1a: Celebi|Baton Pass|p1a: Celebi
|
|t:|1729206973
|switch|p1a: Snorlax|Snorlax, M|33/100 par|[from] Baton Pass
|move|p2a: Celebi|Psychic|p1a: Snorlax
|-activate|p1a: Snorlax|Substitute|[damage]
|
|-heal|p2a: Celebi|83/100|[from] item: Leftovers
|upkeep
|turn|30
|
|t:|1729206976
|move|p2a: Celebi|Psychic|p1a: Snorlax
|-end|p1a: Snorlax|Substitute
|move|p1a: Snorlax|Self-Destruct|p2a: Celebi
|-damage|p2a: Celebi|0 fnt
|faint|p1a: Snorlax
|faint|p2a: Celebi
|
|t:|1729206990
|switch|p2a: Magneton|Magneton, shiny|100/100
|switch|p1a: Magneton|Magneton|76/100
|
|upkeep
|turn|31
|
|t:|1729206996
|move|p1a: Magneton|Thunderbolt|p2a: Magneton
|-resisted|p2a: Magneton
|-damage|p2a: Magneton|58/100
|move|p2a: Magneton|Hidden Power|p1a: Magneton
|-supereffective|p1a: Magneton
|-damage|p1a: Magneton|0 fnt
|faint|p1a: Magneton
|
|t:|1729207003
|switch|p1a: Tyranitar|Tyranitar, F|100/100
|-weather|Sandstorm|[from] ability: Sand Stream|[of] p1a: Tyranitar
|
|-weather|Sandstorm|[upkeep]
|upkeep
|turn|32
|
|t:|1729207013
|move|p1a: Tyranitar|Dragon Dance|p1a: Tyranitar
|-boost|p1a: Tyranitar|atk|1
|-boost|p1a: Tyranitar|spe|1
|move|p2a: Magneton|Thunderbolt|p1a: Tyranitar
|-damage|p1a: Tyranitar|40/100
|
|-weather|Sandstorm|[upkeep]
|upkeep
|turn|33
|
|t:|1729207019
|move|p1a: Tyranitar|Earthquake|p2a: Magneton
|-supereffective|p2a: Magneton
|-damage|p2a: Magneton|0 fnt
|faint|p2a: Magneton
|
|t:|1729207032
|switch|p2a: Blissey|Blissey, F|63/100
|
|-weather|Sandstorm|[upkeep]
|-damage|p2a: Blissey|56/100|[from] Sandstorm
|-heal|p2a: Blissey|63/100|[from] item: Leftovers
|upkeep
|turn|34
|
|t:|1729207040
|move|p1a: Tyranitar|Dragon Dance|p1a: Tyranitar
|-boost|p1a: Tyranitar|atk|1
|-boost|p1a: Tyranitar|spe|1
|move|p2a: Blissey|Thunder Wave|p1a: Tyranitar
|-status|p1a: Tyranitar|par
|-enditem|p1a: Tyranitar|Lum Berry|[eat]
|-curestatus|p1a: Tyranitar|par|[msg]
|
|-weather|Sandstorm|[upkeep]
|-damage|p2a: Blissey|56/100|[from] Sandstorm
|-heal|p2a: Blissey|63/100|[from] item: Leftovers
|upkeep
|turn|35
|
|t:|1729207070
|move|p1a: Tyranitar|Earthquake|p2a: Blissey
|-crit|p2a: Blissey
|-damage|p2a: Blissey|0 fnt
|faint|p2a: Blissey
|
|t:|1729207074
|switch|p2a: Aerodactyl|Aerodactyl, M|100/100
|
|-weather|Sandstorm|[upkeep]
|upkeep
|turn|36
|
|t:|1729207080
|move|p1a: Tyranitar|Rock Slide|p2a: Aerodactyl
|-supereffective|p2a: Aerodactyl
|-damage|p2a: Aerodactyl|0 fnt
|faint|p2a: Aerodactyl
|
|win|Jnho
|c|☆Jfaun|gg
|c|☆Jnho|gg
|c|☆Jnho|gl in the next rounds
|c|☆Jfaun|u2

</script>
<script type="application/json" class="data" id="replaydata-smogtours-gen3ou-799414">
{"id":"smogtours-gen3ou-799414","format":"[Gen 3] OU","players":["Jnho","Jfaun"],"uploadtime":1729207080,"views":100,"formatid":"gen3ou","rating":null,"private":0,"password":null}
</script>

<script defer src="js/replays.js?9d40a366"></script>
