<!DOCTYPE html>
<meta charset="utf-8" />
<meta name="viewport" content="width=device-width" />

<title>[Gen 3] OU: VyoletRayn vs. scald&lt;focusmiss - Replays - Pok&eacute;mon Showdown!</title>

<meta name="description" content="Watch a replay of a Pok&eacute;mon battle between VyoletRayn and scald&lt;focusmiss! Format: [Gen 3] OU; Date: Oct 3, 2024" />
<!--

Hey, you! Looking in the source for the replay log?

You can find them in JSON format, just add `.json` at the end of a replay URL.

https://replay.pokemonshowdown.com/gen7randomdoublesbattle-865046831.json

Or, if you only need the log itself, add `.log` instead:

https://replay.pokemonshowdown.com/gen7randomdoublesbattle-865046831.log

-->

<link rel="stylesheet" href="//pokemonshowdown.com/style/global.css?0.023195364461161105" />
<link rel="stylesheet" href="//play.pokemonshowdown.com/style/font-awesome.css?0.13261647063804238" />
<link rel="stylesheet" href="//play.pokemonshowdown.com/style/battle.css?0.8753245789963631" />
<link rel="stylesheet" href="//play.pokemonshowdown.com/style/utilichart.css?0.8627959624976733" />

<!-- Global site tag (gtag.js) - Google Analytics -->
<script async src="https://www.googletagmanager.com/gtag/js?id=UA-26211653-1"></script>
<script>
  window.dataLayer = window.dataLayer || [];
  function gtag(){dataLayer.push(arguments);}
  gtag('js', new Date());

  gtag('config', 'UA-26211653-1');
</script>
<!-- End Google Analytics -->
<!-- Venatus Ad Manager - Install in <HEAD> of page -->
	<script src="https://hb.vntsm.com/v3/live/ad-manager.min.js" type="text/javascript" data-site-id="642aba63ec9a7b11c3c9c1be" data-mode="scan" async></script>
<!-- / Venatus Ad Manager -->

<style>
	@media (max-width:820px) {
		.battle {
			margin: 0 auto;
		}
		.battle-log {
			margin: 7px auto 0;
			max-width: 640px;
			height: 300px;
			position: static;
		}
	}
	.optgroup {
		display: inline-block;
		line-height: 22px;
		font-size: 10pt;
	}
	.optgroup .button {
		height: 25px;
		padding-top: 0;
		padding-bottom: 0;
	}
	.optgroup button.button {
		padding-left: 12px;
		padding-right: 12px;
	}
	.linklist {
		list-style: none;
		margin: 0.5em 0;
		padding: 0;
	}
	.linklist li {
		padding: 2px 0;
	}
	.sidebar {
		float: left;
		width: 320px;
	}
	.bar-wrapper {
		max-width: 1100px;
		margin: 0 auto;
	}
	.bar-wrapper.has-sidebar {
		max-width: 1430px;
	}
	.mainbar {
		margin: 0;
		padding-right: 1px;
	}
	.mainbar.has-sidebar {
		margin-left: 330px;
	}
	@media (min-width: 1511px) {
		.sidebar {
			width: 400px;
		}
		.bar-wrapper.has-sidebar {
			max-width: 1510px;
		}
		.mainbar.has-sidebar {
			margin-left: 410px;
		}
	}
	.section.first-section {
		margin-top: 9px;
	}
	.blocklink small {
		white-space: normal;
	}
	.button {
		vertical-align: middle;
	}
	.replay-controls {
		padding-top: 10px;
	}
	.replay-controls h1 {
		font-size: 16pt;
		font-weight: normal;
		color: #CCC;
	}
	.pagelink {
		text-align: center;
	}
	.pagelink a {
		width: 150px;
	}
	.textbox, .button {
		font-size: 11pt;
		vertical-align: middle;
	}
	@media (max-width: 450px) {
		.button {
			font-size: 9pt;
		}
	}
</style>

<div>

	<header>
		<div class="nav-wrapper"><ul class="nav">
			<li><a class="button nav-first" href="//pokemonshowdown.com/"><img src="//pokemonshowdown.com/images/pokemonshowdownbeta.png" srcset="//pokemonshowdown.com/images/pokemonshowdownbeta.png 1x, //pokemonshowdown.com/images/pokemonshowdownbeta@2x.png 2x" alt="Pok&eacute;mon Showdown" width="146" height="44" /> Home</a></li>
			<li><a class="button" href="//pokemonshowdown.com/dex/">Pok&eacute;dex</a></li>
			<li><a class="button cur" href="/">Replays</a></li>
			<li><a class="button" href="//pokemonshowdown.com/ladder/">Ladder</a></li>
			<li><a class="button nav-last" href="//pokemonshowdown.com/forums/">Forum</a></li>
			<li><a class="button greenbutton nav-first nav-last" href="//play.pokemonshowdown.com/">Play</a></li>
		</ul></div>
	</header>

	<div class="main" id="main">

		<noscript><section class="section">You need to enable JavaScript to use this page; sorry!</section></noscript>

	</div>

</div>

<script defer nomodule src="//play.pokemonshowdown.com/js/lib/ps-polyfill.js"></script>
<script defer src="//play.pokemonshowdown.com/js/lib/preact.min.js"></script>

<script defer src="//play.pokemonshowdown.com/config/config.js?2bddbc15"></script>
<script defer src="//play.pokemonshowdown.com/js/lib/jquery-1.11.0.min.js"></script>
<script defer src="//play.pokemonshowdown.com/js/lib/html-sanitizer-minified.js"></script>
<script defer src="//play.pokemonshowdown.com/js/battle-sound.js"></script>
<script defer src="//play.pokemonshowdown.com/js/battledata.js?0.7209276989879541"></script>
<script defer src="//play.pokemonshowdown.com/data/pokedex-mini.js?0.6111056340867951"></script>
<script defer src="//play.pokemonshowdown.com/data/pokedex-mini-bw.js?0.3532142036491459"></script>
<script defer src="//play.pokemonshowdown.com/data/graphics.js?0.24223875632456182"></script>
<script defer src="//play.pokemonshowdown.com/data/pokedex.js?0.38839984266356864"></script>
<script defer src="//play.pokemonshowdown.com/data/moves.js?0.21866028504024015"></script>
<script defer src="//play.pokemonshowdown.com/data/abilities.js?0.2005157953846628"></script>
<script defer src="//play.pokemonshowdown.com/data/items.js?0.9894211263848525"></script>
<script defer src="//play.pokemonshowdown.com/data/teambuilder-tables.js?0.6008791140282215"></script>
<script defer src="//play.pokemonshowdown.com/js/battle-tooltips.js?0.7580118955022959"></script>
<script defer src="//play.pokemonshowdown.com/js/battle.js?0.6057722274234274"></script>

<script defer src="js/utils.js?e31f9a17"></script>
<script defer src="js/replays-battle.js?7008c182"></script>

<!-- don't scrape this data! just add .json or .log after the URL!
Full API docs: https://github.com/smogon/pokemon-showdown-client/blob/master/WEB-API.md -->
<script type="text/plain" class="log" id="replaylog-smogtours-gen3ou-794316">
|inactive|Battle timer is ON: inactive players will automatically lose when time's up.
|t:|1727982289
|gametype|singles
|player|p1|VyoletRayn|wicke|
|player|p2|scald<focusmiss|colress|
|teamsize|p1|6
|teamsize|p2|6
|gen|3
|tier|[Gen 3] OU
|rule|Sleep Clause Mod: Limit one foe put to sleep
|rule|Switch Priority Clause Mod: Faster Pokémon switch first
|rule|Species Clause: Limit one of each Pokémon
|rule|OHKO Clause: OHKO moves are banned
|rule|Evasion Items Clause: Evasion items are banned
|rule|Evasion Moves Clause: Evasion moves are banned
|rule|Endless Battle Clause: Forcing endless battles is banned
|rule|HP Percentage Mod: HP is shown in percentages
|rule|One Boost Passer Clause: Limit one Baton Passer that has a way to boost its stats
|rule|Freeze Clause Mod: Limit one foe frozen
|
|t:|1727982289
|start
|switch|p1a: Suicune|Suicune|100/100
|switch|p2a: Tyranitar|Tyranitar, M|100/100
|-weather|Sandstorm|[from] ability: Sand Stream|[of] p2a: Tyranitar
|turn|1
|
|t:|1727982306
|switch|p2a: Gengar|Gengar, M|100/100
|move|p1a: Suicune|Calm Mind|p1a: Suicune
|-boost|p1a: Suicune|spa|1
|-boost|p1a: Suicune|spd|1
|
|-weather|Sandstorm|[upkeep]
|-damage|p2a: Gengar|94/100|[from] Sandstorm
|-damage|p1a: Suicune|94/100|[from] Sandstorm
|-heal|p2a: Gengar|100/100|[from] item: Leftovers
|-heal|p1a: Suicune|100/100|[from] item: Leftovers
|upkeep
|turn|2
|
|t:|1727982312
|move|p2a: Gengar|Will-O-Wisp|p1a: Suicune
|-status|p1a: Suicune|brn
|move|p1a: Suicune|Hydro Pump|p2a: Gengar
|-damage|p2a: Gengar|0 fnt
|faint|p2a: Gengar
|
|t:|1727982323
|switch|p2a: Blissey|Blissey, F|100/100
|
|-weather|Sandstorm|[upkeep]
|-damage|p1a: Suicune|94/100 brn|[from] Sandstorm
|-damage|p2a: Blissey|94/100|[from] Sandstorm
|-heal|p1a: Suicune|100/100 brn|[from] item: Leftovers
|-damage|p1a: Suicune|88/100 brn|[from] brn
|-heal|p2a: Blissey|100/100|[from] item: Leftovers
|upkeep
|turn|3
|
|t:|1727982328
|move|p1a: Suicune|Calm Mind|p1a: Suicune
|-boost|p1a: Suicune|spa|1
|-boost|p1a: Suicune|spd|1
|move|p2a: Blissey|Seismic Toss|p1a: Suicune
|-damage|p1a: Suicune|59/100 brn
|
|-weather|Sandstorm|[upkeep]
|-damage|p1a: Suicune|53/100 brn|[from] Sandstorm
|-damage|p2a: Blissey|94/100|[from] Sandstorm
|-heal|p1a: Suicune|59/100 brn|[from] item: Leftovers
|-damage|p1a: Suicune|47/100 brn|[from] brn
|-heal|p2a: Blissey|100/100|[from] item: Leftovers
|upkeep
|turn|4
|
|t:|1727982331
|switch|p2a: Skarmory|Skarmory, M|100/100
|move|p1a: Suicune|Hydro Pump|p2a: Skarmory|[miss]
|-miss|p1a: Suicune|p2a: Skarmory
|
|-weather|Sandstorm|[upkeep]
|-damage|p1a: Suicune|41/100 brn|[from] Sandstorm
|-heal|p1a: Suicune|47/100 brn|[from] item: Leftovers
|-damage|p1a: Suicune|35/100 brn|[from] brn
|upkeep
|turn|5
|
|t:|1727982335
|move|p2a: Skarmory|Protect|p2a: Skarmory
|-singleturn|p2a: Skarmory|Protect
|move|p1a: Suicune|Calm Mind|p1a: Suicune
|-boost|p1a: Suicune|spa|1
|-boost|p1a: Suicune|spd|1
|
|-weather|Sandstorm|[upkeep]
|-damage|p1a: Suicune|29/100 brn|[from] Sandstorm
|-heal|p1a: Suicune|35/100 brn|[from] item: Leftovers
|-damage|p1a: Suicune|22/100 brn|[from] brn
|upkeep
|turn|6
|
|t:|1727982338
|switch|p2a: Blissey|Blissey, F|100/100
|move|p1a: Suicune|Ice Beam|p2a: Blissey
|-damage|p2a: Blissey|73/100
|
|-weather|Sandstorm|[upkeep]
|-damage|p1a: Suicune|16/100 brn|[from] Sandstorm
|-damage|p2a: Blissey|67/100|[from] Sandstorm
|-heal|p1a: Suicune|22/100 brn|[from] item: Leftovers
|-damage|p1a: Suicune|10/100 brn|[from] brn
|-heal|p2a: Blissey|73/100|[from] item: Leftovers
|upkeep
|turn|7
|
|t:|1727982342
|move|p1a: Suicune|Hydro Pump|p2a: Blissey
|-damage|p2a: Blissey|14/100
|move|p2a: Blissey|Soft-Boiled|p2a: Blissey
|-heal|p2a: Blissey|64/100
|
|-weather|Sandstorm|[upkeep]
|-damage|p1a: Suicune|4/100 brn|[from] Sandstorm
|-damage|p2a: Blissey|58/100|[from] Sandstorm
|-heal|p1a: Suicune|10/100 brn|[from] item: Leftovers
|-damage|p1a: Suicune|0 fnt|[from] brn
|faint|p1a: Suicune
|-heal|p2a: Blissey|64/100|[from] item: Leftovers
|upkeep
|
|t:|1727982344
|switch|p1a: Dugtrio|Dugtrio, F|100/100
|turn|8
|
|t:|1727982346
|move|p1a: Dugtrio|Earthquake|p2a: Blissey
|-damage|p2a: Blissey|7/100
|move|p2a: Blissey|Ice Beam|p1a: Dugtrio
|-supereffective|p1a: Dugtrio
|-damage|p1a: Dugtrio|0 fnt
|faint|p1a: Dugtrio
|
|t:|1727982351
|switch|p1a: Jirachi|Jirachi|100/100
|
|-weather|Sandstorm|[upkeep]
|-damage|p2a: Blissey|1/100|[from] Sandstorm
|-heal|p2a: Blissey|7/100|[from] item: Leftovers
|upkeep
|turn|9
|
|t:|1727982354
|switch|p2a: Skarmory|Skarmory, M|100/100
|move|p1a: Jirachi|Psychic|p2a: Skarmory
|-resisted|p2a: Skarmory
|-damage|p2a: Skarmory|81/100
|-unboost|p2a: Skarmory|spd|1
|
|-weather|Sandstorm|[upkeep]
|-heal|p2a: Skarmory|88/100|[from] item: Leftovers
|upkeep
|turn|10
|
|t:|1727982356
|move|p1a: Jirachi|Calm Mind|p1a: Jirachi
|-boost|p1a: Jirachi|spa|1
|-boost|p1a: Jirachi|spd|1
|move|p2a: Skarmory|Roar|p1a: Jirachi
|drag|p1a: Celebi|Celebi|100/100
|
|-weather|Sandstorm|[upkeep]
|-damage|p1a: Celebi|95/100|[from] Sandstorm
|-heal|p1a: Celebi|100/100|[from] item: Leftovers
|-heal|p2a: Skarmory|94/100|[from] item: Leftovers
|upkeep
|turn|11
|
|t:|1727982359
|move|p1a: Celebi|Calm Mind|p1a: Celebi
|-boost|p1a: Celebi|spa|1
|-boost|p1a: Celebi|spd|1
|move|p2a: Skarmory|Spikes|p1a: Celebi
|-sidestart|p1: VyoletRayn|Spikes
|
|-weather|Sandstorm|[upkeep]
|-damage|p1a: Celebi|95/100|[from] Sandstorm
|-heal|p1a: Celebi|100/100|[from] item: Leftovers
|-heal|p2a: Skarmory|99/100|[from] item: Leftovers
|upkeep
|turn|12
|
|t:|1727982361
|move|p1a: Celebi|Hidden Power|p2a: Skarmory
|-supereffective|p2a: Skarmory
|-damage|p2a: Skarmory|20/100
|move|p2a: Skarmory|Roar|p1a: Celebi
|drag|p1a: Raikou|Raikou|100/100
|-damage|p1a: Raikou|88/100|[from] Spikes
|
|-weather|Sandstorm|[upkeep]
|-damage|p1a: Raikou|82/100|[from] Sandstorm
|-heal|p1a: Raikou|88/100|[from] item: Leftovers
|-heal|p2a: Skarmory|26/100|[from] item: Leftovers
|upkeep
|turn|13
|
|t:|1727982364
|switch|p2a: Swampert|Swampert, M|100/100
|move|p1a: Raikou|Calm Mind|p1a: Raikou
|-boost|p1a: Raikou|spa|1
|-boost|p1a: Raikou|spd|1
|
|-weather|Sandstorm|[upkeep]
|-damage|p1a: Raikou|82/100|[from] Sandstorm
|-heal|p1a: Raikou|88/100|[from] item: Leftovers
|upkeep
|turn|14
|
|t:|1727982367
|switch|p1a: Celebi|Celebi|100/100
|-damage|p1a: Celebi|88/100|[from] Spikes
|move|p2a: Swampert|Earthquake|p1a: Celebi
|-resisted|p1a: Celebi
|-damage|p1a: Celebi|70/100
|
|-weather|Sandstorm|[upkeep]
|-damage|p1a: Celebi|64/100|[from] Sandstorm
|-heal|p1a: Celebi|70/100|[from] item: Leftovers
|upkeep
|turn|15
|
|t:|1727982371
|switch|p2a: Tyranitar|Tyranitar, M|100/100
|move|p1a: Celebi|Giga Drain|p2a: Tyranitar
|-supereffective|p2a: Tyranitar
|-damage|p2a: Tyranitar|56/100
|-heal|p1a: Celebi|95/100|[from] drain|[of] p2a: Tyranitar
|
|-weather|Sandstorm|[upkeep]
|-damage|p1a: Celebi|89/100|[from] Sandstorm
|-heal|p1a: Celebi|95/100|[from] item: Leftovers
|-heal|p2a: Tyranitar|62/100|[from] item: Leftovers
|upkeep
|turn|16
|
|t:|1727982376
|switch|p1a: Porygon2|Porygon2|100/100
|-damage|p1a: Porygon2|88/100|[from] Spikes
|-ability|p1a: Porygon2|Sand Stream|[from] ability: Trace|[of] p2a: Tyranitar
|move|p2a: Tyranitar|Hidden Power|p1a: Porygon2
|-damage|p1a: Porygon2|66/100
|
|-weather|Sandstorm|[upkeep]
|-damage|p1a: Porygon2|60/100|[from] Sandstorm
|-heal|p2a: Tyranitar|68/100|[from] item: Leftovers
|-heal|p1a: Porygon2|66/100|[from] item: Leftovers
|upkeep
|turn|17
|
|t:|1727982379
|-singleturn|p2a: Tyranitar|move: Focus Punch
|move|p1a: Porygon2|Toxic|p2a: Tyranitar
|-status|p2a: Tyranitar|tox
|move|p2a: Tyranitar|Focus Punch|p1a: Porygon2
|-supereffective|p1a: Porygon2
|-damage|p1a: Porygon2|0 fnt
|faint|p1a: Porygon2
|
|t:|1727982382
|switch|p1a: Jirachi|Jirachi|100/100
|-damage|p1a: Jirachi|88/100|[from] Spikes
|
|-weather|Sandstorm|[upkeep]
|-heal|p1a: Jirachi|94/100|[from] item: Leftovers
|-heal|p2a: Tyranitar|74/100 tox|[from] item: Leftovers
|-damage|p2a: Tyranitar|68/100 tox|[from] psn
|upkeep
|turn|18
|
|t:|1727982385
|move|p1a: Jirachi|Hidden Power|p2a: Tyranitar
|-supereffective|p2a: Tyranitar
|-crit|p2a: Tyranitar
|-damage|p2a: Tyranitar|1/100 tox
|move|p2a: Tyranitar|Earthquake|p1a: Jirachi
|-supereffective|p1a: Jirachi
|-damage|p1a: Jirachi|14/100
|
|-weather|Sandstorm|[upkeep]
|-heal|p1a: Jirachi|20/100|[from] item: Leftovers
|-heal|p2a: Tyranitar|7/100 tox|[from] item: Leftovers
|-damage|p2a: Tyranitar|0 fnt|[from] psn
|faint|p2a: Tyranitar
|upkeep
|
|t:|1727982388
|switch|p2a: Aerodactyl|Aerodactyl, M|100/100
|turn|19
|
|t:|1727982391
|move|p2a: Aerodactyl|Earthquake|p1a: Jirachi
|-supereffective|p1a: Jirachi
|-damage|p1a: Jirachi|0 fnt
|faint|p1a: Jirachi
|
|t:|1727982392
|switch|p1a: Celebi|Celebi|95/100
|-damage|p1a: Celebi|82/100|[from] Spikes
|
|-weather|Sandstorm|[upkeep]
|-damage|p1a: Celebi|76/100|[from] Sandstorm
|-heal|p1a: Celebi|82/100|[from] item: Leftovers
|upkeep
|turn|20
|
|t:|1727982395
|switch|p2a: Skarmory|Skarmory, M|26/100
|move|p1a: Celebi|Calm Mind|p1a: Celebi
|-boost|p1a: Celebi|spa|1
|-boost|p1a: Celebi|spd|1
|
|-weather|Sandstorm|[upkeep]
|-damage|p1a: Celebi|76/100|[from] Sandstorm
|-heal|p1a: Celebi|82/100|[from] item: Leftovers
|-heal|p2a: Skarmory|32/100|[from] item: Leftovers
|upkeep
|turn|21
|
|t:|1727982397
|move|p1a: Celebi|Hidden Power|p2a: Skarmory
|-supereffective|p2a: Skarmory
|-damage|p2a: Skarmory|0 fnt
|faint|p2a: Skarmory
|
|t:|1727982399
|switch|p2a: Aerodactyl|Aerodactyl, M|100/100
|
|-weather|Sandstorm|[upkeep]
|-damage|p1a: Celebi|76/100|[from] Sandstorm
|-heal|p1a: Celebi|82/100|[from] item: Leftovers
|upkeep
|turn|22
|
|t:|1727982402
|move|p2a: Aerodactyl|Hidden Power|p1a: Celebi
|-supereffective|p1a: Celebi
|-damage|p1a: Celebi|0 fnt
|faint|p1a: Celebi
|
|t:|1727982404
|switch|p1a: Raikou|Raikou|88/100
|-damage|p1a: Raikou|76/100|[from] Spikes
|
|-weather|Sandstorm|[upkeep]
|-damage|p1a: Raikou|69/100|[from] Sandstorm
|-heal|p1a: Raikou|76/100|[from] item: Leftovers
|upkeep
|turn|23
|
|t:|1727982408
|switch|p2a: Blissey|Blissey, F|7/100
|move|p1a: Raikou|Calm Mind|p1a: Raikou
|-boost|p1a: Raikou|spa|1
|-boost|p1a: Raikou|spd|1
|
|-weather|Sandstorm|[upkeep]
|-damage|p1a: Raikou|69/100|[from] Sandstorm
|-damage|p2a: Blissey|1/100|[from] Sandstorm
|-heal|p1a: Raikou|76/100|[from] item: Leftovers
|-heal|p2a: Blissey|7/100|[from] item: Leftovers
|upkeep
|turn|24
|
|t:|1727982410
|move|p1a: Raikou|Hidden Power|p2a: Blissey
|-damage|p2a: Blissey|0 fnt
|faint|p2a: Blissey
|
|t:|1727982412
|switch|p2a: Aerodactyl|Aerodactyl, M|100/100
|
|-weather|Sandstorm|[upkeep]
|-damage|p1a: Raikou|69/100|[from] Sandstorm
|-heal|p1a: Raikou|76/100|[from] item: Leftovers
|upkeep
|turn|25
|
|t:|1727982413
|move|p2a: Aerodactyl|Earthquake|p1a: Raikou
|-supereffective|p1a: Raikou
|-damage|p1a: Raikou|0 fnt
|faint|p1a: Raikou
|
|win|scald<focusmiss
|c|☆VyoletRayn|ggs
|c|☆scald<focusmiss|gg
|player|p1|

</script>
<script type="application/json" class="data" id="replaydata-smogtours-gen3ou-794316">
{"id":"smogtours-gen3ou-794316","format":"[Gen 3] OU","players":["VyoletRayn","scald<focusmiss"],"uploadtime":1727982413,"views":83,"formatid":"gen3ou","rating":null,"private":0,"password":null}
</script>

<script defer src="js/replays.js?9d40a366"></script>
