<!DOCTYPE html>
<meta charset="utf-8" />
<meta name="viewport" content="width=device-width" />

<title>[Gen 3] OU: kewta vs. Jsockamisama - Replays - Pok&eacute;mon Showdown!</title>

<meta name="description" content="Watch a replay of a Pok&eacute;mon battle between kewta and Jsockamisama! Format: [Gen 3] OU; Date: Oct 20, 2024" />
<!--

Hey, you! Looking in the source for the replay log?

You can find them in JSON format, just add `.json` at the end of a replay URL.

https://replay.pokemonshowdown.com/gen7randomdoublesbattle-865046831.json

Or, if you only need the log itself, add `.log` instead:

https://replay.pokemonshowdown.com/gen7randomdoublesbattle-865046831.log

-->

<link rel="stylesheet" href="//pokemonshowdown.com/style/global.css?0.767286132409787" />
<link rel="stylesheet" href="//play.pokemonshowdown.com/style/font-awesome.css?0.9266228007934947" />
<link rel="stylesheet" href="//play.pokemonshowdown.com/style/battle.css?0.7924700842790926" />
<link rel="stylesheet" href="//play.pokemonshowdown.com/style/utilichart.css?0.8777417872839479" />

<!-- Global site tag (gtag.js) - Google Analytics -->
<script async src="https://www.googletagmanager.com/gtag/js?id=UA-26211653-1"></script>
<script>
  window.dataLayer = window.dataLayer || [];
  function gtag(){dataLayer.push(arguments);}
  gtag('js', new Date());

  gtag('config', 'UA-26211653-1');
</script>
<!-- End Google Analytics -->
<!-- Venatus Ad Manager - Install in <HEAD> of page -->
	<script src="https://hb.vntsm.com/v3/live/ad-manager.min.js" type="text/javascript" data-site-id="642aba63ec9a7b11c3c9c1be" data-mode="scan" async></script>
<!-- / Venatus Ad Manager -->

<style>
	@media (max-width:820px) {
		.battle {
			margin: 0 auto;
		}
		.battle-log {
			margin: 7px auto 0;
			max-width: 640px;
			height: 300px;
			position: static;
		}
	}
	.optgroup {
		display: inline-block;
		line-height: 22px;
		font-size: 10pt;
	}
	.optgroup .button {
		height: 25px;
		padding-top: 0;
		padding-bottom: 0;
	}
	.optgroup button.button {
		padding-left: 12px;
		padding-right: 12px;
	}
	.linklist {
		list-style: none;
		margin: 0.5em 0;
		padding: 0;
	}
	.linklist li {
		padding: 2px 0;
	}
	.sidebar {
		float: left;
		width: 320px;
	}
	.bar-wrapper {
		max-width: 1100px;
		margin: 0 auto;
	}
	.bar-wrapper.has-sidebar {
		max-width: 1430px;
	}
	.mainbar {
		margin: 0;
		padding-right: 1px;
	}
	.mainbar.has-sidebar {
		margin-left: 330px;
	}
	@media (min-width: 1511px) {
		.sidebar {
			width: 400px;
		}
		.bar-wrapper.has-sidebar {
			max-width: 1510px;
		}
		.mainbar.has-sidebar {
			margin-left: 410px;
		}
	}
	.section.first-section {
		margin-top: 9px;
	}
	.blocklink small {
		white-space: normal;
	}
	.button {
		vertical-align: middle;
	}
	.replay-controls {
		padding-top: 10px;
	}
	.replay-controls h1 {
		font-size: 16pt;
		font-weight: normal;
		color: #CCC;
	}
	.pagelink {
		text-align: center;
	}
	.pagelink a {
		width: 150px;
	}
	.textbox, .button {
		font-size: 11pt;
		vertical-align: middle;
	}
	@media (max-width: 450px) {
		.button {
			font-size: 9pt;
		}
	}
</style>

<div>

	<header>
		<div class="nav-wrapper"><ul class="nav">
			<li><a class="button nav-first" href="//pokemonshowdown.com/"><img src="//pokemonshowdown.com/images/pokemonshowdownbeta.png" srcset="//pokemonshowdown.com/images/pokemonshowdownbeta.png 1x, //pokemonshowdown.com/images/pokemonshowdownbeta@2x.png 2x" alt="Pok&eacute;mon Showdown" width="146" height="44" /> Home</a></li>
			<li><a class="button" href="//pokemonshowdown.com/dex/">Pok&eacute;dex</a></li>
			<li><a class="button cur" href="/">Replays</a></li>
			<li><a class="button" href="//pokemonshowdown.com/ladder/">Ladder</a></li>
			<li><a class="button nav-last" href="//pokemonshowdown.com/forums/">Forum</a></li>
			<li><a class="button greenbutton nav-first nav-last" href="//play.pokemonshowdown.com/">Play</a></li>
		</ul></div>
	</header>

	<div class="main" id="main">

		<noscript><section class="section">You need to enable JavaScript to use this page; sorry!</section></noscript>

	</div>

</div>

<script defer nomodule src="//play.pokemonshowdown.com/js/lib/ps-polyfill.js"></script>
<script defer src="//play.pokemonshowdown.com/js/lib/preact.min.js"></script>

<script defer src="//play.pokemonshowdown.com/config/config.js?6dec07f6"></script>
<script defer src="//play.pokemonshowdown.com/js/lib/jquery-1.11.0.min.js"></script>
<script defer src="//play.pokemonshowdown.com/js/lib/html-sanitizer-minified.js"></script>
<script defer src="//play.pokemonshowdown.com/js/battle-sound.js"></script>
<script defer src="//play.pokemonshowdown.com/js/battledata.js?0.6315294753075389"></script>
<script defer src="//play.pokemonshowdown.com/data/pokedex-mini.js?0.7603743185311358"></script>
<script defer src="//play.pokemonshowdown.com/data/pokedex-mini-bw.js?0.030888842834281283"></script>
<script defer src="//play.pokemonshowdown.com/data/graphics.js?0.05593094747507488"></script>
<script defer src="//play.pokemonshowdown.com/data/pokedex.js?0.47064822249611904"></script>
<script defer src="//play.pokemonshowdown.com/data/moves.js?0.8583693120512459"></script>
<script defer src="//play.pokemonshowdown.com/data/abilities.js?0.16017181182386842"></script>
<script defer src="//play.pokemonshowdown.com/data/items.js?0.4163379185673943"></script>
<script defer src="//play.pokemonshowdown.com/data/teambuilder-tables.js?0.31075597372830477"></script>
<script defer src="//play.pokemonshowdown.com/js/battle-tooltips.js?0.6536193500708172"></script>
<script defer src="//play.pokemonshowdown.com/js/battle.js?0.1916591943277901"></script>

<script defer src="js/utils.js?e31f9a17"></script>
<script defer src="js/replays-battle.js?7008c182"></script>

<!-- don't scrape this data! just add .json or .log after the URL!
Full API docs: https://github.com/smogon/pokemon-showdown-client/blob/master/WEB-API.md -->
<script type="text/plain" class="log" id="replaylog-smogtours-gen3ou-800281">
|inactive|Battle timer is ON: inactive players will automatically lose when time's up.
|t:|1729398111
|gametype|singles
|player|p1|kewta|169|
|player|p2|Jsockamisama|265|
|teamsize|p1|6
|teamsize|p2|6
|gen|3
|tier|[Gen 3] OU
|rule|Sleep Clause Mod: Limit one foe put to sleep
|rule|Switch Priority Clause Mod: Faster Pokémon switch first
|rule|Species Clause: Limit one of each Pokémon
|rule|OHKO Clause: OHKO moves are banned
|rule|Evasion Items Clause: Evasion items are banned
|rule|Evasion Moves Clause: Evasion moves are banned
|rule|Endless Battle Clause: Forcing endless battles is banned
|rule|HP Percentage Mod: HP is shown in percentages
|rule|One Boost Passer Clause: Limit one Baton Passer that has a way to boost its stats
|rule|Freeze Clause Mod: Limit one foe frozen
|
|t:|1729398111
|start
|switch|p1a: Medicham|Medicham, M|100/100
|switch|p2a: John|Tyranitar, F, shiny|100/100
|-weather|Sandstorm|[from] ability: Sand Stream|[of] p2a: John
|turn|1
|
|t:|1729398128
|-singleturn|p1a: Medicham|move: Focus Punch
|switch|p2a: Sam|Swampert, M|100/100
|move|p1a: Medicham|Focus Punch|p2a: Sam
|-damage|p2a: Sam|39/100
|
|-weather|Sandstorm|[upkeep]
|-damage|p1a: Medicham|94/100|[from] Sandstorm
|-heal|p2a: Sam|45/100|[from] item: Leftovers
|upkeep
|turn|2
|
|t:|1729398136
|move|p2a: Sam|Protect|p2a: Sam
|-singleturn|p2a: Sam|Protect
|move|p1a: Medicham|Brick Break|p2a: Sam
|-activate|p2a: Sam|Protect
|
|-weather|Sandstorm|[upkeep]
|-damage|p1a: Medicham|88/100|[from] Sandstorm
|-heal|p2a: Sam|51/100|[from] item: Leftovers
|upkeep
|turn|3
|
|t:|1729398143
|move|p1a: Medicham|Brick Break|p2a: Sam
|-damage|p2a: Sam|21/100
|move|p2a: Sam|Earthquake|p1a: Medicham
|-damage|p1a: Medicham|24/100
|
|-weather|Sandstorm|[upkeep]
|-damage|p1a: Medicham|18/100|[from] Sandstorm
|-enditem|p1a: Medicham|Salac Berry|[eat]
|-boost|p1a: Medicham|spe|1|[from] item: Salac Berry
|-heal|p2a: Sam|27/100|[from] item: Leftovers
|upkeep
|turn|4
|
|t:|1729398151
|-singleturn|p1a: Medicham|move: Focus Punch
|move|p2a: Sam|Protect|p2a: Sam
|-singleturn|p2a: Sam|Protect
|move|p1a: Medicham|Focus Punch|p2a: Sam
|-activate|p2a: Sam|Protect
|
|-weather|Sandstorm|[upkeep]
|-damage|p1a: Medicham|12/100|[from] Sandstorm
|-heal|p2a: Sam|33/100|[from] item: Leftovers
|upkeep
|turn|5
|
|t:|1729398166
|switch|p2a: Bonk|Gengar, F, shiny|100/100
|move|p1a: Medicham|Brick Break|p2a: Bonk
|-immune|p2a: Bonk
|
|-weather|Sandstorm|[upkeep]
|-damage|p1a: Medicham|5/100|[from] Sandstorm
|-damage|p2a: Bonk|94/100|[from] Sandstorm
|-heal|p2a: Bonk|100/100|[from] item: Leftovers
|upkeep
|turn|6
|
|t:|1729398186
|switch|p2a: Richard|Skarmory, M|100/100
|move|p1a: Medicham|Shadow Ball|p2a: Richard
|-resisted|p2a: Richard
|-damage|p2a: Richard|89/100
|
|-weather|Sandstorm|[upkeep]
|-damage|p1a: Medicham|0 fnt|[from] Sandstorm
|faint|p1a: Medicham
|-heal|p2a: Richard|95/100|[from] item: Leftovers
|upkeep
|
|t:|1729398193
|switch|p1a: Magneton|Magneton|100/100
|turn|7
|
|t:|1729398200
|move|p2a: Richard|Protect|p2a: Richard
|-singleturn|p2a: Richard|Protect
|move|p1a: Magneton|Thunderbolt|p2a: Richard
|-activate|p2a: Richard|Protect
|
|-weather|Sandstorm|[upkeep]
|-heal|p2a: Richard|100/100|[from] item: Leftovers
|upkeep
|turn|8
|
|t:|1729398204
|move|p1a: Magneton|Thunderbolt|p2a: Richard
|-supereffective|p2a: Richard
|-damage|p2a: Richard|0 fnt
|faint|p2a: Richard
|
|t:|1729398207
|switch|p2a: MOLTOS|Moltres|100/100
|
|-weather|Sandstorm|[upkeep]
|-damage|p2a: MOLTOS|94/100|[from] Sandstorm
|-heal|p2a: MOLTOS|100/100|[from] item: Leftovers
|upkeep
|turn|9
|
|t:|1729398224
|switch|p1a: Snorlax|Snorlax, F|100/100
|move|p2a: MOLTOS|Flamethrower|p1a: Snorlax
|-damage|p1a: Snorlax|71/100
|
|-weather|Sandstorm|[upkeep]
|-damage|p2a: MOLTOS|94/100|[from] Sandstorm
|-damage|p1a: Snorlax|65/100|[from] Sandstorm
|-heal|p2a: MOLTOS|100/100|[from] item: Leftovers
|-heal|p1a: Snorlax|71/100|[from] item: Leftovers
|upkeep
|turn|10
|
|t:|1729398238
|move|p2a: MOLTOS|Flamethrower|p1a: Snorlax
|-damage|p1a: Snorlax|42/100
|move|p1a: Snorlax|Body Slam|p2a: MOLTOS
|-damage|p2a: MOLTOS|52/100
|-status|p2a: MOLTOS|par
|
|-weather|Sandstorm|[upkeep]
|-damage|p1a: Snorlax|36/100|[from] Sandstorm
|-damage|p2a: MOLTOS|46/100 par|[from] Sandstorm
|-heal|p1a: Snorlax|42/100|[from] item: Leftovers
|-heal|p2a: MOLTOS|52/100 par|[from] item: Leftovers
|upkeep
|turn|11
|
|t:|1729398255
|switch|p2a: John|Tyranitar, F, shiny|100/100
|move|p1a: Snorlax|Shadow Ball|p2a: John
|-resisted|p2a: John
|-damage|p2a: John|88/100
|
|-weather|Sandstorm|[upkeep]
|-damage|p1a: Snorlax|36/100|[from] Sandstorm
|-heal|p1a: Snorlax|42/100|[from] item: Leftovers
|upkeep
|turn|12
|
|t:|1729398260
|move|p2a: John|Brick Break|p1a: Snorlax
|-supereffective|p1a: Snorlax
|-damage|p1a: Snorlax|8/100
|move|p1a: Snorlax|Self-Destruct|p2a: John
|-resisted|p2a: John
|-crit|p2a: John
|-damage|p2a: John|0 fnt
|faint|p1a: Snorlax
|faint|p2a: John
|
|t:|1729398281
|switch|p2a: Sam|Swampert, M|33/100
|switch|p1a: Suicune|Suicune|100/100
|
|-weather|Sandstorm|[upkeep]
|-damage|p1a: Suicune|94/100|[from] Sandstorm
|-heal|p1a: Suicune|100/100|[from] item: Leftovers
|-heal|p2a: Sam|39/100|[from] item: Leftovers
|upkeep
|turn|13
|
|t:|1729398293
|move|p1a: Suicune|Surf|p2a: Sam
|-damage|p2a: Sam|7/100
|move|p2a: Sam|Roar|p1a: Suicune
|drag|p1a: Metagross|Metagross|100/100
|
|-weather|Sandstorm|[upkeep]
|-heal|p2a: Sam|13/100|[from] item: Leftovers
|upkeep
|turn|14
|
|t:|1729398300
|move|p1a: Metagross|Agility|p1a: Metagross
|-boost|p1a: Metagross|spe|2
|move|p2a: Sam|Earthquake|p1a: Metagross
|-supereffective|p1a: Metagross
|-damage|p1a: Metagross|45/100
|
|-weather|Sandstorm|[upkeep]
|-heal|p1a: Metagross|51/100|[from] item: Leftovers
|-heal|p2a: Sam|19/100|[from] item: Leftovers
|upkeep
|turn|15
|
|t:|1729398322
|switch|p2a: MOLTOS|Moltres|52/100 par
|move|p1a: Metagross|Earthquake|p2a: MOLTOS
|-immune|p2a: MOLTOS
|
|-weather|Sandstorm|[upkeep]
|-damage|p2a: MOLTOS|46/100 par|[from] Sandstorm
|-heal|p1a: Metagross|57/100|[from] item: Leftovers
|-heal|p2a: MOLTOS|52/100 par|[from] item: Leftovers
|upkeep
|turn|16
|
|t:|1729398332
|switch|p1a: Suicune|Suicune|100/100
|move|p2a: MOLTOS|Flamethrower|p1a: Suicune
|-resisted|p1a: Suicune
|-damage|p1a: Suicune|84/100
|
|-weather|Sandstorm|[upkeep]
|-damage|p1a: Suicune|78/100|[from] Sandstorm
|-damage|p2a: MOLTOS|46/100 par|[from] Sandstorm
|-heal|p1a: Suicune|84/100|[from] item: Leftovers
|-heal|p2a: MOLTOS|52/100 par|[from] item: Leftovers
|upkeep
|turn|17
|
|t:|1729398355
|move|p1a: Suicune|Calm Mind|p1a: Suicune
|-boost|p1a: Suicune|spa|1
|-boost|p1a: Suicune|spd|1
|cant|p2a: MOLTOS|par
|
|-weather|Sandstorm|[upkeep]
|-damage|p1a: Suicune|78/100|[from] Sandstorm
|-damage|p2a: MOLTOS|46/100 par|[from] Sandstorm
|-heal|p1a: Suicune|84/100|[from] item: Leftovers
|-heal|p2a: MOLTOS|52/100 par|[from] item: Leftovers
|upkeep
|turn|18
|
|t:|1729398362
|move|p1a: Suicune|Surf|p2a: MOLTOS
|-supereffective|p2a: MOLTOS
|-damage|p2a: MOLTOS|0 fnt
|faint|p2a: MOLTOS
|
|t:|1729398364
|switch|p2a: Bonk|Gengar, F, shiny|100/100
|
|-weather|Sandstorm|[upkeep]
|-damage|p2a: Bonk|94/100|[from] Sandstorm
|-damage|p1a: Suicune|78/100|[from] Sandstorm
|-heal|p2a: Bonk|100/100|[from] item: Leftovers
|-heal|p1a: Suicune|84/100|[from] item: Leftovers
|upkeep
|turn|19
|
|t:|1729398368
|move|p2a: Bonk|Taunt|p1a: Suicune
|-start|p1a: Suicune|move: Taunt
|cant|p1a: Suicune|move: Taunt|Calm Mind
|
|-weather|Sandstorm|[upkeep]
|-damage|p2a: Bonk|94/100|[from] Sandstorm
|-damage|p1a: Suicune|78/100|[from] Sandstorm
|-heal|p2a: Bonk|100/100|[from] item: Leftovers
|-heal|p1a: Suicune|84/100|[from] item: Leftovers
|upkeep
|turn|20
|
|t:|1729398372
|move|p2a: Bonk|Thunderbolt|p1a: Suicune
|-supereffective|p1a: Suicune
|-damage|p1a: Suicune|60/100
|move|p1a: Suicune|Surf|p2a: Bonk
|-damage|p2a: Bonk|37/100
|
|-weather|Sandstorm|[upkeep]
|-damage|p2a: Bonk|31/100|[from] Sandstorm
|-damage|p1a: Suicune|54/100|[from] Sandstorm
|-heal|p2a: Bonk|37/100|[from] item: Leftovers
|-heal|p1a: Suicune|60/100|[from] item: Leftovers
|-end|p1a: Suicune|move: Taunt|[silent]
|upkeep
|turn|21
|
|t:|1729398385
|switch|p2a: Matt|Blissey, F, shiny|100/100
|move|p1a: Suicune|Surf|p2a: Matt
|-damage|p2a: Matt|79/100
|
|-weather|Sandstorm|[upkeep]
|-damage|p1a: Suicune|54/100|[from] Sandstorm
|-damage|p2a: Matt|73/100|[from] Sandstorm
|-heal|p1a: Suicune|60/100|[from] item: Leftovers
|-heal|p2a: Matt|79/100|[from] item: Leftovers
|upkeep
|turn|22
|
|t:|1729398400
|switch|p1a: Metagross|Metagross|57/100
|move|p2a: Matt|Thunder Wave|p1a: Metagross
|-status|p1a: Metagross|par
|
|-weather|Sandstorm|[upkeep]
|-damage|p2a: Matt|73/100|[from] Sandstorm
|-heal|p2a: Matt|79/100|[from] item: Leftovers
|-heal|p1a: Metagross|63/100 par|[from] item: Leftovers
|upkeep
|turn|23
|
|t:|1729398405
|move|p2a: Matt|Seismic Toss|p1a: Metagross
|-damage|p1a: Metagross|36/100 par
|move|p1a: Metagross|Meteor Mash|p2a: Matt
|-damage|p2a: Matt|26/100
|-boost|p1a: Metagross|atk|1
|
|-weather|Sandstorm|[upkeep]
|-damage|p2a: Matt|20/100|[from] Sandstorm
|-heal|p2a: Matt|26/100|[from] item: Leftovers
|-heal|p1a: Metagross|42/100 par|[from] item: Leftovers
|upkeep
|turn|24
|
|t:|1729398409
|move|p2a: Matt|Seismic Toss|p1a: Metagross
|-damage|p1a: Metagross|14/100 par
|cant|p1a: Metagross|par
|
|-weather|Sandstorm|[upkeep]
|-damage|p2a: Matt|20/100|[from] Sandstorm
|-heal|p2a: Matt|26/100|[from] item: Leftovers
|-heal|p1a: Metagross|20/100 par|[from] item: Leftovers
|upkeep
|turn|25
|
|t:|1729398415
|move|p2a: Matt|Seismic Toss|p1a: Metagross
|-damage|p1a: Metagross|0 fnt
|faint|p1a: Metagross
|
|t:|1729398419
|switch|p1a: Salamence|Salamence, F|100/100
|-ability|p1a: Salamence|Intimidate|boost
|-unboost|p2a: Matt|atk|1
|
|-weather|Sandstorm|[upkeep]
|-damage|p1a: Salamence|94/100|[from] Sandstorm
|-damage|p2a: Matt|20/100|[from] Sandstorm
|-heal|p1a: Salamence|100/100|[from] item: Leftovers
|-heal|p2a: Matt|26/100|[from] item: Leftovers
|upkeep
|turn|26
|
|t:|1729398428
|switch|p2a: Sam|Swampert, M|19/100
|move|p1a: Salamence|Hidden Power|p2a: Sam
|-crit|p2a: Sam
|-damage|p2a: Sam|0 fnt
|faint|p2a: Sam
|
|t:|1729398433
|switch|p2a: Bonk|Gengar, F, shiny|37/100
|
|-weather|Sandstorm|[upkeep]
|-damage|p2a: Bonk|31/100|[from] Sandstorm
|-damage|p1a: Salamence|94/100|[from] Sandstorm
|-heal|p2a: Bonk|37/100|[from] item: Leftovers
|-heal|p1a: Salamence|100/100|[from] item: Leftovers
|upkeep
|turn|27
|
|t:|1729398437
|switch|p1a: Magneton|Magneton|100/100
|move|p2a: Bonk|Ice Punch|p1a: Magneton
|-resisted|p1a: Magneton
|-damage|p1a: Magneton|79/100
|-status|p1a: Magneton|frz
|
|-weather|Sandstorm|[upkeep]
|-damage|p2a: Bonk|31/100|[from] Sandstorm
|-heal|p2a: Bonk|37/100|[from] item: Leftovers
|upkeep
|turn|28
|c|☆Jsockamisama|Omg I’m so sorry
|
|t:|1729398458
|move|p2a: Bonk|Thunderbolt|p1a: Magneton
|-resisted|p1a: Magneton
|-damage|p1a: Magneton|53/100 frz
|cant|p1a: Magneton|frz
|
|-weather|Sandstorm|[upkeep]
|-damage|p2a: Bonk|31/100|[from] Sandstorm
|-heal|p2a: Bonk|37/100|[from] item: Leftovers
|upkeep
|turn|29
|
|t:|1729398463
|move|p2a: Bonk|Thunderbolt|p1a: Magneton
|-resisted|p1a: Magneton
|-damage|p1a: Magneton|26/100 frz
|cant|p1a: Magneton|frz
|
|-weather|Sandstorm|[upkeep]
|-damage|p2a: Bonk|31/100|[from] Sandstorm
|-heal|p2a: Bonk|37/100|[from] item: Leftovers
|upkeep
|turn|30
|
|t:|1729398467
|move|p2a: Bonk|Thunderbolt|p1a: Magneton
|-resisted|p1a: Magneton
|-damage|p1a: Magneton|1/100 frz
|cant|p1a: Magneton|frz
|
|-weather|Sandstorm|[upkeep]
|-damage|p2a: Bonk|31/100|[from] Sandstorm
|-heal|p2a: Bonk|37/100|[from] item: Leftovers
|upkeep
|turn|31
|
|t:|1729398472
|move|p2a: Bonk|Thunderbolt|p1a: Magneton
|-resisted|p1a: Magneton
|-damage|p1a: Magneton|0 fnt
|faint|p1a: Magneton
|
|t:|1729398473
|switch|p1a: Suicune|Suicune|60/100
|
|-weather|Sandstorm|[upkeep]
|-damage|p2a: Bonk|31/100|[from] Sandstorm
|-damage|p1a: Suicune|54/100|[from] Sandstorm
|-heal|p2a: Bonk|37/100|[from] item: Leftovers
|-heal|p1a: Suicune|60/100|[from] item: Leftovers
|upkeep
|turn|32
|
|t:|1729398482
|move|p2a: Bonk|Thunderbolt|p1a: Suicune
|-supereffective|p1a: Suicune
|-damage|p1a: Suicune|26/100
|move|p1a: Suicune|Surf|p2a: Bonk
|-crit|p2a: Bonk
|-damage|p2a: Bonk|0 fnt
|faint|p2a: Bonk
|
|t:|1729398487
|switch|p2a: Matt|Blissey, F, shiny|26/100
|
|-weather|Sandstorm|[upkeep]
|-damage|p1a: Suicune|20/100|[from] Sandstorm
|-damage|p2a: Matt|20/100|[from] Sandstorm
|-heal|p1a: Suicune|26/100|[from] item: Leftovers
|-heal|p2a: Matt|26/100|[from] item: Leftovers
|upkeep
|turn|33
|
|t:|1729398493
|move|p1a: Suicune|Rest|p1a: Suicune
|-status|p1a: Suicune|slp|[from] move: Rest
|-heal|p1a: Suicune|100/100 slp|[silent]
|move|p2a: Matt|Seismic Toss|p1a: Suicune
|-damage|p1a: Suicune|76/100 slp
|
|-weather|Sandstorm|[upkeep]
|-damage|p1a: Suicune|70/100 slp|[from] Sandstorm
|-damage|p2a: Matt|20/100|[from] Sandstorm
|-heal|p1a: Suicune|76/100 slp|[from] item: Leftovers
|-heal|p2a: Matt|26/100|[from] item: Leftovers
|upkeep
|turn|34
|
|t:|1729398497
|cant|p1a: Suicune|slp
|move|p2a: Matt|Seismic Toss|p1a: Suicune
|-damage|p1a: Suicune|51/100 slp
|
|-weather|Sandstorm|[upkeep]
|-damage|p1a: Suicune|45/100 slp|[from] Sandstorm
|-damage|p2a: Matt|20/100|[from] Sandstorm
|-heal|p1a: Suicune|51/100 slp|[from] item: Leftovers
|-heal|p2a: Matt|26/100|[from] item: Leftovers
|upkeep
|turn|35
|
|t:|1729398504
|cant|p1a: Suicune|slp
|move|p2a: Matt|Seismic Toss|p1a: Suicune
|-damage|p1a: Suicune|26/100 slp
|
|-weather|Sandstorm|[upkeep]
|-damage|p1a: Suicune|20/100 slp|[from] Sandstorm
|-damage|p2a: Matt|20/100|[from] Sandstorm
|-heal|p1a: Suicune|26/100 slp|[from] item: Leftovers
|-heal|p2a: Matt|26/100|[from] item: Leftovers
|upkeep
|turn|36
|
|t:|1729398513
|-curestatus|p1a: Suicune|slp|[msg]
|move|p1a: Suicune|Rest|p1a: Suicune
|-status|p1a: Suicune|slp|[from] move: Rest
|-heal|p1a: Suicune|100/100 slp|[silent]
|move|p2a: Matt|Soft-Boiled|p2a: Matt
|-heal|p2a: Matt|76/100
|
|-weather|Sandstorm|[upkeep]
|-damage|p1a: Suicune|94/100 slp|[from] Sandstorm
|-damage|p2a: Matt|70/100|[from] Sandstorm
|-heal|p1a: Suicune|100/100 slp|[from] item: Leftovers
|-heal|p2a: Matt|76/100|[from] item: Leftovers
|upkeep
|turn|37
|
|t:|1729398520
|cant|p1a: Suicune|slp
|move|p2a: Matt|Thunder Wave||[still]
|-fail|p2a: Matt
|
|-weather|Sandstorm|[upkeep]
|-damage|p1a: Suicune|94/100 slp|[from] Sandstorm
|-damage|p2a: Matt|70/100|[from] Sandstorm
|-heal|p1a: Suicune|100/100 slp|[from] item: Leftovers
|-heal|p2a: Matt|76/100|[from] item: Leftovers
|upkeep
|turn|38
|
|t:|1729398523
|cant|p1a: Suicune|slp
|move|p2a: Matt|Seismic Toss|p1a: Suicune
|-damage|p1a: Suicune|76/100 slp
|
|-weather|Sandstorm|[upkeep]
|-damage|p1a: Suicune|70/100 slp|[from] Sandstorm
|-damage|p2a: Matt|70/100|[from] Sandstorm
|-heal|p1a: Suicune|76/100 slp|[from] item: Leftovers
|-heal|p2a: Matt|76/100|[from] item: Leftovers
|upkeep
|turn|39
|
|t:|1729398527
|-curestatus|p1a: Suicune|slp|[msg]
|move|p1a: Suicune|Rest|p1a: Suicune
|-status|p1a: Suicune|slp|[from] move: Rest
|-heal|p1a: Suicune|100/100 slp|[silent]
|move|p2a: Matt|Ice Beam|p1a: Suicune
|-resisted|p1a: Suicune
|-damage|p1a: Suicune|93/100 slp
|
|-weather|Sandstorm|[upkeep]
|-damage|p1a: Suicune|87/100 slp|[from] Sandstorm
|-damage|p2a: Matt|70/100|[from] Sandstorm
|-heal|p1a: Suicune|93/100 slp|[from] item: Leftovers
|-heal|p2a: Matt|76/100|[from] item: Leftovers
|upkeep
|turn|40
|
|t:|1729398532
|cant|p1a: Suicune|slp
|move|p2a: Matt|Thunder Wave||[still]
|-fail|p2a: Matt
|
|-weather|Sandstorm|[upkeep]
|-damage|p1a: Suicune|87/100 slp|[from] Sandstorm
|-damage|p2a: Matt|70/100|[from] Sandstorm
|-heal|p1a: Suicune|93/100 slp|[from] item: Leftovers
|-heal|p2a: Matt|76/100|[from] item: Leftovers
|upkeep
|turn|41
|
|t:|1729398534
|cant|p1a: Suicune|slp
|move|p2a: Matt|Seismic Toss|p1a: Suicune
|-damage|p1a: Suicune|69/100 slp
|
|-weather|Sandstorm|[upkeep]
|-damage|p1a: Suicune|62/100 slp|[from] Sandstorm
|-damage|p2a: Matt|70/100|[from] Sandstorm
|-heal|p1a: Suicune|69/100 slp|[from] item: Leftovers
|-heal|p2a: Matt|76/100|[from] item: Leftovers
|upkeep
|turn|42
|
|t:|1729398539
|-curestatus|p1a: Suicune|slp|[msg]
|move|p1a: Suicune|Calm Mind|p1a: Suicune
|-boost|p1a: Suicune|spa|1
|-boost|p1a: Suicune|spd|1
|move|p2a: Matt|Thunder Wave|p1a: Suicune
|-status|p1a: Suicune|par
|
|-weather|Sandstorm|[upkeep]
|-damage|p2a: Matt|70/100|[from] Sandstorm
|-damage|p1a: Suicune|62/100 par|[from] Sandstorm
|-heal|p2a: Matt|76/100|[from] item: Leftovers
|-heal|p1a: Suicune|69/100 par|[from] item: Leftovers
|upkeep
|turn|43
|
|t:|1729398544
|move|p2a: Matt|Seismic Toss|p1a: Suicune
|-damage|p1a: Suicune|44/100 par
|cant|p1a: Suicune|par
|
|-weather|Sandstorm|[upkeep]
|-damage|p2a: Matt|70/100|[from] Sandstorm
|-damage|p1a: Suicune|38/100 par|[from] Sandstorm
|-heal|p2a: Matt|76/100|[from] item: Leftovers
|-heal|p1a: Suicune|44/100 par|[from] item: Leftovers
|upkeep
|turn|44
|
|t:|1729398548
|move|p2a: Matt|Seismic Toss|p1a: Suicune
|-damage|p1a: Suicune|19/100 par
|move|p1a: Suicune|Rest|p1a: Suicune
|-status|p1a: Suicune|slp|[from] move: Rest
|-heal|p1a: Suicune|100/100 slp|[silent]
|
|-weather|Sandstorm|[upkeep]
|-damage|p1a: Suicune|94/100 slp|[from] Sandstorm
|-damage|p2a: Matt|70/100|[from] Sandstorm
|-heal|p1a: Suicune|100/100 slp|[from] item: Leftovers
|-heal|p2a: Matt|76/100|[from] item: Leftovers
|upkeep
|turn|45
|
|t:|1729398557
|cant|p1a: Suicune|slp
|move|p2a: Matt|Thunder Wave||[still]
|-fail|p2a: Matt
|
|-weather|Sandstorm|[upkeep]
|-damage|p1a: Suicune|94/100 slp|[from] Sandstorm
|-damage|p2a: Matt|70/100|[from] Sandstorm
|-heal|p1a: Suicune|100/100 slp|[from] item: Leftovers
|-heal|p2a: Matt|76/100|[from] item: Leftovers
|upkeep
|turn|46
|
|t:|1729398561
|cant|p1a: Suicune|slp
|move|p2a: Matt|Thunder Wave||[still]
|-fail|p2a: Matt
|
|-weather|Sandstorm|[upkeep]
|-damage|p1a: Suicune|94/100 slp|[from] Sandstorm
|-damage|p2a: Matt|70/100|[from] Sandstorm
|-heal|p1a: Suicune|100/100 slp|[from] item: Leftovers
|-heal|p2a: Matt|76/100|[from] item: Leftovers
|upkeep
|turn|47
|
|t:|1729398565
|-curestatus|p1a: Suicune|slp|[msg]
|move|p1a: Suicune|Calm Mind|p1a: Suicune
|-boost|p1a: Suicune|spa|1
|-boost|p1a: Suicune|spd|1
|move|p2a: Matt|Ice Beam|p1a: Suicune
|-resisted|p1a: Suicune
|-damage|p1a: Suicune|97/100
|
|-weather|Sandstorm|[upkeep]
|-damage|p1a: Suicune|91/100|[from] Sandstorm
|-damage|p2a: Matt|70/100|[from] Sandstorm
|-heal|p1a: Suicune|97/100|[from] item: Leftovers
|-heal|p2a: Matt|76/100|[from] item: Leftovers
|upkeep
|turn|48
|
|t:|1729398576
|move|p1a: Suicune|Surf|p2a: Matt
|-damage|p2a: Matt|48/100
|move|p2a: Matt|Ice Beam|p1a: Suicune
|-resisted|p1a: Suicune
|-damage|p1a: Suicune|94/100
|
|-weather|Sandstorm|[upkeep]
|-damage|p1a: Suicune|88/100|[from] Sandstorm
|-damage|p2a: Matt|42/100|[from] Sandstorm
|-heal|p1a: Suicune|94/100|[from] item: Leftovers
|-heal|p2a: Matt|48/100|[from] item: Leftovers
|upkeep
|turn|49
|inactive|kewta disconnected and has 300 seconds to reconnect!
|player|p1|
|inactive|kewta has 270 seconds to reconnect!
|inactive|kewta reconnected and has 285 seconds left.
|player|p1|kewta|169|
|
|t:|1729398632
|move|p1a: Suicune|Surf|p2a: Matt
|-damage|p2a: Matt|18/100
|move|p2a: Matt|Soft-Boiled|p2a: Matt
|-heal|p2a: Matt|68/100
|
|-weather|Sandstorm|[upkeep]
|-damage|p1a: Suicune|88/100|[from] Sandstorm
|-damage|p2a: Matt|62/100|[from] Sandstorm
|-heal|p1a: Suicune|94/100|[from] item: Leftovers
|-heal|p2a: Matt|68/100|[from] item: Leftovers
|upkeep
|turn|50
|inactive|Jsockamisama has 270 seconds left.
|
|t:|1729398682
|move|p1a: Suicune|Calm Mind|p1a: Suicune
|-boost|p1a: Suicune|spa|1
|-boost|p1a: Suicune|spd|1
|move|p2a: Matt|Ice Beam|p1a: Suicune
|-resisted|p1a: Suicune
|-damage|p1a: Suicune|91/100
|
|-weather|Sandstorm|[upkeep]
|-damage|p1a: Suicune|85/100|[from] Sandstorm
|-damage|p2a: Matt|62/100|[from] Sandstorm
|-heal|p1a: Suicune|91/100|[from] item: Leftovers
|-heal|p2a: Matt|68/100|[from] item: Leftovers
|upkeep
|turn|51
|
|t:|1729398694
|move|p1a: Suicune|Ice Beam|p2a: Matt
|-damage|p2a: Matt|45/100
|-status|p2a: Matt|frz
|cant|p2a: Matt|frz
|
|-weather|Sandstorm|[upkeep]
|-damage|p1a: Suicune|85/100|[from] Sandstorm
|-damage|p2a: Matt|39/100 frz|[from] Sandstorm
|-heal|p1a: Suicune|91/100|[from] item: Leftovers
|-heal|p2a: Matt|45/100 frz|[from] item: Leftovers
|upkeep
|turn|52
|
|t:|1729398698
|switch|p1a: Salamence|Salamence, F|100/100
|-ability|p1a: Salamence|Intimidate|boost
|-unboost|p2a: Matt|atk|1
|cant|p2a: Matt|frz
|
|-weather|Sandstorm|[upkeep]
|-damage|p1a: Salamence|94/100|[from] Sandstorm
|-damage|p2a: Matt|39/100 frz|[from] Sandstorm
|-heal|p1a: Salamence|100/100|[from] item: Leftovers
|-heal|p2a: Matt|45/100 frz|[from] item: Leftovers
|upkeep
|turn|53
|
|t:|1729398705
|move|p1a: Salamence|Hidden Power|p2a: Matt
|-damage|p2a: Matt|12/100 frz
|cant|p2a: Matt|frz
|
|-weather|Sandstorm|[upkeep]
|-damage|p1a: Salamence|94/100|[from] Sandstorm
|-damage|p2a: Matt|6/100 frz|[from] Sandstorm
|-heal|p1a: Salamence|100/100|[from] item: Leftovers
|-heal|p2a: Matt|12/100 frz|[from] item: Leftovers
|upkeep
|turn|54
|
|t:|1729398708
|move|p1a: Salamence|Hidden Power|p2a: Matt
|-damage|p2a: Matt|0 fnt
|faint|p2a: Matt
|
|win|kewta
|c|☆Jsockamisama|Gg
|c|☆kewta|ggs
|player|p2|

</script>
<script type="application/json" class="data" id="replaydata-smogtours-gen3ou-800281">
{"id":"smogtours-gen3ou-800281","format":"[Gen 3] OU","players":["kewta","Jsockamisama"],"uploadtime":1729398708,"views":81,"formatid":"gen3ou","rating":null,"private":0,"password":null}
</script>

<script defer src="js/replays.js?9d40a366"></script>
