<!DOCTYPE html>
<meta charset="utf-8" />
<meta name="viewport" content="width=device-width" />

<title>[Gen 3] OU: wiilink100 vs. asbolus verrucosus - Replays - Pok&eacute;mon Showdown!</title>

<meta name="description" content="Watch a replay of a Pok&eacute;mon battle between wiilink100 and asbolus verrucosus! Format: [Gen 3] OU; Date: Oct 19, 2024" />
<!--

Hey, you! Looking in the source for the replay log?

You can find them in JSON format, just add `.json` at the end of a replay URL.

https://replay.pokemonshowdown.com/gen7randomdoublesbattle-865046831.json

Or, if you only need the log itself, add `.log` instead:

https://replay.pokemonshowdown.com/gen7randomdoublesbattle-865046831.log

-->

<link rel="stylesheet" href="//pokemonshowdown.com/style/global.css?0.767286132409787" />
<link rel="stylesheet" href="//play.pokemonshowdown.com/style/font-awesome.css?0.9266228007934947" />
<link rel="stylesheet" href="//play.pokemonshowdown.com/style/battle.css?0.7924700842790926" />
<link rel="stylesheet" href="//play.pokemonshowdown.com/style/utilichart.css?0.8777417872839479" />

<!-- Global site tag (gtag.js) - Google Analytics -->
<script async src="https://www.googletagmanager.com/gtag/js?id=UA-26211653-1"></script>
<script>
  window.dataLayer = window.dataLayer || [];
  function gtag(){dataLayer.push(arguments);}
  gtag('js', new Date());

  gtag('config', 'UA-26211653-1');
</script>
<!-- End Google Analytics -->
<!-- Venatus Ad Manager - Install in <HEAD> of page -->
	<script src="https://hb.vntsm.com/v3/live/ad-manager.min.js" type="text/javascript" data-site-id="642aba63ec9a7b11c3c9c1be" data-mode="scan" async></script>
<!-- / Venatus Ad Manager -->

<style>
	@media (max-width:820px) {
		.battle {
			margin: 0 auto;
		}
		.battle-log {
			margin: 7px auto 0;
			max-width: 640px;
			height: 300px;
			position: static;
		}
	}
	.optgroup {
		display: inline-block;
		line-height: 22px;
		font-size: 10pt;
	}
	.optgroup .button {
		height: 25px;
		padding-top: 0;
		padding-bottom: 0;
	}
	.optgroup button.button {
		padding-left: 12px;
		padding-right: 12px;
	}
	.linklist {
		list-style: none;
		margin: 0.5em 0;
		padding: 0;
	}
	.linklist li {
		padding: 2px 0;
	}
	.sidebar {
		float: left;
		width: 320px;
	}
	.bar-wrapper {
		max-width: 1100px;
		margin: 0 auto;
	}
	.bar-wrapper.has-sidebar {
		max-width: 1430px;
	}
	.mainbar {
		margin: 0;
		padding-right: 1px;
	}
	.mainbar.has-sidebar {
		margin-left: 330px;
	}
	@media (min-width: 1511px) {
		.sidebar {
			width: 400px;
		}
		.bar-wrapper.has-sidebar {
			max-width: 1510px;
		}
		.mainbar.has-sidebar {
			margin-left: 410px;
		}
	}
	.section.first-section {
		margin-top: 9px;
	}
	.blocklink small {
		white-space: normal;
	}
	.button {
		vertical-align: middle;
	}
	.replay-controls {
		padding-top: 10px;
	}
	.replay-controls h1 {
		font-size: 16pt;
		font-weight: normal;
		color: #CCC;
	}
	.pagelink {
		text-align: center;
	}
	.pagelink a {
		width: 150px;
	}
	.textbox, .button {
		font-size: 11pt;
		vertical-align: middle;
	}
	@media (max-width: 450px) {
		.button {
			font-size: 9pt;
		}
	}
</style>

<div>

	<header>
		<div class="nav-wrapper"><ul class="nav">
			<li><a class="button nav-first" href="//pokemonshowdown.com/"><img src="//pokemonshowdown.com/images/pokemonshowdownbeta.png" srcset="//pokemonshowdown.com/images/pokemonshowdownbeta.png 1x, //pokemonshowdown.com/images/pokemonshowdownbeta@2x.png 2x" alt="Pok&eacute;mon Showdown" width="146" height="44" /> Home</a></li>
			<li><a class="button" href="//pokemonshowdown.com/dex/">Pok&eacute;dex</a></li>
			<li><a class="button cur" href="/">Replays</a></li>
			<li><a class="button" href="//pokemonshowdown.com/ladder/">Ladder</a></li>
			<li><a class="button nav-last" href="//pokemonshowdown.com/forums/">Forum</a></li>
			<li><a class="button greenbutton nav-first nav-last" href="//play.pokemonshowdown.com/">Play</a></li>
		</ul></div>
	</header>

	<div class="main" id="main">

		<noscript><section class="section">You need to enable JavaScript to use this page; sorry!</section></noscript>

	</div>

</div>

<script defer nomodule src="//play.pokemonshowdown.com/js/lib/ps-polyfill.js"></script>
<script defer src="//play.pokemonshowdown.com/js/lib/preact.min.js"></script>

<script defer src="//play.pokemonshowdown.com/config/config.js?6dec07f6"></script>
<script defer src="//play.pokemonshowdown.com/js/lib/jquery-1.11.0.min.js"></script>
<script defer src="//play.pokemonshowdown.com/js/lib/html-sanitizer-minified.js"></script>
<script defer src="//play.pokemonshowdown.com/js/battle-sound.js"></script>
<script defer src="//play.pokemonshowdown.com/js/battledata.js?0.6315294753075389"></script>
<script defer src="//play.pokemonshowdown.com/data/pokedex-mini.js?0.7603743185311358"></script>
<script defer src="//play.pokemonshowdown.com/data/pokedex-mini-bw.js?0.030888842834281283"></script>
<script defer src="//play.pokemonshowdown.com/data/graphics.js?0.05593094747507488"></script>
<script defer src="//play.pokemonshowdown.com/data/pokedex.js?0.47064822249611904"></script>
<script defer src="//play.pokemonshowdown.com/data/moves.js?0.8583693120512459"></script>
<script defer src="//play.pokemonshowdown.com/data/abilities.js?0.16017181182386842"></script>
<script defer src="//play.pokemonshowdown.com/data/items.js?0.4163379185673943"></script>
<script defer src="//play.pokemonshowdown.com/data/teambuilder-tables.js?0.31075597372830477"></script>
<script defer src="//play.pokemonshowdown.com/js/battle-tooltips.js?0.6536193500708172"></script>
<script defer src="//play.pokemonshowdown.com/js/battle.js?0.1916591943277901"></script>

<script defer src="js/utils.js?e31f9a17"></script>
<script defer src="js/replays-battle.js?7008c182"></script>

<!-- don't scrape this data! just add .json or .log after the URL!
Full API docs: https://github.com/smogon/pokemon-showdown-client/blob/master/WEB-API.md -->
<script type="text/plain" class="log" id="replaylog-smogtours-gen3ou-800043">
|inactive|Battle timer is ON: inactive players will automatically lose when time's up.
|t:|1729367080
|gametype|singles
|player|p1|wiilink100|1|
|player|p2|asbolus verrucosus|bugsy-gen2|
|teamsize|p1|6
|teamsize|p2|6
|gen|3
|tier|[Gen 3] OU
|rule|Sleep Clause Mod: Limit one foe put to sleep
|rule|Switch Priority Clause Mod: Faster Pokémon switch first
|rule|Species Clause: Limit one of each Pokémon
|rule|OHKO Clause: OHKO moves are banned
|rule|Evasion Items Clause: Evasion items are banned
|rule|Evasion Moves Clause: Evasion moves are banned
|rule|Endless Battle Clause: Forcing endless battles is banned
|rule|HP Percentage Mod: HP is shown in percentages
|rule|One Boost Passer Clause: Limit one Baton Passer that has a way to boost its stats
|rule|Freeze Clause Mod: Limit one foe frozen
|
|t:|1729367080
|start
|switch|p1a: Alakazam|Alakazam, F|100/100
|switch|p2a: Machamp|Machamp, M|100/100
|turn|1
|c|☆wiilink100|gl hf
|
|t:|1729367091
|switch|p2a: Houndoom|Houndoom, M|100/100
|move|p1a: Alakazam|Psychic|p2a: Houndoom
|-immune|p2a: Houndoom
|
|upkeep
|turn|2
|
|t:|1729367100
|move|p1a: Alakazam|Thunder Punch|p2a: Houndoom
|-damage|p2a: Houndoom|66/100
|move|p2a: Houndoom|Pursuit|p1a: Alakazam
|-supereffective|p1a: Alakazam
|-damage|p1a: Alakazam|33/100
|
|-heal|p1a: Alakazam|39/100|[from] item: Leftovers
|-heal|p2a: Houndoom|73/100|[from] item: Leftovers
|upkeep
|turn|3
|
|t:|1729367108
|move|p1a: Alakazam|Thunder Punch|p2a: Houndoom
|-damage|p2a: Houndoom|36/100
|move|p2a: Houndoom|Pursuit|p1a: Alakazam
|-supereffective|p1a: Alakazam
|-damage|p1a: Alakazam|0 fnt
|faint|p1a: Alakazam
|
|t:|1729367119
|switch|p1a: Gengar|Gengar, F|100/100
|
|-heal|p2a: Houndoom|42/100|[from] item: Leftovers
|upkeep
|turn|4
|
|t:|1729367125
|move|p1a: Gengar|Thunderbolt|p2a: Houndoom
|-damage|p2a: Houndoom|9/100
|move|p2a: Houndoom|Fire Blast|p1a: Gengar
|-damage|p1a: Gengar|36/100
|
|-heal|p1a: Gengar|42/100|[from] item: Leftovers
|-heal|p2a: Houndoom|15/100|[from] item: Leftovers
|upkeep
|turn|5
|
|t:|1729367132
|switch|p2a: Snorlax|Snorlax, M|100/100
|move|p1a: Gengar|Thunderbolt|p2a: Snorlax
|-damage|p2a: Snorlax|87/100
|
|-heal|p1a: Gengar|48/100|[from] item: Leftovers
|-heal|p2a: Snorlax|93/100|[from] item: Leftovers
|upkeep
|turn|6
|
|t:|1729367139
|switch|p1a: Armaldo|Armaldo, M|100/100
|switch|p2a: Houndoom|Houndoom, M|15/100
|
|-heal|p2a: Houndoom|21/100|[from] item: Leftovers
|upkeep
|turn|7
|
|t:|1729367144
|move|p2a: Houndoom|Will-O-Wisp|p1a: Armaldo|[miss]
|-miss|p2a: Houndoom|p1a: Armaldo
|move|p1a: Armaldo|Seismic Toss|p2a: Houndoom
|-damage|p2a: Houndoom|0 fnt
|faint|p2a: Houndoom
|
|t:|1729367153
|switch|p2a: Breloom|Breloom, M|100/100
|
|upkeep
|turn|8
|
|t:|1729367169
|switch|p1a: Skarmory|Skarmory, F|100/100
|move|p2a: Breloom|Spore|p1a: Skarmory
|-status|p1a: Skarmory|slp|[from] move: Spore
|
|upkeep
|turn|9
|
|t:|1729367174
|switch|p2a: Machamp|Machamp, M|100/100
|switch|p1a: Gengar|Gengar, F|48/100
|
|-heal|p1a: Gengar|54/100|[from] item: Leftovers
|upkeep
|turn|10
|
|t:|1729367186
|move|p1a: Gengar|Explosion|p2a: Machamp
|-damage|p2a: Machamp|2/100
|faint|p1a: Gengar
|
|t:|1729367190
|switch|p1a: Tyranitar|Tyranitar, M|100/100
|-weather|Sandstorm|[from] ability: Sand Stream|[of] p1a: Tyranitar
|
|-weather|Sandstorm|[upkeep]
|-damage|p2a: Machamp|0 fnt|[from] Sandstorm
|faint|p2a: Machamp
|upkeep
|
|t:|1729367204
|switch|p2a: Starmie|Starmie|100/100
|turn|11
|
|t:|1729367214
|switch|p1a: Swampert|Swampert, F|100/100
|move|p2a: Starmie|Hydro Pump|p1a: Swampert
|-damage|p1a: Swampert|64/100
|
|-weather|Sandstorm|[upkeep]
|-damage|p2a: Starmie|94/100|[from] Sandstorm
|-heal|p2a: Starmie|100/100|[from] item: Leftovers
|-heal|p1a: Swampert|71/100|[from] item: Leftovers
|upkeep
|turn|12
|
|t:|1729367224
|move|p2a: Starmie|Ice Beam|p1a: Swampert
|-damage|p1a: Swampert|51/100
|move|p1a: Swampert|Earthquake|p2a: Starmie
|-damage|p2a: Starmie|49/100
|
|-weather|Sandstorm|[upkeep]
|-damage|p2a: Starmie|43/100|[from] Sandstorm
|-heal|p2a: Starmie|49/100|[from] item: Leftovers
|-heal|p1a: Swampert|58/100|[from] item: Leftovers
|upkeep
|turn|13
|
|t:|1729367229
|move|p2a: Starmie|Recover|p2a: Starmie
|-heal|p2a: Starmie|99/100
|move|p1a: Swampert|Earthquake|p2a: Starmie
|-damage|p2a: Starmie|41/100
|
|-weather|Sandstorm|[upkeep]
|-damage|p2a: Starmie|35/100|[from] Sandstorm
|-heal|p2a: Starmie|41/100|[from] item: Leftovers
|-heal|p1a: Swampert|64/100|[from] item: Leftovers
|upkeep
|turn|14
|
|t:|1729367236
|switch|p2a: Salamence|Salamence, F|100/100
|-ability|p2a: Salamence|Intimidate|boost
|-unboost|p1a: Swampert|atk|1
|move|p1a: Swampert|Earthquake|p2a: Salamence
|-immune|p2a: Salamence
|
|-weather|Sandstorm|[upkeep]
|-damage|p2a: Salamence|94/100|[from] Sandstorm
|-heal|p2a: Salamence|100/100|[from] item: Leftovers
|-heal|p1a: Swampert|70/100|[from] item: Leftovers
|upkeep
|turn|15
|
|t:|1729367250
|switch|p2a: Snorlax|Snorlax, M|93/100
|move|p1a: Swampert|Surf|p2a: Snorlax
|-damage|p2a: Snorlax|80/100
|
|-weather|Sandstorm|[upkeep]
|-damage|p2a: Snorlax|73/100|[from] Sandstorm
|-heal|p1a: Swampert|76/100|[from] item: Leftovers
|-heal|p2a: Snorlax|80/100|[from] item: Leftovers
|upkeep
|turn|16
|
|t:|1729367252
|switch|p1a: Armaldo|Armaldo, M|100/100
|move|p2a: Snorlax|Curse|p2a: Snorlax
|-unboost|p2a: Snorlax|spe|1
|-boost|p2a: Snorlax|atk|1
|-boost|p2a: Snorlax|def|1
|
|-weather|Sandstorm|[upkeep]
|-damage|p2a: Snorlax|73/100|[from] Sandstorm
|-heal|p2a: Snorlax|80/100|[from] item: Leftovers
|upkeep
|turn|17
|
|t:|1729367265
|switch|p2a: Breloom|Breloom, M|100/100
|move|p1a: Armaldo|Harden|p1a: Armaldo
|-boost|p1a: Armaldo|def|1
|
|-weather|Sandstorm|[upkeep]
|-damage|p2a: Breloom|94/100|[from] Sandstorm
|-heal|p2a: Breloom|100/100|[from] item: Leftovers
|upkeep
|turn|18
|
|t:|1729367272
|move|p2a: Breloom|Sky Uppercut|p1a: Armaldo
|-damage|p1a: Armaldo|78/100
|move|p1a: Armaldo|Knock Off|p2a: Breloom
|-resisted|p2a: Breloom
|-damage|p2a: Breloom|97/100
|-enditem|p2a: Breloom|Leftovers|[from] move: Knock Off|[of] p1a: Armaldo
|-hint|In Gens 3-4, Knock Off only makes the target's item unusable; it cannot obtain a new item.
|
|-weather|Sandstorm|[upkeep]
|-damage|p2a: Breloom|91/100|[from] Sandstorm
|-heal|p1a: Armaldo|84/100|[from] item: Leftovers
|upkeep
|turn|19
|
|t:|1729367277
|switch|p2a: Salamence|Salamence, F|100/100
|-ability|p2a: Salamence|Intimidate|boost
|-unboost|p1a: Armaldo|atk|1
|move|p1a: Armaldo|Harden|p1a: Armaldo
|-boost|p1a: Armaldo|def|1
|
|-weather|Sandstorm|[upkeep]
|-damage|p2a: Salamence|94/100|[from] Sandstorm
|-heal|p2a: Salamence|100/100|[from] item: Leftovers
|-heal|p1a: Armaldo|91/100|[from] item: Leftovers
|upkeep
|turn|20
|
|t:|1729367282
|move|p2a: Salamence|Dragon Dance|p2a: Salamence
|-boost|p2a: Salamence|atk|1
|-boost|p2a: Salamence|spe|1
|move|p1a: Armaldo|Knock Off|p2a: Salamence
|-damage|p2a: Salamence|97/100
|-enditem|p2a: Salamence|Leftovers|[from] move: Knock Off|[of] p1a: Armaldo
|
|-weather|Sandstorm|[upkeep]
|-damage|p2a: Salamence|90/100|[from] Sandstorm
|-heal|p1a: Armaldo|97/100|[from] item: Leftovers
|upkeep
|turn|21
|
|t:|1729367285
|move|p2a: Salamence|Rock Slide|p1a: Armaldo
|-supereffective|p1a: Armaldo
|-damage|p1a: Armaldo|67/100
|move|p1a: Armaldo|Harden|p1a: Armaldo
|-boost|p1a: Armaldo|def|1
|
|-weather|Sandstorm|[upkeep]
|-damage|p2a: Salamence|84/100|[from] Sandstorm
|-heal|p1a: Armaldo|73/100|[from] item: Leftovers
|upkeep
|turn|22
|
|t:|1729367290
|move|p2a: Salamence|Dragon Dance|p2a: Salamence
|-boost|p2a: Salamence|atk|1
|-boost|p2a: Salamence|spe|1
|move|p1a: Armaldo|Harden|p1a: Armaldo
|-boost|p1a: Armaldo|def|1
|
|-weather|Sandstorm|[upkeep]
|-damage|p2a: Salamence|78/100|[from] Sandstorm
|-heal|p1a: Armaldo|80/100|[from] item: Leftovers
|upkeep
|turn|23
|
|t:|1729367292
|move|p2a: Salamence|Dragon Dance|p2a: Salamence
|-boost|p2a: Salamence|atk|1
|-boost|p2a: Salamence|spe|1
|move|p1a: Armaldo|Seismic Toss|p2a: Salamence
|-damage|p2a: Salamence|50/100
|
|-weather|Sandstorm|[upkeep]
|-damage|p2a: Salamence|44/100|[from] Sandstorm
|-heal|p1a: Armaldo|86/100|[from] item: Leftovers
|upkeep
|turn|24
|
|t:|1729367296
|move|p2a: Salamence|Rock Slide|p1a: Armaldo
|-supereffective|p1a: Armaldo
|-damage|p1a: Armaldo|53/100
|move|p1a: Armaldo|Seismic Toss|p2a: Salamence
|-damage|p2a: Salamence|17/100
|
|-weather|Sandstorm|[upkeep]
|-damage|p2a: Salamence|10/100|[from] Sandstorm
|-heal|p1a: Armaldo|59/100|[from] item: Leftovers
|upkeep
|turn|25
|
|t:|1729367309
|move|p2a: Salamence|Rock Slide|p1a: Armaldo
|-supereffective|p1a: Armaldo
|-damage|p1a: Armaldo|25/100
|move|p1a: Armaldo|Harden|p1a: Armaldo
|-boost|p1a: Armaldo|def|1
|
|-weather|Sandstorm|[upkeep]
|-damage|p2a: Salamence|4/100|[from] Sandstorm
|-heal|p1a: Armaldo|31/100|[from] item: Leftovers
|upkeep
|turn|26
|
|t:|1729367318
|move|p2a: Salamence|Rock Slide|p1a: Armaldo
|-supereffective|p1a: Armaldo
|-damage|p1a: Armaldo|3/100
|move|p1a: Armaldo|Rest|p1a: Armaldo
|-status|p1a: Armaldo|slp|[from] move: Rest
|-heal|p1a: Armaldo|100/100 slp|[silent]
|
|-weather|Sandstorm|[upkeep]
|-damage|p2a: Salamence|0 fnt|[from] Sandstorm
|faint|p2a: Salamence
|upkeep
|
|t:|1729367323
|switch|p2a: Starmie|Starmie|41/100
|turn|27
|
|t:|1729367332
|switch|p1a: Swampert|Swampert, F|76/100
|move|p2a: Starmie|Hydro Pump|p1a: Swampert
|-damage|p1a: Swampert|39/100
|
|-weather|Sandstorm|[upkeep]
|-damage|p2a: Starmie|35/100|[from] Sandstorm
|-heal|p2a: Starmie|41/100|[from] item: Leftovers
|-heal|p1a: Swampert|45/100|[from] item: Leftovers
|upkeep
|turn|28
|
|t:|1729367343
|switch|p2a: Snorlax|Snorlax, M|80/100
|move|p1a: Swampert|Earthquake|p2a: Snorlax
|-damage|p2a: Snorlax|50/100
|
|-weather|Sandstorm|[upkeep]
|-damage|p2a: Snorlax|44/100|[from] Sandstorm
|-heal|p1a: Swampert|51/100|[from] item: Leftovers
|-heal|p2a: Snorlax|50/100|[from] item: Leftovers
|upkeep
|turn|29
|
|t:|1729367346
|switch|p1a: Armaldo|Armaldo, M|100/100 slp
|move|p2a: Snorlax|Curse|p2a: Snorlax
|-unboost|p2a: Snorlax|spe|1
|-boost|p2a: Snorlax|atk|1
|-boost|p2a: Snorlax|def|1
|
|-weather|Sandstorm|[upkeep]
|-damage|p2a: Snorlax|44/100|[from] Sandstorm
|-heal|p2a: Snorlax|50/100|[from] item: Leftovers
|upkeep
|turn|30
|
|t:|1729367348
|switch|p2a: Starmie|Starmie|41/100
|cant|p1a: Armaldo|slp
|
|-weather|Sandstorm|[upkeep]
|-damage|p2a: Starmie|35/100|[from] Sandstorm
|-heal|p2a: Starmie|41/100|[from] item: Leftovers
|upkeep
|turn|31
|
|t:|1729367360
|switch|p1a: Skarmory|Skarmory, F|100/100 slp
|move|p2a: Starmie|Hydro Pump|p1a: Skarmory
|-damage|p1a: Skarmory|47/100 slp
|
|-weather|Sandstorm|[upkeep]
|-damage|p2a: Starmie|35/100|[from] Sandstorm
|-heal|p2a: Starmie|41/100|[from] item: Leftovers
|-heal|p1a: Skarmory|53/100 slp|[from] item: Leftovers
|upkeep
|turn|32
|
|t:|1729367363
|cant|p1a: Skarmory|slp
|move|p2a: Starmie|Recover|p2a: Starmie
|-heal|p2a: Starmie|91/100
|
|-weather|Sandstorm|[upkeep]
|-damage|p2a: Starmie|85/100|[from] Sandstorm
|-heal|p2a: Starmie|91/100|[from] item: Leftovers
|-heal|p1a: Skarmory|59/100 slp|[from] item: Leftovers
|upkeep
|turn|33
|
|t:|1729367366
|move|p2a: Starmie|Hydro Pump|p1a: Skarmory
|-damage|p1a: Skarmory|2/100 slp
|-curestatus|p1a: Skarmory|slp|[msg]
|move|p1a: Skarmory|Toxic|p2a: Starmie
|-status|p2a: Starmie|tox
|
|-weather|Sandstorm|[upkeep]
|-damage|p2a: Starmie|85/100 tox|[from] Sandstorm
|-heal|p2a: Starmie|91/100 tox|[from] item: Leftovers
|-damage|p2a: Starmie|85/100 tox|[from] psn
|-heal|p1a: Skarmory|8/100|[from] item: Leftovers
|upkeep
|turn|34
|
|t:|1729367372
|move|p1a: Skarmory|Protect|p1a: Skarmory
|-singleturn|p1a: Skarmory|Protect
|move|p2a: Starmie|Ice Beam|p1a: Skarmory
|-activate|p1a: Skarmory|Protect
|
|-weather|Sandstorm|[upkeep]
|-damage|p2a: Starmie|79/100 tox|[from] Sandstorm
|-heal|p2a: Starmie|85/100 tox|[from] item: Leftovers
|-damage|p2a: Starmie|73/100 tox|[from] psn
|-heal|p1a: Skarmory|14/100|[from] item: Leftovers
|upkeep
|turn|35
|
|t:|1729367388
|switch|p1a: Swampert|Swampert, F|51/100
|move|p2a: Starmie|Hydro Pump|p1a: Swampert
|-damage|p1a: Swampert|14/100
|
|-weather|Sandstorm|[upkeep]
|-damage|p2a: Starmie|67/100 tox|[from] Sandstorm
|-heal|p2a: Starmie|73/100 tox|[from] item: Leftovers
|-damage|p2a: Starmie|54/100 tox|[from] psn
|-heal|p1a: Swampert|20/100|[from] item: Leftovers
|upkeep
|turn|36
|
|t:|1729367408
|-curestatus|p2a: Starmie|tox|[from] ability: Natural Cure
|switch|p2a: Snorlax|Snorlax, M|50/100
|move|p1a: Swampert|Earthquake|p2a: Snorlax
|-damage|p2a: Snorlax|18/100
|
|-weather|Sandstorm|[upkeep]
|-damage|p2a: Snorlax|11/100|[from] Sandstorm
|-heal|p1a: Swampert|26/100|[from] item: Leftovers
|-heal|p2a: Snorlax|18/100|[from] item: Leftovers
|upkeep
|turn|37
|
|t:|1729367416
|switch|p2a: Breloom|Breloom, M|91/100
|move|p1a: Swampert|Earthquake|p2a: Breloom
|-resisted|p2a: Breloom
|-damage|p2a: Breloom|62/100
|
|-weather|Sandstorm|[upkeep]
|-damage|p2a: Breloom|56/100|[from] Sandstorm
|-heal|p1a: Swampert|33/100|[from] item: Leftovers
|upkeep
|turn|38
|
|t:|1729367427
|switch|p1a: Skarmory|Skarmory, F|14/100
|move|p2a: Breloom|Sky Uppercut|p1a: Skarmory
|-damage|p1a: Skarmory|0 fnt
|faint|p1a: Skarmory
|
|t:|1729367436
|switch|p1a: Swampert|Swampert, F|33/100
|
|-weather|Sandstorm|[upkeep]
|-damage|p2a: Breloom|50/100|[from] Sandstorm
|-heal|p1a: Swampert|39/100|[from] item: Leftovers
|upkeep
|turn|39
|
|t:|1729367438
|move|p1a: Swampert|Protect|p1a: Swampert
|-singleturn|p1a: Swampert|Protect
|move|p2a: Breloom|Spore|p1a: Swampert
|-activate|p1a: Swampert|Protect
|
|-weather|Sandstorm|[upkeep]
|-damage|p2a: Breloom|44/100|[from] Sandstorm
|-heal|p1a: Swampert|45/100|[from] item: Leftovers
|upkeep
|turn|40
|
|t:|1729367443
|-singleturn|p2a: Breloom|move: Focus Punch
|switch|p1a: Tyranitar|Tyranitar, M|100/100
|move|p2a: Breloom|Focus Punch|p1a: Tyranitar
|-supereffective|p1a: Tyranitar
|-damage|p1a: Tyranitar|0 fnt
|faint|p1a: Tyranitar
|
|t:|1729367446
|switch|p1a: Swampert|Swampert, F|45/100
|
|-weather|Sandstorm|[upkeep]
|-damage|p2a: Breloom|38/100|[from] Sandstorm
|-heal|p1a: Swampert|51/100|[from] item: Leftovers
|upkeep
|turn|41
|
|t:|1729367450
|move|p1a: Swampert|Protect|p1a: Swampert
|-singleturn|p1a: Swampert|Protect
|move|p2a: Breloom|Spore|p1a: Swampert
|-activate|p1a: Swampert|Protect
|
|-weather|Sandstorm|[upkeep]
|-damage|p2a: Breloom|32/100|[from] Sandstorm
|-heal|p1a: Swampert|57/100|[from] item: Leftovers
|upkeep
|turn|42
|
|t:|1729367457
|move|p2a: Breloom|Spore|p1a: Swampert
|-status|p1a: Swampert|slp|[from] move: Spore
|cant|p1a: Swampert|slp
|
|-weather|Sandstorm|[upkeep]
|-damage|p2a: Breloom|25/100|[from] Sandstorm
|-heal|p1a: Swampert|64/100 slp|[from] item: Leftovers
|upkeep
|turn|43
|
|t:|1729367460
|switch|p2a: Starmie|Starmie|54/100
|cant|p1a: Swampert|slp
|
|-weather|Sandstorm|[upkeep]
|-damage|p2a: Starmie|48/100|[from] Sandstorm
|-heal|p2a: Starmie|54/100|[from] item: Leftovers
|-heal|p1a: Swampert|70/100 slp|[from] item: Leftovers
|upkeep
|turn|44
|
|t:|1729367462
|move|p2a: Starmie|Hydro Pump|p1a: Swampert
|-damage|p1a: Swampert|29/100 slp
|cant|p1a: Swampert|slp
|
|-weather|Sandstorm|[upkeep]
|-damage|p2a: Starmie|48/100|[from] Sandstorm
|-heal|p2a: Starmie|54/100|[from] item: Leftovers
|-heal|p1a: Swampert|36/100 slp|[from] item: Leftovers
|upkeep
|turn|45
|
|t:|1729367468
|-curestatus|p1a: Swampert|slp|[msg]
|move|p1a: Swampert|Protect|p1a: Swampert
|-singleturn|p1a: Swampert|Protect
|move|p2a: Starmie|Hydro Pump|p1a: Swampert
|-activate|p1a: Swampert|Protect
|
|-weather|Sandstorm|[upkeep]
|-damage|p2a: Starmie|48/100|[from] Sandstorm
|-heal|p2a: Starmie|54/100|[from] item: Leftovers
|-heal|p1a: Swampert|42/100|[from] item: Leftovers
|upkeep
|turn|46
|
|t:|1729367475
|switch|p2a: Snorlax|Snorlax, M|18/100
|move|p1a: Swampert|Earthquake|p2a: Snorlax
|-damage|p2a: Snorlax|0 fnt
|faint|p2a: Snorlax
|
|t:|1729367478
|switch|p2a: Breloom|Breloom, M|25/100
|
|-weather|Sandstorm|[upkeep]
|-damage|p2a: Breloom|19/100|[from] Sandstorm
|-heal|p1a: Swampert|48/100|[from] item: Leftovers
|upkeep
|turn|47
|
|t:|1729367484
|move|p1a: Swampert|Protect|p1a: Swampert
|-singleturn|p1a: Swampert|Protect
|move|p2a: Breloom|Spore|p1a: Swampert
|-activate|p1a: Swampert|Protect
|
|-weather|Sandstorm|[upkeep]
|-damage|p2a: Breloom|13/100|[from] Sandstorm
|-heal|p1a: Swampert|54/100|[from] item: Leftovers
|upkeep
|turn|48
|
|t:|1729367490
|-singleturn|p2a: Breloom|move: Focus Punch
|switch|p1a: Armaldo|Armaldo, M|100/100 slp
|move|p2a: Breloom|Focus Punch|p1a: Armaldo
|-damage|p1a: Armaldo|39/100 slp
|
|-weather|Sandstorm|[upkeep]
|-damage|p2a: Breloom|7/100|[from] Sandstorm
|-heal|p1a: Armaldo|45/100 slp|[from] item: Leftovers
|upkeep
|turn|49
|
|t:|1729367495
|-singleturn|p2a: Breloom|move: Focus Punch
|cant|p1a: Armaldo|slp
|move|p2a: Breloom|Focus Punch|p1a: Armaldo
|-damage|p1a: Armaldo|0 fnt
|faint|p1a: Armaldo
|
|t:|1729367497
|switch|p1a: Swampert|Swampert, F|54/100
|
|-weather|Sandstorm|[upkeep]
|-damage|p2a: Breloom|1/100|[from] Sandstorm
|-heal|p1a: Swampert|60/100|[from] item: Leftovers
|upkeep
|turn|50
|
|t:|1729367500
|move|p1a: Swampert|Protect|p1a: Swampert
|-singleturn|p1a: Swampert|Protect
|move|p2a: Breloom|Spore|p1a: Swampert
|-activate|p1a: Swampert|Protect
|
|-weather|Sandstorm|[upkeep]
|-damage|p2a: Breloom|0 fnt|[from] Sandstorm
|faint|p2a: Breloom
|-heal|p1a: Swampert|67/100|[from] item: Leftovers
|upkeep
|
|t:|1729367502
|switch|p2a: Starmie|Starmie|54/100
|turn|51
|
|t:|1729367507
|move|p2a: Starmie|Recover|p2a: Starmie
|-heal|p2a: Starmie|100/100
|move|p1a: Swampert|Earthquake|p2a: Starmie
|-damage|p2a: Starmie|41/100
|
|-weather|Sandstorm|[upkeep]
|-damage|p2a: Starmie|35/100|[from] Sandstorm
|-heal|p2a: Starmie|41/100|[from] item: Leftovers
|-heal|p1a: Swampert|73/100|[from] item: Leftovers
|upkeep
|turn|52
|
|t:|1729367511
|move|p2a: Starmie|Recover|p2a: Starmie
|-heal|p2a: Starmie|91/100
|move|p1a: Swampert|Earthquake|p2a: Starmie
|-damage|p2a: Starmie|33/100
|
|-weather|Sandstorm|[upkeep]
|-damage|p2a: Starmie|27/100|[from] Sandstorm
|-heal|p2a: Starmie|33/100|[from] item: Leftovers
|-heal|p1a: Swampert|79/100|[from] item: Leftovers
|upkeep
|turn|53
|
|t:|1729367514
|move|p2a: Starmie|Recover|p2a: Starmie
|-heal|p2a: Starmie|83/100
|move|p1a: Swampert|Earthquake|p2a: Starmie
|-damage|p2a: Starmie|23/100
|
|-weather|Sandstorm|[upkeep]
|-damage|p2a: Starmie|17/100|[from] Sandstorm
|-heal|p2a: Starmie|23/100|[from] item: Leftovers
|-heal|p1a: Swampert|85/100|[from] item: Leftovers
|upkeep
|turn|54
|
|t:|1729367517
|move|p2a: Starmie|Recover|p2a: Starmie
|-heal|p2a: Starmie|73/100
|move|p1a: Swampert|Earthquake|p2a: Starmie
|-crit|p2a: Starmie
|-damage|p2a: Starmie|0 fnt
|faint|p2a: Starmie
|
|win|wiilink100
|c|☆wiilink100|gg wp
|c|☆asbolus verrucosus|gg

</script>
<script type="application/json" class="data" id="replaydata-smogtours-gen3ou-800043">
{"id":"smogtours-gen3ou-800043","format":"[Gen 3] OU","players":["wiilink100","asbolus verrucosus"],"uploadtime":1729367517,"views":125,"formatid":"gen3ou","rating":null,"private":0,"password":null}
</script>

<script defer src="js/replays.js?9d40a366"></script>
