<!DOCTYPE html>
<meta charset="utf-8" />
<meta name="viewport" content="width=device-width" />

<title>[Gen 3] OU: chad.lagos vs. Tyxerns - Replays - Pok&eacute;mon Showdown!</title>

<meta name="description" content="Watch a replay of a Pok&eacute;mon battle between chad.lagos and Tyxerns! Format: [Gen 3] OU; Date: Oct 2, 2024" />
<!--

Hey, you! Looking in the source for the replay log?

You can find them in JSON format, just add `.json` at the end of a replay URL.

https://replay.pokemonshowdown.com/gen7randomdoublesbattle-865046831.json

Or, if you only need the log itself, add `.log` instead:

https://replay.pokemonshowdown.com/gen7randomdoublesbattle-865046831.log

-->

<link rel="stylesheet" href="//pokemonshowdown.com/style/global.css?0.767286132409787" />
<link rel="stylesheet" href="//play.pokemonshowdown.com/style/font-awesome.css?0.9266228007934947" />
<link rel="stylesheet" href="//play.pokemonshowdown.com/style/battle.css?0.7924700842790926" />
<link rel="stylesheet" href="//play.pokemonshowdown.com/style/utilichart.css?0.8777417872839479" />

<!-- Global site tag (gtag.js) - Google Analytics -->
<script async src="https://www.googletagmanager.com/gtag/js?id=UA-26211653-1"></script>
<script>
  window.dataLayer = window.dataLayer || [];
  function gtag(){dataLayer.push(arguments);}
  gtag('js', new Date());

  gtag('config', 'UA-26211653-1');
</script>
<!-- End Google Analytics -->
<!-- Venatus Ad Manager - Install in <HEAD> of page -->
	<script src="https://hb.vntsm.com/v3/live/ad-manager.min.js" type="text/javascript" data-site-id="642aba63ec9a7b11c3c9c1be" data-mode="scan" async></script>
<!-- / Venatus Ad Manager -->

<style>
	@media (max-width:820px) {
		.battle {
			margin: 0 auto;
		}
		.battle-log {
			margin: 7px auto 0;
			max-width: 640px;
			height: 300px;
			position: static;
		}
	}
	.optgroup {
		display: inline-block;
		line-height: 22px;
		font-size: 10pt;
	}
	.optgroup .button {
		height: 25px;
		padding-top: 0;
		padding-bottom: 0;
	}
	.optgroup button.button {
		padding-left: 12px;
		padding-right: 12px;
	}
	.linklist {
		list-style: none;
		margin: 0.5em 0;
		padding: 0;
	}
	.linklist li {
		padding: 2px 0;
	}
	.sidebar {
		float: left;
		width: 320px;
	}
	.bar-wrapper {
		max-width: 1100px;
		margin: 0 auto;
	}
	.bar-wrapper.has-sidebar {
		max-width: 1430px;
	}
	.mainbar {
		margin: 0;
		padding-right: 1px;
	}
	.mainbar.has-sidebar {
		margin-left: 330px;
	}
	@media (min-width: 1511px) {
		.sidebar {
			width: 400px;
		}
		.bar-wrapper.has-sidebar {
			max-width: 1510px;
		}
		.mainbar.has-sidebar {
			margin-left: 410px;
		}
	}
	.section.first-section {
		margin-top: 9px;
	}
	.blocklink small {
		white-space: normal;
	}
	.button {
		vertical-align: middle;
	}
	.replay-controls {
		padding-top: 10px;
	}
	.replay-controls h1 {
		font-size: 16pt;
		font-weight: normal;
		color: #CCC;
	}
	.pagelink {
		text-align: center;
	}
	.pagelink a {
		width: 150px;
	}
	.textbox, .button {
		font-size: 11pt;
		vertical-align: middle;
	}
	@media (max-width: 450px) {
		.button {
			font-size: 9pt;
		}
	}
</style>

<div>

	<header>
		<div class="nav-wrapper"><ul class="nav">
			<li><a class="button nav-first" href="//pokemonshowdown.com/"><img src="//pokemonshowdown.com/images/pokemonshowdownbeta.png" srcset="//pokemonshowdown.com/images/pokemonshowdownbeta.png 1x, //pokemonshowdown.com/images/pokemonshowdownbeta@2x.png 2x" alt="Pok&eacute;mon Showdown" width="146" height="44" /> Home</a></li>
			<li><a class="button" href="//pokemonshowdown.com/dex/">Pok&eacute;dex</a></li>
			<li><a class="button cur" href="/">Replays</a></li>
			<li><a class="button" href="//pokemonshowdown.com/ladder/">Ladder</a></li>
			<li><a class="button nav-last" href="//pokemonshowdown.com/forums/">Forum</a></li>
			<li><a class="button greenbutton nav-first nav-last" href="//play.pokemonshowdown.com/">Play</a></li>
		</ul></div>
	</header>

	<div class="main" id="main">

		<noscript><section class="section">You need to enable JavaScript to use this page; sorry!</section></noscript>

	</div>

</div>

<script defer nomodule src="//play.pokemonshowdown.com/js/lib/ps-polyfill.js"></script>
<script defer src="//play.pokemonshowdown.com/js/lib/preact.min.js"></script>

<script defer src="//play.pokemonshowdown.com/config/config.js?6dec07f6"></script>
<script defer src="//play.pokemonshowdown.com/js/lib/jquery-1.11.0.min.js"></script>
<script defer src="//play.pokemonshowdown.com/js/lib/html-sanitizer-minified.js"></script>
<script defer src="//play.pokemonshowdown.com/js/battle-sound.js"></script>
<script defer src="//play.pokemonshowdown.com/js/battledata.js?0.6315294753075389"></script>
<script defer src="//play.pokemonshowdown.com/data/pokedex-mini.js?0.7603743185311358"></script>
<script defer src="//play.pokemonshowdown.com/data/pokedex-mini-bw.js?0.030888842834281283"></script>
<script defer src="//play.pokemonshowdown.com/data/graphics.js?0.05593094747507488"></script>
<script defer src="//play.pokemonshowdown.com/data/pokedex.js?0.47064822249611904"></script>
<script defer src="//play.pokemonshowdown.com/data/moves.js?0.8583693120512459"></script>
<script defer src="//play.pokemonshowdown.com/data/abilities.js?0.16017181182386842"></script>
<script defer src="//play.pokemonshowdown.com/data/items.js?0.4163379185673943"></script>
<script defer src="//play.pokemonshowdown.com/data/teambuilder-tables.js?0.31075597372830477"></script>
<script defer src="//play.pokemonshowdown.com/js/battle-tooltips.js?0.6536193500708172"></script>
<script defer src="//play.pokemonshowdown.com/js/battle.js?0.1916591943277901"></script>

<script defer src="js/utils.js?e31f9a17"></script>
<script defer src="js/replays-battle.js?7008c182"></script>

<!-- don't scrape this data! just add .json or .log after the URL!
Full API docs: https://github.com/smogon/pokemon-showdown-client/blob/master/WEB-API.md -->
<script type="text/plain" class="log" id="replaylog-smogtours-gen3ou-794121">
|inactive|Battle timer is ON: inactive players will automatically lose when time's up.
|t:|1727910673
|gametype|singles
|player|p1|chad.lagos|cyclist|
|player|p2|Tyxerns|acerola|
|teamsize|p1|6
|teamsize|p2|6
|gen|3
|tier|[Gen 3] OU
|rule|Sleep Clause Mod: Limit one foe put to sleep
|rule|Switch Priority Clause Mod: Faster Pokémon switch first
|rule|Species Clause: Limit one of each Pokémon
|rule|OHKO Clause: OHKO moves are banned
|rule|Evasion Items Clause: Evasion items are banned
|rule|Evasion Moves Clause: Evasion moves are banned
|rule|Endless Battle Clause: Forcing endless battles is banned
|rule|HP Percentage Mod: HP is shown in percentages
|rule|One Boost Passer Clause: Limit one Baton Passer that has a way to boost its stats
|rule|Freeze Clause Mod: Limit one foe frozen
|
|t:|1727910673
|start
|switch|p1a: Zapdos|Zapdos|100/100
|switch|p2a: Skarmory|Skarmory, F, shiny|100/100
|turn|1
|c|☆chad.lagos|glhf
|c|☆Tyxerns|U2
|
|t:|1727910700
|switch|p2a: Riley|Claydol|100/100
|move|p1a: Zapdos|Thunder|p2a: Riley
|-immune|p2a: Riley
|
|upkeep
|turn|2
|
|t:|1727910711
|move|p1a: Zapdos|Rain Dance|p1a: Zapdos
|-weather|RainDance
|move|p2a: Riley|Psychic|p1a: Zapdos
|-damage|p1a: Zapdos|77/100
|
|-weather|RainDance|[upkeep]
|-heal|p1a: Zapdos|83/100|[from] item: Leftovers
|upkeep
|turn|3
|
|t:|1727910741
|switch|p1a: Kingdra|Kingdra, F|100/100
|switch|p2a: Jirachi|Jirachi, shiny|100/100
|
|-weather|RainDance|[upkeep]
|upkeep
|turn|4
|
|t:|1727910750
|move|p1a: Kingdra|Surf|p2a: Jirachi
|-damage|p2a: Jirachi|42/100
|move|p2a: Jirachi|Hidden Power|p1a: Kingdra
|-damage|p1a: Kingdra|75/100
|
|-weather|RainDance|[upkeep]
|-heal|p2a: Jirachi|48/100|[from] item: Leftovers
|upkeep
|turn|5
|
|t:|1727910763
|switch|p2a: Dusclops|Dusclops, M, shiny|100/100
|move|p1a: Kingdra|Surf|p2a: Dusclops
|-damage|p2a: Dusclops|49/100
|
|-weather|RainDance|[upkeep]
|-heal|p2a: Dusclops|55/100|[from] item: Leftovers
|upkeep
|turn|6
|
|t:|1727910776
|move|p1a: Kingdra|Surf|p2a: Dusclops
|-damage|p2a: Dusclops|3/100
|move|p2a: Dusclops|Shadow Ball|p1a: Kingdra
|-damage|p1a: Kingdra|51/100
|-unboost|p1a: Kingdra|spd|1
|
|-weather|none
|-heal|p2a: Dusclops|9/100|[from] item: Leftovers
|upkeep
|turn|7
|
|t:|1727910797
|switch|p1a: Suicune|Suicune|100/100
|move|p2a: Dusclops|Shadow Ball|p1a: Suicune
|-damage|p1a: Suicune|83/100
|
|-heal|p1a: Suicune|90/100|[from] item: Leftovers
|-heal|p2a: Dusclops|15/100|[from] item: Leftovers
|upkeep
|turn|8
|
|t:|1727910806
|move|p1a: Suicune|Calm Mind|p1a: Suicune
|-boost|p1a: Suicune|spa|1
|-boost|p1a: Suicune|spd|1
|move|p2a: Dusclops|Pain Split|p1a: Suicune
|-sethp|p1a: Suicune|50/100|[from] move: Pain Split|[silent]
|-sethp|p2a: Dusclops|71/100|[from] move: Pain Split
|
|-heal|p1a: Suicune|56/100|[from] item: Leftovers
|-heal|p2a: Dusclops|77/100|[from] item: Leftovers
|upkeep
|turn|9
|
|t:|1727910820
|move|p1a: Suicune|Surf|p2a: Dusclops
|-damage|p2a: Dusclops|32/100
|move|p2a: Dusclops|Will-O-Wisp|p1a: Suicune|[miss]
|-miss|p2a: Dusclops|p1a: Suicune
|
|-heal|p1a: Suicune|63/100|[from] item: Leftovers
|-heal|p2a: Dusclops|38/100|[from] item: Leftovers
|upkeep
|turn|10
|
|t:|1727910834
|move|p1a: Suicune|Surf|p2a: Dusclops
|-damage|p2a: Dusclops|0 fnt
|faint|p2a: Dusclops
|
|t:|1727910841
|switch|p2a: Skarmory|Skarmory, F, shiny|100/100
|
|-heal|p1a: Suicune|69/100|[from] item: Leftovers
|upkeep
|turn|11
|
|t:|1727910852
|move|p1a: Suicune|Surf|p2a: Skarmory
|-damage|p2a: Skarmory|46/100
|move|p2a: Skarmory|Toxic|p1a: Suicune
|-status|p1a: Suicune|tox
|
|-heal|p1a: Suicune|75/100 tox|[from] item: Leftovers
|-damage|p1a: Suicune|69/100 tox|[from] psn
|-heal|p2a: Skarmory|52/100|[from] item: Leftovers
|upkeep
|turn|12
|
|t:|1727910862
|move|p2a: Skarmory|Protect|p2a: Skarmory
|-singleturn|p2a: Skarmory|Protect
|move|p1a: Suicune|Surf|p2a: Skarmory
|-activate|p2a: Skarmory|Protect
|
|-heal|p1a: Suicune|75/100 tox|[from] item: Leftovers
|-damage|p1a: Suicune|63/100 tox|[from] psn
|-heal|p2a: Skarmory|58/100|[from] item: Leftovers
|upkeep
|turn|13
|
|t:|1727910870
|switch|p2a: Vaporeon|Vaporeon, M|100/100
|move|p1a: Suicune|Surf|p2a: Vaporeon
|-immune|p2a: Vaporeon|[from] ability: Water Absorb
|
|-heal|p1a: Suicune|69/100 tox|[from] item: Leftovers
|-damage|p1a: Suicune|50/100 tox|[from] psn
|upkeep
|turn|14
|
|t:|1727910888
|move|p1a: Suicune|Rest|p1a: Suicune
|-status|p1a: Suicune|slp|[from] move: Rest
|-heal|p1a: Suicune|100/100 slp|[silent]
|move|p2a: Vaporeon|Substitute|p2a: Vaporeon
|-start|p2a: Vaporeon|Substitute
|-damage|p2a: Vaporeon|76/100
|
|-heal|p2a: Vaporeon|82/100|[from] item: Leftovers
|upkeep
|turn|15
|inactive|chad.lagos has 270 seconds left.
|
|t:|1727910925
|switch|p1a: Kingdra|Kingdra, F|51/100
|move|p2a: Vaporeon|Wish|p2a: Vaporeon
|
|-heal|p2a: Vaporeon|88/100|[from] item: Leftovers
|upkeep
|turn|16
|
|t:|1727910935
|move|p1a: Kingdra|Hidden Power|p2a: Vaporeon
|-supereffective|p2a: Vaporeon
|-end|p2a: Vaporeon|Substitute
|move|p2a: Vaporeon|Baton Pass|p2a: Vaporeon
|
|t:|1727910939
|switch|p2a: Jirachi|Jirachi, shiny|48/100|[from] Baton Pass
|
|-heal|p2a: Jirachi|98/100|[from] move: Wish|[wisher] Vaporeon
|-heal|p2a: Jirachi|100/100|[from] item: Leftovers
|upkeep
|turn|17
|inactive|chad.lagos has 270 seconds left.
|inactive|chad.lagos has 240 seconds left.
|
|t:|1727910992
|move|p1a: Kingdra|Surf|p2a: Jirachi
|-damage|p2a: Jirachi|66/100
|move|p2a: Jirachi|Calm Mind|p2a: Jirachi
|-boost|p2a: Jirachi|spa|1
|-boost|p2a: Jirachi|spd|1
|
|-heal|p2a: Jirachi|72/100|[from] item: Leftovers
|upkeep
|turn|18
|
|t:|1727911014
|switch|p1a: Heracross|Heracross, F|100/100
|move|p2a: Jirachi|Psychic|p1a: Heracross
|-supereffective|p1a: Heracross
|-damage|p1a: Heracross|0 fnt
|faint|p1a: Heracross
|
|t:|1727911020
|switch|p1a: Dugtrio|Dugtrio, F|100/100
|
|-heal|p2a: Jirachi|78/100|[from] item: Leftovers
|upkeep
|turn|19
|
|t:|1727911039
|move|p1a: Dugtrio|Earthquake|p2a: Jirachi
|-supereffective|p2a: Jirachi
|-damage|p2a: Jirachi|0 fnt
|faint|p2a: Jirachi
|
|t:|1727911051
|switch|p2a: Vaporeon|Vaporeon, M|88/100
|
|-heal|p2a: Vaporeon|94/100|[from] item: Leftovers
|upkeep
|turn|20
|
|t:|1727911067
|move|p1a: Dugtrio|Earthquake|p2a: Vaporeon
|-damage|p2a: Vaporeon|53/100
|move|p2a: Vaporeon|Substitute|p2a: Vaporeon
|-start|p2a: Vaporeon|Substitute
|-damage|p2a: Vaporeon|28/100
|
|-heal|p2a: Vaporeon|34/100|[from] item: Leftovers
|upkeep
|turn|21
|
|t:|1727911091
|switch|p1a: Zapdos|Zapdos|83/100
|move|p2a: Vaporeon|Surf|p1a: Zapdos
|-damage|p1a: Zapdos|46/100
|
|-heal|p1a: Zapdos|52/100|[from] item: Leftovers
|-heal|p2a: Vaporeon|40/100|[from] item: Leftovers
|upkeep
|turn|22
|
|t:|1727911104
|move|p1a: Zapdos|Thunder|p2a: Vaporeon|[miss]
|-miss|p1a: Zapdos|p2a: Vaporeon
|move|p2a: Vaporeon|Baton Pass|p2a: Vaporeon
|
|t:|1727911117
|switch|p2a: Houndoom|Houndoom, F, shiny|100/100|[from] Baton Pass
|
|-heal|p1a: Zapdos|58/100|[from] item: Leftovers
|upkeep
|turn|23
|
|t:|1727911125
|move|p1a: Zapdos|Rain Dance|p1a: Zapdos
|-weather|RainDance
|move|p2a: Houndoom|Fire Blast|p1a: Zapdos
|-damage|p1a: Zapdos|28/100
|
|-weather|RainDance|[upkeep]
|-heal|p1a: Zapdos|34/100|[from] item: Leftovers
|upkeep
|turn|24
|
|t:|1727911141
|-activate|p1a: Zapdos|move: Pursuit
|move|p2a: Houndoom|Pursuit|p1a: Zapdos|[from]Pursuit
|-damage|p1a: Zapdos|0 fnt
|faint|p1a: Zapdos
|-hint|Previously chosen switches continue in Gen 2-4 after a Pursuit target faints.
|switch|p1a: Suicune|Suicune|100/100 slp
|
|-weather|RainDance|[upkeep]
|upkeep
|turn|25
|
|t:|1727911153
|move|p2a: Houndoom|Crunch|p1a: Suicune
|-damage|p1a: Suicune|72/100 slp
|-unboost|p1a: Suicune|spd|1
|cant|p1a: Suicune|slp
|move|p1a: Suicune|Sleep Talk|p1a: Suicune
|move|p1a: Suicune|Rest|p1a: Suicune|[from]Sleep Talk
|
|-weather|RainDance|[upkeep]
|-heal|p1a: Suicune|78/100 slp|[from] item: Leftovers
|upkeep
|turn|26
|
|t:|1727911162
|move|p2a: Houndoom|Crunch|p1a: Suicune
|-damage|p1a: Suicune|38/100 slp
|cant|p1a: Suicune|slp
|move|p1a: Suicune|Sleep Talk|p1a: Suicune
|move|p1a: Suicune|Rest|p1a: Suicune|[from]Sleep Talk
|
|-weather|RainDance|[upkeep]
|-heal|p1a: Suicune|44/100 slp|[from] item: Leftovers
|upkeep
|turn|27
|
|t:|1727911177
|move|p2a: Houndoom|Crunch|p1a: Suicune
|-damage|p1a: Suicune|4/100 slp
|-curestatus|p1a: Suicune|slp|[msg]
|move|p1a: Suicune|Surf|p2a: Houndoom
|-supereffective|p2a: Houndoom
|-end|p2a: Houndoom|Substitute
|
|-weather|none
|-heal|p1a: Suicune|10/100|[from] item: Leftovers
|upkeep
|turn|28
|
|t:|1727911189
|switch|p1a: Claydol|Claydol|100/100
|move|p2a: Houndoom|Crunch|p1a: Claydol
|-supereffective|p1a: Claydol
|-damage|p1a: Claydol|31/100
|
|-heal|p1a: Claydol|38/100|[from] item: Leftovers
|upkeep
|turn|29
|inactive|chad.lagos has 210 seconds left.
|
|t:|1727911235
|move|p2a: Houndoom|Crunch|p1a: Claydol
|-supereffective|p1a: Claydol
|-damage|p1a: Claydol|0 fnt
|faint|p1a: Claydol
|
|t:|1727911239
|switch|p1a: Dugtrio|Dugtrio, F|100/100
|
|upkeep
|turn|30
|
|t:|1727911253
|move|p1a: Dugtrio|Earthquake|p2a: Houndoom
|-supereffective|p2a: Houndoom
|-damage|p2a: Houndoom|0 fnt
|faint|p2a: Houndoom
|
|t:|1727911263
|switch|p2a: Riley|Claydol|100/100
|
|upkeep
|turn|31
|inactive|chad.lagos has 210 seconds left.
|
|t:|1727911291
|switch|p1a: Suicune|Suicune|10/100
|move|p2a: Riley|Earthquake|p1a: Suicune
|-damage|p1a: Suicune|0 fnt
|faint|p1a: Suicune
|
|t:|1727911306
|switch|p1a: Dugtrio|Dugtrio, F|100/100
|
|upkeep
|turn|32
|inactive|Tyxerns has 270 seconds left.
|
|t:|1727911334
|move|p1a: Dugtrio|Hidden Power|p2a: Riley
|-supereffective|p2a: Riley
|-damage|p2a: Riley|51/100
|move|p2a: Riley|Explosion|p1a: Dugtrio
|-damage|p1a: Dugtrio|0 fnt
|faint|p2a: Riley
|faint|p1a: Dugtrio
|inactive|chad.lagos has 210 seconds left.
|
|t:|1727911341
|switch|p1a: Kingdra|Kingdra, F|51/100
|switch|p2a: Skarmory|Skarmory, F, shiny|58/100
|
|-heal|p2a: Skarmory|64/100|[from] item: Leftovers
|upkeep
|turn|33
|
|t:|1727911349
|move|p1a: Kingdra|Rain Dance|p1a: Kingdra
|-weather|RainDance
|move|p2a: Skarmory|Toxic|p1a: Kingdra
|-status|p1a: Kingdra|tox
|-enditem|p1a: Kingdra|Lum Berry|[eat]
|-curestatus|p1a: Kingdra|tox|[msg]
|
|-weather|RainDance|[upkeep]
|-heal|p2a: Skarmory|70/100|[from] item: Leftovers
|upkeep
|turn|34
|
|t:|1727911358
|move|p1a: Kingdra|Surf|p2a: Skarmory
|-damage|p2a: Skarmory|5/100
|move|p2a: Skarmory|Toxic|p1a: Kingdra
|-status|p1a: Kingdra|tox
|
|-weather|RainDance|[upkeep]
|-damage|p1a: Kingdra|45/100 tox|[from] psn
|-heal|p2a: Skarmory|11/100|[from] item: Leftovers
|upkeep
|turn|35
|
|t:|1727911366
|move|p2a: Skarmory|Protect|p2a: Skarmory
|-singleturn|p2a: Skarmory|Protect
|move|p1a: Kingdra|Ice Beam|p2a: Skarmory
|-activate|p2a: Skarmory|Protect
|
|-weather|RainDance|[upkeep]
|-damage|p1a: Kingdra|33/100 tox|[from] psn
|-heal|p2a: Skarmory|17/100|[from] item: Leftovers
|upkeep
|turn|36
|
|t:|1727911374
|move|p2a: Skarmory|Protect||[still]
|-fail|p2a: Skarmory
|move|p1a: Kingdra|Ice Beam|p2a: Skarmory
|-damage|p2a: Skarmory|0 fnt
|faint|p2a: Skarmory
|
|t:|1727911383
|switch|p2a: Vaporeon|Vaporeon, M|40/100
|
|-weather|RainDance|[upkeep]
|-damage|p1a: Kingdra|15/100 tox|[from] psn
|-heal|p2a: Vaporeon|46/100|[from] item: Leftovers
|upkeep
|turn|37
|inactive|chad.lagos has 240 seconds left.
|
|t:|1727911388
|move|p1a: Kingdra|Hidden Power|p2a: Vaporeon
|-supereffective|p2a: Vaporeon
|-damage|p2a: Vaporeon|13/100
|move|p2a: Vaporeon|Surf|p1a: Kingdra
|-resisted|p1a: Kingdra
|-damage|p1a: Kingdra|0 fnt
|faint|p1a: Kingdra
|
|win|Tyxerns
|c|☆chad.lagos|gg
|c|☆Tyxerns|gg
|c|☆chad.lagos|that was fun
|c|☆Tyxerns|So close
|player|p1|
|player|p2|
|player|p2|Tyxerns|acerola|

</script>
<script type="application/json" class="data" id="replaydata-smogtours-gen3ou-794121">
{"id":"smogtours-gen3ou-794121","format":"[Gen 3] OU","players":["chad.lagos","Tyxerns"],"uploadtime":1727911388,"views":134,"formatid":"gen3ou","rating":null,"private":0,"password":null}
</script>

<script defer src="js/replays.js?9d40a366"></script>
