<!DOCTYPE html>
<meta charset="utf-8" />
<meta name="viewport" content="width=device-width" />

<title>[Gen 3] OU: SerpentZero vs. AC77 - Replays - Pok&eacute;mon Showdown!</title>

<meta name="description" content="Watch a replay of a Pok&eacute;mon battle between SerpentZero and AC77! Format: [Gen 3] OU; Date: Oct 8, 2024" />
<!--

Hey, you! Looking in the source for the replay log?

You can find them in JSON format, just add `.json` at the end of a replay URL.

https://replay.pokemonshowdown.com/gen7randomdoublesbattle-865046831.json

Or, if you only need the log itself, add `.log` instead:

https://replay.pokemonshowdown.com/gen7randomdoublesbattle-865046831.log

-->

<link rel="stylesheet" href="//pokemonshowdown.com/style/global.css?0.767286132409787" />
<link rel="stylesheet" href="//play.pokemonshowdown.com/style/font-awesome.css?0.9266228007934947" />
<link rel="stylesheet" href="//play.pokemonshowdown.com/style/battle.css?0.7924700842790926" />
<link rel="stylesheet" href="//play.pokemonshowdown.com/style/utilichart.css?0.8777417872839479" />

<!-- Global site tag (gtag.js) - Google Analytics -->
<script async src="https://www.googletagmanager.com/gtag/js?id=UA-26211653-1"></script>
<script>
  window.dataLayer = window.dataLayer || [];
  function gtag(){dataLayer.push(arguments);}
  gtag('js', new Date());

  gtag('config', 'UA-26211653-1');
</script>
<!-- End Google Analytics -->
<!-- Venatus Ad Manager - Install in <HEAD> of page -->
	<script src="https://hb.vntsm.com/v3/live/ad-manager.min.js" type="text/javascript" data-site-id="642aba63ec9a7b11c3c9c1be" data-mode="scan" async></script>
<!-- / Venatus Ad Manager -->

<style>
	@media (max-width:820px) {
		.battle {
			margin: 0 auto;
		}
		.battle-log {
			margin: 7px auto 0;
			max-width: 640px;
			height: 300px;
			position: static;
		}
	}
	.optgroup {
		display: inline-block;
		line-height: 22px;
		font-size: 10pt;
	}
	.optgroup .button {
		height: 25px;
		padding-top: 0;
		padding-bottom: 0;
	}
	.optgroup button.button {
		padding-left: 12px;
		padding-right: 12px;
	}
	.linklist {
		list-style: none;
		margin: 0.5em 0;
		padding: 0;
	}
	.linklist li {
		padding: 2px 0;
	}
	.sidebar {
		float: left;
		width: 320px;
	}
	.bar-wrapper {
		max-width: 1100px;
		margin: 0 auto;
	}
	.bar-wrapper.has-sidebar {
		max-width: 1430px;
	}
	.mainbar {
		margin: 0;
		padding-right: 1px;
	}
	.mainbar.has-sidebar {
		margin-left: 330px;
	}
	@media (min-width: 1511px) {
		.sidebar {
			width: 400px;
		}
		.bar-wrapper.has-sidebar {
			max-width: 1510px;
		}
		.mainbar.has-sidebar {
			margin-left: 410px;
		}
	}
	.section.first-section {
		margin-top: 9px;
	}
	.blocklink small {
		white-space: normal;
	}
	.button {
		vertical-align: middle;
	}
	.replay-controls {
		padding-top: 10px;
	}
	.replay-controls h1 {
		font-size: 16pt;
		font-weight: normal;
		color: #CCC;
	}
	.pagelink {
		text-align: center;
	}
	.pagelink a {
		width: 150px;
	}
	.textbox, .button {
		font-size: 11pt;
		vertical-align: middle;
	}
	@media (max-width: 450px) {
		.button {
			font-size: 9pt;
		}
	}
</style>

<div>

	<header>
		<div class="nav-wrapper"><ul class="nav">
			<li><a class="button nav-first" href="//pokemonshowdown.com/"><img src="//pokemonshowdown.com/images/pokemonshowdownbeta.png" srcset="//pokemonshowdown.com/images/pokemonshowdownbeta.png 1x, //pokemonshowdown.com/images/pokemonshowdownbeta@2x.png 2x" alt="Pok&eacute;mon Showdown" width="146" height="44" /> Home</a></li>
			<li><a class="button" href="//pokemonshowdown.com/dex/">Pok&eacute;dex</a></li>
			<li><a class="button cur" href="/">Replays</a></li>
			<li><a class="button" href="//pokemonshowdown.com/ladder/">Ladder</a></li>
			<li><a class="button nav-last" href="//pokemonshowdown.com/forums/">Forum</a></li>
			<li><a class="button greenbutton nav-first nav-last" href="//play.pokemonshowdown.com/">Play</a></li>
		</ul></div>
	</header>

	<div class="main" id="main">

		<noscript><section class="section">You need to enable JavaScript to use this page; sorry!</section></noscript>

	</div>

</div>

<script defer nomodule src="//play.pokemonshowdown.com/js/lib/ps-polyfill.js"></script>
<script defer src="//play.pokemonshowdown.com/js/lib/preact.min.js"></script>

<script defer src="//play.pokemonshowdown.com/config/config.js?6dec07f6"></script>
<script defer src="//play.pokemonshowdown.com/js/lib/jquery-1.11.0.min.js"></script>
<script defer src="//play.pokemonshowdown.com/js/lib/html-sanitizer-minified.js"></script>
<script defer src="//play.pokemonshowdown.com/js/battle-sound.js"></script>
<script defer src="//play.pokemonshowdown.com/js/battledata.js?0.6315294753075389"></script>
<script defer src="//play.pokemonshowdown.com/data/pokedex-mini.js?0.7603743185311358"></script>
<script defer src="//play.pokemonshowdown.com/data/pokedex-mini-bw.js?0.030888842834281283"></script>
<script defer src="//play.pokemonshowdown.com/data/graphics.js?0.05593094747507488"></script>
<script defer src="//play.pokemonshowdown.com/data/pokedex.js?0.47064822249611904"></script>
<script defer src="//play.pokemonshowdown.com/data/moves.js?0.8583693120512459"></script>
<script defer src="//play.pokemonshowdown.com/data/abilities.js?0.16017181182386842"></script>
<script defer src="//play.pokemonshowdown.com/data/items.js?0.4163379185673943"></script>
<script defer src="//play.pokemonshowdown.com/data/teambuilder-tables.js?0.31075597372830477"></script>
<script defer src="//play.pokemonshowdown.com/js/battle-tooltips.js?0.6536193500708172"></script>
<script defer src="//play.pokemonshowdown.com/js/battle.js?0.1916591943277901"></script>

<script defer src="js/utils.js?e31f9a17"></script>
<script defer src="js/replays-battle.js?7008c182"></script>

<!-- don't scrape this data! just add .json or .log after the URL!
Full API docs: https://github.com/smogon/pokemon-showdown-client/blob/master/WEB-API.md -->
<script type="text/plain" class="log" id="replaylog-smogtours-gen3ou-796291">
|inactive|Battle timer is ON: inactive players will automatically lose when time's up.
|t:|1728346235
|gametype|singles
|player|p1|SerpentZero|266|
|player|p2|AC77|karen|
|teamsize|p1|6
|teamsize|p2|6
|gen|3
|tier|[Gen 3] OU
|rule|Sleep Clause Mod: Limit one foe put to sleep
|rule|Switch Priority Clause Mod: Faster Pokémon switch first
|rule|Species Clause: Limit one of each Pokémon
|rule|OHKO Clause: OHKO moves are banned
|rule|Evasion Items Clause: Evasion items are banned
|rule|Evasion Moves Clause: Evasion moves are banned
|rule|Endless Battle Clause: Forcing endless battles is banned
|rule|HP Percentage Mod: HP is shown in percentages
|rule|One Boost Passer Clause: Limit one Baton Passer that has a way to boost its stats
|rule|Freeze Clause Mod: Limit one foe frozen
|
|t:|1728346235
|start
|switch|p1a: Galeforce|Medicham, F, shiny|100/100
|switch|p2a: The Battle Begins|Metagross|100/100
|turn|1
|inactive|AC77 also wants the timer to be on.
|c|☆AC77|hf
|inactive|AC77 has 270 seconds left.
|c|☆SerpentZero|glhf
|inactive|SerpentZero has 270 seconds left.
|inactive|AC77 has 240 seconds left.
|
|t:|1728346305
|move|p1a: Galeforce|Brick Break|p2a: The Battle Begins
|-damage|p2a: The Battle Begins|61/100
|move|p2a: The Battle Begins|Earthquake|p1a: Galeforce
|-damage|p1a: Galeforce|3/100
|
|-enditem|p1a: Galeforce|Salac Berry|[eat]
|-boost|p1a: Galeforce|spe|1|[from] item: Salac Berry
|upkeep
|turn|2
|
|t:|1728346319
|move|p1a: Galeforce|Brick Break|p2a: The Battle Begins
|-damage|p2a: The Battle Begins|22/100
|move|p2a: The Battle Begins|Earthquake|p1a: Galeforce
|-damage|p1a: Galeforce|0 fnt
|faint|p1a: Galeforce
|inactive|SerpentZero has 270 seconds left.
|
|t:|1728346355
|switch|p1a: Braximir|Salamence, F|100/100
|-ability|p1a: Braximir|Intimidate|boost
|-fail|p2a: The Battle Begins|unboost|[from] ability: Clear Body|[of] p2a: The Battle Begins
|
|upkeep
|turn|3
|
|t:|1728346367
|switch|p2a: The Feral Frontier|Suicune|100/100
|move|p1a: Braximir|Rock Slide|p2a: The Feral Frontier
|-crit|p2a: The Feral Frontier
|-damage|p2a: The Feral Frontier|70/100
|
|-heal|p2a: The Feral Frontier|76/100|[from] item: Leftovers
|upkeep
|turn|4
|inactive|SerpentZero has 270 seconds left.
|
|t:|1728346386
|switch|p1a: Stinger|Magneton|100/100
|move|p2a: The Feral Frontier|Surf|p1a: Stinger
|-damage|p1a: Stinger|46/100
|
|-heal|p2a: The Feral Frontier|82/100|[from] item: Leftovers
|upkeep
|turn|5
|
|t:|1728346395
|switch|p2a: The Atonement|Blissey, F|100/100
|move|p1a: Stinger|Thunderbolt|p2a: The Atonement
|-damage|p2a: The Atonement|76/100
|
|-heal|p2a: The Atonement|82/100|[from] item: Leftovers
|upkeep
|turn|6
|inactive|SerpentZero has 270 seconds left.
|
|t:|1728346401
|switch|p1a: APEX|Metagross, shiny|100/100
|move|p2a: The Atonement|Seismic Toss|p1a: APEX
|-damage|p1a: APEX|73/100
|
|-heal|p1a: APEX|79/100|[from] item: Leftovers
|-heal|p2a: The Atonement|89/100|[from] item: Leftovers
|upkeep
|turn|7
|
|t:|1728346409
|switch|p2a: The Feral Frontier|Suicune|82/100
|move|p1a: APEX|Meteor Mash|p2a: The Feral Frontier
|-resisted|p2a: The Feral Frontier
|-damage|p2a: The Feral Frontier|68/100
|-boost|p1a: APEX|atk|1
|
|-heal|p2a: The Feral Frontier|74/100|[from] item: Leftovers
|-heal|p1a: APEX|85/100|[from] item: Leftovers
|upkeep
|turn|8
|inactive|SerpentZero has 270 seconds left.
|
|t:|1728346444
|move|p1a: APEX|Meteor Mash|p2a: The Feral Frontier
|-resisted|p2a: The Feral Frontier
|-damage|p2a: The Feral Frontier|53/100
|-boost|p1a: APEX|atk|1
|move|p2a: The Feral Frontier|Roar|p1a: APEX
|drag|p1a: Stinger|Magneton|46/100
|
|-heal|p2a: The Feral Frontier|59/100|[from] item: Leftovers
|upkeep
|turn|9
|
|t:|1728346468
|switch|p2a: The Battle Begins|Metagross|22/100
|move|p1a: Stinger|Thunderbolt|p2a: The Battle Begins
|-damage|p2a: The Battle Begins|0 fnt
|faint|p2a: The Battle Begins
|
|t:|1728346471
|switch|p2a: Moment of Fate|Dugtrio, F|100/100
|
|upkeep
|turn|10
|
|t:|1728346489
|move|p2a: Moment of Fate|Earthquake|p1a: Stinger
|-supereffective|p1a: Stinger
|-damage|p1a: Stinger|0 fnt
|faint|p1a: Stinger
|
|t:|1728346496
|switch|p1a: Ceylon|Suicune, shiny|100/100
|
|upkeep
|turn|11
|
|t:|1728346500
|switch|p2a: The Atonement|Blissey, F|89/100
|move|p1a: Ceylon|Calm Mind|p1a: Ceylon
|-boost|p1a: Ceylon|spa|1
|-boost|p1a: Ceylon|spd|1
|
|-heal|p2a: The Atonement|95/100|[from] item: Leftovers
|upkeep
|turn|12
|
|t:|1728346505
|move|p1a: Ceylon|Surf|p2a: The Atonement
|-damage|p2a: The Atonement|74/100
|move|p2a: The Atonement|Toxic|p1a: Ceylon
|-status|p1a: Ceylon|tox
|
|-damage|p1a: Ceylon|94/100 tox|[from] psn
|-heal|p2a: The Atonement|80/100|[from] item: Leftovers
|upkeep
|turn|13
|
|t:|1728346513
|move|p1a: Ceylon|Ice Beam|p2a: The Atonement
|-crit|p2a: The Atonement
|-damage|p2a: The Atonement|52/100
|move|p2a: The Atonement|Seismic Toss|p1a: Ceylon
|-damage|p1a: Ceylon|70/100 tox
|
|-heal|p1a: Ceylon|76/100 tox|[from] item: Leftovers
|-damage|p1a: Ceylon|63/100 tox|[from] psn
|-heal|p2a: The Atonement|58/100|[from] item: Leftovers
|upkeep
|turn|14
|
|t:|1728346520
|move|p1a: Ceylon|Calm Mind|p1a: Ceylon
|-boost|p1a: Ceylon|spa|1
|-boost|p1a: Ceylon|spd|1
|move|p2a: The Atonement|Soft-Boiled|p2a: The Atonement
|-heal|p2a: The Atonement|100/100
|
|-heal|p1a: Ceylon|70/100 tox|[from] item: Leftovers
|-damage|p1a: Ceylon|51/100 tox|[from] psn
|upkeep
|turn|15
|
|t:|1728346523
|move|p1a: Ceylon|Rest|p1a: Ceylon
|-status|p1a: Ceylon|slp|[from] move: Rest
|-heal|p1a: Ceylon|100/100 slp|[silent]
|move|p2a: The Atonement|Seismic Toss|p1a: Ceylon
|-damage|p1a: Ceylon|76/100 slp
|
|-heal|p1a: Ceylon|82/100 slp|[from] item: Leftovers
|upkeep
|turn|16
|
|t:|1728346530
|switch|p2a: A Guiding Wind|Skarmory, M|100/100
|cant|p1a: Ceylon|slp
|
|-heal|p1a: Ceylon|88/100 slp|[from] item: Leftovers
|upkeep
|turn|17
|
|t:|1728346538
|cant|p1a: Ceylon|slp
|move|p2a: A Guiding Wind|Roar|p1a: Ceylon
|drag|p1a: Big Ounce|Snorlax, F|100/100
|
|upkeep
|turn|18
|
|t:|1728346545
|move|p2a: A Guiding Wind|Spikes|p1a: Big Ounce
|-sidestart|p1: SerpentZero|Spikes
|move|p1a: Big Ounce|Body Slam|p2a: A Guiding Wind
|-resisted|p2a: A Guiding Wind
|-damage|p2a: A Guiding Wind|87/100
|
|-heal|p2a: A Guiding Wind|93/100|[from] item: Leftovers
|upkeep
|turn|19
|
|t:|1728346551
|move|p2a: A Guiding Wind|Spikes|p1a: Big Ounce
|-sidestart|p1: SerpentZero|Spikes
|move|p1a: Big Ounce|Body Slam|p2a: A Guiding Wind
|-resisted|p2a: A Guiding Wind
|-damage|p2a: A Guiding Wind|78/100
|
|-heal|p2a: A Guiding Wind|84/100|[from] item: Leftovers
|upkeep
|turn|20
|
|t:|1728346558
|move|p2a: A Guiding Wind|Spikes|p1a: Big Ounce
|-sidestart|p1: SerpentZero|Spikes
|move|p1a: Big Ounce|Body Slam|p2a: A Guiding Wind
|-resisted|p2a: A Guiding Wind
|-damage|p2a: A Guiding Wind|69/100
|
|-heal|p2a: A Guiding Wind|75/100|[from] item: Leftovers
|upkeep
|turn|21
|
|t:|1728346571
|switch|p1a: Ceylon|Suicune, shiny|88/100 slp
|-damage|p1a: Ceylon|63/100 slp|[from] Spikes
|move|p2a: A Guiding Wind|Roar|p1a: Ceylon
|drag|p1a: APEX|Metagross, shiny|85/100
|-damage|p1a: APEX|60/100|[from] Spikes
|
|-heal|p1a: APEX|66/100|[from] item: Leftovers
|-heal|p2a: A Guiding Wind|81/100|[from] item: Leftovers
|upkeep
|turn|22
|
|t:|1728346575
|move|p1a: APEX|Meteor Mash|p2a: A Guiding Wind
|-resisted|p2a: A Guiding Wind
|-damage|p2a: A Guiding Wind|59/100
|move|p2a: A Guiding Wind|Roar|p1a: APEX
|drag|p1a: Big Ounce|Snorlax, F|100/100
|-damage|p1a: Big Ounce|75/100|[from] Spikes
|
|-heal|p2a: A Guiding Wind|65/100|[from] item: Leftovers
|-heal|p1a: Big Ounce|82/100|[from] item: Leftovers
|upkeep
|turn|23
|
|t:|1728346583
|move|p1a: Big Ounce|Body Slam|p2a: A Guiding Wind
|-resisted|p2a: A Guiding Wind
|-damage|p2a: A Guiding Wind|50/100
|move|p2a: A Guiding Wind|Roar|p1a: Big Ounce
|drag|p1a: Braximir|Salamence, F|100/100
|-ability|p1a: Braximir|Intimidate|boost
|-unboost|p2a: A Guiding Wind|atk|1
|
|-heal|p2a: A Guiding Wind|56/100|[from] item: Leftovers
|upkeep
|turn|24
|
|t:|1728346592
|move|p2a: A Guiding Wind|Protect|p2a: A Guiding Wind
|-singleturn|p2a: A Guiding Wind|Protect
|move|p1a: Braximir|Rock Slide|p2a: A Guiding Wind|[miss]
|-miss|p1a: Braximir|p2a: A Guiding Wind
|
|-heal|p2a: A Guiding Wind|62/100|[from] item: Leftovers
|upkeep
|turn|25
|
|t:|1728346596
|move|p1a: Braximir|Rock Slide|p2a: A Guiding Wind|[miss]
|-miss|p1a: Braximir|p2a: A Guiding Wind
|move|p2a: A Guiding Wind|Roar|p1a: Braximir
|drag|p1a: Ceylon|Suicune, shiny|63/100 slp
|-damage|p1a: Ceylon|38/100 slp|[from] Spikes
|
|-heal|p1a: Ceylon|44/100 slp|[from] item: Leftovers
|-heal|p2a: A Guiding Wind|68/100|[from] item: Leftovers
|upkeep
|turn|26
|
|t:|1728346601
|-curestatus|p1a: Ceylon|slp|[msg]
|move|p1a: Ceylon|Surf|p2a: A Guiding Wind
|-damage|p2a: A Guiding Wind|36/100
|move|p2a: A Guiding Wind|Roar|p1a: Ceylon
|drag|p1a: Big Ounce|Snorlax, F|82/100
|-damage|p1a: Big Ounce|57/100|[from] Spikes
|
|-heal|p2a: A Guiding Wind|42/100|[from] item: Leftovers
|-heal|p1a: Big Ounce|63/100|[from] item: Leftovers
|upkeep
|turn|27
|
|t:|1728346615
|move|p2a: A Guiding Wind|Protect|p2a: A Guiding Wind
|-singleturn|p2a: A Guiding Wind|Protect
|move|p1a: Big Ounce|Self-Destruct|p2a: A Guiding Wind
|-activate|p2a: A Guiding Wind|Protect
|faint|p1a: Big Ounce
|
|t:|1728346621
|switch|p1a: Ceylon|Suicune, shiny|44/100
|-damage|p1a: Ceylon|19/100|[from] Spikes
|
|-heal|p1a: Ceylon|25/100|[from] item: Leftovers
|-heal|p2a: A Guiding Wind|48/100|[from] item: Leftovers
|upkeep
|turn|28
|
|t:|1728346631
|switch|p2a: The Feral Frontier|Suicune|59/100
|move|p1a: Ceylon|Rest|p1a: Ceylon
|-status|p1a: Ceylon|slp|[from] move: Rest
|-heal|p1a: Ceylon|100/100 slp|[silent]
|
|-heal|p2a: The Feral Frontier|65/100|[from] item: Leftovers
|upkeep
|turn|29
|
|t:|1728346641
|switch|p1a: APEX|Metagross, shiny|66/100
|-damage|p1a: APEX|41/100|[from] Spikes
|move|p2a: The Feral Frontier|Calm Mind|p2a: The Feral Frontier
|-boost|p2a: The Feral Frontier|spa|1
|-boost|p2a: The Feral Frontier|spd|1
|
|-heal|p2a: The Feral Frontier|71/100|[from] item: Leftovers
|-heal|p1a: APEX|47/100|[from] item: Leftovers
|upkeep
|turn|30
|
|t:|1728346645
|move|p2a: The Feral Frontier|Surf|p1a: APEX
|-damage|p1a: APEX|4/100
|move|p1a: APEX|Meteor Mash|p2a: The Feral Frontier
|-resisted|p2a: The Feral Frontier
|-damage|p2a: The Feral Frontier|55/100
|
|-heal|p2a: The Feral Frontier|62/100|[from] item: Leftovers
|-heal|p1a: APEX|10/100|[from] item: Leftovers
|upkeep
|turn|31
|
|t:|1728346649
|move|p2a: The Feral Frontier|Surf|p1a: APEX
|-damage|p1a: APEX|0 fnt
|faint|p1a: APEX
|
|t:|1728346652
|switch|p1a: Braximir|Salamence, F|100/100
|-ability|p1a: Braximir|Intimidate|boost
|-unboost|p2a: The Feral Frontier|atk|1
|
|-heal|p2a: The Feral Frontier|68/100|[from] item: Leftovers
|upkeep
|turn|32
|
|t:|1728346656
|switch|p2a: A Guiding Wind|Skarmory, M|48/100
|move|p1a: Braximir|Hidden Power|p2a: A Guiding Wind
|-resisted|p2a: A Guiding Wind
|-damage|p2a: A Guiding Wind|32/100
|
|-heal|p2a: A Guiding Wind|38/100|[from] item: Leftovers
|upkeep
|turn|33
|
|t:|1728346666
|move|p2a: A Guiding Wind|Protect|p2a: A Guiding Wind
|-singleturn|p2a: A Guiding Wind|Protect
|move|p1a: Braximir|Hidden Power|p2a: A Guiding Wind
|-activate|p2a: A Guiding Wind|Protect
|
|-heal|p2a: A Guiding Wind|44/100|[from] item: Leftovers
|upkeep
|turn|34
|
|t:|1728346671
|move|p1a: Braximir|Dragon Dance|p1a: Braximir
|-boost|p1a: Braximir|atk|1
|-boost|p1a: Braximir|spe|1
|move|p2a: A Guiding Wind|Roar|p1a: Braximir
|drag|p1a: Ceylon|Suicune, shiny|100/100 slp
|-damage|p1a: Ceylon|75/100 slp|[from] Spikes
|
|-heal|p1a: Ceylon|82/100 slp|[from] item: Leftovers
|-heal|p2a: A Guiding Wind|50/100|[from] item: Leftovers
|upkeep
|turn|35
|
|t:|1728346677
|cant|p1a: Ceylon|slp
|move|p2a: A Guiding Wind|Roar|p1a: Ceylon
|drag|p1a: Braximir|Salamence, F|100/100
|-ability|p1a: Braximir|Intimidate|boost
|-unboost|p2a: A Guiding Wind|atk|1
|
|-heal|p2a: A Guiding Wind|56/100|[from] item: Leftovers
|upkeep
|turn|36
|
|t:|1728346690
|move|p1a: Braximir|Rock Slide|p2a: A Guiding Wind
|-damage|p2a: A Guiding Wind|36/100
|move|p2a: A Guiding Wind|Drill Peck|p1a: Braximir
|-damage|p1a: Braximir|82/100
|
|-heal|p1a: Braximir|88/100|[from] item: Leftovers
|-heal|p2a: A Guiding Wind|42/100|[from] item: Leftovers
|upkeep
|turn|37
|
|t:|1728346697
|switch|p2a: The Atonement|Blissey, F|100/100
|move|p1a: Braximir|Rock Slide|p2a: The Atonement
|-damage|p2a: The Atonement|73/100
|
|-heal|p1a: Braximir|94/100|[from] item: Leftovers
|-heal|p2a: The Atonement|79/100|[from] item: Leftovers
|upkeep
|turn|38
|
|t:|1728346706
|move|p1a: Braximir|Hidden Power|p2a: The Atonement
|-damage|p2a: The Atonement|36/100
|move|p2a: The Atonement|Ice Beam|p1a: Braximir
|-supereffective|p1a: Braximir
|-damage|p1a: Braximir|0 fnt
|faint|p1a: Braximir
|
|t:|1728346712
|switch|p1a: Ceylon|Suicune, shiny|82/100 slp
|-damage|p1a: Ceylon|57/100 slp|[from] Spikes
|
|-heal|p1a: Ceylon|63/100 slp|[from] item: Leftovers
|-heal|p2a: The Atonement|42/100|[from] item: Leftovers
|upkeep
|turn|39
|
|t:|1728346717
|cant|p1a: Ceylon|slp
|move|p2a: The Atonement|Seismic Toss|p1a: Ceylon
|-damage|p1a: Ceylon|38/100 slp
|
|-heal|p1a: Ceylon|44/100 slp|[from] item: Leftovers
|-heal|p2a: The Atonement|49/100|[from] item: Leftovers
|upkeep
|turn|40
|
|t:|1728346720
|-curestatus|p1a: Ceylon|slp|[msg]
|move|p1a: Ceylon|Surf|p2a: The Atonement
|-damage|p2a: The Atonement|34/100
|move|p2a: The Atonement|Toxic|p1a: Ceylon
|-status|p1a: Ceylon|tox
|
|-heal|p1a: Ceylon|50/100 tox|[from] item: Leftovers
|-damage|p1a: Ceylon|44/100 tox|[from] psn
|-heal|p2a: The Atonement|40/100|[from] item: Leftovers
|upkeep
|turn|41
|
|t:|1728346724
|move|p1a: Ceylon|Surf|p2a: The Atonement
|-damage|p2a: The Atonement|25/100
|move|p2a: The Atonement|Soft-Boiled|p2a: The Atonement
|-heal|p2a: The Atonement|75/100
|
|-heal|p1a: Ceylon|50/100 tox|[from] item: Leftovers
|-damage|p1a: Ceylon|38/100 tox|[from] psn
|-heal|p2a: The Atonement|81/100|[from] item: Leftovers
|upkeep
|turn|42
|
|t:|1728346730
|move|p1a: Ceylon|Surf|p2a: The Atonement
|-damage|p2a: The Atonement|65/100
|move|p2a: The Atonement|Seismic Toss|p1a: Ceylon
|-damage|p1a: Ceylon|13/100 tox
|
|-heal|p1a: Ceylon|20/100 tox|[from] item: Leftovers
|-damage|p1a: Ceylon|1/100 tox|[from] psn
|-heal|p2a: The Atonement|72/100|[from] item: Leftovers
|upkeep
|turn|43
|
|t:|1728346734
|switch|p2a: Shades of Evil|Claydol|100/100
|move|p1a: Ceylon|Surf|p2a: Shades of Evil
|-supereffective|p2a: Shades of Evil
|-damage|p2a: Shades of Evil|40/100
|
|-heal|p1a: Ceylon|7/100 tox|[from] item: Leftovers
|-damage|p1a: Ceylon|0 fnt|[from] psn
|faint|p1a: Ceylon
|
|win|AC77
|upkeep
|c|☆SerpentZero|ggswp
|c|☆AC77|ggs
|player|p1|

</script>
<script type="application/json" class="data" id="replaydata-smogtours-gen3ou-796291">
{"id":"smogtours-gen3ou-796291","format":"[Gen 3] OU","players":["SerpentZero","AC77"],"uploadtime":1728346734,"views":116,"formatid":"gen3ou","rating":null,"private":1,"password":null}
</script>

<script defer src="js/replays.js?9d40a366"></script>
