<!DOCTYPE html>
<meta charset="utf-8" />
<meta name="viewport" content="width=device-width" />

<title>[Gen 3] OU: jpmockman vs. bigmamasnorlax - Replays - Pok&eacute;mon Showdown!</title>

<meta name="description" content="Watch a replay of a Pok&eacute;mon battle between jpmockman and bigmamasnorlax! Format: [Gen 3] OU; Date: Oct 16, 2024" />
<!--

Hey, you! Looking in the source for the replay log?

You can find them in JSON format, just add `.json` at the end of a replay URL.

https://replay.pokemonshowdown.com/gen7randomdoublesbattle-865046831.json

Or, if you only need the log itself, add `.log` instead:

https://replay.pokemonshowdown.com/gen7randomdoublesbattle-865046831.log

-->

<link rel="stylesheet" href="//pokemonshowdown.com/style/global.css?0.023195364461161105" />
<link rel="stylesheet" href="//play.pokemonshowdown.com/style/font-awesome.css?0.13261647063804238" />
<link rel="stylesheet" href="//play.pokemonshowdown.com/style/battle.css?0.8753245789963631" />
<link rel="stylesheet" href="//play.pokemonshowdown.com/style/utilichart.css?0.8627959624976733" />

<!-- Global site tag (gtag.js) - Google Analytics -->
<script async src="https://www.googletagmanager.com/gtag/js?id=UA-26211653-1"></script>
<script>
  window.dataLayer = window.dataLayer || [];
  function gtag(){dataLayer.push(arguments);}
  gtag('js', new Date());

  gtag('config', 'UA-26211653-1');
</script>
<!-- End Google Analytics -->
<!-- Venatus Ad Manager - Install in <HEAD> of page -->
	<script src="https://hb.vntsm.com/v3/live/ad-manager.min.js" type="text/javascript" data-site-id="642aba63ec9a7b11c3c9c1be" data-mode="scan" async></script>
<!-- / Venatus Ad Manager -->

<style>
	@media (max-width:820px) {
		.battle {
			margin: 0 auto;
		}
		.battle-log {
			margin: 7px auto 0;
			max-width: 640px;
			height: 300px;
			position: static;
		}
	}
	.optgroup {
		display: inline-block;
		line-height: 22px;
		font-size: 10pt;
	}
	.optgroup .button {
		height: 25px;
		padding-top: 0;
		padding-bottom: 0;
	}
	.optgroup button.button {
		padding-left: 12px;
		padding-right: 12px;
	}
	.linklist {
		list-style: none;
		margin: 0.5em 0;
		padding: 0;
	}
	.linklist li {
		padding: 2px 0;
	}
	.sidebar {
		float: left;
		width: 320px;
	}
	.bar-wrapper {
		max-width: 1100px;
		margin: 0 auto;
	}
	.bar-wrapper.has-sidebar {
		max-width: 1430px;
	}
	.mainbar {
		margin: 0;
		padding-right: 1px;
	}
	.mainbar.has-sidebar {
		margin-left: 330px;
	}
	@media (min-width: 1511px) {
		.sidebar {
			width: 400px;
		}
		.bar-wrapper.has-sidebar {
			max-width: 1510px;
		}
		.mainbar.has-sidebar {
			margin-left: 410px;
		}
	}
	.section.first-section {
		margin-top: 9px;
	}
	.blocklink small {
		white-space: normal;
	}
	.button {
		vertical-align: middle;
	}
	.replay-controls {
		padding-top: 10px;
	}
	.replay-controls h1 {
		font-size: 16pt;
		font-weight: normal;
		color: #CCC;
	}
	.pagelink {
		text-align: center;
	}
	.pagelink a {
		width: 150px;
	}
	.textbox, .button {
		font-size: 11pt;
		vertical-align: middle;
	}
	@media (max-width: 450px) {
		.button {
			font-size: 9pt;
		}
	}
</style>

<div>

	<header>
		<div class="nav-wrapper"><ul class="nav">
			<li><a class="button nav-first" href="//pokemonshowdown.com/"><img src="//pokemonshowdown.com/images/pokemonshowdownbeta.png" srcset="//pokemonshowdown.com/images/pokemonshowdownbeta.png 1x, //pokemonshowdown.com/images/pokemonshowdownbeta@2x.png 2x" alt="Pok&eacute;mon Showdown" width="146" height="44" /> Home</a></li>
			<li><a class="button" href="//pokemonshowdown.com/dex/">Pok&eacute;dex</a></li>
			<li><a class="button cur" href="/">Replays</a></li>
			<li><a class="button" href="//pokemonshowdown.com/ladder/">Ladder</a></li>
			<li><a class="button nav-last" href="//pokemonshowdown.com/forums/">Forum</a></li>
			<li><a class="button greenbutton nav-first nav-last" href="//play.pokemonshowdown.com/">Play</a></li>
		</ul></div>
	</header>

	<div class="main" id="main">

		<noscript><section class="section">You need to enable JavaScript to use this page; sorry!</section></noscript>

	</div>

</div>

<script defer nomodule src="//play.pokemonshowdown.com/js/lib/ps-polyfill.js"></script>
<script defer src="//play.pokemonshowdown.com/js/lib/preact.min.js"></script>

<script defer src="//play.pokemonshowdown.com/config/config.js?2bddbc15"></script>
<script defer src="//play.pokemonshowdown.com/js/lib/jquery-1.11.0.min.js"></script>
<script defer src="//play.pokemonshowdown.com/js/lib/html-sanitizer-minified.js"></script>
<script defer src="//play.pokemonshowdown.com/js/battle-sound.js"></script>
<script defer src="//play.pokemonshowdown.com/js/battledata.js?0.7209276989879541"></script>
<script defer src="//play.pokemonshowdown.com/data/pokedex-mini.js?0.6111056340867951"></script>
<script defer src="//play.pokemonshowdown.com/data/pokedex-mini-bw.js?0.3532142036491459"></script>
<script defer src="//play.pokemonshowdown.com/data/graphics.js?0.24223875632456182"></script>
<script defer src="//play.pokemonshowdown.com/data/pokedex.js?0.38839984266356864"></script>
<script defer src="//play.pokemonshowdown.com/data/moves.js?0.21866028504024015"></script>
<script defer src="//play.pokemonshowdown.com/data/abilities.js?0.2005157953846628"></script>
<script defer src="//play.pokemonshowdown.com/data/items.js?0.9894211263848525"></script>
<script defer src="//play.pokemonshowdown.com/data/teambuilder-tables.js?0.6008791140282215"></script>
<script defer src="//play.pokemonshowdown.com/js/battle-tooltips.js?0.7580118955022959"></script>
<script defer src="//play.pokemonshowdown.com/js/battle.js?0.6057722274234274"></script>

<script defer src="js/utils.js?e31f9a17"></script>
<script defer src="js/replays-battle.js?7008c182"></script>

<!-- don't scrape this data! just add .json or .log after the URL!
Full API docs: https://github.com/smogon/pokemon-showdown-client/blob/master/WEB-API.md -->
<script type="text/plain" class="log" id="replaylog-smogtours-gen3ou-799130">
|inactive|Battle timer is ON: inactive players will automatically lose when time's up.
|t:|1729102723
|gametype|singles
|player|p1|jpmockman|emmet|
|player|p2|bigmamasnorlax|170|
|teamsize|p1|6
|teamsize|p2|6
|gen|3
|tier|[Gen 3] OU
|rule|Sleep Clause Mod: Limit one foe put to sleep
|rule|Switch Priority Clause Mod: Faster Pokémon switch first
|rule|Species Clause: Limit one of each Pokémon
|rule|OHKO Clause: OHKO moves are banned
|rule|Evasion Items Clause: Evasion items are banned
|rule|Evasion Moves Clause: Evasion moves are banned
|rule|Endless Battle Clause: Forcing endless battles is banned
|rule|HP Percentage Mod: HP is shown in percentages
|rule|One Boost Passer Clause: Limit one Baton Passer that has a way to boost its stats
|rule|Freeze Clause Mod: Limit one foe frozen
|
|t:|1729102723
|start
|switch|p1a: Metagross|Metagross|100/100
|switch|p2a: Salamence|Salamence, F|100/100
|-ability|p2a: Salamence|Intimidate|boost
|-fail|p1a: Metagross|unboost|[from] ability: Clear Body|[of] p1a: Metagross
|turn|1
|
|t:|1729102739
|switch|p2a: Skarmory|Skarmory, F|100/100
|move|p1a: Metagross|Rock Slide|p2a: Skarmory
|-damage|p2a: Skarmory|67/100
|
|-heal|p2a: Skarmory|73/100|[from] item: Leftovers
|upkeep
|turn|2
|
|t:|1729102747
|switch|p1a: Zapdos|Zapdos|100/100
|move|p2a: Skarmory|Spikes|p1a: Zapdos
|-sidestart|p1: jpmockman|Spikes
|
|-heal|p2a: Skarmory|79/100|[from] item: Leftovers
|upkeep
|turn|3
|
|t:|1729102751
|move|p2a: Skarmory|Protect|p2a: Skarmory
|-singleturn|p2a: Skarmory|Protect
|move|p1a: Zapdos|Thunderbolt|p2a: Skarmory
|-activate|p2a: Skarmory|Protect
|
|-heal|p2a: Skarmory|85/100|[from] item: Leftovers
|upkeep
|turn|4
|
|t:|1729102755
|switch|p2a: Blissey|Blissey, F|100/100
|move|p1a: Zapdos|Sunny Day|p1a: Zapdos
|-weather|SunnyDay
|
|-weather|SunnyDay|[upkeep]
|upkeep
|turn|5
|c|☆bigmamasnorlax|woah
|
|t:|1729102774
|move|p1a: Zapdos|Thunderbolt|p2a: Blissey
|-damage|p2a: Blissey|83/100
|move|p2a: Blissey|Ice Beam|p1a: Zapdos
|-supereffective|p1a: Zapdos
|-damage|p1a: Zapdos|55/100
|
|-weather|SunnyDay|[upkeep]
|-heal|p1a: Zapdos|62/100|[from] item: Leftovers
|-heal|p2a: Blissey|90/100|[from] item: Leftovers
|upkeep
|turn|6
|
|t:|1729102782
|switch|p1a: Metagross|Metagross|100/100
|-damage|p1a: Metagross|88/100|[from] Spikes
|move|p2a: Blissey|Thunderbolt|p1a: Metagross
|-damage|p1a: Metagross|64/100
|
|-weather|SunnyDay|[upkeep]
|-heal|p2a: Blissey|96/100|[from] item: Leftovers
|upkeep
|turn|7
|
|t:|1729102792
|switch|p2a: Skarmory|Skarmory, F|85/100
|move|p1a: Metagross|Explosion|p2a: Skarmory
|-resisted|p2a: Skarmory
|-damage|p2a: Skarmory|0 fnt
|faint|p1a: Metagross
|faint|p2a: Skarmory
|
|t:|1729102800
|switch|p2a: Tyranitar|Tyranitar, M|100/100
|switch|p1a: Exeggutor|Exeggutor, F|100/100
|-damage|p1a: Exeggutor|88/100|[from] Spikes
|-weather|Sandstorm|[from] ability: Sand Stream|[of] p2a: Tyranitar
|
|-weather|Sandstorm|[upkeep]
|-damage|p1a: Exeggutor|82/100|[from] Sandstorm
|-heal|p1a: Exeggutor|88/100|[from] item: Leftovers
|upkeep
|turn|8
|
|t:|1729102813
|move|p1a: Exeggutor|Sleep Powder|p2a: Tyranitar
|-status|p2a: Tyranitar|slp|[from] move: Sleep Powder
|cant|p2a: Tyranitar|slp
|
|-weather|Sandstorm|[upkeep]
|-damage|p1a: Exeggutor|82/100|[from] Sandstorm
|-heal|p1a: Exeggutor|88/100|[from] item: Leftovers
|upkeep
|turn|9
|
|t:|1729102818
|switch|p1a: Blissey|Blissey, F|100/100
|-damage|p1a: Blissey|88/100|[from] Spikes
|switch|p2a: Blissey|Blissey, F|96/100
|
|-weather|Sandstorm|[upkeep]
|-damage|p1a: Blissey|82/100|[from] Sandstorm
|-damage|p2a: Blissey|90/100|[from] Sandstorm
|-heal|p1a: Blissey|88/100|[from] item: Leftovers
|-heal|p2a: Blissey|96/100|[from] item: Leftovers
|upkeep
|turn|10
|
|t:|1729102824
|move|p1a: Blissey|Sunny Day|p1a: Blissey
|-weather|SunnyDay
|move|p2a: Blissey|Toxic|p1a: Blissey
|-status|p1a: Blissey|tox
|
|-weather|SunnyDay|[upkeep]
|-heal|p2a: Blissey|100/100|[from] item: Leftovers
|-heal|p1a: Blissey|94/100 tox|[from] item: Leftovers
|-damage|p1a: Blissey|88/100 tox|[from] psn
|upkeep
|turn|11
|
|t:|1729102836
|move|p2a: Blissey|Toxic|p1a: Blissey
|-fail|p1a: Blissey|tox
|move|p1a: Blissey|Thunder Wave|p2a: Blissey
|-status|p2a: Blissey|par
|
|-weather|SunnyDay|[upkeep]
|-heal|p1a: Blissey|94/100 tox|[from] item: Leftovers
|-damage|p1a: Blissey|82/100 tox|[from] psn
|upkeep
|turn|12
|
|t:|1729102842
|move|p1a: Blissey|Soft-Boiled|p1a: Blissey
|-heal|p1a: Blissey|100/100 tox
|move|p2a: Blissey|Ice Beam|p1a: Blissey
|-damage|p1a: Blissey|91/100 tox
|
|-weather|SunnyDay|[upkeep]
|-heal|p1a: Blissey|97/100 tox|[from] item: Leftovers
|-damage|p1a: Blissey|79/100 tox|[from] psn
|upkeep
|turn|13
|
|t:|1729102853
|-curestatus|p1a: Blissey|tox|[from] ability: Natural Cure
|switch|p1a: Charizard|Charizard, F|100/100
|move|p2a: Blissey|Ice Beam|p1a: Charizard
|-damage|p1a: Charizard|69/100
|
|-weather|SunnyDay|[upkeep]
|upkeep
|turn|14
|
|t:|1729102863
|move|p1a: Charizard|Substitute|p1a: Charizard
|-start|p1a: Charizard|Substitute
|-damage|p1a: Charizard|44/100
|move|p2a: Blissey|Soft-Boiled||[still]
|-fail|p2a: Blissey|heal
|
|-weather|none
|upkeep
|turn|15
|
|t:|1729102868
|-singleturn|p1a: Charizard|move: Focus Punch
|move|p2a: Blissey|Thunderbolt|p1a: Charizard
|-supereffective|p1a: Charizard
|-end|p1a: Charizard|Substitute
|move|p1a: Charizard|Focus Punch|p2a: Blissey
|-supereffective|p2a: Blissey
|-damage|p2a: Blissey|42/100 par
|
|-heal|p2a: Blissey|48/100 par|[from] item: Leftovers
|upkeep
|turn|16
|
|t:|1729102888
|switch|p1a: Blissey|Blissey, F|79/100
|-damage|p1a: Blissey|66/100|[from] Spikes
|-curestatus|p2a: Blissey|par|[from] ability: Natural Cure
|switch|p2a: Salamence|Salamence, F|100/100
|-ability|p2a: Salamence|Intimidate|boost
|-unboost|p1a: Blissey|atk|1
|
|-heal|p1a: Blissey|73/100|[from] item: Leftovers
|upkeep
|turn|17
|
|t:|1729102900
|switch|p2a: Flygon|Flygon, F|100/100
|move|p1a: Blissey|Counter|p2a: Flygon
|
|-heal|p1a: Blissey|79/100|[from] item: Leftovers
|upkeep
|turn|18
|
|t:|1729102916
|move|p2a: Flygon|Substitute|p2a: Flygon
|-start|p2a: Flygon|Substitute
|-damage|p2a: Flygon|76/100
|move|p1a: Blissey|Soft-Boiled|p1a: Blissey
|-heal|p1a: Blissey|100/100
|
|-heal|p2a: Flygon|82/100|[from] item: Leftovers
|upkeep
|turn|19
|
|t:|1729102924
|move|p2a: Flygon|Toxic|p1a: Blissey
|-status|p1a: Blissey|tox
|move|p1a: Blissey|Sunny Day|p1a: Blissey
|-weather|SunnyDay
|
|-weather|SunnyDay|[upkeep]
|-heal|p2a: Flygon|88/100|[from] item: Leftovers
|-damage|p1a: Blissey|94/100 tox|[from] psn
|upkeep
|turn|20
|
|t:|1729102932
|-curestatus|p1a: Blissey|tox|[from] ability: Natural Cure
|switch|p1a: Exeggutor|Exeggutor, F|88/100
|-damage|p1a: Exeggutor|76/100|[from] Spikes
|move|p2a: Flygon|Rock Slide|p1a: Exeggutor
|-damage|p1a: Exeggutor|57/100
|
|-weather|SunnyDay|[upkeep]
|-heal|p1a: Exeggutor|63/100|[from] item: Leftovers
|-heal|p2a: Flygon|94/100|[from] item: Leftovers
|upkeep
|turn|21
|
|t:|1729102939
|move|p1a: Exeggutor|Psychic|p2a: Flygon
|-end|p2a: Flygon|Substitute
|move|p2a: Flygon|Toxic|p1a: Exeggutor
|-status|p1a: Exeggutor|tox
|
|-weather|SunnyDay|[upkeep]
|-heal|p1a: Exeggutor|69/100 tox|[from] item: Leftovers
|-damage|p1a: Exeggutor|63/100 tox|[from] psn
|-heal|p2a: Flygon|99/100|[from] item: Leftovers
|upkeep
|turn|22
|
|t:|1729102949
|switch|p2a: Blissey|Blissey, F|48/100
|move|p1a: Exeggutor|Psychic|p2a: Blissey
|-damage|p2a: Blissey|34/100
|
|-weather|SunnyDay|[upkeep]
|-heal|p1a: Exeggutor|69/100 tox|[from] item: Leftovers
|-damage|p1a: Exeggutor|57/100 tox|[from] psn
|-heal|p2a: Blissey|40/100|[from] item: Leftovers
|upkeep
|turn|23
|
|t:|1729102974
|move|p1a: Exeggutor|Explosion|p2a: Blissey
|-damage|p2a: Blissey|0 fnt
|faint|p1a: Exeggutor
|faint|p2a: Blissey
|inactive|bigmamasnorlax has 270 seconds left.
|
|t:|1729103007
|switch|p1a: Zapdos|Zapdos|62/100
|switch|p2a: Aerodactyl|Aerodactyl, M|100/100
|
|-weather|none
|-heal|p1a: Zapdos|68/100|[from] item: Leftovers
|upkeep
|turn|24
|
|t:|1729103022
|move|p2a: Aerodactyl|Rock Slide|p1a: Zapdos|[miss]
|-miss|p2a: Aerodactyl|p1a: Zapdos
|move|p1a: Zapdos|Thunderbolt|p2a: Aerodactyl
|-supereffective|p2a: Aerodactyl
|-damage|p2a: Aerodactyl|0 fnt
|faint|p2a: Aerodactyl
|c|☆bigmamasnorlax|ah
|
|t:|1729103031
|switch|p2a: Flygon|Flygon, F|99/100
|
|-heal|p2a: Flygon|100/100|[from] item: Leftovers
|-heal|p1a: Zapdos|74/100|[from] item: Leftovers
|upkeep
|turn|25
|c|☆jpmockman|that's rough man, sorry 
|
|t:|1729103038
|move|p2a: Flygon|Substitute|p2a: Flygon
|-start|p2a: Flygon|Substitute
|-damage|p2a: Flygon|76/100
|move|p1a: Zapdos|Hidden Power|p2a: Flygon
|-supereffective|p2a: Flygon
|-end|p2a: Flygon|Substitute
|
|-heal|p2a: Flygon|82/100|[from] item: Leftovers
|-heal|p1a: Zapdos|80/100|[from] item: Leftovers
|upkeep
|turn|26
|
|t:|1729103044
|move|p2a: Flygon|Rock Slide|p1a: Zapdos
|-supereffective|p1a: Zapdos
|-damage|p1a: Zapdos|52/100
|move|p1a: Zapdos|Sunny Day|p1a: Zapdos
|-weather|SunnyDay
|
|-weather|SunnyDay|[upkeep]
|-heal|p2a: Flygon|88/100|[from] item: Leftovers
|-heal|p1a: Zapdos|58/100|[from] item: Leftovers
|upkeep
|turn|27
|
|t:|1729103052
|move|p2a: Flygon|Rock Slide|p1a: Zapdos
|-supereffective|p1a: Zapdos
|-damage|p1a: Zapdos|33/100
|move|p1a: Zapdos|Hidden Power|p2a: Flygon
|-supereffective|p2a: Flygon
|-damage|p2a: Flygon|0 fnt
|faint|p2a: Flygon
|
|t:|1729103059
|switch|p2a: Salamence|Salamence, F|100/100
|-ability|p2a: Salamence|Intimidate|boost
|-unboost|p1a: Zapdos|atk|1
|
|-weather|SunnyDay|[upkeep]
|-heal|p1a: Zapdos|39/100|[from] item: Leftovers
|upkeep
|turn|28
|
|t:|1729103075
|move|p2a: Salamence|Fire Blast|p1a: Zapdos
|-damage|p1a: Zapdos|0 fnt
|faint|p1a: Zapdos
|
|t:|1729103086
|switch|p1a: Blissey|Blissey, F|94/100
|-damage|p1a: Blissey|82/100|[from] Spikes
|
|-weather|SunnyDay|[upkeep]
|-heal|p1a: Blissey|88/100|[from] item: Leftovers
|upkeep
|turn|29
|
|t:|1729103091
|switch|p2a: Tyranitar|Tyranitar, M|100/100 slp
|-weather|Sandstorm|[from] ability: Sand Stream|[of] p2a: Tyranitar
|move|p1a: Blissey|Thunder Wave||[still]
|-fail|p1a: Blissey
|
|-weather|Sandstorm|[upkeep]
|-damage|p1a: Blissey|82/100|[from] Sandstorm
|-heal|p1a: Blissey|88/100|[from] item: Leftovers
|upkeep
|turn|30
|
|t:|1729103105
|-curestatus|p2a: Tyranitar|slp|[msg]
|move|p2a: Tyranitar|Crunch|p1a: Blissey
|-damage|p1a: Blissey|73/100
|move|p1a: Blissey|Sunny Day|p1a: Blissey
|-weather|SunnyDay
|
|-weather|SunnyDay|[upkeep]
|-heal|p1a: Blissey|80/100|[from] item: Leftovers
|upkeep
|turn|31
|
|t:|1729103111
|-singleturn|p2a: Tyranitar|move: Focus Punch
|move|p1a: Blissey|Thunder Wave|p2a: Tyranitar
|-status|p2a: Tyranitar|par
|move|p2a: Tyranitar|Focus Punch|p1a: Blissey
|-supereffective|p1a: Blissey
|-damage|p1a: Blissey|3/100
|
|-weather|SunnyDay|[upkeep]
|-heal|p1a: Blissey|9/100|[from] item: Leftovers
|upkeep
|turn|32
|
|t:|1729103122
|move|p1a: Blissey|Soft-Boiled|p1a: Blissey
|-heal|p1a: Blissey|59/100
|move|p2a: Tyranitar|Crunch|p1a: Blissey
|-damage|p1a: Blissey|44/100
|
|-weather|SunnyDay|[upkeep]
|-heal|p1a: Blissey|50/100|[from] item: Leftovers
|upkeep
|turn|33
|
|t:|1729103127
|-singleturn|p2a: Tyranitar|move: Focus Punch
|move|p1a: Blissey|Soft-Boiled|p1a: Blissey
|-heal|p1a: Blissey|99/100
|move|p2a: Tyranitar|Focus Punch|p1a: Blissey
|-supereffective|p1a: Blissey
|-damage|p1a: Blissey|18/100
|
|-weather|SunnyDay|[upkeep]
|-heal|p1a: Blissey|24/100|[from] item: Leftovers
|upkeep
|turn|34
|
|t:|1729103135
|-singleturn|p2a: Tyranitar|move: Focus Punch
|move|p1a: Blissey|Soft-Boiled|p1a: Blissey
|-heal|p1a: Blissey|74/100
|move|p2a: Tyranitar|Focus Punch|p1a: Blissey
|-supereffective|p1a: Blissey
|-damage|p1a: Blissey|0 fnt
|faint|p1a: Blissey
|
|t:|1729103139
|switch|p1a: Charizard|Charizard, F|44/100
|
|-weather|none
|upkeep
|turn|35
|
|t:|1729103144
|move|p1a: Charizard|Substitute|p1a: Charizard
|-start|p1a: Charizard|Substitute
|-damage|p1a: Charizard|19/100
|move|p2a: Tyranitar|Crunch|p1a: Charizard
|-end|p1a: Charizard|Substitute
|
|-enditem|p1a: Charizard|Salac Berry|[eat]
|-boost|p1a: Charizard|spe|1|[from] item: Salac Berry
|upkeep
|turn|36
|
|t:|1729103153
|move|p1a: Charizard|Fire Blast|p2a: Tyranitar
|-resisted|p2a: Tyranitar
|-damage|p2a: Tyranitar|62/100 par
|move|p2a: Tyranitar|Crunch|p1a: Charizard
|-damage|p1a: Charizard|0 fnt
|faint|p1a: Charizard
|
|t:|1729103157
|switch|p1a: Snorlax|Snorlax, F|100/100
|-damage|p1a: Snorlax|88/100|[from] Spikes
|
|-heal|p1a: Snorlax|94/100|[from] item: Leftovers
|-heal|p2a: Tyranitar|68/100 par|[from] item: Leftovers
|upkeep
|turn|37
|
|t:|1729103161
|-singleturn|p2a: Tyranitar|move: Focus Punch
|move|p1a: Snorlax|Curse|p1a: Snorlax
|-unboost|p1a: Snorlax|spe|1
|-boost|p1a: Snorlax|atk|1
|-boost|p1a: Snorlax|def|1
|move|p2a: Tyranitar|Focus Punch|p1a: Snorlax
|-supereffective|p1a: Snorlax
|-damage|p1a: Snorlax|39/100
|
|-heal|p1a: Snorlax|45/100|[from] item: Leftovers
|-heal|p2a: Tyranitar|74/100 par|[from] item: Leftovers
|upkeep
|turn|38
|
|t:|1729103171
|move|p1a: Snorlax|Rest|p1a: Snorlax
|-status|p1a: Snorlax|slp|[from] move: Rest
|-heal|p1a: Snorlax|100/100 slp|[silent]
|move|p2a: Tyranitar|Crunch|p1a: Snorlax
|-damage|p1a: Snorlax|84/100 slp
|-unboost|p1a: Snorlax|spd|1
|
|-heal|p1a: Snorlax|90/100 slp|[from] item: Leftovers
|-heal|p2a: Tyranitar|80/100 par|[from] item: Leftovers
|upkeep
|turn|39
|
|t:|1729103177
|cant|p1a: Snorlax|slp
|move|p1a: Snorlax|Sleep Talk|p1a: Snorlax
|move|p1a: Snorlax|Body Slam|p2a: Tyranitar|[from]Sleep Talk
|-resisted|p2a: Tyranitar
|-damage|p2a: Tyranitar|58/100 par
|move|p2a: Tyranitar|Crunch|p1a: Snorlax
|-damage|p1a: Snorlax|64/100 slp
|
|-heal|p1a: Snorlax|70/100 slp|[from] item: Leftovers
|-heal|p2a: Tyranitar|64/100 par|[from] item: Leftovers
|upkeep
|turn|40
|
|t:|1729103191
|-singleturn|p2a: Tyranitar|move: Focus Punch
|cant|p1a: Snorlax|slp
|move|p1a: Snorlax|Sleep Talk|p1a: Snorlax
|move|p1a: Snorlax|Curse|p1a: Snorlax|[from]Sleep Talk
|-unboost|p1a: Snorlax|spe|1
|-boost|p1a: Snorlax|atk|1
|-boost|p1a: Snorlax|def|1
|move|p2a: Tyranitar|Focus Punch|p1a: Snorlax
|-supereffective|p1a: Snorlax
|-damage|p1a: Snorlax|25/100 slp
|
|-heal|p1a: Snorlax|31/100 slp|[from] item: Leftovers
|-heal|p2a: Tyranitar|70/100 par|[from] item: Leftovers
|upkeep
|turn|41
|
|t:|1729103201
|-curestatus|p1a: Snorlax|slp|[msg]
|move|p1a: Snorlax|Rest|p1a: Snorlax
|-status|p1a: Snorlax|slp|[from] move: Rest
|-heal|p1a: Snorlax|100/100 slp|[silent]
|move|p2a: Tyranitar|Crunch|p1a: Snorlax
|-damage|p1a: Snorlax|74/100 slp
|-unboost|p1a: Snorlax|spd|1
|
|-heal|p1a: Snorlax|80/100 slp|[from] item: Leftovers
|-heal|p2a: Tyranitar|76/100 par|[from] item: Leftovers
|upkeep
|turn|42
|
|t:|1729103209
|cant|p1a: Snorlax|slp
|move|p1a: Snorlax|Sleep Talk|p1a: Snorlax
|move|p1a: Snorlax|Body Slam|p2a: Tyranitar|[from]Sleep Talk
|-resisted|p2a: Tyranitar
|-damage|p2a: Tyranitar|43/100 par
|move|p2a: Tyranitar|Crunch|p1a: Snorlax
|-damage|p1a: Snorlax|50/100 slp
|
|-heal|p1a: Snorlax|56/100 slp|[from] item: Leftovers
|-heal|p2a: Tyranitar|49/100 par|[from] item: Leftovers
|upkeep
|turn|43
|
|t:|1729103217
|cant|p1a: Snorlax|slp
|move|p1a: Snorlax|Sleep Talk|p1a: Snorlax
|move|p1a: Snorlax|Curse|p1a: Snorlax|[from]Sleep Talk
|-unboost|p1a: Snorlax|spe|1
|-boost|p1a: Snorlax|atk|1
|-boost|p1a: Snorlax|def|1
|move|p2a: Tyranitar|Crunch|p1a: Snorlax
|-damage|p1a: Snorlax|22/100 slp
|
|-heal|p2a: Tyranitar|55/100 par|[from] item: Leftovers
|-heal|p1a: Snorlax|28/100 slp|[from] item: Leftovers
|upkeep
|turn|44
|
|t:|1729103228
|move|p2a: Tyranitar|Crunch|p1a: Snorlax
|-damage|p1a: Snorlax|0 fnt
|faint|p1a: Snorlax
|
|win|bigmamasnorlax
|c|☆jpmockman|ggs
|c|☆bigmamasnorlax|gg sry for hax
|c|☆jpmockman|happens
|player|p1|

</script>
<script type="application/json" class="data" id="replaydata-smogtours-gen3ou-799130">
{"id":"smogtours-gen3ou-799130","format":"[Gen 3] OU","players":["jpmockman","bigmamasnorlax"],"uploadtime":1729103228,"views":92,"formatid":"gen3ou","rating":null,"private":0,"password":null}
</script>

<script defer src="js/replays.js?9d40a366"></script>
