<!DOCTYPE html>
<meta charset="utf-8" />
<meta name="viewport" content="width=device-width" />

<title>[Gen 3] OU: BlazingDark vs. Big Chungus irl - Replays - Pok&eacute;mon Showdown!</title>

<meta name="description" content="Watch a replay of a Pok&eacute;mon battle between BlazingDark and Big Chungus irl! Format: [Gen 3] OU; Date: Oct 25, 2024" />
<!--

Hey, you! Looking in the source for the replay log?

You can find them in JSON format, just add `.json` at the end of a replay URL.

https://replay.pokemonshowdown.com/gen7randomdoublesbattle-865046831.json

Or, if you only need the log itself, add `.log` instead:

https://replay.pokemonshowdown.com/gen7randomdoublesbattle-865046831.log

-->

<link rel="stylesheet" href="//pokemonshowdown.com/style/global.css?0.023195364461161105" />
<link rel="stylesheet" href="//play.pokemonshowdown.com/style/font-awesome.css?0.13261647063804238" />
<link rel="stylesheet" href="//play.pokemonshowdown.com/style/battle.css?0.8753245789963631" />
<link rel="stylesheet" href="//play.pokemonshowdown.com/style/utilichart.css?0.8627959624976733" />

<!-- Global site tag (gtag.js) - Google Analytics -->
<script async src="https://www.googletagmanager.com/gtag/js?id=UA-26211653-1"></script>
<script>
  window.dataLayer = window.dataLayer || [];
  function gtag(){dataLayer.push(arguments);}
  gtag('js', new Date());

  gtag('config', 'UA-26211653-1');
</script>
<!-- End Google Analytics -->
<!-- Venatus Ad Manager - Install in <HEAD> of page -->
	<script src="https://hb.vntsm.com/v3/live/ad-manager.min.js" type="text/javascript" data-site-id="642aba63ec9a7b11c3c9c1be" data-mode="scan" async></script>
<!-- / Venatus Ad Manager -->

<style>
	@media (max-width:820px) {
		.battle {
			margin: 0 auto;
		}
		.battle-log {
			margin: 7px auto 0;
			max-width: 640px;
			height: 300px;
			position: static;
		}
	}
	.optgroup {
		display: inline-block;
		line-height: 22px;
		font-size: 10pt;
	}
	.optgroup .button {
		height: 25px;
		padding-top: 0;
		padding-bottom: 0;
	}
	.optgroup button.button {
		padding-left: 12px;
		padding-right: 12px;
	}
	.linklist {
		list-style: none;
		margin: 0.5em 0;
		padding: 0;
	}
	.linklist li {
		padding: 2px 0;
	}
	.sidebar {
		float: left;
		width: 320px;
	}
	.bar-wrapper {
		max-width: 1100px;
		margin: 0 auto;
	}
	.bar-wrapper.has-sidebar {
		max-width: 1430px;
	}
	.mainbar {
		margin: 0;
		padding-right: 1px;
	}
	.mainbar.has-sidebar {
		margin-left: 330px;
	}
	@media (min-width: 1511px) {
		.sidebar {
			width: 400px;
		}
		.bar-wrapper.has-sidebar {
			max-width: 1510px;
		}
		.mainbar.has-sidebar {
			margin-left: 410px;
		}
	}
	.section.first-section {
		margin-top: 9px;
	}
	.blocklink small {
		white-space: normal;
	}
	.button {
		vertical-align: middle;
	}
	.replay-controls {
		padding-top: 10px;
	}
	.replay-controls h1 {
		font-size: 16pt;
		font-weight: normal;
		color: #CCC;
	}
	.pagelink {
		text-align: center;
	}
	.pagelink a {
		width: 150px;
	}
	.textbox, .button {
		font-size: 11pt;
		vertical-align: middle;
	}
	@media (max-width: 450px) {
		.button {
			font-size: 9pt;
		}
	}
</style>

<div>

	<header>
		<div class="nav-wrapper"><ul class="nav">
			<li><a class="button nav-first" href="//pokemonshowdown.com/"><img src="//pokemonshowdown.com/images/pokemonshowdownbeta.png" srcset="//pokemonshowdown.com/images/pokemonshowdownbeta.png 1x, //pokemonshowdown.com/images/pokemonshowdownbeta@2x.png 2x" alt="Pok&eacute;mon Showdown" width="146" height="44" /> Home</a></li>
			<li><a class="button" href="//pokemonshowdown.com/dex/">Pok&eacute;dex</a></li>
			<li><a class="button cur" href="/">Replays</a></li>
			<li><a class="button" href="//pokemonshowdown.com/ladder/">Ladder</a></li>
			<li><a class="button nav-last" href="//pokemonshowdown.com/forums/">Forum</a></li>
			<li><a class="button greenbutton nav-first nav-last" href="//play.pokemonshowdown.com/">Play</a></li>
		</ul></div>
	</header>

	<div class="main" id="main">

		<noscript><section class="section">You need to enable JavaScript to use this page; sorry!</section></noscript>

	</div>

</div>

<script defer nomodule src="//play.pokemonshowdown.com/js/lib/ps-polyfill.js"></script>
<script defer src="//play.pokemonshowdown.com/js/lib/preact.min.js"></script>

<script defer src="//play.pokemonshowdown.com/config/config.js?2bddbc15"></script>
<script defer src="//play.pokemonshowdown.com/js/lib/jquery-1.11.0.min.js"></script>
<script defer src="//play.pokemonshowdown.com/js/lib/html-sanitizer-minified.js"></script>
<script defer src="//play.pokemonshowdown.com/js/battle-sound.js"></script>
<script defer src="//play.pokemonshowdown.com/js/battledata.js?0.7209276989879541"></script>
<script defer src="//play.pokemonshowdown.com/data/pokedex-mini.js?0.6111056340867951"></script>
<script defer src="//play.pokemonshowdown.com/data/pokedex-mini-bw.js?0.3532142036491459"></script>
<script defer src="//play.pokemonshowdown.com/data/graphics.js?0.24223875632456182"></script>
<script defer src="//play.pokemonshowdown.com/data/pokedex.js?0.38839984266356864"></script>
<script defer src="//play.pokemonshowdown.com/data/moves.js?0.21866028504024015"></script>
<script defer src="//play.pokemonshowdown.com/data/abilities.js?0.2005157953846628"></script>
<script defer src="//play.pokemonshowdown.com/data/items.js?0.9894211263848525"></script>
<script defer src="//play.pokemonshowdown.com/data/teambuilder-tables.js?0.6008791140282215"></script>
<script defer src="//play.pokemonshowdown.com/js/battle-tooltips.js?0.7580118955022959"></script>
<script defer src="//play.pokemonshowdown.com/js/battle.js?0.6057722274234274"></script>

<script defer src="js/utils.js?e31f9a17"></script>
<script defer src="js/replays-battle.js?7008c182"></script>

<!-- don't scrape this data! just add .json or .log after the URL!
Full API docs: https://github.com/smogon/pokemon-showdown-client/blob/master/WEB-API.md -->
<script type="text/plain" class="log" id="replaylog-smogtours-gen3ou-801889">
|inactive|Battle timer is ON: inactive players will automatically lose when time's up.
|t:|1729886090
|gametype|singles
|player|p1|BlazingDark|blue|
|player|p2|Big Chungus irl|firebreather|
|teamsize|p1|6
|teamsize|p2|6
|gen|3
|tier|[Gen 3] OU
|rule|Sleep Clause Mod: Limit one foe put to sleep
|rule|Switch Priority Clause Mod: Faster Pokémon switch first
|rule|Species Clause: Limit one of each Pokémon
|rule|OHKO Clause: OHKO moves are banned
|rule|Evasion Items Clause: Evasion items are banned
|rule|Evasion Moves Clause: Evasion moves are banned
|rule|Endless Battle Clause: Forcing endless battles is banned
|rule|HP Percentage Mod: HP is shown in percentages
|rule|One Boost Passer Clause: Limit one Baton Passer that has a way to boost its stats
|rule|Freeze Clause Mod: Limit one foe frozen
|
|t:|1729886090
|start
|switch|p1a: Skarmory|Skarmory, M|100/100
|switch|p2a: Skarmory|Skarmory, F|100/100
|turn|1
|inactive|BlazingDark also wants the timer to be on.
|c|☆Big Chungus irl|gl and hf
|inactive|BlazingDark has 270 seconds left.
|
|t:|1729886145
|move|p1a: Skarmory|Spikes|p2a: Skarmory
|-sidestart|p2: Big Chungus irl|Spikes
|move|p2a: Skarmory|Spikes|p1a: Skarmory
|-sidestart|p1: BlazingDark|Spikes
|
|upkeep
|turn|2
|
|t:|1729886153
|switch|p2a: Starmie|Starmie|100/100
|-damage|p2a: Starmie|88/100|[from] Spikes
|move|p1a: Skarmory|Spikes|p2a: Starmie
|-sidestart|p2: Big Chungus irl|Spikes
|
|-heal|p2a: Starmie|94/100|[from] item: Leftovers
|upkeep
|turn|3
|
|t:|1729886158
|move|p2a: Starmie|Thunder Wave|p1a: Skarmory
|-status|p1a: Skarmory|par
|cant|p1a: Skarmory|par
|
|-heal|p2a: Starmie|100/100|[from] item: Leftovers
|upkeep
|turn|4
|
|t:|1729886164
|move|p2a: Starmie|Rapid Spin|p1a: Skarmory
|-resisted|p1a: Skarmory
|-damage|p1a: Skarmory|99/100 par
|-sideend|p2: Big Chungus irl|Spikes|[from] move: Rapid Spin|[of] p2a: Starmie
|move|p1a: Skarmory|Toxic|p2a: Starmie
|-status|p2a: Starmie|tox
|
|-damage|p2a: Starmie|94/100 tox|[from] psn
|-heal|p1a: Skarmory|100/100 par|[from] item: Leftovers
|upkeep
|turn|5
|
|t:|1729886177
|-curestatus|p2a: Starmie|tox|[from] ability: Natural Cure
|switch|p2a: Skarmory|Skarmory, F|100/100
|move|p1a: Skarmory|Spikes|p2a: Skarmory
|-sidestart|p2: Big Chungus irl|Spikes
|
|upkeep
|turn|6
|
|t:|1729886181
|move|p2a: Skarmory|Spikes|p1a: Skarmory
|-sidestart|p1: BlazingDark|Spikes
|move|p1a: Skarmory|Spikes|p2a: Skarmory
|-sidestart|p2: Big Chungus irl|Spikes
|
|upkeep
|turn|7
|
|t:|1729886184
|switch|p2a: Starmie|Starmie|94/100
|-damage|p2a: Starmie|78/100|[from] Spikes
|switch|p1a: Claydol|Claydol|100/100
|
|-heal|p2a: Starmie|84/100|[from] item: Leftovers
|upkeep
|turn|8
|
|t:|1729886189
|move|p2a: Starmie|Surf|p1a: Claydol
|-supereffective|p1a: Claydol
|-damage|p1a: Claydol|50/100
|move|p1a: Claydol|Rapid Spin|p2a: Starmie
|-damage|p2a: Starmie|80/100
|-sideend|p1: BlazingDark|Spikes|[from] move: Rapid Spin|[of] p1a: Claydol
|
|-heal|p2a: Starmie|86/100|[from] item: Leftovers
|-heal|p1a: Claydol|56/100|[from] item: Leftovers
|upkeep
|turn|9
|
|t:|1729886194
|switch|p1a: Jirachi|Jirachi|100/100
|move|p2a: Starmie|Rapid Spin|p1a: Jirachi
|-resisted|p1a: Jirachi
|-damage|p1a: Jirachi|99/100
|-sideend|p2: Big Chungus irl|Spikes|[from] move: Rapid Spin|[of] p2a: Starmie
|
|-heal|p2a: Starmie|92/100|[from] item: Leftovers
|-heal|p1a: Jirachi|100/100|[from] item: Leftovers
|upkeep
|turn|10
|
|t:|1729886210
|switch|p1a: Skarmory|Skarmory, M|100/100 par
|move|p2a: Starmie|Thunder Wave|p1a: Skarmory
|-fail|p1a: Skarmory|par
|
|-heal|p2a: Starmie|99/100|[from] item: Leftovers
|upkeep
|turn|11
|
|t:|1729886223
|switch|p1a: Milotic|Milotic, F, shiny|100/100
|move|p2a: Starmie|Surf|p1a: Milotic
|-resisted|p1a: Milotic
|-damage|p1a: Milotic|88/100
|
|-heal|p2a: Starmie|100/100|[from] item: Leftovers
|-heal|p1a: Milotic|94/100|[from] item: Leftovers
|upkeep
|turn|12
|
|t:|1729886238
|move|p2a: Starmie|Thunder Wave|p1a: Milotic
|-status|p1a: Milotic|par
|move|p1a: Milotic|Toxic|p2a: Starmie
|-status|p2a: Starmie|tox
|
|-damage|p2a: Starmie|94/100 tox|[from] psn
|-heal|p1a: Milotic|99/100 par|[from] item: Leftovers
|upkeep
|turn|13
|
|t:|1729886245
|-curestatus|p2a: Starmie|tox|[from] ability: Natural Cure
|switch|p2a: Snorlax|Snorlax, M|100/100
|move|p1a: Milotic|Refresh|p1a: Milotic
|-curestatus|p1a: Milotic|par|[msg]
|
|-heal|p1a: Milotic|100/100|[from] item: Leftovers
|upkeep
|turn|14
|
|t:|1729886254
|switch|p1a: Celebi|Celebi|100/100
|move|p2a: Snorlax|Curse|p2a: Snorlax
|-unboost|p2a: Snorlax|spe|1
|-boost|p2a: Snorlax|atk|1
|-boost|p2a: Snorlax|def|1
|
|upkeep
|turn|15
|
|t:|1729886259
|move|p1a: Celebi|Leech Seed|p2a: Snorlax
|-start|p2a: Snorlax|move: Leech Seed
|move|p2a: Snorlax|Shadow Ball|p1a: Celebi
|-supereffective|p1a: Celebi
|-damage|p1a: Celebi|52/100
|
|-heal|p1a: Celebi|59/100|[from] item: Leftovers
|-damage|p2a: Snorlax|88/100|[from] Leech Seed|[of] p1a: Celebi
|-heal|p1a: Celebi|74/100|[silent]
|upkeep
|turn|16
|
|t:|1729886268
|switch|p2a: Skarmory|Skarmory, F|100/100
|move|p1a: Celebi|Calm Mind|p1a: Celebi
|-boost|p1a: Celebi|spa|1
|-boost|p1a: Celebi|spd|1
|
|-heal|p1a: Celebi|80/100|[from] item: Leftovers
|upkeep
|turn|17
|
|t:|1729886275
|move|p1a: Celebi|Leech Seed|p2a: Skarmory
|-start|p2a: Skarmory|move: Leech Seed
|move|p2a: Skarmory|Roar|p1a: Celebi
|drag|p1a: Milotic|Milotic, F, shiny|100/100
|
|-damage|p2a: Skarmory|88/100|[from] Leech Seed|[of] p1a: Milotic
|upkeep
|turn|18
|
|t:|1729886280
|switch|p1a: Claydol|Claydol|56/100
|move|p2a: Skarmory|Spikes|p1a: Claydol
|-sidestart|p1: BlazingDark|Spikes
|
|-heal|p2a: Skarmory|94/100|[from] item: Leftovers
|-damage|p2a: Skarmory|82/100|[from] Leech Seed|[of] p1a: Claydol
|-heal|p1a: Claydol|69/100|[silent]
|-heal|p1a: Claydol|75/100|[from] item: Leftovers
|upkeep
|turn|19
|
|t:|1729886284
|switch|p2a: Gengar|Gengar, M|100/100
|move|p1a: Claydol|Rapid Spin|p2a: Gengar
|-immune|p2a: Gengar
|
|-heal|p1a: Claydol|81/100|[from] item: Leftovers
|upkeep
|turn|20
|
|t:|1729886292
|move|p2a: Gengar|Will-O-Wisp|p1a: Claydol
|-status|p1a: Claydol|brn
|move|p1a: Claydol|Psychic|p2a: Gengar
|-supereffective|p2a: Gengar
|-damage|p2a: Gengar|48/100
|
|-heal|p2a: Gengar|55/100|[from] item: Leftovers
|-heal|p1a: Claydol|88/100 brn|[from] item: Leftovers
|-damage|p1a: Claydol|75/100 brn|[from] brn
|upkeep
|turn|21
|
|t:|1729886300
|switch|p2a: Skarmory|Skarmory, F|82/100
|move|p1a: Claydol|Refresh|p1a: Claydol
|-curestatus|p1a: Claydol|brn|[msg]
|
|-heal|p2a: Skarmory|88/100|[from] item: Leftovers
|-heal|p1a: Claydol|81/100|[from] item: Leftovers
|upkeep
|turn|22
|
|t:|1729886305
|move|p2a: Skarmory|Drill Peck|p1a: Claydol
|-damage|p1a: Claydol|63/100
|move|p1a: Claydol|Rapid Spin|p2a: Skarmory
|-resisted|p2a: Skarmory
|-damage|p2a: Skarmory|87/100
|-sideend|p1: BlazingDark|Spikes|[from] move: Rapid Spin|[of] p1a: Claydol
|
|-heal|p2a: Skarmory|93/100|[from] item: Leftovers
|-heal|p1a: Claydol|69/100|[from] item: Leftovers
|upkeep
|turn|23
|
|t:|1729886308
|switch|p1a: Jirachi|Jirachi|100/100
|move|p2a: Skarmory|Spikes|p1a: Jirachi
|-sidestart|p1: BlazingDark|Spikes
|
|-heal|p2a: Skarmory|99/100|[from] item: Leftovers
|upkeep
|turn|24
|
|t:|1729886335
|switch|p2a: Celebi|Celebi|100/100
|move|p1a: Jirachi|Thunder|p2a: Celebi|[miss]
|-miss|p1a: Jirachi|p2a: Celebi
|
|upkeep
|turn|25
|inactive|Big Chungus irl has 270 seconds left.
|inactive|BlazingDark has 270 seconds left.
|inactive|BlazingDark has 240 seconds left.
|inactive|BlazingDark has 210 seconds left.
|
|t:|1729886428
|switch|p2a: Skarmory|Skarmory, F|99/100
|move|p1a: Jirachi|Calm Mind|p1a: Jirachi
|-boost|p1a: Jirachi|spa|1
|-boost|p1a: Jirachi|spd|1
|
|-heal|p2a: Skarmory|100/100|[from] item: Leftovers
|upkeep
|turn|26
|
|t:|1729886435
|move|p1a: Jirachi|Thunder|p2a: Skarmory
|-supereffective|p2a: Skarmory
|-damage|p2a: Skarmory|20/100
|move|p2a: Skarmory|Roar|p1a: Jirachi
|drag|p1a: Skarmory|Skarmory, M|100/100 par
|
|-heal|p2a: Skarmory|26/100|[from] item: Leftovers
|upkeep
|turn|27
|inactive|Big Chungus irl has 270 seconds left.
|
|t:|1729886447
|switch|p2a: Gengar|Gengar, M|55/100
|move|p1a: Skarmory|Spikes|p2a: Gengar
|-sidestart|p2: Big Chungus irl|Spikes
|
|-heal|p2a: Gengar|61/100|[from] item: Leftovers
|upkeep
|turn|28
|inactive|Big Chungus irl has 270 seconds left.
|inactive|BlazingDark has 210 seconds left.
|inactive|BlazingDark has 180 seconds left.
|inactive|BlazingDark has 150 seconds left.
|inactive|BlazingDark has 120 seconds left.
|inactive|BlazingDark has 90 seconds left.
|
|t:|1729886589
|switch|p1a: Celebi|Celebi|80/100
|-damage|p1a: Celebi|68/100|[from] Spikes
|move|p2a: Gengar|Taunt|p1a: Celebi
|-start|p1a: Celebi|move: Taunt
|
|-heal|p2a: Gengar|67/100|[from] item: Leftovers
|-heal|p1a: Celebi|74/100|[from] item: Leftovers
|upkeep
|turn|29
|inactive|Big Chungus irl has 270 seconds left.
|
|t:|1729886604
|switch|p2a: Snorlax|Snorlax, M|88/100
|-damage|p2a: Snorlax|76/100|[from] Spikes
|move|p1a: Celebi|Psychic|p2a: Snorlax
|-damage|p2a: Snorlax|60/100
|
|-heal|p1a: Celebi|80/100|[from] item: Leftovers
|-end|p1a: Celebi|move: Taunt|[silent]
|-heal|p2a: Snorlax|66/100|[from] item: Leftovers
|upkeep
|turn|30
|inactive|BlazingDark has 90 seconds left.
|
|t:|1729886632
|move|p1a: Celebi|Leech Seed|p2a: Snorlax
|-start|p2a: Snorlax|move: Leech Seed
|move|p2a: Snorlax|Shadow Ball|p1a: Celebi
|-supereffective|p1a: Celebi
|-damage|p1a: Celebi|45/100
|
|-heal|p1a: Celebi|51/100|[from] item: Leftovers
|-heal|p2a: Snorlax|72/100|[from] item: Leftovers
|-damage|p2a: Snorlax|60/100|[from] Leech Seed|[of] p1a: Celebi
|-heal|p1a: Celebi|67/100|[silent]
|upkeep
|turn|31
|inactive|BlazingDark has 90 seconds left.
|inactive|Big Chungus irl has 270 seconds left.
|
|t:|1729886643
|switch|p2a: Celebi|Celebi|100/100
|-damage|p2a: Celebi|88/100|[from] Spikes
|move|p1a: Celebi|Calm Mind|p1a: Celebi
|-boost|p1a: Celebi|spa|1
|-boost|p1a: Celebi|spd|1
|
|-heal|p2a: Celebi|94/100|[from] item: Leftovers
|-heal|p1a: Celebi|73/100|[from] item: Leftovers
|upkeep
|turn|32
|inactive|BlazingDark has 90 seconds left.
|inactive|Big Chungus irl has 270 seconds left.
|
|t:|1729886682
|switch|p2a: Skarmory|Skarmory, F|26/100
|move|p1a: Celebi|Psychic|p2a: Skarmory
|-resisted|p2a: Skarmory
|-damage|p2a: Skarmory|4/100
|
|-heal|p1a: Celebi|79/100|[from] item: Leftovers
|-heal|p2a: Skarmory|10/100|[from] item: Leftovers
|upkeep
|turn|33
|
|t:|1729886688
|move|p1a: Celebi|Psychic|p2a: Skarmory
|-resisted|p2a: Skarmory
|-damage|p2a: Skarmory|0 fnt
|faint|p2a: Skarmory
|
|t:|1729886696
|switch|p2a: Gengar|Gengar, M|67/100
|
|-heal|p2a: Gengar|73/100|[from] item: Leftovers
|-heal|p1a: Celebi|85/100|[from] item: Leftovers
|upkeep
|turn|34
|
|t:|1729886720
|move|p2a: Gengar|Ice Punch|p1a: Celebi
|-supereffective|p1a: Celebi
|-damage|p1a: Celebi|67/100
|move|p1a: Celebi|Psychic|p2a: Gengar
|-supereffective|p2a: Gengar
|-damage|p2a: Gengar|0 fnt
|faint|p2a: Gengar
|
|t:|1729886727
|switch|p2a: Snorlax|Snorlax, M|60/100
|-damage|p2a: Snorlax|47/100|[from] Spikes
|
|-heal|p1a: Celebi|74/100|[from] item: Leftovers
|-heal|p2a: Snorlax|53/100|[from] item: Leftovers
|upkeep
|turn|35
|inactive|BlazingDark has 60 seconds left.
|
|t:|1729886757
|switch|p1a: Skarmory|Skarmory, M|100/100 par
|move|p2a: Snorlax|Shadow Ball|p1a: Skarmory
|-resisted|p1a: Skarmory
|-damage|p1a: Skarmory|93/100 par
|-unboost|p1a: Skarmory|spd|1
|
|-heal|p2a: Snorlax|60/100|[from] item: Leftovers
|-heal|p1a: Skarmory|99/100 par|[from] item: Leftovers
|upkeep
|turn|36
|inactive|BlazingDark has 60 seconds left.
|
|t:|1729886767
|switch|p2a: Starmie|Starmie|94/100
|-damage|p2a: Starmie|82/100|[from] Spikes
|switch|p1a: Celebi|Celebi|74/100
|-damage|p1a: Celebi|61/100|[from] Spikes
|
|-heal|p2a: Starmie|88/100|[from] item: Leftovers
|-heal|p1a: Celebi|67/100|[from] item: Leftovers
|upkeep
|turn|37
|
|t:|1729886772
|move|p2a: Starmie|Rapid Spin|p1a: Celebi
|-damage|p1a: Celebi|65/100
|-sideend|p2: Big Chungus irl|Spikes|[from] move: Rapid Spin|[of] p2a: Starmie
|move|p1a: Celebi|Calm Mind|p1a: Celebi
|-boost|p1a: Celebi|spa|1
|-boost|p1a: Celebi|spd|1
|
|-heal|p2a: Starmie|94/100|[from] item: Leftovers
|-heal|p1a: Celebi|71/100|[from] item: Leftovers
|upkeep
|turn|38
|
|t:|1729886775
|switch|p2a: Snorlax|Snorlax, M|60/100
|move|p1a: Celebi|Calm Mind|p1a: Celebi
|-boost|p1a: Celebi|spa|1
|-boost|p1a: Celebi|spd|1
|
|-heal|p1a: Celebi|77/100|[from] item: Leftovers
|-heal|p2a: Snorlax|66/100|[from] item: Leftovers
|upkeep
|turn|39
|
|t:|1729886781
|move|p1a: Celebi|Psychic|p2a: Snorlax
|-damage|p2a: Snorlax|34/100
|move|p2a: Snorlax|Shadow Ball|p1a: Celebi
|-supereffective|p1a: Celebi
|-damage|p1a: Celebi|43/100
|-unboost|p1a: Celebi|spd|1
|
|-heal|p1a: Celebi|49/100|[from] item: Leftovers
|-heal|p2a: Snorlax|40/100|[from] item: Leftovers
|upkeep
|turn|40
|
|t:|1729886785
|switch|p1a: Skarmory|Skarmory, M|99/100 par
|move|p2a: Snorlax|Shadow Ball|p1a: Skarmory
|-resisted|p1a: Skarmory
|-damage|p1a: Skarmory|90/100 par
|
|-heal|p2a: Snorlax|46/100|[from] item: Leftovers
|-heal|p1a: Skarmory|96/100 par|[from] item: Leftovers
|upkeep
|turn|41
|
|t:|1729886795
|move|p2a: Snorlax|Curse|p2a: Snorlax
|-unboost|p2a: Snorlax|spe|1
|-boost|p2a: Snorlax|atk|1
|-boost|p2a: Snorlax|def|1
|move|p1a: Skarmory|Spikes|p2a: Snorlax
|-sidestart|p2: Big Chungus irl|Spikes
|
|-heal|p2a: Snorlax|52/100|[from] item: Leftovers
|-heal|p1a: Skarmory|100/100 par|[from] item: Leftovers
|upkeep
|turn|42
|
|t:|1729886799
|move|p2a: Snorlax|Return|p1a: Skarmory
|-resisted|p1a: Skarmory
|-damage|p1a: Skarmory|75/100 par
|move|p1a: Skarmory|Roar|p2a: Snorlax
|drag|p2a: Swampert|Swampert, M|100/100
|-damage|p2a: Swampert|88/100|[from] Spikes
|
|-heal|p2a: Swampert|94/100|[from] item: Leftovers
|-heal|p1a: Skarmory|81/100 par|[from] item: Leftovers
|upkeep
|turn|43
|
|t:|1729886805
|move|p2a: Swampert|Hydro Pump|p1a: Skarmory|[miss]
|-miss|p2a: Swampert|p1a: Skarmory
|cant|p1a: Skarmory|par
|
|-heal|p2a: Swampert|100/100|[from] item: Leftovers
|-heal|p1a: Skarmory|87/100 par|[from] item: Leftovers
|upkeep
|turn|44
|
|t:|1729886814
|move|p2a: Swampert|Hydro Pump|p1a: Skarmory
|-damage|p1a: Skarmory|55/100 par
|move|p1a: Skarmory|Toxic|p2a: Swampert
|-status|p2a: Swampert|tox
|
|-damage|p2a: Swampert|94/100 tox|[from] psn
|-heal|p1a: Skarmory|61/100 par|[from] item: Leftovers
|upkeep
|turn|45
|
|t:|1729886839
|switch|p1a: Milotic|Milotic, F, shiny|100/100
|-damage|p1a: Milotic|88/100|[from] Spikes
|move|p2a: Swampert|Ice Beam|p1a: Milotic
|-resisted|p1a: Milotic
|-damage|p1a: Milotic|81/100
|
|-heal|p1a: Milotic|87/100|[from] item: Leftovers
|-heal|p2a: Swampert|100/100 tox|[from] item: Leftovers
|-damage|p2a: Swampert|88/100 tox|[from] psn
|upkeep
|turn|46
|
|t:|1729886845
|switch|p1a: Celebi|Celebi|49/100
|-damage|p1a: Celebi|36/100|[from] Spikes
|switch|p2a: Celebi|Celebi|94/100
|-damage|p2a: Celebi|82/100|[from] Spikes
|
|-heal|p2a: Celebi|88/100|[from] item: Leftovers
|-heal|p1a: Celebi|43/100|[from] item: Leftovers
|upkeep
|turn|47
|
|t:|1729886852
|switch|p2a: Snorlax|Snorlax, M|52/100
|-damage|p2a: Snorlax|40/100|[from] Spikes
|move|p1a: Celebi|Recover|p1a: Celebi
|-heal|p1a: Celebi|93/100
|
|-heal|p1a: Celebi|99/100|[from] item: Leftovers
|-heal|p2a: Snorlax|46/100|[from] item: Leftovers
|upkeep
|turn|48
|
|t:|1729886861
|move|p1a: Celebi|Leech Seed|p2a: Snorlax
|-start|p2a: Snorlax|move: Leech Seed
|move|p2a: Snorlax|Shadow Ball|p1a: Celebi
|-supereffective|p1a: Celebi
|-damage|p1a: Celebi|65/100
|
|-heal|p1a: Celebi|72/100|[from] item: Leftovers
|-heal|p2a: Snorlax|52/100|[from] item: Leftovers
|-damage|p2a: Snorlax|40/100|[from] Leech Seed|[of] p1a: Celebi
|-heal|p1a: Celebi|87/100|[silent]
|upkeep
|turn|49
|c|☆Big Chungus irl|I don't think I've ever seen that celebi set before
|c|☆Big Chungus irl|but it is completely unbeatable for my team
|c|☆BlazingDark|really ?
|c|☆BlazingDark|because it does exist
|inactive|Big Chungus irl has 270 seconds left.
|c|☆BlazingDark|i thought u might have
|c|☆Big Chungus irl|yeah I've seen CM leech 2 attacks
|c|☆Big Chungus irl|but not CM leech recover 1 attack
|-message|Big Chungus irl forfeited.
|
|win|BlazingDark
|c|☆BlazingDark|yeah it's kind of annoying
|c|☆BlazingDark|but also for me
|c|☆BlazingDark|i have to play it with specific support
|c|☆Big Chungus irl|yeah but your specific support was good into what I had for it
|c|☆Big Chungus irl|double refresh is also pretty hardcore

</script>
<script type="application/json" class="data" id="replaydata-smogtours-gen3ou-801889">
{"id":"smogtours-gen3ou-801889","format":"[Gen 3] OU","players":["BlazingDark","Big Chungus irl"],"uploadtime":1729886917,"views":106,"formatid":"gen3ou","rating":null,"private":0,"password":null}
</script>

<script defer src="js/replays.js?9d40a366"></script>
