<!DOCTYPE html>
<meta charset="utf-8" />
<meta name="viewport" content="width=device-width" />

<title>[Gen 3] OU: NekuYagokoro vs. Nihiliros - Replays - Pok&eacute;mon Showdown!</title>

<meta name="description" content="Watch a replay of a Pok&eacute;mon battle between NekuYagokoro and Nihiliros! Format: [Gen 3] OU; Date: Oct 4, 2024" />
<!--

Hey, you! Looking in the source for the replay log?

You can find them in JSON format, just add `.json` at the end of a replay URL.

https://replay.pokemonshowdown.com/gen7randomdoublesbattle-865046831.json

Or, if you only need the log itself, add `.log` instead:

https://replay.pokemonshowdown.com/gen7randomdoublesbattle-865046831.log

-->

<link rel="stylesheet" href="//pokemonshowdown.com/style/global.css?0.023195364461161105" />
<link rel="stylesheet" href="//play.pokemonshowdown.com/style/font-awesome.css?0.13261647063804238" />
<link rel="stylesheet" href="//play.pokemonshowdown.com/style/battle.css?0.8753245789963631" />
<link rel="stylesheet" href="//play.pokemonshowdown.com/style/utilichart.css?0.8627959624976733" />

<!-- Global site tag (gtag.js) - Google Analytics -->
<script async src="https://www.googletagmanager.com/gtag/js?id=UA-26211653-1"></script>
<script>
  window.dataLayer = window.dataLayer || [];
  function gtag(){dataLayer.push(arguments);}
  gtag('js', new Date());

  gtag('config', 'UA-26211653-1');
</script>
<!-- End Google Analytics -->
<!-- Venatus Ad Manager - Install in <HEAD> of page -->
	<script src="https://hb.vntsm.com/v3/live/ad-manager.min.js" type="text/javascript" data-site-id="642aba63ec9a7b11c3c9c1be" data-mode="scan" async></script>
<!-- / Venatus Ad Manager -->

<style>
	@media (max-width:820px) {
		.battle {
			margin: 0 auto;
		}
		.battle-log {
			margin: 7px auto 0;
			max-width: 640px;
			height: 300px;
			position: static;
		}
	}
	.optgroup {
		display: inline-block;
		line-height: 22px;
		font-size: 10pt;
	}
	.optgroup .button {
		height: 25px;
		padding-top: 0;
		padding-bottom: 0;
	}
	.optgroup button.button {
		padding-left: 12px;
		padding-right: 12px;
	}
	.linklist {
		list-style: none;
		margin: 0.5em 0;
		padding: 0;
	}
	.linklist li {
		padding: 2px 0;
	}
	.sidebar {
		float: left;
		width: 320px;
	}
	.bar-wrapper {
		max-width: 1100px;
		margin: 0 auto;
	}
	.bar-wrapper.has-sidebar {
		max-width: 1430px;
	}
	.mainbar {
		margin: 0;
		padding-right: 1px;
	}
	.mainbar.has-sidebar {
		margin-left: 330px;
	}
	@media (min-width: 1511px) {
		.sidebar {
			width: 400px;
		}
		.bar-wrapper.has-sidebar {
			max-width: 1510px;
		}
		.mainbar.has-sidebar {
			margin-left: 410px;
		}
	}
	.section.first-section {
		margin-top: 9px;
	}
	.blocklink small {
		white-space: normal;
	}
	.button {
		vertical-align: middle;
	}
	.replay-controls {
		padding-top: 10px;
	}
	.replay-controls h1 {
		font-size: 16pt;
		font-weight: normal;
		color: #CCC;
	}
	.pagelink {
		text-align: center;
	}
	.pagelink a {
		width: 150px;
	}
	.textbox, .button {
		font-size: 11pt;
		vertical-align: middle;
	}
	@media (max-width: 450px) {
		.button {
			font-size: 9pt;
		}
	}
</style>

<div>

	<header>
		<div class="nav-wrapper"><ul class="nav">
			<li><a class="button nav-first" href="//pokemonshowdown.com/"><img src="//pokemonshowdown.com/images/pokemonshowdownbeta.png" srcset="//pokemonshowdown.com/images/pokemonshowdownbeta.png 1x, //pokemonshowdown.com/images/pokemonshowdownbeta@2x.png 2x" alt="Pok&eacute;mon Showdown" width="146" height="44" /> Home</a></li>
			<li><a class="button" href="//pokemonshowdown.com/dex/">Pok&eacute;dex</a></li>
			<li><a class="button cur" href="/">Replays</a></li>
			<li><a class="button" href="//pokemonshowdown.com/ladder/">Ladder</a></li>
			<li><a class="button nav-last" href="//pokemonshowdown.com/forums/">Forum</a></li>
			<li><a class="button greenbutton nav-first nav-last" href="//play.pokemonshowdown.com/">Play</a></li>
		</ul></div>
	</header>

	<div class="main" id="main">

		<noscript><section class="section">You need to enable JavaScript to use this page; sorry!</section></noscript>

	</div>

</div>

<script defer nomodule src="//play.pokemonshowdown.com/js/lib/ps-polyfill.js"></script>
<script defer src="//play.pokemonshowdown.com/js/lib/preact.min.js"></script>

<script defer src="//play.pokemonshowdown.com/config/config.js?2bddbc15"></script>
<script defer src="//play.pokemonshowdown.com/js/lib/jquery-1.11.0.min.js"></script>
<script defer src="//play.pokemonshowdown.com/js/lib/html-sanitizer-minified.js"></script>
<script defer src="//play.pokemonshowdown.com/js/battle-sound.js"></script>
<script defer src="//play.pokemonshowdown.com/js/battledata.js?0.7209276989879541"></script>
<script defer src="//play.pokemonshowdown.com/data/pokedex-mini.js?0.6111056340867951"></script>
<script defer src="//play.pokemonshowdown.com/data/pokedex-mini-bw.js?0.3532142036491459"></script>
<script defer src="//play.pokemonshowdown.com/data/graphics.js?0.24223875632456182"></script>
<script defer src="//play.pokemonshowdown.com/data/pokedex.js?0.38839984266356864"></script>
<script defer src="//play.pokemonshowdown.com/data/moves.js?0.21866028504024015"></script>
<script defer src="//play.pokemonshowdown.com/data/abilities.js?0.2005157953846628"></script>
<script defer src="//play.pokemonshowdown.com/data/items.js?0.9894211263848525"></script>
<script defer src="//play.pokemonshowdown.com/data/teambuilder-tables.js?0.6008791140282215"></script>
<script defer src="//play.pokemonshowdown.com/js/battle-tooltips.js?0.7580118955022959"></script>
<script defer src="//play.pokemonshowdown.com/js/battle.js?0.6057722274234274"></script>

<script defer src="js/utils.js?e31f9a17"></script>
<script defer src="js/replays-battle.js?7008c182"></script>

<!-- don't scrape this data! just add .json or .log after the URL!
Full API docs: https://github.com/smogon/pokemon-showdown-client/blob/master/WEB-API.md -->
<script type="text/plain" class="log" id="replaylog-smogtours-gen3ou-794761">
|inactive|Battle timer is ON: inactive players will automatically lose when time's up.
|t:|1728080226
|gametype|singles
|player|p1|NekuYagokoro|2|
|player|p2|Nihiliros|riley|
|teamsize|p1|6
|teamsize|p2|6
|gen|3
|tier|[Gen 3] OU
|rule|Sleep Clause Mod: Limit one foe put to sleep
|rule|Switch Priority Clause Mod: Faster Pokémon switch first
|rule|Species Clause: Limit one of each Pokémon
|rule|OHKO Clause: OHKO moves are banned
|rule|Evasion Items Clause: Evasion items are banned
|rule|Evasion Moves Clause: Evasion moves are banned
|rule|Endless Battle Clause: Forcing endless battles is banned
|rule|HP Percentage Mod: HP is shown in percentages
|rule|One Boost Passer Clause: Limit one Baton Passer that has a way to boost its stats
|rule|Freeze Clause Mod: Limit one foe frozen
|
|t:|1728080226
|start
|switch|p1a: hi yt!|Tyranitar, M|100/100
|switch|p2a: Skarmory|Skarmory, M|100/100
|-weather|Sandstorm|[from] ability: Sand Stream|[of] p1a: hi yt!
|turn|1
|
|t:|1728080238
|move|p2a: Skarmory|Toxic|p1a: hi yt!
|-status|p1a: hi yt!|tox
|move|p1a: hi yt!|Ice Beam|p2a: Skarmory
|-damage|p2a: Skarmory|76/100
|
|-weather|Sandstorm|[upkeep]
|-heal|p2a: Skarmory|82/100|[from] item: Leftovers
|-damage|p1a: hi yt!|94/100 tox|[from] psn
|upkeep
|turn|2
|
|t:|1728080249
|move|p2a: Skarmory|Spikes|p1a: hi yt!
|-sidestart|p1: NekuYagokoro|Spikes
|move|p1a: hi yt!|Crunch|p2a: Skarmory
|-resisted|p2a: Skarmory
|-damage|p2a: Skarmory|65/100
|
|-weather|Sandstorm|[upkeep]
|-heal|p2a: Skarmory|71/100|[from] item: Leftovers
|-heal|p1a: hi yt!|100/100 tox|[from] item: Leftovers
|-damage|p1a: hi yt!|88/100 tox|[from] psn
|upkeep
|turn|3
|
|t:|1728080260
|switch|p1a: placing spikes n|Skarmory, F|100/100
|move|p2a: Skarmory|Spikes|p1a: placing spikes n
|-sidestart|p1: NekuYagokoro|Spikes
|
|-weather|Sandstorm|[upkeep]
|-heal|p2a: Skarmory|77/100|[from] item: Leftovers
|upkeep
|turn|4
|
|t:|1728080276
|move|p2a: Skarmory|Roar|p1a: placing spikes n
|drag|p1a: hi yt!|Tyranitar, M|88/100 tox
|-damage|p1a: hi yt!|72/100 tox|[from] Spikes
|
|-weather|Sandstorm|[upkeep]
|-heal|p2a: Skarmory|83/100|[from] item: Leftovers
|-heal|p1a: hi yt!|78/100 tox|[from] item: Leftovers
|-damage|p1a: hi yt!|72/100 tox|[from] psn
|upkeep
|turn|5
|
|t:|1728080285
|switch|p1a: placing spikes n|Skarmory, F|100/100
|move|p2a: Skarmory|Spikes|p1a: placing spikes n
|-sidestart|p1: NekuYagokoro|Spikes
|
|-weather|Sandstorm|[upkeep]
|-heal|p2a: Skarmory|89/100|[from] item: Leftovers
|upkeep
|turn|6
|
|t:|1728080298
|switch|p2a: Zapdos|Zapdos|100/100
|move|p1a: placing spikes n|Spikes|p2a: Zapdos
|-sidestart|p2: Nihiliros|Spikes
|
|-weather|Sandstorm|[upkeep]
|-damage|p2a: Zapdos|94/100|[from] Sandstorm
|-heal|p2a: Zapdos|100/100|[from] item: Leftovers
|upkeep
|turn|7
|
|t:|1728080307
|move|p2a: Zapdos|Thunderbolt|p1a: placing spikes n
|-supereffective|p1a: placing spikes n
|-damage|p1a: placing spikes n|10/100
|move|p1a: placing spikes n|Roar|p2a: Zapdos
|drag|p2a: Celebi|Celebi|100/100
|-damage|p2a: Celebi|88/100|[from] Spikes
|
|-weather|Sandstorm|[upkeep]
|-damage|p2a: Celebi|82/100|[from] Sandstorm
|-heal|p2a: Celebi|88/100|[from] item: Leftovers
|-heal|p1a: placing spikes n|16/100|[from] item: Leftovers
|upkeep
|turn|8
|
|t:|1728080321
|move|p2a: Celebi|Calm Mind|p2a: Celebi
|-boost|p2a: Celebi|spa|1
|-boost|p2a: Celebi|spd|1
|move|p1a: placing spikes n|Toxic|p2a: Celebi
|-status|p2a: Celebi|tox
|
|-weather|Sandstorm|[upkeep]
|-damage|p2a: Celebi|82/100 tox|[from] Sandstorm
|-heal|p2a: Celebi|88/100 tox|[from] item: Leftovers
|-damage|p2a: Celebi|82/100 tox|[from] psn
|-heal|p1a: placing spikes n|22/100|[from] item: Leftovers
|upkeep
|turn|9
|
|t:|1728080332
|move|p2a: Celebi|Leech Seed|p1a: placing spikes n
|-start|p1a: placing spikes n|move: Leech Seed
|move|p1a: placing spikes n|Roar|p2a: Celebi
|-curestatus|p2a: Celebi|tox|[from] ability: Natural Cure
|drag|p2a: Tyranitar|Tyranitar, F|100/100
|-damage|p2a: Tyranitar|88/100|[from] Spikes
|
|-weather|Sandstorm|[upkeep]
|-heal|p1a: placing spikes n|28/100|[from] item: Leftovers
|-damage|p1a: placing spikes n|16/100|[from] Leech Seed|[of] p2a: Tyranitar
|-heal|p2a: Tyranitar|98/100|[silent]
|-heal|p2a: Tyranitar|100/100|[from] item: Leftovers
|upkeep
|turn|10
|
|t:|1728080351
|switch|p1a: im sorry|Jirachi|100/100
|-damage|p1a: im sorry|76/100|[from] Spikes
|move|p2a: Tyranitar|Rock Slide|p1a: im sorry
|-resisted|p1a: im sorry
|-damage|p1a: im sorry|58/100
|
|-weather|Sandstorm|[upkeep]
|-heal|p1a: im sorry|64/100|[from] item: Leftovers
|upkeep
|turn|11
|
|t:|1728080366
|move|p1a: im sorry|Fire Punch|p2a: Tyranitar
|-resisted|p2a: Tyranitar
|-damage|p2a: Tyranitar|94/100
|-status|p2a: Tyranitar|brn
|move|p2a: Tyranitar|Earthquake|p1a: im sorry
|-supereffective|p1a: im sorry
|-damage|p1a: im sorry|30/100
|
|-weather|Sandstorm|[upkeep]
|-heal|p1a: im sorry|36/100|[from] item: Leftovers
|-heal|p2a: Tyranitar|99/100 brn|[from] item: Leftovers
|-damage|p2a: Tyranitar|88/100 brn|[from] brn
|upkeep
|turn|12
|
|t:|1728080377
|move|p1a: im sorry|Wish|p1a: im sorry
|move|p2a: Tyranitar|Roar|p1a: im sorry
|drag|p1a: hi yt!|Tyranitar, M|72/100 tox
|-damage|p1a: hi yt!|47/100 tox|[from] Spikes
|
|-weather|Sandstorm|[upkeep]
|-heal|p1a: hi yt!|53/100 tox|[from] item: Leftovers
|-damage|p1a: hi yt!|47/100 tox|[from] psn
|-heal|p2a: Tyranitar|94/100 brn|[from] item: Leftovers
|-damage|p2a: Tyranitar|81/100 brn|[from] brn
|upkeep
|turn|13
|
|t:|1728080404
|switch|p1a: im sorry|Jirachi|36/100
|-damage|p1a: im sorry|12/100|[from] Spikes
|switch|p2a: Gengar|Gengar, M|100/100
|
|-heal|p1a: im sorry|62/100|[from] move: Wish|[wisher] im sorry
|-weather|Sandstorm|[upkeep]
|-damage|p2a: Gengar|94/100|[from] Sandstorm
|-heal|p2a: Gengar|100/100|[from] item: Leftovers
|-heal|p1a: im sorry|68/100|[from] item: Leftovers
|upkeep
|turn|14
|
|t:|1728080417
|move|p2a: Gengar|Taunt|p1a: im sorry
|-start|p1a: im sorry|move: Taunt
|cant|p1a: im sorry|move: Taunt|Wish
|
|-weather|Sandstorm|[upkeep]
|-damage|p2a: Gengar|94/100|[from] Sandstorm
|-heal|p2a: Gengar|100/100|[from] item: Leftovers
|-heal|p1a: im sorry|74/100|[from] item: Leftovers
|upkeep
|turn|15
|
|t:|1728080441
|move|p2a: Gengar|Thunderbolt|p1a: im sorry
|-damage|p1a: im sorry|55/100
|move|p1a: im sorry|Fire Punch|p2a: Gengar
|-damage|p2a: Gengar|77/100
|
|-weather|Sandstorm|[upkeep]
|-damage|p2a: Gengar|71/100|[from] Sandstorm
|-heal|p2a: Gengar|77/100|[from] item: Leftovers
|-heal|p1a: im sorry|62/100|[from] item: Leftovers
|-end|p1a: im sorry|move: Taunt|[silent]
|upkeep
|turn|16
|
|t:|1728080451
|move|p2a: Gengar|Taunt|p1a: im sorry
|-start|p1a: im sorry|move: Taunt
|move|p1a: im sorry|Fire Punch|p2a: Gengar
|-damage|p2a: Gengar|50/100
|
|-weather|Sandstorm|[upkeep]
|-damage|p2a: Gengar|43/100|[from] Sandstorm
|-heal|p2a: Gengar|50/100|[from] item: Leftovers
|-heal|p1a: im sorry|68/100|[from] item: Leftovers
|upkeep
|turn|17
|
|t:|1728080461
|switch|p2a: Skarmory|Skarmory, M|89/100
|move|p1a: im sorry|Fire Punch|p2a: Skarmory
|-supereffective|p2a: Skarmory
|-damage|p2a: Skarmory|59/100
|-status|p2a: Skarmory|brn
|
|-weather|Sandstorm|[upkeep]
|-heal|p1a: im sorry|74/100|[from] item: Leftovers
|-end|p1a: im sorry|move: Taunt|[silent]
|-heal|p2a: Skarmory|65/100 brn|[from] item: Leftovers
|-damage|p2a: Skarmory|53/100 brn|[from] brn
|upkeep
|turn|18
|
|t:|1728080475
|move|p1a: im sorry|Wish|p1a: im sorry
|move|p2a: Skarmory|Roar|p1a: im sorry
|drag|p1a: placing spikes n|Skarmory, F|16/100
|
|-weather|Sandstorm|[upkeep]
|-heal|p2a: Skarmory|59/100 brn|[from] item: Leftovers
|-damage|p2a: Skarmory|46/100 brn|[from] brn
|-heal|p1a: placing spikes n|22/100|[from] item: Leftovers
|upkeep
|turn|19
|
|t:|1728080483
|move|p1a: placing spikes n|Protect|p1a: placing spikes n
|-singleturn|p1a: placing spikes n|Protect
|move|p2a: Skarmory|Roar|p1a: placing spikes n
|-activate|p1a: placing spikes n|Protect
|
|-heal|p1a: placing spikes n|72/100|[from] move: Wish|[wisher] im sorry
|-weather|Sandstorm|[upkeep]
|-heal|p2a: Skarmory|52/100 brn|[from] item: Leftovers
|-damage|p2a: Skarmory|40/100 brn|[from] brn
|-heal|p1a: placing spikes n|78/100|[from] item: Leftovers
|upkeep
|turn|20
|
|t:|1728080498
|move|p1a: placing spikes n|Spikes|p2a: Skarmory
|-sidestart|p2: Nihiliros|Spikes
|move|p2a: Skarmory|Roar|p1a: placing spikes n
|drag|p1a: hi yt!|Tyranitar, M|47/100 tox
|-damage|p1a: hi yt!|22/100 tox|[from] Spikes
|
|-weather|Sandstorm|[upkeep]
|-heal|p2a: Skarmory|46/100 brn|[from] item: Leftovers
|-damage|p2a: Skarmory|34/100 brn|[from] brn
|-heal|p1a: hi yt!|28/100 tox|[from] item: Leftovers
|-damage|p1a: hi yt!|22/100 tox|[from] psn
|upkeep
|turn|21
|
|t:|1728080512
|move|p2a: Skarmory|Protect|p2a: Skarmory
|-singleturn|p2a: Skarmory|Protect
|move|p1a: hi yt!|Pursuit|p2a: Skarmory
|-activate|p2a: Skarmory|Protect
|
|-weather|Sandstorm|[upkeep]
|-heal|p2a: Skarmory|40/100 brn|[from] item: Leftovers
|-damage|p2a: Skarmory|27/100 brn|[from] brn
|-heal|p1a: hi yt!|28/100 tox|[from] item: Leftovers
|-damage|p1a: hi yt!|15/100 tox|[from] psn
|upkeep
|turn|22
|
|t:|1728080527
|move|p1a: hi yt!|Pursuit|p2a: Skarmory
|-resisted|p2a: Skarmory
|-damage|p2a: Skarmory|18/100 brn
|move|p2a: Skarmory|Roar|p1a: hi yt!
|drag|p1a: placing spikes n|Skarmory, F|78/100
|
|-weather|Sandstorm|[upkeep]
|-heal|p2a: Skarmory|24/100 brn|[from] item: Leftovers
|-damage|p2a: Skarmory|12/100 brn|[from] brn
|-heal|p1a: placing spikes n|84/100|[from] item: Leftovers
|upkeep
|turn|23
|
|t:|1728080539
|switch|p2a: Celebi|Celebi|82/100
|-damage|p2a: Celebi|65/100|[from] Spikes
|move|p1a: placing spikes n|Roar|p2a: Celebi
|drag|p2a: Metagross|Metagross|100/100
|-damage|p2a: Metagross|84/100|[from] Spikes
|
|-weather|Sandstorm|[upkeep]
|-heal|p2a: Metagross|90/100|[from] item: Leftovers
|-heal|p1a: placing spikes n|90/100|[from] item: Leftovers
|upkeep
|turn|24
|inactive|Nihiliros has 270 seconds left.
|
|t:|1728080566
|switch|p2a: Zapdos|Zapdos|100/100
|move|p1a: placing spikes n|Roar|p2a: Zapdos
|drag|p2a: Skarmory|Skarmory, M|12/100 brn
|
|-weather|Sandstorm|[upkeep]
|-heal|p2a: Skarmory|18/100 brn|[from] item: Leftovers
|-damage|p2a: Skarmory|6/100 brn|[from] brn
|-heal|p1a: placing spikes n|96/100|[from] item: Leftovers
|upkeep
|turn|25
|inactive|Nihiliros has 270 seconds left.
|
|t:|1728080577
|move|p2a: Skarmory|Roar|p1a: placing spikes n
|drag|p1a: grilled chick|Moltres|100/100
|
|-weather|Sandstorm|[upkeep]
|-damage|p1a: grilled chick|94/100|[from] Sandstorm
|-heal|p1a: grilled chick|100/100|[from] item: Leftovers
|-heal|p2a: Skarmory|12/100 brn|[from] item: Leftovers
|-damage|p2a: Skarmory|0 fnt|[from] brn
|faint|p2a: Skarmory
|upkeep
|
|t:|1728080588
|switch|p2a: Zapdos|Zapdos|100/100
|turn|26
|
|t:|1728080597
|switch|p1a: ace pilot|Flygon, M|100/100
|move|p2a: Zapdos|Thunderbolt|p1a: ace pilot
|-immune|p1a: ace pilot
|
|-weather|Sandstorm|[upkeep]
|-damage|p2a: Zapdos|94/100|[from] Sandstorm
|-heal|p2a: Zapdos|100/100|[from] item: Leftovers
|upkeep
|turn|27
|inactive|Nihiliros has 270 seconds left.
|
|t:|1728080614
|move|p2a: Zapdos|Hidden Power|p1a: ace pilot
|-supereffective|p1a: ace pilot
|-damage|p1a: ace pilot|0 fnt
|faint|p1a: ace pilot
|
|t:|1728080623
|switch|p1a: im sorry|Jirachi|74/100
|-damage|p1a: im sorry|49/100|[from] Spikes
|
|-weather|Sandstorm|[upkeep]
|-damage|p2a: Zapdos|94/100|[from] Sandstorm
|-heal|p2a: Zapdos|100/100|[from] item: Leftovers
|-heal|p1a: im sorry|55/100|[from] item: Leftovers
|upkeep
|turn|28
|inactive|Nihiliros has 270 seconds left.
|
|t:|1728080640
|switch|p2a: Celebi|Celebi|65/100
|-damage|p2a: Celebi|49/100|[from] Spikes
|move|p1a: im sorry|Body Slam|p2a: Celebi
|-crit|p2a: Celebi
|-damage|p2a: Celebi|16/100
|-status|p2a: Celebi|par
|
|-weather|Sandstorm|[upkeep]
|-damage|p2a: Celebi|10/100 par|[from] Sandstorm
|-heal|p1a: im sorry|62/100|[from] item: Leftovers
|-heal|p2a: Celebi|16/100 par|[from] item: Leftovers
|upkeep
|turn|29
|inactive|Nihiliros has 270 seconds left.
|
|t:|1728080656
|move|p1a: im sorry|Fire Punch|p2a: Celebi
|-supereffective|p2a: Celebi
|-damage|p2a: Celebi|0 fnt
|faint|p2a: Celebi
|
|t:|1728080679
|switch|p2a: Tyranitar|Tyranitar, F|81/100 brn
|-damage|p2a: Tyranitar|65/100 brn|[from] Spikes
|
|-weather|Sandstorm|[upkeep]
|-heal|p1a: im sorry|68/100|[from] item: Leftovers
|-heal|p2a: Tyranitar|71/100 brn|[from] item: Leftovers
|-damage|p2a: Tyranitar|59/100 brn|[from] brn
|upkeep
|turn|30
|
|t:|1728080687
|move|p1a: im sorry|Protect|p1a: im sorry
|-singleturn|p1a: im sorry|Protect
|move|p2a: Tyranitar|Roar|p1a: im sorry
|-activate|p1a: im sorry|Protect
|
|-weather|Sandstorm|[upkeep]
|-heal|p1a: im sorry|74/100|[from] item: Leftovers
|-heal|p2a: Tyranitar|65/100 brn|[from] item: Leftovers
|-damage|p2a: Tyranitar|52/100 brn|[from] brn
|upkeep
|turn|31
|
|t:|1728080700
|move|p1a: im sorry|Wish|p1a: im sorry
|move|p2a: Tyranitar|Roar|p1a: im sorry
|drag|p1a: grilled chick|Moltres|100/100
|
|-weather|Sandstorm|[upkeep]
|-damage|p1a: grilled chick|94/100|[from] Sandstorm
|-heal|p1a: grilled chick|100/100|[from] item: Leftovers
|-heal|p2a: Tyranitar|59/100 brn|[from] item: Leftovers
|-damage|p2a: Tyranitar|46/100 brn|[from] brn
|upkeep
|turn|32
|
|t:|1728080712
|move|p1a: grilled chick|Hidden Power|p2a: Tyranitar
|-supereffective|p2a: Tyranitar
|-damage|p2a: Tyranitar|5/100 brn
|move|p2a: Tyranitar|Roar|p1a: grilled chick
|drag|p1a: hi yt!|Tyranitar, M|15/100 tox
|-damage|p1a: hi yt!|0 fnt|[from] Spikes
|faint|p1a: hi yt!
|
|t:|1728080722
|switch|p1a: placing spikes n|Skarmory, F|96/100
|
|-heal|p1a: placing spikes n|100/100|[from] move: Wish|[wisher] im sorry
|-weather|Sandstorm|[upkeep]
|-heal|p2a: Tyranitar|11/100 brn|[from] item: Leftovers
|-damage|p2a: Tyranitar|0 fnt|[from] brn
|faint|p2a: Tyranitar
|upkeep
|
|t:|1728080730
|switch|p2a: Zapdos|Zapdos|100/100
|turn|33
|
|t:|1728080734
|move|p2a: Zapdos|Thunderbolt|p1a: placing spikes n
|-supereffective|p1a: placing spikes n
|-damage|p1a: placing spikes n|17/100
|move|p1a: placing spikes n|Toxic|p2a: Zapdos
|-status|p2a: Zapdos|tox
|
|-weather|Sandstorm|[upkeep]
|-damage|p2a: Zapdos|94/100 tox|[from] Sandstorm
|-heal|p2a: Zapdos|100/100 tox|[from] item: Leftovers
|-damage|p2a: Zapdos|94/100 tox|[from] psn
|-heal|p1a: placing spikes n|23/100|[from] item: Leftovers
|upkeep
|turn|34
|inactive|Nihiliros has 270 seconds left.
|
|t:|1728080747
|move|p1a: placing spikes n|Protect|p1a: placing spikes n
|-singleturn|p1a: placing spikes n|Protect
|move|p2a: Zapdos|Thunderbolt|p1a: placing spikes n
|-activate|p1a: placing spikes n|Protect
|
|-weather|Sandstorm|[upkeep]
|-damage|p2a: Zapdos|88/100 tox|[from] Sandstorm
|-heal|p2a: Zapdos|94/100 tox|[from] item: Leftovers
|-damage|p2a: Zapdos|82/100 tox|[from] psn
|-heal|p1a: placing spikes n|29/100|[from] item: Leftovers
|upkeep
|turn|35
|inactive|Nihiliros has 270 seconds left.
|
|t:|1728080757
|move|p1a: placing spikes n|Protect|p1a: placing spikes n
|-singleturn|p1a: placing spikes n|Protect
|move|p2a: Zapdos|Thunderbolt|p1a: placing spikes n
|-activate|p1a: placing spikes n|Protect
|
|-weather|Sandstorm|[upkeep]
|-damage|p2a: Zapdos|76/100 tox|[from] Sandstorm
|-heal|p2a: Zapdos|82/100 tox|[from] item: Leftovers
|-damage|p2a: Zapdos|63/100 tox|[from] psn
|-heal|p1a: placing spikes n|35/100|[from] item: Leftovers
|upkeep
|turn|36
|inactive|Nihiliros has 270 seconds left.
|
|t:|1728080768
|move|p2a: Zapdos|Thunderbolt|p1a: placing spikes n
|-supereffective|p1a: placing spikes n
|-damage|p1a: placing spikes n|0 fnt
|faint|p1a: placing spikes n
|
|t:|1728080776
|switch|p1a: im sorry|Jirachi|74/100
|-damage|p1a: im sorry|49/100|[from] Spikes
|
|-weather|Sandstorm|[upkeep]
|-damage|p2a: Zapdos|57/100 tox|[from] Sandstorm
|-heal|p2a: Zapdos|63/100 tox|[from] item: Leftovers
|-damage|p2a: Zapdos|38/100 tox|[from] psn
|-heal|p1a: im sorry|55/100|[from] item: Leftovers
|upkeep
|turn|37
|inactive|Nihiliros has 270 seconds left.
|
|t:|1728080791
|switch|p2a: Gengar|Gengar, M|50/100
|move|p1a: im sorry|Wish|p1a: im sorry
|
|-weather|Sandstorm|[upkeep]
|-damage|p2a: Gengar|43/100|[from] Sandstorm
|-heal|p2a: Gengar|50/100|[from] item: Leftovers
|-heal|p1a: im sorry|62/100|[from] item: Leftovers
|upkeep
|turn|38
|inactive|Nihiliros has 270 seconds left.
|
|t:|1728080803
|move|p2a: Gengar|Thunderbolt|p1a: im sorry
|-damage|p1a: im sorry|44/100
|move|p1a: im sorry|Fire Punch|p2a: Gengar
|-damage|p2a: Gengar|26/100
|
|-heal|p1a: im sorry|94/100|[from] move: Wish|[wisher] im sorry
|-weather|Sandstorm|[upkeep]
|-damage|p2a: Gengar|20/100|[from] Sandstorm
|-heal|p2a: Gengar|26/100|[from] item: Leftovers
|-heal|p1a: im sorry|99/100|[from] item: Leftovers
|upkeep
|turn|39
|inactive|Nihiliros has 270 seconds left.
|
|t:|1728080819
|move|p2a: Gengar|Thunderbolt|p1a: im sorry
|-damage|p1a: im sorry|83/100
|move|p1a: im sorry|Fire Punch|p2a: Gengar
|-damage|p2a: Gengar|2/100
|-status|p2a: Gengar|brn
|
|-weather|Sandstorm|[upkeep]
|-damage|p2a: Gengar|0 fnt|[from] Sandstorm
|faint|p2a: Gengar
|-heal|p1a: im sorry|90/100|[from] item: Leftovers
|upkeep
|
|t:|1728080832
|switch|p2a: Metagross|Metagross|90/100
|-damage|p2a: Metagross|73/100|[from] Spikes
|turn|40
|
|t:|1728080838
|move|p1a: im sorry|Fire Punch|p2a: Metagross
|-supereffective|p2a: Metagross
|-damage|p2a: Metagross|34/100
|move|p2a: Metagross|Psychic|p1a: im sorry
|-resisted|p1a: im sorry
|-damage|p1a: im sorry|83/100
|
|-weather|Sandstorm|[upkeep]
|-heal|p1a: im sorry|89/100|[from] item: Leftovers
|-heal|p2a: Metagross|40/100|[from] item: Leftovers
|upkeep
|turn|41
|inactive|Nihiliros has 270 seconds left.
|
|t:|1728080848
|move|p1a: im sorry|Fire Punch|p2a: Metagross
|-supereffective|p2a: Metagross
|-damage|p2a: Metagross|1/100
|move|p2a: Metagross|Psychic|p1a: im sorry
|-resisted|p1a: im sorry
|-damage|p1a: im sorry|83/100
|
|-weather|Sandstorm|[upkeep]
|-heal|p1a: im sorry|89/100|[from] item: Leftovers
|-heal|p2a: Metagross|7/100|[from] item: Leftovers
|upkeep
|turn|42
|inactive|Nihiliros has 270 seconds left.
|
|t:|1728080858
|move|p1a: im sorry|Fire Punch|p2a: Metagross
|-supereffective|p2a: Metagross
|-damage|p2a: Metagross|0 fnt
|faint|p2a: Metagross
|inactive|Nihiliros has 270 seconds left.
|
|t:|1728080863
|switch|p2a: Zapdos|Zapdos|38/100 tox
|
|-weather|Sandstorm|[upkeep]
|-damage|p2a: Zapdos|32/100 tox|[from] Sandstorm
|-heal|p2a: Zapdos|38/100 tox|[from] item: Leftovers
|-damage|p2a: Zapdos|32/100 tox|[from] psn
|-heal|p1a: im sorry|95/100|[from] item: Leftovers
|upkeep
|turn|43
|
|t:|1728080874
|move|p2a: Zapdos|Thunderbolt|p1a: im sorry
|-damage|p1a: im sorry|60/100
|move|p1a: im sorry|Body Slam|p2a: Zapdos
|-damage|p2a: Zapdos|5/100 tox
|
|-weather|Sandstorm|[upkeep]
|-damage|p2a: Zapdos|0 fnt|[from] Sandstorm
|faint|p2a: Zapdos
|
|win|NekuYagokoro
|upkeep
|c|☆NekuYagokoro|gg
|c|☆Nihiliros|gg
|c|☆Nihiliros|gl for the rest
|c|☆NekuYagokoro|thanks man you too
|player|p1|

</script>
<script type="application/json" class="data" id="replaydata-smogtours-gen3ou-794761">
{"id":"smogtours-gen3ou-794761","format":"[Gen 3] OU","players":["NekuYagokoro","Nihiliros"],"uploadtime":1728080874,"views":128,"formatid":"gen3ou","rating":null,"private":0,"password":null}
</script>

<script defer src="js/replays.js?9d40a366"></script>
