<!DOCTYPE html>
<meta charset="utf-8" />
<meta name="viewport" content="width=device-width" />

<title>[Gen 3] OU: zoyotte vs. blundergoth - Replays - Pok&eacute;mon Showdown!</title>

<meta name="description" content="Watch a replay of a Pok&eacute;mon battle between zoyotte and blundergoth! Format: [Gen 3] OU; Date: Oct 15, 2024" />
<!--

Hey, you! Looking in the source for the replay log?

You can find them in JSON format, just add `.json` at the end of a replay URL.

https://replay.pokemonshowdown.com/gen7randomdoublesbattle-865046831.json

Or, if you only need the log itself, add `.log` instead:

https://replay.pokemonshowdown.com/gen7randomdoublesbattle-865046831.log

-->

<link rel="stylesheet" href="//pokemonshowdown.com/style/global.css?0.767286132409787" />
<link rel="stylesheet" href="//play.pokemonshowdown.com/style/font-awesome.css?0.9266228007934947" />
<link rel="stylesheet" href="//play.pokemonshowdown.com/style/battle.css?0.7924700842790926" />
<link rel="stylesheet" href="//play.pokemonshowdown.com/style/utilichart.css?0.8777417872839479" />

<!-- Global site tag (gtag.js) - Google Analytics -->
<script async src="https://www.googletagmanager.com/gtag/js?id=UA-26211653-1"></script>
<script>
  window.dataLayer = window.dataLayer || [];
  function gtag(){dataLayer.push(arguments);}
  gtag('js', new Date());

  gtag('config', 'UA-26211653-1');
</script>
<!-- End Google Analytics -->
<!-- Venatus Ad Manager - Install in <HEAD> of page -->
	<script src="https://hb.vntsm.com/v3/live/ad-manager.min.js" type="text/javascript" data-site-id="642aba63ec9a7b11c3c9c1be" data-mode="scan" async></script>
<!-- / Venatus Ad Manager -->

<style>
	@media (max-width:820px) {
		.battle {
			margin: 0 auto;
		}
		.battle-log {
			margin: 7px auto 0;
			max-width: 640px;
			height: 300px;
			position: static;
		}
	}
	.optgroup {
		display: inline-block;
		line-height: 22px;
		font-size: 10pt;
	}
	.optgroup .button {
		height: 25px;
		padding-top: 0;
		padding-bottom: 0;
	}
	.optgroup button.button {
		padding-left: 12px;
		padding-right: 12px;
	}
	.linklist {
		list-style: none;
		margin: 0.5em 0;
		padding: 0;
	}
	.linklist li {
		padding: 2px 0;
	}
	.sidebar {
		float: left;
		width: 320px;
	}
	.bar-wrapper {
		max-width: 1100px;
		margin: 0 auto;
	}
	.bar-wrapper.has-sidebar {
		max-width: 1430px;
	}
	.mainbar {
		margin: 0;
		padding-right: 1px;
	}
	.mainbar.has-sidebar {
		margin-left: 330px;
	}
	@media (min-width: 1511px) {
		.sidebar {
			width: 400px;
		}
		.bar-wrapper.has-sidebar {
			max-width: 1510px;
		}
		.mainbar.has-sidebar {
			margin-left: 410px;
		}
	}
	.section.first-section {
		margin-top: 9px;
	}
	.blocklink small {
		white-space: normal;
	}
	.button {
		vertical-align: middle;
	}
	.replay-controls {
		padding-top: 10px;
	}
	.replay-controls h1 {
		font-size: 16pt;
		font-weight: normal;
		color: #CCC;
	}
	.pagelink {
		text-align: center;
	}
	.pagelink a {
		width: 150px;
	}
	.textbox, .button {
		font-size: 11pt;
		vertical-align: middle;
	}
	@media (max-width: 450px) {
		.button {
			font-size: 9pt;
		}
	}
</style>

<div>

	<header>
		<div class="nav-wrapper"><ul class="nav">
			<li><a class="button nav-first" href="//pokemonshowdown.com/"><img src="//pokemonshowdown.com/images/pokemonshowdownbeta.png" srcset="//pokemonshowdown.com/images/pokemonshowdownbeta.png 1x, //pokemonshowdown.com/images/pokemonshowdownbeta@2x.png 2x" alt="Pok&eacute;mon Showdown" width="146" height="44" /> Home</a></li>
			<li><a class="button" href="//pokemonshowdown.com/dex/">Pok&eacute;dex</a></li>
			<li><a class="button cur" href="/">Replays</a></li>
			<li><a class="button" href="//pokemonshowdown.com/ladder/">Ladder</a></li>
			<li><a class="button nav-last" href="//pokemonshowdown.com/forums/">Forum</a></li>
			<li><a class="button greenbutton nav-first nav-last" href="//play.pokemonshowdown.com/">Play</a></li>
		</ul></div>
	</header>

	<div class="main" id="main">

		<noscript><section class="section">You need to enable JavaScript to use this page; sorry!</section></noscript>

	</div>

</div>

<script defer nomodule src="//play.pokemonshowdown.com/js/lib/ps-polyfill.js"></script>
<script defer src="//play.pokemonshowdown.com/js/lib/preact.min.js"></script>

<script defer src="//play.pokemonshowdown.com/config/config.js?6dec07f6"></script>
<script defer src="//play.pokemonshowdown.com/js/lib/jquery-1.11.0.min.js"></script>
<script defer src="//play.pokemonshowdown.com/js/lib/html-sanitizer-minified.js"></script>
<script defer src="//play.pokemonshowdown.com/js/battle-sound.js"></script>
<script defer src="//play.pokemonshowdown.com/js/battledata.js?0.6315294753075389"></script>
<script defer src="//play.pokemonshowdown.com/data/pokedex-mini.js?0.7603743185311358"></script>
<script defer src="//play.pokemonshowdown.com/data/pokedex-mini-bw.js?0.030888842834281283"></script>
<script defer src="//play.pokemonshowdown.com/data/graphics.js?0.05593094747507488"></script>
<script defer src="//play.pokemonshowdown.com/data/pokedex.js?0.47064822249611904"></script>
<script defer src="//play.pokemonshowdown.com/data/moves.js?0.8583693120512459"></script>
<script defer src="//play.pokemonshowdown.com/data/abilities.js?0.16017181182386842"></script>
<script defer src="//play.pokemonshowdown.com/data/items.js?0.4163379185673943"></script>
<script defer src="//play.pokemonshowdown.com/data/teambuilder-tables.js?0.31075597372830477"></script>
<script defer src="//play.pokemonshowdown.com/js/battle-tooltips.js?0.6536193500708172"></script>
<script defer src="//play.pokemonshowdown.com/js/battle.js?0.1916591943277901"></script>

<script defer src="js/utils.js?e31f9a17"></script>
<script defer src="js/replays-battle.js?7008c182"></script>

<!-- don't scrape this data! just add .json or .log after the URL!
Full API docs: https://github.com/smogon/pokemon-showdown-client/blob/master/WEB-API.md -->
<script type="text/plain" class="log" id="replaylog-smogtours-gen3ou-798929">
|inactive|Battle timer is ON: inactive players will automatically lose when time's up.
|t:|1729015081
|gametype|singles
|player|p1|zoyotte|artist-gen4|
|player|p2|blundergoth|1|
|teamsize|p1|6
|teamsize|p2|6
|gen|3
|tier|[Gen 3] OU
|rule|Sleep Clause Mod: Limit one foe put to sleep
|rule|Switch Priority Clause Mod: Faster Pokémon switch first
|rule|Species Clause: Limit one of each Pokémon
|rule|OHKO Clause: OHKO moves are banned
|rule|Evasion Items Clause: Evasion items are banned
|rule|Evasion Moves Clause: Evasion moves are banned
|rule|Endless Battle Clause: Forcing endless battles is banned
|rule|HP Percentage Mod: HP is shown in percentages
|rule|One Boost Passer Clause: Limit one Baton Passer that has a way to boost its stats
|rule|Freeze Clause Mod: Limit one foe frozen
|
|t:|1729015081
|start
|switch|p1a: manstre36|Starmie|100/100
|switch|p2a: Pertfect Cell|Swampert, M, shiny|100/100
|turn|1
|inactive|zoyotte has 270 seconds left.
|inactive|blundergoth has 270 seconds left.
|c|☆zoyotte|hf
|inactive|zoyotte has 240 seconds left.
|inactive|blundergoth has 240 seconds left.
|c|☆blundergoth|can you link this to goldmason and tell him to link it to "rivercord"
|inactive|zoyotte has 210 seconds left.
|c|☆zoyotte|sure
|inactive|zoyotte has 180 seconds left.
|
|t:|1729015217
|switch|p2a: gyaradeux|Milotic, M|100/100
|move|p1a: manstre36|Surf|p2a: gyaradeux
|-resisted|p2a: gyaradeux
|-damage|p2a: gyaradeux|87/100
|
|-heal|p2a: gyaradeux|93/100|[from] item: Leftovers
|upkeep
|turn|2
|inactive|blundergoth has 270 seconds left.
|
|t:|1729015237
|move|p1a: manstre36|Thunder Wave|p2a: gyaradeux
|-status|p2a: gyaradeux|par
|move|p2a: gyaradeux|Ice Beam|p1a: manstre36
|-resisted|p1a: manstre36
|-damage|p1a: manstre36|86/100
|
|-heal|p1a: manstre36|92/100|[from] item: Leftovers
|-heal|p2a: gyaradeux|99/100 par|[from] item: Leftovers
|upkeep
|turn|3
|inactive|zoyotte has 240 seconds left.
|inactive|blundergoth has 270 seconds left.
|
|t:|1729015250
|switch|p1a: FICHE HESS|Jirachi|100/100
|switch|p2a: Pertfect Cell|Swampert, M, shiny|100/100
|
|upkeep
|turn|4
|inactive|zoyotte has 240 seconds left.
|
|t:|1729015261
|move|p1a: FICHE HESS|Calm Mind|p1a: FICHE HESS
|-boost|p1a: FICHE HESS|spa|1
|-boost|p1a: FICHE HESS|spd|1
|move|p2a: Pertfect Cell|Earthquake|p1a: FICHE HESS
|-supereffective|p1a: FICHE HESS
|-damage|p1a: FICHE HESS|29/100
|
|-heal|p1a: FICHE HESS|36/100|[from] item: Leftovers
|upkeep
|turn|5
|inactive|zoyotte has 240 seconds left.
|inactive|blundergoth has 270 seconds left.
|
|t:|1729015290
|switch|p1a: manstre36|Starmie|92/100
|move|p2a: Pertfect Cell|Earthquake|p1a: manstre36
|-crit|p1a: manstre36
|-damage|p1a: manstre36|0 fnt
|faint|p1a: manstre36
|
|t:|1729015296
|switch|p1a: tigre de cong|Raikou|100/100
|
|upkeep
|turn|6
|inactive|blundergoth has 270 seconds left.
|inactive|zoyotte has 240 seconds left.
|
|t:|1729015331
|switch|p2a: violent river|Salamence, F|100/100
|-ability|p2a: violent river|Intimidate|boost
|-unboost|p1a: tigre de cong|atk|1
|move|p1a: tigre de cong|Hidden Power|p2a: violent river
|-resisted|p2a: violent river
|-damage|p2a: violent river|95/100
|
|-heal|p2a: violent river|100/100|[from] item: Leftovers
|upkeep
|turn|7
|inactive|blundergoth has 240 seconds left.
|
|t:|1729015361
|switch|p1a: Porygong|Porygon2|100/100
|-ability|p1a: Porygong|Intimidate|[from] ability: Trace|[of] p2a: violent river
|move|p2a: violent river|Dragon Dance|p2a: violent river
|-boost|p2a: violent river|atk|1
|-boost|p2a: violent river|spe|1
|
|upkeep
|turn|8
|inactive|zoyotte has 210 seconds left.
|
|t:|1729015393
|switch|p2a: Shock 0|Magneton|100/100
|move|p1a: Porygong|Ice Beam|p2a: Shock 0
|-resisted|p2a: Shock 0
|-damage|p2a: Shock 0|76/100
|
|upkeep
|turn|9
|inactive|zoyotte has 210 seconds left.
|
|t:|1729015401
|switch|p1a: y'a le mmmec 3fois|Dugtrio, M|100/100
|move|p2a: Shock 0|Toxic|p1a: y'a le mmmec 3fois
|-status|p1a: y'a le mmmec 3fois|tox
|
|-damage|p1a: y'a le mmmec 3fois|94/100 tox|[from] psn
|upkeep
|turn|10
|
|t:|1729015414
|move|p1a: y'a le mmmec 3fois|Earthquake|p2a: Shock 0
|-supereffective|p2a: Shock 0
|-damage|p2a: Shock 0|0 fnt
|faint|p2a: Shock 0
|
|t:|1729015427
|switch|p2a: violent river|Salamence, F|100/100
|-ability|p2a: violent river|Intimidate|boost
|-unboost|p1a: y'a le mmmec 3fois|atk|1
|
|-damage|p1a: y'a le mmmec 3fois|82/100 tox|[from] psn
|upkeep
|turn|11
|
|t:|1729015431
|switch|p1a: Porygong|Porygon2|100/100
|-ability|p1a: Porygong|Intimidate|[from] ability: Trace|[of] p2a: violent river
|move|p2a: violent river|Brick Break|p1a: Porygong
|-supereffective|p1a: Porygong
|-damage|p1a: Porygong|55/100
|
|-heal|p1a: Porygong|61/100|[from] item: Leftovers
|upkeep
|turn|12
|inactive|zoyotte has 240 seconds left.
|
|t:|1729015438
|switch|p2a: leak|Metagross|100/100
|move|p1a: Porygong|Recover|p1a: Porygong
|-heal|p1a: Porygong|100/100
|
|upkeep
|turn|13
|inactive|blundergoth has 240 seconds left.
|
|t:|1729015444
|switch|p1a: FICHE HESS|Jirachi|36/100
|move|p2a: leak|Meteor Mash|p1a: FICHE HESS
|-resisted|p1a: FICHE HESS
|-crit|p1a: FICHE HESS
|-damage|p1a: FICHE HESS|0 fnt
|faint|p1a: FICHE HESS
|
|t:|1729015447
|switch|p1a: y'a le mmmec 3fois|Dugtrio, M|82/100 tox
|
|-damage|p1a: y'a le mmmec 3fois|76/100 tox|[from] psn
|upkeep
|turn|14
|inactive|blundergoth has 240 seconds left.
|
|t:|1729015462
|move|p1a: y'a le mmmec 3fois|Earthquake|p2a: leak
|-supereffective|p2a: leak
|-damage|p2a: leak|29/100
|move|p2a: leak|Earthquake|p1a: y'a le mmmec 3fois
|-damage|p1a: y'a le mmmec 3fois|0 fnt
|faint|p1a: y'a le mmmec 3fois
|
|t:|1729015477
|switch|p1a: Rodrygo chemise|Medicham, M|100/100
|
|-heal|p2a: leak|35/100|[from] item: Leftovers
|upkeep
|turn|15
|inactive|blundergoth has 240 seconds left.
|
|t:|1729015497
|move|p1a: Rodrygo chemise|Rock Slide|p2a: leak
|-resisted|p2a: leak
|-damage|p2a: leak|16/100
|move|p2a: leak|Meteor Mash|p1a: Rodrygo chemise|[miss]
|-miss|p2a: leak|p1a: Rodrygo chemise
|
|-heal|p2a: leak|22/100|[from] item: Leftovers
|upkeep
|turn|16
|inactive|blundergoth has 240 seconds left.
|
|t:|1729015514
|move|p1a: Rodrygo chemise|Rock Slide|p2a: leak
|-resisted|p2a: leak
|-damage|p2a: leak|4/100
|cant|p2a: leak|flinch
|
|-heal|p2a: leak|10/100|[from] item: Leftovers
|upkeep
|turn|17
|
|t:|1729015520
|switch|p2a: Pertfect Cell|Swampert, M, shiny|100/100
|move|p1a: Rodrygo chemise|Rock Slide|p2a: Pertfect Cell
|-resisted|p2a: Pertfect Cell
|-damage|p2a: Pertfect Cell|72/100
|
|-heal|p2a: Pertfect Cell|79/100|[from] item: Leftovers
|upkeep
|turn|18
|inactive|zoyotte has 270 seconds left.
|inactive|blundergoth has 240 seconds left.
|inactive|blundergoth has 210 seconds left.
|
|t:|1729015558
|switch|p1a: tigre de cong|Raikou|100/100
|switch|p2a: leak|Metagross|10/100
|
|-heal|p2a: leak|16/100|[from] item: Leftovers
|upkeep
|turn|19
|inactive|zoyotte has 270 seconds left.
|inactive|blundergoth has 210 seconds left.
|
|t:|1729015575
|switch|p2a: worst website OAT|Celebi|100/100
|move|p1a: tigre de cong|Thunderbolt|p2a: worst website OAT
|-resisted|p2a: worst website OAT
|-damage|p2a: worst website OAT|80/100
|
|-heal|p2a: worst website OAT|86/100|[from] item: Leftovers
|upkeep
|turn|20
|inactive|blundergoth has 210 seconds left.
|
|t:|1729015589
|move|p1a: tigre de cong|Substitute|p1a: tigre de cong
|-start|p1a: tigre de cong|Substitute
|-damage|p1a: tigre de cong|76/100
|move|p2a: worst website OAT|Leech Seed||[still]
|-fail|p2a: worst website OAT
|
|-heal|p1a: tigre de cong|82/100|[from] item: Leftovers
|-heal|p2a: worst website OAT|92/100|[from] item: Leftovers
|upkeep
|turn|21
|
|t:|1729015599
|move|p1a: tigre de cong|Calm Mind|p1a: tigre de cong
|-boost|p1a: tigre de cong|spa|1
|-boost|p1a: tigre de cong|spd|1
|move|p2a: worst website OAT|Calm Mind|p2a: worst website OAT
|-boost|p2a: worst website OAT|spa|1
|-boost|p2a: worst website OAT|spd|1
|
|-heal|p1a: tigre de cong|88/100|[from] item: Leftovers
|-heal|p2a: worst website OAT|98/100|[from] item: Leftovers
|upkeep
|turn|22
|
|t:|1729015603
|move|p1a: tigre de cong|Calm Mind|p1a: tigre de cong
|-boost|p1a: tigre de cong|spa|1
|-boost|p1a: tigre de cong|spd|1
|move|p2a: worst website OAT|Calm Mind|p2a: worst website OAT
|-boost|p2a: worst website OAT|spa|1
|-boost|p2a: worst website OAT|spd|1
|
|-heal|p1a: tigre de cong|94/100|[from] item: Leftovers
|-heal|p2a: worst website OAT|100/100|[from] item: Leftovers
|upkeep
|turn|23
|
|t:|1729015605
|move|p1a: tigre de cong|Calm Mind|p1a: tigre de cong
|-boost|p1a: tigre de cong|spa|1
|-boost|p1a: tigre de cong|spd|1
|move|p2a: worst website OAT|Calm Mind|p2a: worst website OAT
|-boost|p2a: worst website OAT|spa|1
|-boost|p2a: worst website OAT|spd|1
|
|-heal|p1a: tigre de cong|99/100|[from] item: Leftovers
|upkeep
|turn|24
|inactive|blundergoth has 240 seconds left.
|
|t:|1729015625
|move|p1a: tigre de cong|Calm Mind|p1a: tigre de cong
|-boost|p1a: tigre de cong|spa|1
|-boost|p1a: tigre de cong|spd|1
|move|p2a: worst website OAT|Calm Mind|p2a: worst website OAT
|-boost|p2a: worst website OAT|spa|1
|-boost|p2a: worst website OAT|spd|1
|
|-heal|p1a: tigre de cong|100/100|[from] item: Leftovers
|upkeep
|turn|25
|inactive|blundergoth has 210 seconds left.
|
|t:|1729015656
|move|p1a: tigre de cong|Calm Mind|p1a: tigre de cong
|-boost|p1a: tigre de cong|spa|1
|-boost|p1a: tigre de cong|spd|1
|move|p2a: worst website OAT|Calm Mind|p2a: worst website OAT
|-boost|p2a: worst website OAT|spa|1
|-boost|p2a: worst website OAT|spd|1
|
|upkeep
|turn|26
|
|t:|1729015669
|move|p1a: tigre de cong|Calm Mind|p1a: tigre de cong
|-boost|p1a: tigre de cong|spa|1
|-boost|p1a: tigre de cong|spd|1
|move|p2a: worst website OAT|Psychic|p1a: tigre de cong
|-end|p1a: tigre de cong|Substitute
|
|upkeep
|turn|27
|
|t:|1729015679
|move|p1a: tigre de cong|Substitute|p1a: tigre de cong
|-start|p1a: tigre de cong|Substitute
|-damage|p1a: tigre de cong|76/100
|move|p2a: worst website OAT|Psychic|p1a: tigre de cong
|-end|p1a: tigre de cong|Substitute
|
|-heal|p1a: tigre de cong|82/100|[from] item: Leftovers
|upkeep
|turn|28
|
|t:|1729015684
|move|p1a: tigre de cong|Substitute|p1a: tigre de cong
|-start|p1a: tigre de cong|Substitute
|-damage|p1a: tigre de cong|57/100
|move|p2a: worst website OAT|Psychic|p1a: tigre de cong
|-end|p1a: tigre de cong|Substitute
|
|-heal|p1a: tigre de cong|63/100|[from] item: Leftovers
|upkeep
|turn|29
|
|t:|1729015688
|move|p1a: tigre de cong|Substitute|p1a: tigre de cong
|-start|p1a: tigre de cong|Substitute
|-damage|p1a: tigre de cong|38/100
|move|p2a: worst website OAT|Psychic|p1a: tigre de cong
|-end|p1a: tigre de cong|Substitute
|
|-heal|p1a: tigre de cong|44/100|[from] item: Leftovers
|upkeep
|turn|30
|
|t:|1729015694
|move|p1a: tigre de cong|Substitute|p1a: tigre de cong
|-start|p1a: tigre de cong|Substitute
|-damage|p1a: tigre de cong|20/100
|move|p2a: worst website OAT|Psychic|p1a: tigre de cong
|-end|p1a: tigre de cong|Substitute
|
|-heal|p1a: tigre de cong|26/100|[from] item: Leftovers
|upkeep
|turn|31
|
|t:|1729015703
|move|p1a: tigre de cong|Substitute|p1a: tigre de cong
|-start|p1a: tigre de cong|Substitute
|-damage|p1a: tigre de cong|1/100
|move|p2a: worst website OAT|Giga Drain|p1a: tigre de cong
|-end|p1a: tigre de cong|Substitute
|
|-heal|p1a: tigre de cong|7/100|[from] item: Leftovers
|upkeep
|turn|32
|
|t:|1729015708
|move|p1a: tigre de cong|Thunderbolt|p2a: worst website OAT
|-resisted|p2a: worst website OAT
|-damage|p2a: worst website OAT|79/100
|move|p2a: worst website OAT|Giga Drain|p1a: tigre de cong
|-damage|p1a: tigre de cong|0 fnt
|-heal|p2a: worst website OAT|82/100|[from] drain|[of] p1a: tigre de cong
|faint|p1a: tigre de cong
|
|t:|1729015712
|switch|p1a: Rodrygo chemise|Medicham, M|100/100
|
|-heal|p2a: worst website OAT|88/100|[from] item: Leftovers
|upkeep
|turn|33
|inactive|blundergoth has 270 seconds left.
|
|t:|1729015739
|switch|p2a: violent river|Salamence, F|100/100
|-ability|p2a: violent river|Intimidate|boost
|-unboost|p1a: Rodrygo chemise|atk|1
|move|p1a: Rodrygo chemise|Shadow Ball|p2a: violent river
|-damage|p2a: violent river|55/100
|-unboost|p2a: violent river|spd|1
|
|-heal|p2a: violent river|61/100|[from] item: Leftovers
|upkeep
|turn|34
|inactive|blundergoth has 240 seconds left.
|
|t:|1729015764
|switch|p1a: Porygong|Porygon2|100/100
|-ability|p1a: Porygong|Intimidate|[from] ability: Trace|[of] p2a: violent river
|move|p2a: violent river|Hidden Power|p1a: Porygong
|-damage|p1a: Porygong|67/100
|
|-heal|p2a: violent river|67/100|[from] item: Leftovers
|-heal|p1a: Porygong|73/100|[from] item: Leftovers
|upkeep
|turn|35
|inactive|blundergoth has 240 seconds left.
|inactive|zoyotte has 270 seconds left.
|
|t:|1729015810
|move|p2a: violent river|Hidden Power|p1a: Porygong
|-damage|p1a: Porygong|38/100
|move|p1a: Porygong|Ice Beam|p2a: violent river
|-supereffective|p2a: violent river
|-damage|p2a: violent river|0 fnt
|faint|p2a: violent river
|
|t:|1729015813
|switch|p2a: leak|Metagross|16/100
|
|-heal|p2a: leak|22/100|[from] item: Leftovers
|-heal|p1a: Porygong|44/100|[from] item: Leftovers
|upkeep
|turn|36
|inactive|zoyotte has 270 seconds left.
|
|t:|1729015834
|switch|p1a: Rodrygo chemise|Medicham, M|100/100
|move|p2a: leak|Explosion|p1a: Rodrygo chemise
|-damage|p1a: Rodrygo chemise|0 fnt
|faint|p2a: leak
|faint|p1a: Rodrygo chemise
|inactive|zoyotte has 270 seconds left.
|
|t:|1729015845
|switch|p1a: Porygong|Porygon2|44/100
|switch|p2a: worst website OAT|Celebi|88/100
|-ability|p1a: Porygong|Natural Cure|[from] ability: Trace|[of] p2a: worst website OAT
|
|-heal|p2a: worst website OAT|95/100|[from] item: Leftovers
|-heal|p1a: Porygong|50/100|[from] item: Leftovers
|upkeep
|turn|37
|inactive|zoyotte has 270 seconds left.
|
|t:|1729015851
|move|p2a: worst website OAT|Leech Seed|p1a: Porygong
|-start|p1a: Porygong|move: Leech Seed
|move|p1a: Porygong|Thunder Wave|p2a: worst website OAT
|-status|p2a: worst website OAT|par
|
|-heal|p1a: Porygong|56/100|[from] item: Leftovers
|-damage|p1a: Porygong|44/100|[from] Leech Seed|[of] p2a: worst website OAT
|-heal|p2a: worst website OAT|100/100 par|[silent]
|upkeep
|turn|38
|
|t:|1729015859
|-curestatus|p2a: worst website OAT|par|[from] ability: Natural Cure
|switch|p2a: Pertfect Cell|Swampert, M, shiny|79/100
|move|p1a: Porygong|Ice Beam|p2a: Pertfect Cell
|-damage|p2a: Pertfect Cell|53/100
|
|-heal|p2a: Pertfect Cell|59/100|[from] item: Leftovers
|-heal|p1a: Porygong|50/100|[from] item: Leftovers
|-damage|p1a: Porygong|38/100|[from] Leech Seed|[of] p2a: Pertfect Cell
|-heal|p2a: Pertfect Cell|72/100|[silent]
|upkeep
|turn|39
|
|t:|1729015869
|move|p2a: Pertfect Cell|Earthquake|p1a: Porygong
|-damage|p1a: Porygong|0 fnt
|faint|p1a: Porygong
|
|win|blundergoth
|c|☆blundergoth|gg
|c|☆zoyotte|GG
|c|☆zoyotte|caps
|player|p1|
|player|p2|
|player|p1|zoyotte|#wcop2024africa|

</script>
<script type="application/json" class="data" id="replaydata-smogtours-gen3ou-798929">
{"id":"smogtours-gen3ou-798929","format":"[Gen 3] OU","players":["zoyotte","blundergoth"],"uploadtime":1729015869,"views":98,"formatid":"gen3ou","rating":null,"private":0,"password":null}
</script>

<script defer src="js/replays.js?9d40a366"></script>
