<!DOCTYPE html>
<meta charset="utf-8" />
<meta name="viewport" content="width=device-width" />

<title>[Gen 3] OU: Nardgo vs. CharBoy3000 - Replays - Pok&eacute;mon Showdown!</title>

<meta name="description" content="Watch a replay of a Pok&eacute;mon battle between Nardgo and CharBoy3000! Format: [Gen 3] OU; Date: Oct 4, 2024" />
<!--

Hey, you! Looking in the source for the replay log?

You can find them in JSON format, just add `.json` at the end of a replay URL.

https://replay.pokemonshowdown.com/gen7randomdoublesbattle-865046831.json

Or, if you only need the log itself, add `.log` instead:

https://replay.pokemonshowdown.com/gen7randomdoublesbattle-865046831.log

-->

<link rel="stylesheet" href="//pokemonshowdown.com/style/global.css?0.023195364461161105" />
<link rel="stylesheet" href="//play.pokemonshowdown.com/style/font-awesome.css?0.13261647063804238" />
<link rel="stylesheet" href="//play.pokemonshowdown.com/style/battle.css?0.8753245789963631" />
<link rel="stylesheet" href="//play.pokemonshowdown.com/style/utilichart.css?0.8627959624976733" />

<!-- Global site tag (gtag.js) - Google Analytics -->
<script async src="https://www.googletagmanager.com/gtag/js?id=UA-26211653-1"></script>
<script>
  window.dataLayer = window.dataLayer || [];
  function gtag(){dataLayer.push(arguments);}
  gtag('js', new Date());

  gtag('config', 'UA-26211653-1');
</script>
<!-- End Google Analytics -->
<!-- Venatus Ad Manager - Install in <HEAD> of page -->
	<script src="https://hb.vntsm.com/v3/live/ad-manager.min.js" type="text/javascript" data-site-id="642aba63ec9a7b11c3c9c1be" data-mode="scan" async></script>
<!-- / Venatus Ad Manager -->

<style>
	@media (max-width:820px) {
		.battle {
			margin: 0 auto;
		}
		.battle-log {
			margin: 7px auto 0;
			max-width: 640px;
			height: 300px;
			position: static;
		}
	}
	.optgroup {
		display: inline-block;
		line-height: 22px;
		font-size: 10pt;
	}
	.optgroup .button {
		height: 25px;
		padding-top: 0;
		padding-bottom: 0;
	}
	.optgroup button.button {
		padding-left: 12px;
		padding-right: 12px;
	}
	.linklist {
		list-style: none;
		margin: 0.5em 0;
		padding: 0;
	}
	.linklist li {
		padding: 2px 0;
	}
	.sidebar {
		float: left;
		width: 320px;
	}
	.bar-wrapper {
		max-width: 1100px;
		margin: 0 auto;
	}
	.bar-wrapper.has-sidebar {
		max-width: 1430px;
	}
	.mainbar {
		margin: 0;
		padding-right: 1px;
	}
	.mainbar.has-sidebar {
		margin-left: 330px;
	}
	@media (min-width: 1511px) {
		.sidebar {
			width: 400px;
		}
		.bar-wrapper.has-sidebar {
			max-width: 1510px;
		}
		.mainbar.has-sidebar {
			margin-left: 410px;
		}
	}
	.section.first-section {
		margin-top: 9px;
	}
	.blocklink small {
		white-space: normal;
	}
	.button {
		vertical-align: middle;
	}
	.replay-controls {
		padding-top: 10px;
	}
	.replay-controls h1 {
		font-size: 16pt;
		font-weight: normal;
		color: #CCC;
	}
	.pagelink {
		text-align: center;
	}
	.pagelink a {
		width: 150px;
	}
	.textbox, .button {
		font-size: 11pt;
		vertical-align: middle;
	}
	@media (max-width: 450px) {
		.button {
			font-size: 9pt;
		}
	}
</style>

<div>

	<header>
		<div class="nav-wrapper"><ul class="nav">
			<li><a class="button nav-first" href="//pokemonshowdown.com/"><img src="//pokemonshowdown.com/images/pokemonshowdownbeta.png" srcset="//pokemonshowdown.com/images/pokemonshowdownbeta.png 1x, //pokemonshowdown.com/images/pokemonshowdownbeta@2x.png 2x" alt="Pok&eacute;mon Showdown" width="146" height="44" /> Home</a></li>
			<li><a class="button" href="//pokemonshowdown.com/dex/">Pok&eacute;dex</a></li>
			<li><a class="button cur" href="/">Replays</a></li>
			<li><a class="button" href="//pokemonshowdown.com/ladder/">Ladder</a></li>
			<li><a class="button nav-last" href="//pokemonshowdown.com/forums/">Forum</a></li>
			<li><a class="button greenbutton nav-first nav-last" href="//play.pokemonshowdown.com/">Play</a></li>
		</ul></div>
	</header>

	<div class="main" id="main">

		<noscript><section class="section">You need to enable JavaScript to use this page; sorry!</section></noscript>

	</div>

</div>

<script defer nomodule src="//play.pokemonshowdown.com/js/lib/ps-polyfill.js"></script>
<script defer src="//play.pokemonshowdown.com/js/lib/preact.min.js"></script>

<script defer src="//play.pokemonshowdown.com/config/config.js?2bddbc15"></script>
<script defer src="//play.pokemonshowdown.com/js/lib/jquery-1.11.0.min.js"></script>
<script defer src="//play.pokemonshowdown.com/js/lib/html-sanitizer-minified.js"></script>
<script defer src="//play.pokemonshowdown.com/js/battle-sound.js"></script>
<script defer src="//play.pokemonshowdown.com/js/battledata.js?0.7209276989879541"></script>
<script defer src="//play.pokemonshowdown.com/data/pokedex-mini.js?0.6111056340867951"></script>
<script defer src="//play.pokemonshowdown.com/data/pokedex-mini-bw.js?0.3532142036491459"></script>
<script defer src="//play.pokemonshowdown.com/data/graphics.js?0.24223875632456182"></script>
<script defer src="//play.pokemonshowdown.com/data/pokedex.js?0.38839984266356864"></script>
<script defer src="//play.pokemonshowdown.com/data/moves.js?0.21866028504024015"></script>
<script defer src="//play.pokemonshowdown.com/data/abilities.js?0.2005157953846628"></script>
<script defer src="//play.pokemonshowdown.com/data/items.js?0.9894211263848525"></script>
<script defer src="//play.pokemonshowdown.com/data/teambuilder-tables.js?0.6008791140282215"></script>
<script defer src="//play.pokemonshowdown.com/js/battle-tooltips.js?0.7580118955022959"></script>
<script defer src="//play.pokemonshowdown.com/js/battle.js?0.6057722274234274"></script>

<script defer src="js/utils.js?e31f9a17"></script>
<script defer src="js/replays-battle.js?7008c182"></script>

<!-- don't scrape this data! just add .json or .log after the URL!
Full API docs: https://github.com/smogon/pokemon-showdown-client/blob/master/WEB-API.md -->
<script type="text/plain" class="log" id="replaylog-smogtours-gen3ou-794478">
|inactive|Battle timer is ON: inactive players will automatically lose when time's up.
|t:|1728007860
|gametype|singles
|player|p1|Nardgo|170|
|player|p2|CharBoy3000|blaine|
|teamsize|p1|6
|teamsize|p2|6
|gen|3
|tier|[Gen 3] OU
|rule|Sleep Clause Mod: Limit one foe put to sleep
|rule|Switch Priority Clause Mod: Faster Pokémon switch first
|rule|Species Clause: Limit one of each Pokémon
|rule|OHKO Clause: OHKO moves are banned
|rule|Evasion Items Clause: Evasion items are banned
|rule|Evasion Moves Clause: Evasion moves are banned
|rule|Endless Battle Clause: Forcing endless battles is banned
|rule|HP Percentage Mod: HP is shown in percentages
|rule|One Boost Passer Clause: Limit one Baton Passer that has a way to boost its stats
|rule|Freeze Clause Mod: Limit one foe frozen
|
|t:|1728007860
|start
|switch|p1a: Tyranitar|Tyranitar, F|100/100
|switch|p2a: Butterfree|Butterfree, F|100/100
|-weather|Sandstorm|[from] ability: Sand Stream|[of] p1a: Tyranitar
|turn|1
|
|t:|1728007872
|switch|p1a: Jirachi|Jirachi|100/100
|move|p2a: Butterfree|Sleep Powder|p1a: Jirachi
|-status|p1a: Jirachi|slp|[from] move: Sleep Powder
|
|-weather|Sandstorm|[upkeep]
|-damage|p2a: Butterfree|94/100|[from] Sandstorm
|upkeep
|turn|2
|
|t:|1728007876
|switch|p1a: Blissey|Blissey, F|100/100
|move|p2a: Butterfree|Thief|p1a: Blissey
|-damage|p1a: Blissey|97/100
|-enditem|p1a: Blissey|Leftovers|[silent]|[from] move: Thief|[of] p2a: Butterfree
|-item|p2a: Butterfree|Leftovers|[from] move: Thief|[of] p1a: Blissey
|
|-weather|Sandstorm|[upkeep]
|-damage|p2a: Butterfree|88/100|[from] Sandstorm
|-damage|p1a: Blissey|91/100|[from] Sandstorm
|-heal|p2a: Butterfree|94/100|[from] item: Leftovers
|upkeep
|turn|3
|
|t:|1728007881
|move|p2a: Butterfree|Stun Spore|p1a: Blissey
|-status|p1a: Blissey|par
|cant|p1a: Blissey|par
|
|-weather|Sandstorm|[upkeep]
|-damage|p2a: Butterfree|88/100|[from] Sandstorm
|-damage|p1a: Blissey|85/100 par|[from] Sandstorm
|-heal|p2a: Butterfree|94/100|[from] item: Leftovers
|upkeep
|turn|4
|
|t:|1728007888
|switch|p2a: Steelix|Steelix, M, shiny|100/100
|move|p1a: Blissey|Seismic Toss|p2a: Steelix
|-damage|p2a: Steelix|72/100
|
|-weather|Sandstorm|[upkeep]
|-damage|p1a: Blissey|79/100 par|[from] Sandstorm
|-heal|p2a: Steelix|78/100|[from] item: Leftovers
|upkeep
|turn|5
|
|t:|1728007893
|-curestatus|p1a: Blissey|par|[from] ability: Natural Cure
|switch|p1a: Charizard|Charizard, F|100/100
|move|p2a: Steelix|Earthquake|p1a: Charizard
|-immune|p1a: Charizard
|
|-weather|Sandstorm|[upkeep]
|-damage|p1a: Charizard|94/100|[from] Sandstorm
|-heal|p1a: Charizard|100/100|[from] item: Leftovers
|-heal|p2a: Steelix|85/100|[from] item: Leftovers
|upkeep
|turn|6
|
|t:|1728007901
|switch|p2a: Gyarados|Gyarados, M, shiny|100/100
|-ability|p2a: Gyarados|Intimidate|boost
|-unboost|p1a: Charizard|atk|1
|move|p1a: Charizard|Substitute|p1a: Charizard
|-start|p1a: Charizard|Substitute
|-damage|p1a: Charizard|76/100
|
|-weather|Sandstorm|[upkeep]
|-damage|p1a: Charizard|70/100|[from] Sandstorm
|-damage|p2a: Gyarados|94/100|[from] Sandstorm
|-heal|p1a: Charizard|76/100|[from] item: Leftovers
|-heal|p2a: Gyarados|100/100|[from] item: Leftovers
|upkeep
|turn|7
|
|t:|1728007908
|move|p1a: Charizard|Hidden Power|p2a: Gyarados
|-damage|p2a: Gyarados|84/100
|move|p2a: Gyarados|Dragon Dance|p2a: Gyarados
|-boost|p2a: Gyarados|atk|1
|-boost|p2a: Gyarados|spe|1
|
|-weather|Sandstorm|[upkeep]
|-damage|p2a: Gyarados|77/100|[from] Sandstorm
|-damage|p1a: Charizard|70/100|[from] Sandstorm
|-heal|p2a: Gyarados|84/100|[from] item: Leftovers
|-heal|p1a: Charizard|76/100|[from] item: Leftovers
|upkeep
|turn|8
|
|t:|1728007912
|switch|p1a: Salamence|Salamence, F|100/100
|-ability|p1a: Salamence|Intimidate|boost
|-unboost|p2a: Gyarados|atk|1
|move|p2a: Gyarados|Hidden Power|p1a: Salamence
|-damage|p1a: Salamence|73/100
|
|-weather|Sandstorm|[upkeep]
|-damage|p2a: Gyarados|77/100|[from] Sandstorm
|-damage|p1a: Salamence|66/100|[from] Sandstorm
|-heal|p2a: Gyarados|84/100|[from] item: Leftovers
|-heal|p1a: Salamence|73/100|[from] item: Leftovers
|upkeep
|turn|9
|
|t:|1728007926
|move|p2a: Gyarados|Dragon Dance|p2a: Gyarados
|-boost|p2a: Gyarados|atk|1
|-boost|p2a: Gyarados|spe|1
|move|p1a: Salamence|Toxic|p2a: Gyarados
|-status|p2a: Gyarados|tox
|
|-weather|Sandstorm|[upkeep]
|-damage|p2a: Gyarados|77/100 tox|[from] Sandstorm
|-damage|p1a: Salamence|66/100|[from] Sandstorm
|-heal|p2a: Gyarados|84/100 tox|[from] item: Leftovers
|-damage|p2a: Gyarados|77/100 tox|[from] psn
|-heal|p1a: Salamence|73/100|[from] item: Leftovers
|upkeep
|turn|10
|
|t:|1728007933
|switch|p1a: Jirachi|Jirachi|100/100 slp
|move|p2a: Gyarados|Dragon Dance|p2a: Gyarados
|-boost|p2a: Gyarados|atk|1
|-boost|p2a: Gyarados|spe|1
|
|-weather|Sandstorm|[upkeep]
|-damage|p2a: Gyarados|71/100 tox|[from] Sandstorm
|-heal|p2a: Gyarados|77/100 tox|[from] item: Leftovers
|-damage|p2a: Gyarados|65/100 tox|[from] psn
|upkeep
|turn|11
|
|t:|1728007938
|switch|p1a: Salamence|Salamence, F|73/100
|-ability|p1a: Salamence|Intimidate|boost
|-unboost|p2a: Gyarados|atk|1
|move|p2a: Gyarados|Earthquake|p1a: Salamence
|-immune|p1a: Salamence
|
|-weather|Sandstorm|[upkeep]
|-damage|p2a: Gyarados|59/100 tox|[from] Sandstorm
|-damage|p1a: Salamence|66/100|[from] Sandstorm
|-heal|p2a: Gyarados|65/100 tox|[from] item: Leftovers
|-damage|p2a: Gyarados|46/100 tox|[from] psn
|-heal|p1a: Salamence|73/100|[from] item: Leftovers
|upkeep
|turn|12
|
|t:|1728007941
|switch|p1a: Jirachi|Jirachi|100/100 slp
|move|p2a: Gyarados|Rest|p2a: Gyarados
|-status|p2a: Gyarados|slp|[from] move: Rest
|-heal|p2a: Gyarados|100/100 slp|[silent]
|
|-weather|Sandstorm|[upkeep]
|-damage|p2a: Gyarados|94/100 slp|[from] Sandstorm
|-heal|p2a: Gyarados|100/100 slp|[from] item: Leftovers
|upkeep
|turn|13
|
|t:|1728007944
|switch|p1a: Regice|Regice|100/100
|cant|p2a: Gyarados|slp
|
|-weather|Sandstorm|[upkeep]
|-damage|p2a: Gyarados|94/100 slp|[from] Sandstorm
|-damage|p1a: Regice|94/100|[from] Sandstorm
|-heal|p2a: Gyarados|100/100 slp|[from] item: Leftovers
|-heal|p1a: Regice|100/100|[from] item: Leftovers
|upkeep
|turn|14
|
|t:|1728007948
|switch|p2a: Steelix|Steelix, M, shiny|85/100
|move|p1a: Regice|Thunderbolt|p2a: Steelix
|-immune|p2a: Steelix
|
|-weather|Sandstorm|[upkeep]
|-damage|p1a: Regice|94/100|[from] Sandstorm
|-heal|p1a: Regice|100/100|[from] item: Leftovers
|-heal|p2a: Steelix|91/100|[from] item: Leftovers
|upkeep
|turn|15
|
|t:|1728007957
|switch|p1a: Jirachi|Jirachi|100/100 slp
|move|p2a: Steelix|Hidden Power|p1a: Jirachi
|-resisted|p1a: Jirachi
|-damage|p1a: Jirachi|95/100 slp
|
|-weather|Sandstorm|[upkeep]
|-heal|p1a: Jirachi|100/100 slp|[from] item: Leftovers
|-heal|p2a: Steelix|97/100|[from] item: Leftovers
|upkeep
|turn|16
|
|t:|1728007962
|cant|p1a: Jirachi|slp
|move|p2a: Steelix|Hidden Power|p1a: Jirachi
|-resisted|p1a: Jirachi
|-damage|p1a: Jirachi|96/100 slp
|
|-weather|Sandstorm|[upkeep]
|-heal|p1a: Jirachi|100/100 slp|[from] item: Leftovers
|-heal|p2a: Steelix|100/100|[from] item: Leftovers
|upkeep
|turn|17
|
|t:|1728007969
|switch|p1a: Charizard|Charizard, F|76/100
|move|p2a: Steelix|Earthquake|p1a: Charizard
|-immune|p1a: Charizard
|
|-weather|Sandstorm|[upkeep]
|-damage|p1a: Charizard|70/100|[from] Sandstorm
|-heal|p1a: Charizard|76/100|[from] item: Leftovers
|upkeep
|turn|18
|
|t:|1728007976
|switch|p1a: Jirachi|Jirachi|100/100 slp
|switch|p2a: Gyarados|Gyarados, M, shiny|100/100 slp
|-ability|p2a: Gyarados|Intimidate|boost
|-unboost|p1a: Jirachi|atk|1
|
|-weather|Sandstorm|[upkeep]
|-damage|p2a: Gyarados|94/100 slp|[from] Sandstorm
|-heal|p2a: Gyarados|100/100 slp|[from] item: Leftovers
|upkeep
|turn|19
|
|t:|1728007983
|switch|p1a: Regice|Regice|100/100
|cant|p2a: Gyarados|slp
|
|-weather|Sandstorm|[upkeep]
|-damage|p2a: Gyarados|94/100 slp|[from] Sandstorm
|-damage|p1a: Regice|94/100|[from] Sandstorm
|-heal|p2a: Gyarados|100/100 slp|[from] item: Leftovers
|-heal|p1a: Regice|100/100|[from] item: Leftovers
|upkeep
|turn|20
|
|t:|1728007989
|switch|p2a: Steelix|Steelix, M, shiny|100/100
|move|p1a: Regice|Ice Beam|p2a: Steelix
|-damage|p2a: Steelix|49/100
|
|-weather|Sandstorm|[upkeep]
|-damage|p1a: Regice|94/100|[from] Sandstorm
|-heal|p1a: Regice|100/100|[from] item: Leftovers
|-heal|p2a: Steelix|55/100|[from] item: Leftovers
|upkeep
|turn|21
|
|t:|1728007994
|move|p2a: Steelix|Protect|p2a: Steelix
|-singleturn|p2a: Steelix|Protect
|move|p1a: Regice|Ice Beam|p2a: Steelix
|-activate|p2a: Steelix|Protect
|
|-weather|Sandstorm|[upkeep]
|-damage|p1a: Regice|94/100|[from] Sandstorm
|-heal|p1a: Regice|100/100|[from] item: Leftovers
|-heal|p2a: Steelix|61/100|[from] item: Leftovers
|upkeep
|turn|22
|
|t:|1728008001
|switch|p1a: Salamence|Salamence, F|73/100
|-ability|p1a: Salamence|Intimidate|boost
|-unboost|p2a: Steelix|atk|1
|move|p2a: Steelix|Explosion|p1a: Salamence
|-damage|p1a: Salamence|0 fnt
|faint|p2a: Steelix
|faint|p1a: Salamence
|
|t:|1728008013
|switch|p1a: Regice|Regice|100/100
|switch|p2a: Magneton|Magneton|100/100
|
|-weather|Sandstorm|[upkeep]
|-damage|p1a: Regice|94/100|[from] Sandstorm
|-heal|p1a: Regice|100/100|[from] item: Leftovers
|upkeep
|turn|23
|
|t:|1728008018
|move|p2a: Magneton|Toxic|p1a: Regice
|-status|p1a: Regice|tox
|move|p1a: Regice|Thunder Wave|p2a: Magneton
|-status|p2a: Magneton|par
|
|-weather|Sandstorm|[upkeep]
|-damage|p1a: Regice|94/100 tox|[from] Sandstorm
|-heal|p1a: Regice|100/100 tox|[from] item: Leftovers
|-damage|p1a: Regice|94/100 tox|[from] psn
|upkeep
|turn|24
|
|t:|1728008024
|switch|p1a: Blissey|Blissey, F|79/100
|cant|p2a: Magneton|par
|
|-weather|Sandstorm|[upkeep]
|-damage|p1a: Blissey|73/100|[from] Sandstorm
|upkeep
|turn|25
|
|t:|1728008028
|move|p1a: Blissey|Soft-Boiled|p1a: Blissey
|-heal|p1a: Blissey|100/100
|move|p2a: Magneton|Toxic|p1a: Blissey
|-status|p1a: Blissey|tox
|
|-weather|Sandstorm|[upkeep]
|-damage|p1a: Blissey|94/100 tox|[from] Sandstorm
|-damage|p1a: Blissey|88/100 tox|[from] psn
|upkeep
|turn|26
|
|t:|1728008037
|-curestatus|p1a: Blissey|tox|[from] ability: Natural Cure
|switch|p1a: Tyranitar|Tyranitar, F|100/100
|move|p2a: Magneton|Thunderbolt|p1a: Tyranitar
|-damage|p1a: Tyranitar|58/100
|
|-weather|Sandstorm|[upkeep]
|-heal|p1a: Tyranitar|65/100|[from] item: Leftovers
|upkeep
|turn|27
|
|t:|1728008044
|switch|p2a: Gyarados|Gyarados, M, shiny|100/100 slp
|-ability|p2a: Gyarados|Intimidate|boost
|-unboost|p1a: Tyranitar|atk|1
|move|p1a: Tyranitar|Substitute|p1a: Tyranitar
|-start|p1a: Tyranitar|Substitute
|-damage|p1a: Tyranitar|40/100
|
|-weather|Sandstorm|[upkeep]
|-damage|p2a: Gyarados|94/100 slp|[from] Sandstorm
|-heal|p2a: Gyarados|100/100 slp|[from] item: Leftovers
|-heal|p1a: Tyranitar|46/100|[from] item: Leftovers
|upkeep
|turn|28
|
|t:|1728008050
|-curestatus|p2a: Gyarados|slp|[msg]
|move|p2a: Gyarados|Earthquake|p1a: Tyranitar
|-supereffective|p1a: Tyranitar
|-end|p1a: Tyranitar|Substitute
|move|p1a: Tyranitar|Rock Slide|p2a: Gyarados
|-supereffective|p2a: Gyarados
|-damage|p2a: Gyarados|35/100
|
|-weather|Sandstorm|[upkeep]
|-damage|p2a: Gyarados|28/100|[from] Sandstorm
|-heal|p2a: Gyarados|35/100|[from] item: Leftovers
|-heal|p1a: Tyranitar|52/100|[from] item: Leftovers
|upkeep
|turn|29
|
|t:|1728008062
|move|p2a: Gyarados|Dragon Dance|p2a: Gyarados
|-boost|p2a: Gyarados|atk|1
|-boost|p2a: Gyarados|spe|1
|move|p1a: Tyranitar|Rock Slide|p2a: Gyarados
|-supereffective|p2a: Gyarados
|-damage|p2a: Gyarados|0 fnt
|faint|p2a: Gyarados
|
|t:|1728008066
|switch|p2a: Butterfree|Butterfree, F|94/100
|
|-weather|Sandstorm|[upkeep]
|-damage|p2a: Butterfree|88/100|[from] Sandstorm
|-heal|p2a: Butterfree|94/100|[from] item: Leftovers
|-heal|p1a: Tyranitar|58/100|[from] item: Leftovers
|upkeep
|turn|30
|
|t:|1728008077
|switch|p1a: Blissey|Blissey, F|88/100
|move|p2a: Butterfree|Stun Spore|p1a: Blissey
|-status|p1a: Blissey|par
|
|-weather|Sandstorm|[upkeep]
|-damage|p2a: Butterfree|88/100|[from] Sandstorm
|-damage|p1a: Blissey|82/100 par|[from] Sandstorm
|-heal|p2a: Butterfree|94/100|[from] item: Leftovers
|upkeep
|turn|31
|
|t:|1728008087
|switch|p2a: Magneton|Magneton|100/100 par
|move|p1a: Blissey|Ice Beam|p2a: Magneton
|-resisted|p2a: Magneton
|-damage|p2a: Magneton|77/100 par
|
|-weather|Sandstorm|[upkeep]
|-damage|p1a: Blissey|76/100 par|[from] Sandstorm
|upkeep
|turn|32
|
|t:|1728008095
|move|p2a: Magneton|Thunderbolt|p1a: Blissey
|-damage|p1a: Blissey|58/100 par
|cant|p1a: Blissey|par
|
|-weather|Sandstorm|[upkeep]
|-damage|p1a: Blissey|52/100 par|[from] Sandstorm
|upkeep
|turn|33
|
|t:|1728008100
|move|p2a: Magneton|Thunderbolt|p1a: Blissey
|-damage|p1a: Blissey|33/100 par
|move|p1a: Blissey|Soft-Boiled|p1a: Blissey
|-heal|p1a: Blissey|83/100 par
|
|-weather|Sandstorm|[upkeep]
|-damage|p1a: Blissey|77/100 par|[from] Sandstorm
|upkeep
|turn|34
|
|t:|1728008104
|move|p2a: Magneton|Thunderbolt|p1a: Blissey
|-damage|p1a: Blissey|57/100 par
|move|p1a: Blissey|Seismic Toss|p2a: Magneton
|-damage|p2a: Magneton|35/100 par
|
|-weather|Sandstorm|[upkeep]
|-damage|p1a: Blissey|50/100 par|[from] Sandstorm
|upkeep
|turn|35
|
|t:|1728008109
|move|p2a: Magneton|Thunderbolt|p1a: Blissey
|-damage|p1a: Blissey|31/100 par
|cant|p1a: Blissey|par
|
|-weather|Sandstorm|[upkeep]
|-damage|p1a: Blissey|25/100 par|[from] Sandstorm
|upkeep
|turn|36
|
|t:|1728008114
|move|p2a: Magneton|Thunderbolt|p1a: Blissey
|-damage|p1a: Blissey|7/100 par
|move|p1a: Blissey|Soft-Boiled|p1a: Blissey
|-heal|p1a: Blissey|57/100 par
|
|-weather|Sandstorm|[upkeep]
|-damage|p1a: Blissey|51/100 par|[from] Sandstorm
|upkeep
|turn|37
|
|t:|1728008118
|move|p2a: Magneton|Thunderbolt|p1a: Blissey
|-damage|p1a: Blissey|32/100 par
|move|p1a: Blissey|Soft-Boiled|p1a: Blissey
|-heal|p1a: Blissey|82/100 par
|
|-weather|Sandstorm|[upkeep]
|-damage|p1a: Blissey|76/100 par|[from] Sandstorm
|upkeep
|turn|38
|
|t:|1728008123
|move|p2a: Magneton|Thunderbolt|p1a: Blissey
|-damage|p1a: Blissey|55/100 par
|move|p1a: Blissey|Seismic Toss|p2a: Magneton
|-damage|p2a: Magneton|0 fnt
|faint|p2a: Magneton
|
|t:|1728008128
|switch|p2a: Aerodactyl|Aerodactyl, F, shiny|100/100
|
|-weather|Sandstorm|[upkeep]
|-damage|p1a: Blissey|49/100 par|[from] Sandstorm
|upkeep
|turn|39
|
|t:|1728008134
|-curestatus|p1a: Blissey|par|[from] ability: Natural Cure
|switch|p1a: Jirachi|Jirachi|100/100 slp
|move|p2a: Aerodactyl|Double-Edge|p1a: Jirachi
|-resisted|p1a: Jirachi
|-damage|p1a: Jirachi|83/100 slp
|
|-weather|Sandstorm|[upkeep]
|-heal|p1a: Jirachi|89/100 slp|[from] item: Leftovers
|upkeep
|turn|40
|
|t:|1728008141
|switch|p2a: Butterfree|Butterfree, F|94/100
|cant|p1a: Jirachi|slp
|
|-weather|Sandstorm|[upkeep]
|-damage|p2a: Butterfree|88/100|[from] Sandstorm
|-heal|p2a: Butterfree|94/100|[from] item: Leftovers
|-heal|p1a: Jirachi|96/100 slp|[from] item: Leftovers
|upkeep
|turn|41
|
|t:|1728008146
|switch|p1a: Blissey|Blissey, F|49/100
|move|p2a: Butterfree|Sleep Powder|p1a: Blissey
|-message|Sleep Clause Mod activated.
|-hint|Sleep Clause Mod prevents players from putting more than one of their opponent's Pokémon to sleep at a time
|
|-weather|Sandstorm|[upkeep]
|-damage|p2a: Butterfree|88/100|[from] Sandstorm
|-damage|p1a: Blissey|43/100|[from] Sandstorm
|-heal|p2a: Butterfree|94/100|[from] item: Leftovers
|upkeep
|turn|42
|
|t:|1728008150
|move|p2a: Butterfree|Stun Spore|p1a: Blissey
|-status|p1a: Blissey|par
|move|p1a: Blissey|Soft-Boiled|p1a: Blissey
|-heal|p1a: Blissey|93/100 par
|
|-weather|Sandstorm|[upkeep]
|-damage|p2a: Butterfree|88/100|[from] Sandstorm
|-damage|p1a: Blissey|87/100 par|[from] Sandstorm
|-heal|p2a: Butterfree|94/100|[from] item: Leftovers
|upkeep
|turn|43
|
|t:|1728008157
|move|p2a: Butterfree|Stun Spore|p1a: Blissey
|-fail|p1a: Blissey|par
|move|p1a: Blissey|Ice Beam|p2a: Butterfree
|-supereffective|p2a: Butterfree
|-damage|p2a: Butterfree|32/100
|
|-weather|Sandstorm|[upkeep]
|-damage|p2a: Butterfree|26/100|[from] Sandstorm
|-damage|p1a: Blissey|81/100 par|[from] Sandstorm
|-heal|p2a: Butterfree|32/100|[from] item: Leftovers
|upkeep
|turn|44
|
|t:|1728008165
|move|p2a: Butterfree|Stun Spore|p1a: Blissey
|-fail|p1a: Blissey|par
|move|p1a: Blissey|Soft-Boiled|p1a: Blissey
|-heal|p1a: Blissey|100/100 par
|
|-weather|Sandstorm|[upkeep]
|-damage|p2a: Butterfree|26/100|[from] Sandstorm
|-damage|p1a: Blissey|94/100 par|[from] Sandstorm
|-heal|p2a: Butterfree|32/100|[from] item: Leftovers
|upkeep
|turn|45
|
|t:|1728008169
|move|p2a: Butterfree|Stun Spore|p1a: Blissey
|-fail|p1a: Blissey|par
|move|p1a: Blissey|Ice Beam|p2a: Butterfree
|-supereffective|p2a: Butterfree
|-damage|p2a: Butterfree|0 fnt
|faint|p2a: Butterfree
|
|t:|1728008173
|switch|p2a: Aerodactyl|Aerodactyl, F, shiny|100/100
|
|-weather|Sandstorm|[upkeep]
|-damage|p1a: Blissey|88/100 par|[from] Sandstorm
|upkeep
|turn|46
|
|t:|1728008186
|move|p2a: Aerodactyl|Rock Slide|p1a: Blissey
|-crit|p1a: Blissey
|-damage|p1a: Blissey|0 fnt
|faint|p1a: Blissey
|
|t:|1728008190
|switch|p1a: Jirachi|Jirachi|96/100 slp
|
|-weather|Sandstorm|[upkeep]
|-heal|p1a: Jirachi|100/100 slp|[from] item: Leftovers
|upkeep
|turn|47
|
|t:|1728008194
|switch|p2a: Salamence|Salamence, M, shiny|100/100
|-ability|p2a: Salamence|Intimidate|boost
|-unboost|p1a: Jirachi|atk|1
|cant|p1a: Jirachi|slp
|
|-weather|Sandstorm|[upkeep]
|-damage|p2a: Salamence|94/100|[from] Sandstorm
|upkeep
|turn|48
|
|t:|1728008201
|switch|p1a: Regice|Regice|94/100 tox
|move|p2a: Salamence|Dragon Dance|p2a: Salamence
|-boost|p2a: Salamence|atk|1
|-boost|p2a: Salamence|spe|1
|
|-weather|Sandstorm|[upkeep]
|-damage|p2a: Salamence|88/100|[from] Sandstorm
|-damage|p1a: Regice|88/100 tox|[from] Sandstorm
|-heal|p1a: Regice|94/100 tox|[from] item: Leftovers
|-damage|p1a: Regice|88/100 tox|[from] psn
|upkeep
|turn|49
|
|t:|1728008205
|move|p2a: Salamence|Rock Slide|p1a: Regice
|-supereffective|p1a: Regice
|-damage|p1a: Regice|4/100 tox
|move|p1a: Regice|Ice Beam|p2a: Salamence
|-supereffective|p2a: Salamence
|-damage|p2a: Salamence|0 fnt
|faint|p2a: Salamence
|
|t:|1728008210
|switch|p2a: Aerodactyl|Aerodactyl, F, shiny|100/100
|
|-weather|Sandstorm|[upkeep]
|-damage|p1a: Regice|0 fnt|[from] Sandstorm
|faint|p1a: Regice
|upkeep
|
|t:|1728008212
|switch|p1a: Jirachi|Jirachi|100/100 slp
|turn|50
|
|t:|1728008219
|move|p2a: Aerodactyl|Rock Slide|p1a: Jirachi|[miss]
|-miss|p2a: Aerodactyl|p1a: Jirachi
|-curestatus|p1a: Jirachi|slp|[msg]
|move|p1a: Jirachi|Body Slam|p2a: Aerodactyl
|-resisted|p2a: Aerodactyl
|-damage|p2a: Aerodactyl|87/100
|
|-weather|Sandstorm|[upkeep]
|upkeep
|turn|51
|
|t:|1728008222
|move|p2a: Aerodactyl|Rock Slide|p1a: Jirachi
|-resisted|p1a: Jirachi
|-damage|p1a: Jirachi|85/100
|move|p1a: Jirachi|Body Slam|p2a: Aerodactyl
|-resisted|p2a: Aerodactyl
|-damage|p2a: Aerodactyl|74/100
|-status|p2a: Aerodactyl|par
|
|-weather|Sandstorm|[upkeep]
|-heal|p1a: Jirachi|91/100|[from] item: Leftovers
|upkeep
|turn|52
|
|t:|1728008227
|move|p1a: Jirachi|Fire Punch|p2a: Aerodactyl
|-resisted|p2a: Aerodactyl
|-crit|p2a: Aerodactyl
|-damage|p2a: Aerodactyl|49/100 par
|move|p2a: Aerodactyl|Rock Slide|p1a: Jirachi
|-resisted|p1a: Jirachi
|-damage|p1a: Jirachi|75/100
|
|-weather|Sandstorm|[upkeep]
|-heal|p1a: Jirachi|81/100|[from] item: Leftovers
|upkeep
|turn|53
|
|t:|1728008232
|move|p1a: Jirachi|Wish|p1a: Jirachi
|move|p2a: Aerodactyl|Rock Slide|p1a: Jirachi
|-resisted|p1a: Jirachi
|-damage|p1a: Jirachi|65/100
|
|-weather|Sandstorm|[upkeep]
|-heal|p1a: Jirachi|71/100|[from] item: Leftovers
|upkeep
|turn|54
|
|t:|1728008233
|move|p1a: Jirachi|Body Slam|p2a: Aerodactyl
|-resisted|p2a: Aerodactyl
|-damage|p2a: Aerodactyl|36/100 par
|move|p2a: Aerodactyl|Rock Slide|p1a: Jirachi
|-resisted|p1a: Jirachi
|-damage|p1a: Jirachi|56/100
|
|-heal|p1a: Jirachi|100/100|[from] move: Wish|[wisher] Jirachi
|-weather|Sandstorm|[upkeep]
|upkeep
|turn|55
|
|t:|1728008235
|move|p1a: Jirachi|Body Slam|p2a: Aerodactyl
|-resisted|p2a: Aerodactyl
|-damage|p2a: Aerodactyl|23/100 par
|move|p2a: Aerodactyl|Rock Slide|p1a: Jirachi
|-resisted|p1a: Jirachi
|-damage|p1a: Jirachi|86/100
|
|-weather|Sandstorm|[upkeep]
|-heal|p1a: Jirachi|92/100|[from] item: Leftovers
|upkeep
|turn|56
|
|t:|1728008236
|move|p1a: Jirachi|Body Slam|p2a: Aerodactyl
|-resisted|p2a: Aerodactyl
|-damage|p2a: Aerodactyl|8/100 par
|cant|p2a: Aerodactyl|par
|
|-weather|Sandstorm|[upkeep]
|-heal|p1a: Jirachi|99/100|[from] item: Leftovers
|upkeep
|turn|57
|
|t:|1728008238
|move|p1a: Jirachi|Fire Punch|p2a: Aerodactyl
|-resisted|p2a: Aerodactyl
|-damage|p2a: Aerodactyl|0 fnt
|faint|p2a: Aerodactyl
|
|win|Nardgo
|c|☆Nardgo|gg
|c|☆CharBoy3000|Gg
|player|p2|
|c|☆Nardgo|game 3 very exciting
|player|p1|
|c|+goldmasonvt|hype
|c|+goldmasonvt|:D
|c|+violet river|hype watch fr

</script>
<script type="application/json" class="data" id="replaydata-smogtours-gen3ou-794478">
{"id":"smogtours-gen3ou-794478","format":"[Gen 3] OU","players":["Nardgo","CharBoy3000"],"uploadtime":1728008238,"views":133,"formatid":"gen3ou","rating":null,"private":0,"password":null}
</script>

<script defer src="js/replays.js?9d40a366"></script>
