<!DOCTYPE html>
<meta charset="utf-8" />
<meta name="viewport" content="width=device-width" />

<title>[Gen 3] OU: Hykari vs. Dridri457 - Replays - Pok&eacute;mon Showdown!</title>

<meta name="description" content="Watch a replay of a Pok&eacute;mon battle between Hykari and Dridri457! Format: [Gen 3] OU; Date: Nov 1, 2024" />
<!--

Hey, you! Looking in the source for the replay log?

You can find them in JSON format, just add `.json` at the end of a replay URL.

https://replay.pokemonshowdown.com/gen7randomdoublesbattle-865046831.json

Or, if you only need the log itself, add `.log` instead:

https://replay.pokemonshowdown.com/gen7randomdoublesbattle-865046831.log

-->

<link rel="stylesheet" href="//pokemonshowdown.com/style/global.css?0.023195364461161105" />
<link rel="stylesheet" href="//play.pokemonshowdown.com/style/font-awesome.css?0.13261647063804238" />
<link rel="stylesheet" href="//play.pokemonshowdown.com/style/battle.css?0.8753245789963631" />
<link rel="stylesheet" href="//play.pokemonshowdown.com/style/utilichart.css?0.8627959624976733" />

<!-- Global site tag (gtag.js) - Google Analytics -->
<script async src="https://www.googletagmanager.com/gtag/js?id=UA-26211653-1"></script>
<script>
  window.dataLayer = window.dataLayer || [];
  function gtag(){dataLayer.push(arguments);}
  gtag('js', new Date());

  gtag('config', 'UA-26211653-1');
</script>
<!-- End Google Analytics -->
<!-- Venatus Ad Manager - Install in <HEAD> of page -->
	<script src="https://hb.vntsm.com/v3/live/ad-manager.min.js" type="text/javascript" data-site-id="642aba63ec9a7b11c3c9c1be" data-mode="scan" async></script>
<!-- / Venatus Ad Manager -->

<style>
	@media (max-width:820px) {
		.battle {
			margin: 0 auto;
		}
		.battle-log {
			margin: 7px auto 0;
			max-width: 640px;
			height: 300px;
			position: static;
		}
	}
	.optgroup {
		display: inline-block;
		line-height: 22px;
		font-size: 10pt;
	}
	.optgroup .button {
		height: 25px;
		padding-top: 0;
		padding-bottom: 0;
	}
	.optgroup button.button {
		padding-left: 12px;
		padding-right: 12px;
	}
	.linklist {
		list-style: none;
		margin: 0.5em 0;
		padding: 0;
	}
	.linklist li {
		padding: 2px 0;
	}
	.sidebar {
		float: left;
		width: 320px;
	}
	.bar-wrapper {
		max-width: 1100px;
		margin: 0 auto;
	}
	.bar-wrapper.has-sidebar {
		max-width: 1430px;
	}
	.mainbar {
		margin: 0;
		padding-right: 1px;
	}
	.mainbar.has-sidebar {
		margin-left: 330px;
	}
	@media (min-width: 1511px) {
		.sidebar {
			width: 400px;
		}
		.bar-wrapper.has-sidebar {
			max-width: 1510px;
		}
		.mainbar.has-sidebar {
			margin-left: 410px;
		}
	}
	.section.first-section {
		margin-top: 9px;
	}
	.blocklink small {
		white-space: normal;
	}
	.button {
		vertical-align: middle;
	}
	.replay-controls {
		padding-top: 10px;
	}
	.replay-controls h1 {
		font-size: 16pt;
		font-weight: normal;
		color: #CCC;
	}
	.pagelink {
		text-align: center;
	}
	.pagelink a {
		width: 150px;
	}
	.textbox, .button {
		font-size: 11pt;
		vertical-align: middle;
	}
	@media (max-width: 450px) {
		.button {
			font-size: 9pt;
		}
	}
</style>

<div>

	<header>
		<div class="nav-wrapper"><ul class="nav">
			<li><a class="button nav-first" href="//pokemonshowdown.com/"><img src="//pokemonshowdown.com/images/pokemonshowdownbeta.png" srcset="//pokemonshowdown.com/images/pokemonshowdownbeta.png 1x, //pokemonshowdown.com/images/pokemonshowdownbeta@2x.png 2x" alt="Pok&eacute;mon Showdown" width="146" height="44" /> Home</a></li>
			<li><a class="button" href="//pokemonshowdown.com/dex/">Pok&eacute;dex</a></li>
			<li><a class="button cur" href="/">Replays</a></li>
			<li><a class="button" href="//pokemonshowdown.com/ladder/">Ladder</a></li>
			<li><a class="button nav-last" href="//pokemonshowdown.com/forums/">Forum</a></li>
			<li><a class="button greenbutton nav-first nav-last" href="//play.pokemonshowdown.com/">Play</a></li>
		</ul></div>
	</header>

	<div class="main" id="main">

		<noscript><section class="section">You need to enable JavaScript to use this page; sorry!</section></noscript>

	</div>

</div>

<script defer nomodule src="//play.pokemonshowdown.com/js/lib/ps-polyfill.js"></script>
<script defer src="//play.pokemonshowdown.com/js/lib/preact.min.js"></script>

<script defer src="//play.pokemonshowdown.com/config/config.js?2bddbc15"></script>
<script defer src="//play.pokemonshowdown.com/js/lib/jquery-1.11.0.min.js"></script>
<script defer src="//play.pokemonshowdown.com/js/lib/html-sanitizer-minified.js"></script>
<script defer src="//play.pokemonshowdown.com/js/battle-sound.js"></script>
<script defer src="//play.pokemonshowdown.com/js/battledata.js?0.7209276989879541"></script>
<script defer src="//play.pokemonshowdown.com/data/pokedex-mini.js?0.6111056340867951"></script>
<script defer src="//play.pokemonshowdown.com/data/pokedex-mini-bw.js?0.3532142036491459"></script>
<script defer src="//play.pokemonshowdown.com/data/graphics.js?0.24223875632456182"></script>
<script defer src="//play.pokemonshowdown.com/data/pokedex.js?0.38839984266356864"></script>
<script defer src="//play.pokemonshowdown.com/data/moves.js?0.21866028504024015"></script>
<script defer src="//play.pokemonshowdown.com/data/abilities.js?0.2005157953846628"></script>
<script defer src="//play.pokemonshowdown.com/data/items.js?0.9894211263848525"></script>
<script defer src="//play.pokemonshowdown.com/data/teambuilder-tables.js?0.6008791140282215"></script>
<script defer src="//play.pokemonshowdown.com/js/battle-tooltips.js?0.7580118955022959"></script>
<script defer src="//play.pokemonshowdown.com/js/battle.js?0.6057722274234274"></script>

<script defer src="js/utils.js?e31f9a17"></script>
<script defer src="js/replays-battle.js?7008c182"></script>

<!-- don't scrape this data! just add .json or .log after the URL!
Full API docs: https://github.com/smogon/pokemon-showdown-client/blob/master/WEB-API.md -->
<script type="text/plain" class="log" id="replaylog-smogtours-gen3ou-803831">
|inactive|Battle timer is ON: inactive players will automatically lose when time's up.
|t:|1730498516
|gametype|singles
|player|p1|Hykari|flannery|
|player|p2|Dridri457|#dridri457|
|teamsize|p1|6
|teamsize|p2|6
|gen|3
|tier|[Gen 3] OU
|rule|Sleep Clause Mod: Limit one foe put to sleep
|rule|Switch Priority Clause Mod: Faster Pokémon switch first
|rule|Species Clause: Limit one of each Pokémon
|rule|OHKO Clause: OHKO moves are banned
|rule|Evasion Items Clause: Evasion items are banned
|rule|Evasion Moves Clause: Evasion moves are banned
|rule|Endless Battle Clause: Forcing endless battles is banned
|rule|HP Percentage Mod: HP is shown in percentages
|rule|One Boost Passer Clause: Limit one Baton Passer that has a way to boost its stats
|rule|Freeze Clause Mod: Limit one foe frozen
|
|t:|1730498516
|start
|switch|p1a: Jynx|Jynx, F|100/100
|switch|p2a: Metagross|Metagross|100/100
|turn|1
|c|☆Dridri457|hf
|
|t:|1730498530
|move|p1a: Jynx|Substitute|p1a: Jynx
|-start|p1a: Jynx|Substitute
|-damage|p1a: Jynx|76/100
|move|p2a: Metagross|Earthquake|p1a: Jynx
|-end|p1a: Jynx|Substitute
|
|-heal|p1a: Jynx|82/100|[from] item: Leftovers
|upkeep
|turn|2
|c|☆Hykari|ditto
|inactive|Hykari has 270 seconds left.
|
|t:|1730498574
|switch|p1a: Zapdos|Zapdos|100/100
|move|p2a: Metagross|Earthquake|p1a: Zapdos
|-immune|p1a: Zapdos
|
|upkeep
|turn|3
|
|t:|1730498582
|move|p1a: Zapdos|Substitute|p1a: Zapdos
|-start|p1a: Zapdos|Substitute
|-damage|p1a: Zapdos|75/100
|move|p2a: Metagross|Rock Slide|p1a: Zapdos
|-supereffective|p1a: Zapdos
|-end|p1a: Zapdos|Substitute
|
|-heal|p1a: Zapdos|82/100|[from] item: Leftovers
|upkeep
|turn|4
|
|t:|1730498605
|move|p1a: Zapdos|Thunderbolt|p2a: Metagross
|-damage|p2a: Metagross|55/100
|move|p2a: Metagross|Rock Slide|p1a: Zapdos
|-supereffective|p1a: Zapdos
|-damage|p1a: Zapdos|17/100
|
|-heal|p1a: Zapdos|23/100|[from] item: Leftovers
|upkeep
|turn|5
|
|t:|1730498619
|move|p1a: Zapdos|Thunderbolt|p2a: Metagross
|-damage|p2a: Metagross|6/100
|move|p2a: Metagross|Meteor Mash|p1a: Zapdos|[miss]
|-miss|p2a: Metagross|p1a: Zapdos
|
|-heal|p1a: Zapdos|30/100|[from] item: Leftovers
|upkeep
|turn|6
|
|t:|1730498625
|move|p1a: Zapdos|Thunderbolt|p2a: Metagross
|-damage|p2a: Metagross|0 fnt
|faint|p2a: Metagross
|
|t:|1730498628
|switch|p2a: Snorlax|Snorlax, M|100/100
|
|-heal|p1a: Zapdos|36/100|[from] item: Leftovers
|upkeep
|turn|7
|inactive|Hykari has 270 seconds left.
|
|t:|1730498665
|move|p1a: Zapdos|Thunderbolt|p2a: Snorlax
|-damage|p2a: Snorlax|74/100
|move|p2a: Snorlax|Body Slam|p1a: Zapdos
|-crit|p1a: Zapdos
|-damage|p1a: Zapdos|0 fnt
|faint|p1a: Zapdos
|
|t:|1730498674
|switch|p1a: Jynx|Jynx, F|82/100
|
|-heal|p1a: Jynx|88/100|[from] item: Leftovers
|-heal|p2a: Snorlax|80/100|[from] item: Leftovers
|upkeep
|turn|8
|
|t:|1730498680
|switch|p2a: Magneton|Magneton, shiny|100/100
|move|p1a: Jynx|Lovely Kiss|p2a: Magneton|[miss]
|-miss|p1a: Jynx|p2a: Magneton
|
|-heal|p1a: Jynx|94/100|[from] item: Leftovers
|upkeep
|turn|9
|inactive|Hykari has 270 seconds left.
|
|t:|1730498688
|move|p1a: Jynx|Substitute|p1a: Jynx
|-start|p1a: Jynx|Substitute
|-damage|p1a: Jynx|69/100
|move|p2a: Magneton|Thunderbolt|p1a: Jynx
|-end|p1a: Jynx|Substitute
|
|-heal|p1a: Jynx|75/100|[from] item: Leftovers
|upkeep
|turn|10
|
|t:|1730498697
|switch|p1a: Dugtrio|Dugtrio, M|100/100
|move|p2a: Magneton|Hidden Power|p1a: Dugtrio
|-damage|p1a: Dugtrio|68/100
|
|upkeep
|turn|11
|
|t:|1730498702
|move|p1a: Dugtrio|Earthquake|p2a: Magneton
|-supereffective|p2a: Magneton
|-damage|p2a: Magneton|0 fnt
|faint|p2a: Magneton
|
|t:|1730498704
|switch|p2a: Porygon2|Porygon2|100/100
|-ability|p2a: Porygon2|Arena Trap|[from] ability: Trace|[of] p1a: Dugtrio
|
|upkeep
|turn|12
|
|t:|1730498710
|move|p1a: Dugtrio|Earthquake|p2a: Porygon2
|-damage|p2a: Porygon2|65/100
|move|p2a: Porygon2|Recover|p2a: Porygon2
|-heal|p2a: Porygon2|100/100
|
|upkeep
|turn|13
|
|t:|1730498715
|move|p1a: Dugtrio|Earthquake|p2a: Porygon2
|-damage|p2a: Porygon2|62/100
|move|p2a: Porygon2|Recover|p2a: Porygon2
|-heal|p2a: Porygon2|100/100
|
|upkeep
|turn|14
|
|t:|1730498718
|move|p1a: Dugtrio|Earthquake|p2a: Porygon2
|-damage|p2a: Porygon2|61/100
|move|p2a: Porygon2|Recover|p2a: Porygon2
|-heal|p2a: Porygon2|100/100
|
|upkeep
|turn|15
|
|t:|1730498721
|move|p1a: Dugtrio|Earthquake|p2a: Porygon2
|-damage|p2a: Porygon2|65/100
|move|p2a: Porygon2|Recover|p2a: Porygon2
|-heal|p2a: Porygon2|100/100
|
|upkeep
|turn|16
|
|t:|1730498723
|move|p1a: Dugtrio|Earthquake|p2a: Porygon2
|-damage|p2a: Porygon2|66/100
|move|p2a: Porygon2|Recover|p2a: Porygon2
|-heal|p2a: Porygon2|100/100
|
|upkeep
|turn|17
|
|t:|1730498726
|move|p1a: Dugtrio|Earthquake|p2a: Porygon2
|-damage|p2a: Porygon2|60/100
|move|p2a: Porygon2|Recover|p2a: Porygon2
|-heal|p2a: Porygon2|100/100
|
|upkeep
|turn|18
|
|t:|1730498730
|move|p1a: Dugtrio|Earthquake|p2a: Porygon2
|-damage|p2a: Porygon2|62/100
|move|p2a: Porygon2|Recover|p2a: Porygon2
|-heal|p2a: Porygon2|100/100
|
|upkeep
|turn|19
|
|t:|1730498732
|move|p1a: Dugtrio|Earthquake|p2a: Porygon2
|-damage|p2a: Porygon2|65/100
|move|p2a: Porygon2|Recover|p2a: Porygon2
|-heal|p2a: Porygon2|100/100
|
|upkeep
|turn|20
|
|t:|1730498734
|move|p1a: Dugtrio|Earthquake|p2a: Porygon2
|-damage|p2a: Porygon2|65/100
|move|p2a: Porygon2|Recover|p2a: Porygon2
|-heal|p2a: Porygon2|100/100
|
|upkeep
|turn|21
|
|t:|1730498738
|move|p1a: Dugtrio|Earthquake|p2a: Porygon2
|-damage|p2a: Porygon2|63/100
|move|p2a: Porygon2|Recover|p2a: Porygon2
|-heal|p2a: Porygon2|100/100
|
|upkeep
|turn|22
|
|t:|1730498741
|move|p1a: Dugtrio|Earthquake|p2a: Porygon2
|-damage|p2a: Porygon2|60/100
|move|p2a: Porygon2|Recover|p2a: Porygon2
|-heal|p2a: Porygon2|100/100
|
|upkeep
|turn|23
|
|t:|1730498744
|move|p1a: Dugtrio|Earthquake|p2a: Porygon2
|-damage|p2a: Porygon2|64/100
|move|p2a: Porygon2|Recover|p2a: Porygon2
|-heal|p2a: Porygon2|100/100
|
|upkeep
|turn|24
|
|t:|1730498746
|move|p1a: Dugtrio|Earthquake|p2a: Porygon2
|-damage|p2a: Porygon2|61/100
|move|p2a: Porygon2|Recover|p2a: Porygon2
|-heal|p2a: Porygon2|100/100
|
|upkeep
|turn|25
|
|t:|1730498748
|move|p1a: Dugtrio|Earthquake|p2a: Porygon2
|-damage|p2a: Porygon2|65/100
|move|p2a: Porygon2|Recover|p2a: Porygon2
|-heal|p2a: Porygon2|100/100
|
|upkeep
|turn|26
|
|t:|1730498750
|move|p1a: Dugtrio|Earthquake|p2a: Porygon2
|-damage|p2a: Porygon2|65/100
|move|p2a: Porygon2|Recover|p2a: Porygon2
|-heal|p2a: Porygon2|100/100
|
|upkeep
|turn|27
|
|t:|1730498756
|move|p1a: Dugtrio|Struggle|p2a: Porygon2
|-damage|p2a: Porygon2|88/100
|-damage|p1a: Dugtrio|63/100|[from] Recoil|[of] p2a: Porygon2
|move|p2a: Porygon2|Recover|p2a: Porygon2
|-heal|p2a: Porygon2|100/100
|
|upkeep
|turn|28
|
|t:|1730498761
|move|p1a: Dugtrio|Struggle|p2a: Porygon2
|-damage|p2a: Porygon2|87/100
|-damage|p1a: Dugtrio|58/100|[from] Recoil|[of] p2a: Porygon2
|move|p2a: Porygon2|Ice Beam|p1a: Dugtrio
|-supereffective|p1a: Dugtrio
|-damage|p1a: Dugtrio|0 fnt
|faint|p1a: Dugtrio
|
|t:|1730498774
|switch|p1a: Jynx|Jynx, F|75/100
|
|-heal|p1a: Jynx|81/100|[from] item: Leftovers
|-heal|p2a: Porygon2|93/100|[from] item: Leftovers
|upkeep
|turn|29
|
|t:|1730498790
|switch|p2a: Gyarados|Gyarados, M|100/100
|-ability|p2a: Gyarados|Intimidate|boost
|-unboost|p1a: Jynx|atk|1
|move|p1a: Jynx|Lovely Kiss|p2a: Gyarados|[miss]
|-miss|p1a: Jynx|p2a: Gyarados
|
|-heal|p1a: Jynx|88/100|[from] item: Leftovers
|upkeep
|turn|30
|
|t:|1730498798
|move|p1a: Jynx|Lovely Kiss|p2a: Gyarados
|-status|p2a: Gyarados|slp|[from] move: Lovely Kiss
|cant|p2a: Gyarados|slp
|
|-heal|p1a: Jynx|94/100|[from] item: Leftovers
|upkeep
|turn|31
|
|t:|1730498803
|switch|p2a: Snorlax|Snorlax, M|80/100
|move|p1a: Jynx|Substitute|p1a: Jynx
|-start|p1a: Jynx|Substitute
|-damage|p1a: Jynx|69/100
|
|-heal|p1a: Jynx|75/100|[from] item: Leftovers
|-heal|p2a: Snorlax|86/100|[from] item: Leftovers
|upkeep
|turn|32
|
|t:|1730498809
|move|p1a: Jynx|Ice Beam|p2a: Snorlax
|-damage|p2a: Snorlax|62/100
|move|p2a: Snorlax|Body Slam|p1a: Jynx
|-end|p1a: Jynx|Substitute
|
|-heal|p1a: Jynx|81/100|[from] item: Leftovers
|-heal|p2a: Snorlax|68/100|[from] item: Leftovers
|upkeep
|turn|33
|
|t:|1730498816
|move|p1a: Jynx|Ice Beam|p2a: Snorlax
|-crit|p2a: Snorlax
|-damage|p2a: Snorlax|16/100
|move|p2a: Snorlax|Earthquake|p1a: Jynx
|-damage|p1a: Jynx|1/100
|
|-heal|p1a: Jynx|7/100|[from] item: Leftovers
|-heal|p2a: Snorlax|22/100|[from] item: Leftovers
|upkeep
|turn|34
|
|t:|1730498823
|move|p1a: Jynx|Ice Beam|p2a: Snorlax
|-damage|p2a: Snorlax|0 fnt
|faint|p2a: Snorlax
|
|t:|1730498827
|switch|p2a: Porygon2|Porygon2|93/100
|-ability|p2a: Porygon2|Oblivious|[from] ability: Trace|[of] p1a: Jynx
|
|-heal|p1a: Jynx|13/100|[from] item: Leftovers
|-heal|p2a: Porygon2|99/100|[from] item: Leftovers
|upkeep
|turn|35
|
|t:|1730498833
|move|p1a: Jynx|Ice Beam|p2a: Porygon2
|-damage|p2a: Porygon2|63/100
|move|p2a: Porygon2|Ice Beam|p1a: Jynx
|-resisted|p1a: Jynx
|-damage|p1a: Jynx|0 fnt
|faint|p1a: Jynx
|inactive|Hykari has 270 seconds left.
|
|t:|1730498891
|switch|p1a: Raikou|Raikou|100/100
|
|-heal|p2a: Porygon2|69/100|[from] item: Leftovers
|upkeep
|turn|36
|
|t:|1730498895
|move|p1a: Raikou|Calm Mind|p1a: Raikou
|-boost|p1a: Raikou|spa|1
|-boost|p1a: Raikou|spd|1
|move|p2a: Porygon2|Thunder Wave|p1a: Raikou
|-status|p1a: Raikou|par
|
|-heal|p2a: Porygon2|75/100|[from] item: Leftovers
|upkeep
|turn|37
|
|t:|1730498901
|move|p2a: Porygon2|Ice Beam|p1a: Raikou
|-damage|p1a: Raikou|85/100 par
|cant|p1a: Raikou|par
|
|-heal|p2a: Porygon2|82/100|[from] item: Leftovers
|-heal|p1a: Raikou|91/100 par|[from] item: Leftovers
|upkeep
|turn|38
|
|t:|1730498906
|move|p2a: Porygon2|Ice Beam|p1a: Raikou
|-damage|p1a: Raikou|76/100 par
|move|p1a: Raikou|Calm Mind|p1a: Raikou
|-boost|p1a: Raikou|spa|1
|-boost|p1a: Raikou|spd|1
|
|-heal|p2a: Porygon2|88/100|[from] item: Leftovers
|-heal|p1a: Raikou|82/100 par|[from] item: Leftovers
|upkeep
|turn|39
|
|t:|1730498911
|move|p2a: Porygon2|Ice Beam|p1a: Raikou
|-damage|p1a: Raikou|69/100 par
|move|p1a: Raikou|Thunderbolt|p2a: Porygon2
|-crit|p2a: Porygon2
|-damage|p2a: Porygon2|0 fnt
|faint|p2a: Porygon2
|
|t:|1730498917
|switch|p2a: Gyarados|Gyarados, M|100/100 slp
|-ability|p2a: Gyarados|Intimidate|boost
|-unboost|p1a: Raikou|atk|1
|
|-heal|p1a: Raikou|76/100 par|[from] item: Leftovers
|upkeep
|turn|40
|
|t:|1730498920
|cant|p2a: Gyarados|slp
|move|p1a: Raikou|Thunderbolt|p2a: Gyarados
|-supereffective|p2a: Gyarados
|-damage|p2a: Gyarados|0 fnt
|faint|p2a: Gyarados
|
|t:|1730498923
|switch|p2a: Heracross|Heracross, F|100/100
|
|-heal|p1a: Raikou|82/100 par|[from] item: Leftovers
|upkeep
|turn|41
|
|t:|1730498935
|move|p2a: Heracross|Substitute|p2a: Heracross
|-start|p2a: Heracross|Substitute
|-damage|p2a: Heracross|76/100
|move|p1a: Raikou|Thunderbolt|p2a: Heracross
|-end|p2a: Heracross|Substitute
|
|-heal|p1a: Raikou|88/100 par|[from] item: Leftovers
|upkeep
|turn|42
|inactive|Hykari has 270 seconds left.
|inactive|Hykari has 240 seconds left.
|
|t:|1730498997
|move|p2a: Heracross|Substitute|p2a: Heracross
|-start|p2a: Heracross|Substitute
|-damage|p2a: Heracross|51/100
|move|p1a: Raikou|Thunderbolt|p2a: Heracross
|-end|p2a: Heracross|Substitute
|
|-heal|p1a: Raikou|94/100 par|[from] item: Leftovers
|upkeep
|turn|43
|
|t:|1730499005
|move|p2a: Heracross|Substitute|p2a: Heracross
|-start|p2a: Heracross|Substitute
|-damage|p2a: Heracross|26/100
|move|p1a: Raikou|Thunderbolt|p2a: Heracross
|-end|p2a: Heracross|Substitute
|
|-heal|p1a: Raikou|100/100 par|[from] item: Leftovers
|upkeep
|turn|44
|
|t:|1730499012
|move|p2a: Heracross|Substitute|p2a: Heracross
|-start|p2a: Heracross|Substitute
|-damage|p2a: Heracross|1/100
|move|p1a: Raikou|Thunderbolt|p2a: Heracross
|-end|p2a: Heracross|Substitute
|
|-enditem|p2a: Heracross|Salac Berry|[eat]
|-boost|p2a: Heracross|spe|1|[from] item: Salac Berry
|upkeep
|turn|45
|
|t:|1730499021
|move|p2a: Heracross|Reversal|p1a: Raikou
|-damage|p1a: Raikou|0 fnt
|faint|p1a: Raikou
|
|t:|1730499040
|switch|p1a: Suicune|Suicune|100/100
|
|upkeep
|turn|46
|
|t:|1730499052
|move|p2a: Heracross|Reversal|p1a: Suicune
|-damage|p1a: Suicune|3/100
|move|p1a: Suicune|Ice Beam|p2a: Heracross
|-damage|p2a: Heracross|0 fnt
|faint|p2a: Heracross
|
|win|Hykari
|c|☆Dridri457|gg
|c|☆Hykari|ggwp
|player|p2|

</script>
<script type="application/json" class="data" id="replaydata-smogtours-gen3ou-803831">
{"id":"smogtours-gen3ou-803831","format":"[Gen 3] OU","players":["Hykari","Dridri457"],"uploadtime":1730499052,"views":68,"formatid":"gen3ou","rating":null,"private":0,"password":null}
</script>

<script defer src="js/replays.js?9d40a366"></script>
