<!DOCTYPE html>
<meta charset="utf-8" />
<meta name="viewport" content="width=device-width" />

<title>[Gen 3] OU: shoegazes vs. swordpeaceAD - Replays - Pok&eacute;mon Showdown!</title>

<meta name="description" content="Watch a replay of a Pok&eacute;mon battle between shoegazes and swordpeaceAD! Format: [Gen 3] OU; Date: Oct 4, 2024" />
<!--

Hey, you! Looking in the source for the replay log?

You can find them in JSON format, just add `.json` at the end of a replay URL.

https://replay.pokemonshowdown.com/gen7randomdoublesbattle-865046831.json

Or, if you only need the log itself, add `.log` instead:

https://replay.pokemonshowdown.com/gen7randomdoublesbattle-865046831.log

-->

<link rel="stylesheet" href="//pokemonshowdown.com/style/global.css?0.023195364461161105" />
<link rel="stylesheet" href="//play.pokemonshowdown.com/style/font-awesome.css?0.13261647063804238" />
<link rel="stylesheet" href="//play.pokemonshowdown.com/style/battle.css?0.8753245789963631" />
<link rel="stylesheet" href="//play.pokemonshowdown.com/style/utilichart.css?0.8627959624976733" />

<!-- Global site tag (gtag.js) - Google Analytics -->
<script async src="https://www.googletagmanager.com/gtag/js?id=UA-26211653-1"></script>
<script>
  window.dataLayer = window.dataLayer || [];
  function gtag(){dataLayer.push(arguments);}
  gtag('js', new Date());

  gtag('config', 'UA-26211653-1');
</script>
<!-- End Google Analytics -->
<!-- Venatus Ad Manager - Install in <HEAD> of page -->
	<script src="https://hb.vntsm.com/v3/live/ad-manager.min.js" type="text/javascript" data-site-id="642aba63ec9a7b11c3c9c1be" data-mode="scan" async></script>
<!-- / Venatus Ad Manager -->

<style>
	@media (max-width:820px) {
		.battle {
			margin: 0 auto;
		}
		.battle-log {
			margin: 7px auto 0;
			max-width: 640px;
			height: 300px;
			position: static;
		}
	}
	.optgroup {
		display: inline-block;
		line-height: 22px;
		font-size: 10pt;
	}
	.optgroup .button {
		height: 25px;
		padding-top: 0;
		padding-bottom: 0;
	}
	.optgroup button.button {
		padding-left: 12px;
		padding-right: 12px;
	}
	.linklist {
		list-style: none;
		margin: 0.5em 0;
		padding: 0;
	}
	.linklist li {
		padding: 2px 0;
	}
	.sidebar {
		float: left;
		width: 320px;
	}
	.bar-wrapper {
		max-width: 1100px;
		margin: 0 auto;
	}
	.bar-wrapper.has-sidebar {
		max-width: 1430px;
	}
	.mainbar {
		margin: 0;
		padding-right: 1px;
	}
	.mainbar.has-sidebar {
		margin-left: 330px;
	}
	@media (min-width: 1511px) {
		.sidebar {
			width: 400px;
		}
		.bar-wrapper.has-sidebar {
			max-width: 1510px;
		}
		.mainbar.has-sidebar {
			margin-left: 410px;
		}
	}
	.section.first-section {
		margin-top: 9px;
	}
	.blocklink small {
		white-space: normal;
	}
	.button {
		vertical-align: middle;
	}
	.replay-controls {
		padding-top: 10px;
	}
	.replay-controls h1 {
		font-size: 16pt;
		font-weight: normal;
		color: #CCC;
	}
	.pagelink {
		text-align: center;
	}
	.pagelink a {
		width: 150px;
	}
	.textbox, .button {
		font-size: 11pt;
		vertical-align: middle;
	}
	@media (max-width: 450px) {
		.button {
			font-size: 9pt;
		}
	}
</style>

<div>

	<header>
		<div class="nav-wrapper"><ul class="nav">
			<li><a class="button nav-first" href="//pokemonshowdown.com/"><img src="//pokemonshowdown.com/images/pokemonshowdownbeta.png" srcset="//pokemonshowdown.com/images/pokemonshowdownbeta.png 1x, //pokemonshowdown.com/images/pokemonshowdownbeta@2x.png 2x" alt="Pok&eacute;mon Showdown" width="146" height="44" /> Home</a></li>
			<li><a class="button" href="//pokemonshowdown.com/dex/">Pok&eacute;dex</a></li>
			<li><a class="button cur" href="/">Replays</a></li>
			<li><a class="button" href="//pokemonshowdown.com/ladder/">Ladder</a></li>
			<li><a class="button nav-last" href="//pokemonshowdown.com/forums/">Forum</a></li>
			<li><a class="button greenbutton nav-first nav-last" href="//play.pokemonshowdown.com/">Play</a></li>
		</ul></div>
	</header>

	<div class="main" id="main">

		<noscript><section class="section">You need to enable JavaScript to use this page; sorry!</section></noscript>

	</div>

</div>

<script defer nomodule src="//play.pokemonshowdown.com/js/lib/ps-polyfill.js"></script>
<script defer src="//play.pokemonshowdown.com/js/lib/preact.min.js"></script>

<script defer src="//play.pokemonshowdown.com/config/config.js?2bddbc15"></script>
<script defer src="//play.pokemonshowdown.com/js/lib/jquery-1.11.0.min.js"></script>
<script defer src="//play.pokemonshowdown.com/js/lib/html-sanitizer-minified.js"></script>
<script defer src="//play.pokemonshowdown.com/js/battle-sound.js"></script>
<script defer src="//play.pokemonshowdown.com/js/battledata.js?0.7209276989879541"></script>
<script defer src="//play.pokemonshowdown.com/data/pokedex-mini.js?0.6111056340867951"></script>
<script defer src="//play.pokemonshowdown.com/data/pokedex-mini-bw.js?0.3532142036491459"></script>
<script defer src="//play.pokemonshowdown.com/data/graphics.js?0.24223875632456182"></script>
<script defer src="//play.pokemonshowdown.com/data/pokedex.js?0.38839984266356864"></script>
<script defer src="//play.pokemonshowdown.com/data/moves.js?0.21866028504024015"></script>
<script defer src="//play.pokemonshowdown.com/data/abilities.js?0.2005157953846628"></script>
<script defer src="//play.pokemonshowdown.com/data/items.js?0.9894211263848525"></script>
<script defer src="//play.pokemonshowdown.com/data/teambuilder-tables.js?0.6008791140282215"></script>
<script defer src="//play.pokemonshowdown.com/js/battle-tooltips.js?0.7580118955022959"></script>
<script defer src="//play.pokemonshowdown.com/js/battle.js?0.6057722274234274"></script>

<script defer src="js/utils.js?e31f9a17"></script>
<script defer src="js/replays-battle.js?7008c182"></script>

<!-- don't scrape this data! just add .json or .log after the URL!
Full API docs: https://github.com/smogon/pokemon-showdown-client/blob/master/WEB-API.md -->
<script type="text/plain" class="log" id="replaylog-smogtours-gen3ou-794612">
|inactive|Battle timer is ON: inactive players will automatically lose when time's up.
|t:|1728064420
|gametype|singles
|player|p1|shoegazes|dahlia|
|player|p2|swordpeaceAD|unknown|
|teamsize|p1|6
|teamsize|p2|6
|gen|3
|tier|[Gen 3] OU
|rule|Sleep Clause Mod: Limit one foe put to sleep
|rule|Switch Priority Clause Mod: Faster Pokémon switch first
|rule|Species Clause: Limit one of each Pokémon
|rule|OHKO Clause: OHKO moves are banned
|rule|Evasion Items Clause: Evasion items are banned
|rule|Evasion Moves Clause: Evasion moves are banned
|rule|Endless Battle Clause: Forcing endless battles is banned
|rule|HP Percentage Mod: HP is shown in percentages
|rule|One Boost Passer Clause: Limit one Baton Passer that has a way to boost its stats
|rule|Freeze Clause Mod: Limit one foe frozen
|
|t:|1728064420
|start
|switch|p1a: Tyranitar|Tyranitar, F|100/100
|switch|p2a: Salamence|Salamence, F|100/100
|-ability|p2a: Salamence|Intimidate|boost
|-unboost|p1a: Tyranitar|atk|1
|-weather|Sandstorm|[from] ability: Sand Stream|[of] p1a: Tyranitar
|turn|1
|c|☆swordpeaceAD|Let's get it
|c|☆shoegazes|hf!
|inactive|shoegazes has 270 seconds left.
|
|t:|1728064475
|switch|p2a: Hariyama|Hariyama, F|100/100
|switch|p1a: Skarmory|Skarmory, M|100/100
|
|-weather|Sandstorm|[upkeep]
|-damage|p2a: Hariyama|94/100|[from] Sandstorm
|-heal|p2a: Hariyama|100/100|[from] item: Leftovers
|upkeep
|turn|2
|
|t:|1728064496
|move|p1a: Skarmory|Spikes|p2a: Hariyama
|-sidestart|p2: swordpeaceAD|Spikes
|move|p2a: Hariyama|Knock Off|p1a: Skarmory
|-resisted|p1a: Skarmory
|-damage|p1a: Skarmory|99/100
|-enditem|p1a: Skarmory|Leftovers|[from] move: Knock Off|[of] p2a: Hariyama
|-hint|In Gens 3-4, Knock Off only makes the target's item unusable; it cannot obtain a new item.
|
|-weather|Sandstorm|[upkeep]
|-damage|p2a: Hariyama|94/100|[from] Sandstorm
|-heal|p2a: Hariyama|100/100|[from] item: Leftovers
|upkeep
|turn|3
|
|t:|1728064506
|-singleturn|p2a: Hariyama|move: Focus Punch
|move|p2a: Hariyama|Focus Punch|p1a: Skarmory
|-damage|p1a: Skarmory|41/100
|move|p1a: Skarmory|Roar|p2a: Hariyama
|drag|p2a: Suicune|Suicune|100/100
|-damage|p2a: Suicune|88/100|[from] Spikes
|
|-weather|Sandstorm|[upkeep]
|-damage|p2a: Suicune|82/100|[from] Sandstorm
|-heal|p2a: Suicune|88/100|[from] item: Leftovers
|upkeep
|turn|4
|inactive|shoegazes has 270 seconds left.
|inactive|swordpeaceAD has 270 seconds left.
|
|t:|1728064542
|switch|p2a: Claydol|Claydol|100/100
|switch|p1a: Celebi|Celebi|100/100
|
|-weather|Sandstorm|[upkeep]
|-damage|p1a: Celebi|94/100|[from] Sandstorm
|-heal|p1a: Celebi|100/100|[from] item: Leftovers
|upkeep
|turn|5
|inactive|swordpeaceAD has 270 seconds left.
|inactive|shoegazes has 270 seconds left.
|inactive|swordpeaceAD has 240 seconds left.
|
|t:|1728064578
|move|p1a: Celebi|Giga Drain|p2a: Claydol
|-supereffective|p2a: Claydol
|-damage|p2a: Claydol|48/100
|move|p2a: Claydol|Rapid Spin|p1a: Celebi
|-damage|p1a: Celebi|95/100
|-sideend|p2: swordpeaceAD|Spikes|[from] move: Rapid Spin|[of] p2a: Claydol
|
|-weather|Sandstorm|[upkeep]
|-damage|p1a: Celebi|89/100|[from] Sandstorm
|-heal|p1a: Celebi|95/100|[from] item: Leftovers
|-heal|p2a: Claydol|55/100|[from] item: Leftovers
|upkeep
|turn|6
|inactive|swordpeaceAD has 240 seconds left.
|
|t:|1728064594
|switch|p2a: Salamence|Salamence, F|100/100
|-ability|p2a: Salamence|Intimidate|boost
|-unboost|p1a: Celebi|atk|1
|move|p1a: Celebi|Leech Seed|p2a: Salamence
|-start|p2a: Salamence|move: Leech Seed
|
|-weather|Sandstorm|[upkeep]
|-damage|p2a: Salamence|94/100|[from] Sandstorm
|-damage|p1a: Celebi|89/100|[from] Sandstorm
|-damage|p2a: Salamence|82/100|[from] Leech Seed|[of] p1a: Celebi
|-heal|p1a: Celebi|100/100|[silent]
|upkeep
|turn|7
|inactive|swordpeaceAD has 240 seconds left.
|inactive|shoegazes has 270 seconds left.
|inactive|swordpeaceAD has 210 seconds left.
|inactive|shoegazes has 240 seconds left.
|
|t:|1728064639
|switch|p2a: Hariyama|Hariyama, F|100/100
|switch|p1a: Swampert|Swampert, F|100/100
|
|-weather|Sandstorm|[upkeep]
|-damage|p2a: Hariyama|94/100|[from] Sandstorm
|-heal|p2a: Hariyama|100/100|[from] item: Leftovers
|upkeep
|turn|8
|inactive|shoegazes has 240 seconds left.
|
|t:|1728064651
|switch|p1a: Skarmory|Skarmory, M|41/100
|move|p2a: Hariyama|Knock Off|p1a: Skarmory
|-resisted|p1a: Skarmory
|-damage|p1a: Skarmory|40/100
|
|-weather|Sandstorm|[upkeep]
|-damage|p2a: Hariyama|94/100|[from] Sandstorm
|-heal|p2a: Hariyama|100/100|[from] item: Leftovers
|upkeep
|turn|9
|inactive|swordpeaceAD has 210 seconds left.
|inactive|shoegazes has 240 seconds left.
|
|t:|1728064667
|move|p1a: Skarmory|Toxic|p2a: Hariyama
|-status|p2a: Hariyama|tox
|move|p2a: Hariyama|Brick Break|p1a: Skarmory
|-damage|p1a: Skarmory|14/100
|
|-weather|Sandstorm|[upkeep]
|-damage|p2a: Hariyama|94/100 tox|[from] Sandstorm
|-heal|p2a: Hariyama|100/100 tox|[from] item: Leftovers
|-damage|p2a: Hariyama|94/100 tox|[from] psn
|upkeep
|turn|10
|inactive|shoegazes has 240 seconds left.
|inactive|swordpeaceAD has 210 seconds left.
|
|t:|1728064680
|move|p1a: Skarmory|Protect|p1a: Skarmory
|-singleturn|p1a: Skarmory|Protect
|move|p2a: Hariyama|Brick Break|p1a: Skarmory
|-activate|p1a: Skarmory|Protect
|
|-weather|Sandstorm|[upkeep]
|-damage|p2a: Hariyama|88/100 tox|[from] Sandstorm
|-heal|p2a: Hariyama|94/100 tox|[from] item: Leftovers
|-damage|p2a: Hariyama|82/100 tox|[from] psn
|upkeep
|turn|11
|inactive|shoegazes has 240 seconds left.
|
|t:|1728064690
|-singleturn|p2a: Hariyama|move: Focus Punch
|move|p1a: Skarmory|Spikes|p2a: Hariyama
|-sidestart|p2: swordpeaceAD|Spikes
|move|p2a: Hariyama|Focus Punch|p1a: Skarmory
|-damage|p1a: Skarmory|0 fnt
|faint|p1a: Skarmory
|inactive|shoegazes has 240 seconds left.
|
|t:|1728064696
|switch|p1a: Celebi|Celebi|100/100
|
|-weather|Sandstorm|[upkeep]
|-damage|p1a: Celebi|94/100|[from] Sandstorm
|-damage|p2a: Hariyama|76/100 tox|[from] Sandstorm
|-heal|p1a: Celebi|100/100|[from] item: Leftovers
|-heal|p2a: Hariyama|82/100 tox|[from] item: Leftovers
|-damage|p2a: Hariyama|64/100 tox|[from] psn
|upkeep
|turn|12
|inactive|shoegazes has 240 seconds left.
|inactive|swordpeaceAD has 210 seconds left.
|inactive|swordpeaceAD has 180 seconds left.
|
|t:|1728064751
|switch|p2a: Blissey|Blissey, F|100/100
|-damage|p2a: Blissey|88/100|[from] Spikes
|move|p1a: Celebi|Psychic|p2a: Blissey
|-damage|p2a: Blissey|71/100
|
|-weather|Sandstorm|[upkeep]
|-damage|p1a: Celebi|94/100|[from] Sandstorm
|-damage|p2a: Blissey|65/100|[from] Sandstorm
|-heal|p1a: Celebi|100/100|[from] item: Leftovers
|-heal|p2a: Blissey|71/100|[from] item: Leftovers
|upkeep
|turn|13
|
|t:|1728064760
|move|p1a: Celebi|Leech Seed|p2a: Blissey
|-start|p2a: Blissey|move: Leech Seed
|move|p2a: Blissey|Ice Beam|p1a: Celebi
|-supereffective|p1a: Celebi
|-damage|p1a: Celebi|55/100
|
|-weather|Sandstorm|[upkeep]
|-damage|p1a: Celebi|49/100|[from] Sandstorm
|-damage|p2a: Blissey|65/100|[from] Sandstorm
|-heal|p1a: Celebi|55/100|[from] item: Leftovers
|-heal|p2a: Blissey|71/100|[from] item: Leftovers
|-damage|p2a: Blissey|59/100|[from] Leech Seed|[of] p1a: Celebi
|-heal|p1a: Celebi|79/100|[silent]
|upkeep
|turn|14
|inactive|shoegazes has 240 seconds left.
|
|t:|1728064782
|switch|p1a: Swampert|Swampert, F|100/100
|move|p2a: Blissey|Soft-Boiled|p2a: Blissey
|-heal|p2a: Blissey|100/100
|
|-weather|Sandstorm|[upkeep]
|-damage|p2a: Blissey|94/100|[from] Sandstorm
|-heal|p2a: Blissey|100/100|[from] item: Leftovers
|-damage|p2a: Blissey|88/100|[from] Leech Seed|[of] p1a: Swampert
|upkeep
|turn|15
|inactive|shoegazes has 240 seconds left.
|inactive|swordpeaceAD has 180 seconds left.
|
|t:|1728064816
|switch|p2a: Suicune|Suicune|88/100
|-damage|p2a: Suicune|76/100|[from] Spikes
|move|p1a: Swampert|Curse|p1a: Swampert
|-unboost|p1a: Swampert|spe|1
|-boost|p1a: Swampert|atk|1
|-boost|p1a: Swampert|def|1
|
|-weather|Sandstorm|[upkeep]
|-damage|p2a: Suicune|69/100|[from] Sandstorm
|-heal|p2a: Suicune|76/100|[from] item: Leftovers
|upkeep
|turn|16
|inactive|shoegazes has 240 seconds left.
|
|t:|1728064837
|move|p1a: Swampert|Earthquake|p2a: Suicune
|-damage|p2a: Suicune|43/100
|move|p2a: Suicune|Roar|p1a: Swampert
|drag|p1a: Celebi|Celebi|79/100
|
|-weather|Sandstorm|[upkeep]
|-damage|p1a: Celebi|73/100|[from] Sandstorm
|-damage|p2a: Suicune|37/100|[from] Sandstorm
|-heal|p1a: Celebi|79/100|[from] item: Leftovers
|-heal|p2a: Suicune|43/100|[from] item: Leftovers
|upkeep
|turn|17
|inactive|swordpeaceAD has 180 seconds left.
|
|t:|1728064853
|switch|p2a: Salamence|Salamence, F|82/100
|-ability|p2a: Salamence|Intimidate|boost
|-unboost|p1a: Celebi|atk|1
|move|p1a: Celebi|Leech Seed|p2a: Salamence
|-start|p2a: Salamence|move: Leech Seed
|
|-weather|Sandstorm|[upkeep]
|-damage|p2a: Salamence|76/100|[from] Sandstorm
|-damage|p1a: Celebi|73/100|[from] Sandstorm
|-damage|p2a: Salamence|64/100|[from] Leech Seed|[of] p1a: Celebi
|-heal|p1a: Celebi|85/100|[silent]
|-heal|p1a: Celebi|91/100|[from] item: Leftovers
|upkeep
|turn|18
|
|t:|1728064868
|switch|p1a: Metagross|Metagross|100/100
|move|p2a: Salamence|Brick Break|p1a: Metagross
|-damage|p1a: Metagross|67/100
|
|-weather|Sandstorm|[upkeep]
|-damage|p2a: Salamence|58/100|[from] Sandstorm
|-damage|p2a: Salamence|45/100|[from] Leech Seed|[of] p1a: Metagross
|-heal|p1a: Metagross|79/100|[silent]
|-heal|p1a: Metagross|85/100|[from] item: Leftovers
|upkeep
|turn|19
|inactive|shoegazes has 210 seconds left.
|inactive|swordpeaceAD has 150 seconds left.
|
|t:|1728064904
|switch|p2a: Suicune|Suicune|43/100
|-damage|p2a: Suicune|31/100|[from] Spikes
|switch|p1a: Celebi|Celebi|91/100
|
|-weather|Sandstorm|[upkeep]
|-damage|p1a: Celebi|85/100|[from] Sandstorm
|-damage|p2a: Suicune|25/100|[from] Sandstorm
|-heal|p1a: Celebi|91/100|[from] item: Leftovers
|-heal|p2a: Suicune|31/100|[from] item: Leftovers
|upkeep
|turn|20
|
|t:|1728064917
|move|p1a: Celebi|Giga Drain|p2a: Suicune
|-supereffective|p2a: Suicune
|-damage|p2a: Suicune|0 fnt
|-heal|p1a: Celebi|100/100|[from] drain|[of] p2a: Suicune
|faint|p2a: Suicune
|
|t:|1728064925
|switch|p2a: Salamence|Salamence, F|45/100
|-ability|p2a: Salamence|Intimidate|boost
|-unboost|p1a: Celebi|atk|1
|
|-weather|Sandstorm|[upkeep]
|-damage|p2a: Salamence|39/100|[from] Sandstorm
|-damage|p1a: Celebi|94/100|[from] Sandstorm
|-heal|p1a: Celebi|100/100|[from] item: Leftovers
|upkeep
|turn|21
|inactive|shoegazes has 210 seconds left.
|inactive|shoegazes has 180 seconds left.
|inactive|swordpeaceAD has 120 seconds left.
|
|t:|1728064997
|switch|p1a: Metagross|Metagross|85/100
|move|p2a: Salamence|Earthquake|p1a: Metagross
|-supereffective|p1a: Metagross
|-damage|p1a: Metagross|1/100
|
|-weather|Sandstorm|[upkeep]
|-damage|p2a: Salamence|33/100|[from] Sandstorm
|-heal|p1a: Metagross|7/100|[from] item: Leftovers
|upkeep
|turn|22
|inactive|shoegazes has 180 seconds left.
|inactive|swordpeaceAD has 90 seconds left.
|
|t:|1728065017
|switch|p1a: Aerodactyl|Aerodactyl, M|100/100
|move|p2a: Salamence|Earthquake|p1a: Aerodactyl
|-immune|p1a: Aerodactyl
|
|-weather|Sandstorm|[upkeep]
|-damage|p2a: Salamence|27/100|[from] Sandstorm
|upkeep
|turn|23
|inactive|swordpeaceAD has 90 seconds left.
|
|t:|1728065028
|switch|p2a: Jirachi|Jirachi|100/100
|-damage|p2a: Jirachi|88/100|[from] Spikes
|move|p1a: Aerodactyl|Double-Edge|p2a: Jirachi
|-resisted|p2a: Jirachi
|-damage|p2a: Jirachi|71/100
|
|-weather|Sandstorm|[upkeep]
|-heal|p2a: Jirachi|78/100|[from] item: Leftovers
|upkeep
|turn|24
|inactive|shoegazes has 180 seconds left.
|
|t:|1728065044
|switch|p1a: Metagross|Metagross|7/100
|move|p2a: Jirachi|Wish|p2a: Jirachi
|
|-weather|Sandstorm|[upkeep]
|-heal|p2a: Jirachi|84/100|[from] item: Leftovers
|-heal|p1a: Metagross|13/100|[from] item: Leftovers
|upkeep
|turn|25
|
|t:|1728065058
|move|p2a: Jirachi|Fire Punch|p1a: Metagross
|-supereffective|p1a: Metagross
|-damage|p1a: Metagross|0 fnt
|faint|p1a: Metagross
|inactive|shoegazes has 150 seconds left.
|
|t:|1728065101
|switch|p1a: Tyranitar|Tyranitar, F|100/100
|
|-heal|p2a: Jirachi|100/100|[from] move: Wish|[wisher] Jirachi
|-weather|Sandstorm|[upkeep]
|upkeep
|turn|26
|inactive|swordpeaceAD has 90 seconds left.
|inactive|swordpeaceAD has 60 seconds left.
|
|t:|1728065173
|switch|p2a: Salamence|Salamence, F|27/100
|-ability|p2a: Salamence|Intimidate|boost
|-unboost|p1a: Tyranitar|atk|1
|move|p1a: Tyranitar|Dragon Dance|p1a: Tyranitar
|-boost|p1a: Tyranitar|atk|1
|-boost|p1a: Tyranitar|spe|1
|
|-weather|Sandstorm|[upkeep]
|-damage|p2a: Salamence|21/100|[from] Sandstorm
|upkeep
|turn|27
|inactive|shoegazes has 150 seconds left.
|inactive|shoegazes has 120 seconds left.
|
|t:|1728065220
|move|p1a: Tyranitar|Rock Slide|p2a: Salamence
|-supereffective|p2a: Salamence
|-damage|p2a: Salamence|0 fnt
|faint|p2a: Salamence
|
|t:|1728065232
|switch|p2a: Hariyama|Hariyama, F|64/100 tox
|-damage|p2a: Hariyama|52/100 tox|[from] Spikes
|
|-weather|Sandstorm|[upkeep]
|-damage|p2a: Hariyama|46/100 tox|[from] Sandstorm
|-heal|p2a: Hariyama|52/100 tox|[from] item: Leftovers
|-damage|p2a: Hariyama|46/100 tox|[from] psn
|upkeep
|turn|28
|inactive|shoegazes has 120 seconds left.
|
|t:|1728065268
|switch|p1a: Celebi|Celebi|100/100
|move|p2a: Hariyama|Hidden Power|p1a: Celebi
|-supereffective|p1a: Celebi
|-damage|p1a: Celebi|15/100
|
|-weather|Sandstorm|[upkeep]
|-damage|p1a: Celebi|9/100|[from] Sandstorm
|-damage|p2a: Hariyama|40/100 tox|[from] Sandstorm
|-heal|p1a: Celebi|15/100|[from] item: Leftovers
|-heal|p2a: Hariyama|46/100 tox|[from] item: Leftovers
|-damage|p2a: Hariyama|34/100 tox|[from] psn
|upkeep
|turn|29
|inactive|swordpeaceAD has 30 seconds left.
|
|t:|1728065300
|switch|p2a: Blissey|Blissey, F|88/100
|-damage|p2a: Blissey|76/100|[from] Spikes
|move|p1a: Celebi|Leech Seed|p2a: Blissey|[miss]
|-miss|p1a: Celebi|p2a: Blissey
|
|-weather|Sandstorm|[upkeep]
|-damage|p1a: Celebi|9/100|[from] Sandstorm
|-damage|p2a: Blissey|69/100|[from] Sandstorm
|-heal|p1a: Celebi|15/100|[from] item: Leftovers
|-heal|p2a: Blissey|76/100|[from] item: Leftovers
|upkeep
|turn|30
|inactive|swordpeaceAD has 30 seconds left.
|
|t:|1728065310
|move|p1a: Celebi|Leech Seed|p2a: Blissey
|-start|p2a: Blissey|move: Leech Seed
|move|p2a: Blissey|Ice Beam|p1a: Celebi
|-supereffective|p1a: Celebi
|-damage|p1a: Celebi|0 fnt
|faint|p1a: Celebi
|
|t:|1728065313
|switch|p1a: Tyranitar|Tyranitar, F|100/100
|
|-weather|Sandstorm|[upkeep]
|-damage|p2a: Blissey|69/100|[from] Sandstorm
|-heal|p2a: Blissey|76/100|[from] item: Leftovers
|-damage|p2a: Blissey|63/100|[from] Leech Seed|[of] p1a: Tyranitar
|upkeep
|turn|31
|inactive|swordpeaceAD has 30 seconds left.
|inactive|swordpeaceAD has 20 seconds left.
|inactive|swordpeaceAD has 15 seconds left.
|
|t:|1728065347
|switch|p2a: Claydol|Claydol|55/100
|move|p1a: Tyranitar|Dragon Dance|p1a: Tyranitar
|-boost|p1a: Tyranitar|atk|1
|-boost|p1a: Tyranitar|spe|1
|
|-weather|Sandstorm|[upkeep]
|-heal|p2a: Claydol|61/100|[from] item: Leftovers
|upkeep
|turn|32
|inactive|swordpeaceAD has 25 seconds left this turn.
|inactive|shoegazes has 120 seconds left.
|inactive|swordpeaceAD has 20 seconds left.
|inactive|swordpeaceAD has 15 seconds left.
|
|t:|1728065365
|switch|p2a: Hariyama|Hariyama, F|34/100 tox
|-damage|p2a: Hariyama|21/100 tox|[from] Spikes
|move|p1a: Tyranitar|Hidden Power|p2a: Hariyama
|-resisted|p2a: Hariyama
|-crit|p2a: Hariyama
|-damage|p2a: Hariyama|0 fnt
|faint|p2a: Hariyama
|inactive|swordpeaceAD has 20 seconds left this turn.
|inactive|swordpeaceAD has 15 seconds left.
|
|t:|1728065374
|switch|p2a: Jirachi|Jirachi|100/100
|-damage|p2a: Jirachi|88/100|[from] Spikes
|
|-weather|Sandstorm|[upkeep]
|-heal|p2a: Jirachi|94/100|[from] item: Leftovers
|upkeep
|turn|33
|inactive|swordpeaceAD has 25 seconds left this turn.
|inactive|shoegazes has 120 seconds left.
|inactive|swordpeaceAD has 20 seconds left.
|inactive|swordpeaceAD has 15 seconds left.
|
|t:|1728065386
|move|p1a: Tyranitar|Dragon Dance|p1a: Tyranitar
|-boost|p1a: Tyranitar|atk|1
|-boost|p1a: Tyranitar|spe|1
|move|p2a: Jirachi|Toxic|p1a: Tyranitar
|-status|p1a: Tyranitar|tox
|-enditem|p1a: Tyranitar|Lum Berry|[eat]
|-curestatus|p1a: Tyranitar|tox|[msg]
|
|-weather|Sandstorm|[upkeep]
|-heal|p2a: Jirachi|100/100|[from] item: Leftovers
|upkeep
|turn|34
|inactive|swordpeaceAD has 25 seconds left this turn.
|inactive|swordpeaceAD has 20 seconds left.
|
|t:|1728065394
|move|p1a: Tyranitar|Earthquake|p2a: Jirachi
|-supereffective|p2a: Jirachi
|-damage|p2a: Jirachi|13/100
|move|p2a: Jirachi|Fire Punch|p1a: Tyranitar
|-resisted|p1a: Tyranitar
|-damage|p1a: Tyranitar|92/100
|-status|p1a: Tyranitar|brn
|
|-weather|Sandstorm|[upkeep]
|-damage|p1a: Tyranitar|79/100 brn|[from] brn
|-heal|p2a: Jirachi|19/100|[from] item: Leftovers
|upkeep
|turn|35
|inactive|swordpeaceAD has 30 seconds left this turn.
|c|+xtina xendrix|.
|inactive|swordpeaceAD has 20 seconds left.
|
|t:|1728065408
|move|p1a: Tyranitar|Hidden Power|p2a: Jirachi
|-damage|p2a: Jirachi|4/100
|move|p2a: Jirachi|Wish|p2a: Jirachi
|
|-weather|Sandstorm|[upkeep]
|-damage|p1a: Tyranitar|67/100 brn|[from] brn
|-heal|p2a: Jirachi|10/100|[from] item: Leftovers
|upkeep
|turn|36
|inactive|swordpeaceAD has 30 seconds left this turn.
|
|t:|1728065418
|move|p2a: Jirachi|Protect|p2a: Jirachi
|-singleturn|p2a: Jirachi|Protect
|move|p1a: Tyranitar|Dragon Dance|p1a: Tyranitar
|-boost|p1a: Tyranitar|atk|1
|-boost|p1a: Tyranitar|spe|1
|
|-heal|p2a: Jirachi|60/100|[from] move: Wish|[wisher] Jirachi
|-weather|Sandstorm|[upkeep]
|-damage|p1a: Tyranitar|55/100 brn|[from] brn
|-heal|p2a: Jirachi|66/100|[from] item: Leftovers
|upkeep
|turn|37
|inactive|swordpeaceAD has 30 seconds left.
|inactive|swordpeaceAD has 20 seconds left.
|inactive|swordpeaceAD has 15 seconds left.
|
|t:|1728065438
|move|p1a: Tyranitar|Earthquake|p2a: Jirachi
|-supereffective|p2a: Jirachi
|-damage|p2a: Jirachi|9/100
|move|p2a: Jirachi|Wish|p2a: Jirachi
|
|-weather|Sandstorm|[upkeep]
|-damage|p1a: Tyranitar|43/100 brn|[from] brn
|-heal|p2a: Jirachi|15/100|[from] item: Leftovers
|upkeep
|turn|38
|inactive|swordpeaceAD has 25 seconds left this turn.
|inactive|swordpeaceAD has 20 seconds left.
|inactive|swordpeaceAD has 15 seconds left.
|inactive|shoegazes has 150 seconds left.
|inactive|swordpeaceAD has 10 seconds left.
|
|t:|1728065455
|move|p2a: Jirachi|Protect|p2a: Jirachi
|-singleturn|p2a: Jirachi|Protect
|move|p1a: Tyranitar|Dragon Dance|p1a: Tyranitar
|-boost|p1a: Tyranitar|atk|1
|-boost|p1a: Tyranitar|spe|1
|
|-heal|p2a: Jirachi|65/100|[from] move: Wish|[wisher] Jirachi
|-weather|Sandstorm|[upkeep]
|-damage|p1a: Tyranitar|30/100 brn|[from] brn
|-heal|p2a: Jirachi|71/100|[from] item: Leftovers
|upkeep
|turn|39
|inactive|swordpeaceAD has 20 seconds left this turn.
|inactive|swordpeaceAD has 15 seconds left.
|inactive|swordpeaceAD has 10 seconds left.
|
|t:|1728065467
|move|p1a: Tyranitar|Earthquake|p2a: Jirachi
|-supereffective|p2a: Jirachi
|-damage|p2a: Jirachi|9/100
|move|p2a: Jirachi|Wish|p2a: Jirachi
|
|-weather|Sandstorm|[upkeep]
|-damage|p1a: Tyranitar|18/100 brn|[from] brn
|-heal|p2a: Jirachi|15/100|[from] item: Leftovers
|upkeep
|turn|40
|inactive|swordpeaceAD has 20 seconds left this turn.
|inactive|swordpeaceAD has 15 seconds left.
|
|t:|1728065477
|switch|p2a: Claydol|Claydol|61/100
|move|p1a: Tyranitar|Earthquake|p2a: Claydol
|-immune|p2a: Claydol
|
|-heal|p2a: Claydol|100/100|[from] move: Wish|[wisher] Jirachi
|-weather|Sandstorm|[upkeep]
|-damage|p1a: Tyranitar|6/100 brn|[from] brn
|upkeep
|turn|41
|inactive|swordpeaceAD has 25 seconds left this turn.
|inactive|swordpeaceAD has 20 seconds left.
|inactive|swordpeaceAD has 15 seconds left.
|inactive|swordpeaceAD has 10 seconds left.
|inactive|swordpeaceAD has 5 seconds left.
|
|t:|1728065497
|switch|p2a: Jirachi|Jirachi|15/100
|-damage|p2a: Jirachi|2/100|[from] Spikes
|move|p1a: Tyranitar|Hidden Power|p2a: Jirachi
|-damage|p2a: Jirachi|0 fnt
|faint|p2a: Jirachi
|inactive|swordpeaceAD has 10 seconds left this turn.
|inactive|swordpeaceAD has 5 seconds left.
|
|t:|1728065505
|switch|p2a: Claydol|Claydol|100/100
|
|-weather|Sandstorm|[upkeep]
|-damage|p1a: Tyranitar|0 fnt|[from] brn
|faint|p1a: Tyranitar
|upkeep
|inactive|swordpeaceAD has 10 seconds left this turn.
|
|t:|1728065508
|switch|p1a: Swampert|Swampert, F|100/100
|turn|42
|inactive|swordpeaceAD has 20 seconds left this turn.
|inactive|swordpeaceAD has 15 seconds left.
|inactive|swordpeaceAD has 10 seconds left.
|
|t:|1728065520
|move|p2a: Claydol|Earthquake|p1a: Swampert
|-damage|p1a: Swampert|68/100
|move|p1a: Swampert|Curse|p1a: Swampert
|-unboost|p1a: Swampert|spe|1
|-boost|p1a: Swampert|atk|1
|-boost|p1a: Swampert|def|1
|
|-weather|Sandstorm|[upkeep]
|-heal|p1a: Swampert|74/100|[from] item: Leftovers
|upkeep
|turn|43
|inactive|swordpeaceAD has 20 seconds left this turn.
|inactive|swordpeaceAD has 15 seconds left.
|inactive|swordpeaceAD has 10 seconds left.
|
|t:|1728065534
|move|p2a: Claydol|Earthquake|p1a: Swampert
|-damage|p1a: Swampert|53/100
|move|p1a: Swampert|Hydro Pump|p2a: Claydol|[miss]
|-miss|p1a: Swampert|p2a: Claydol
|
|-weather|Sandstorm|[upkeep]
|-heal|p1a: Swampert|59/100|[from] item: Leftovers
|upkeep
|turn|44
|inactive|swordpeaceAD has 20 seconds left this turn.
|inactive|swordpeaceAD has 15 seconds left.
|inactive|swordpeaceAD has 10 seconds left.
|
|t:|1728065547
|move|p2a: Claydol|Earthquake|p1a: Swampert
|-damage|p1a: Swampert|37/100
|move|p1a: Swampert|Hydro Pump|p2a: Claydol
|-supereffective|p2a: Claydol
|-damage|p2a: Claydol|10/100
|
|-weather|Sandstorm|[upkeep]
|-heal|p2a: Claydol|16/100|[from] item: Leftovers
|-heal|p1a: Swampert|43/100|[from] item: Leftovers
|upkeep
|turn|45
|inactive|swordpeaceAD has 20 seconds left this turn.
|inactive|swordpeaceAD has 15 seconds left.
|inactive|swordpeaceAD has 10 seconds left.
|
|t:|1728065562
|move|p2a: Claydol|Explosion|p1a: Swampert
|-damage|p1a: Swampert|0 fnt
|faint|p2a: Claydol
|faint|p1a: Swampert
|inactive|swordpeaceAD has 20 seconds left this turn.
|
|t:|1728065564
|switch|p2a: Blissey|Blissey, F|63/100
|switch|p1a: Aerodactyl|Aerodactyl, M|100/100
|-damage|p2a: Blissey|51/100|[from] Spikes
|
|-weather|Sandstorm|[upkeep]
|-damage|p2a: Blissey|45/100|[from] Sandstorm
|-heal|p2a: Blissey|51/100|[from] item: Leftovers
|upkeep
|turn|46
|inactive|swordpeaceAD has 30 seconds left this turn.
|
|t:|1728065568
|move|p1a: Aerodactyl|Double-Edge|p2a: Blissey
|-damage|p2a: Blissey|0 fnt
|faint|p2a: Blissey
|
|win|shoegazes
|c|☆shoegazes|gg
|c|☆swordpeaceAD|gg

</script>
<script type="application/json" class="data" id="replaydata-smogtours-gen3ou-794612">
{"id":"smogtours-gen3ou-794612","format":"[Gen 3] OU","players":["shoegazes","swordpeaceAD"],"uploadtime":1728065568,"views":115,"formatid":"gen3ou","rating":null,"private":0,"password":null}
</script>

<script defer src="js/replays.js?9d40a366"></script>
