<!DOCTYPE html>
<meta charset="utf-8" />
<meta name="viewport" content="width=device-width" />

<title>[Gen 3] OU: ojr vs. Key to Life - Replays - Pok&eacute;mon Showdown!</title>

<meta name="description" content="Watch a replay of a Pok&eacute;mon battle between ojr and Key to Life! Format: [Gen 3] OU; Date: Oct 25, 2024" />
<!--

Hey, you! Looking in the source for the replay log?

You can find them in JSON format, just add `.json` at the end of a replay URL.

https://replay.pokemonshowdown.com/gen7randomdoublesbattle-865046831.json

Or, if you only need the log itself, add `.log` instead:

https://replay.pokemonshowdown.com/gen7randomdoublesbattle-865046831.log

-->

<link rel="stylesheet" href="//pokemonshowdown.com/style/global.css?0.023195364461161105" />
<link rel="stylesheet" href="//play.pokemonshowdown.com/style/font-awesome.css?0.13261647063804238" />
<link rel="stylesheet" href="//play.pokemonshowdown.com/style/battle.css?0.8753245789963631" />
<link rel="stylesheet" href="//play.pokemonshowdown.com/style/utilichart.css?0.8627959624976733" />

<!-- Global site tag (gtag.js) - Google Analytics -->
<script async src="https://www.googletagmanager.com/gtag/js?id=UA-26211653-1"></script>
<script>
  window.dataLayer = window.dataLayer || [];
  function gtag(){dataLayer.push(arguments);}
  gtag('js', new Date());

  gtag('config', 'UA-26211653-1');
</script>
<!-- End Google Analytics -->
<!-- Venatus Ad Manager - Install in <HEAD> of page -->
	<script src="https://hb.vntsm.com/v3/live/ad-manager.min.js" type="text/javascript" data-site-id="642aba63ec9a7b11c3c9c1be" data-mode="scan" async></script>
<!-- / Venatus Ad Manager -->

<style>
	@media (max-width:820px) {
		.battle {
			margin: 0 auto;
		}
		.battle-log {
			margin: 7px auto 0;
			max-width: 640px;
			height: 300px;
			position: static;
		}
	}
	.optgroup {
		display: inline-block;
		line-height: 22px;
		font-size: 10pt;
	}
	.optgroup .button {
		height: 25px;
		padding-top: 0;
		padding-bottom: 0;
	}
	.optgroup button.button {
		padding-left: 12px;
		padding-right: 12px;
	}
	.linklist {
		list-style: none;
		margin: 0.5em 0;
		padding: 0;
	}
	.linklist li {
		padding: 2px 0;
	}
	.sidebar {
		float: left;
		width: 320px;
	}
	.bar-wrapper {
		max-width: 1100px;
		margin: 0 auto;
	}
	.bar-wrapper.has-sidebar {
		max-width: 1430px;
	}
	.mainbar {
		margin: 0;
		padding-right: 1px;
	}
	.mainbar.has-sidebar {
		margin-left: 330px;
	}
	@media (min-width: 1511px) {
		.sidebar {
			width: 400px;
		}
		.bar-wrapper.has-sidebar {
			max-width: 1510px;
		}
		.mainbar.has-sidebar {
			margin-left: 410px;
		}
	}
	.section.first-section {
		margin-top: 9px;
	}
	.blocklink small {
		white-space: normal;
	}
	.button {
		vertical-align: middle;
	}
	.replay-controls {
		padding-top: 10px;
	}
	.replay-controls h1 {
		font-size: 16pt;
		font-weight: normal;
		color: #CCC;
	}
	.pagelink {
		text-align: center;
	}
	.pagelink a {
		width: 150px;
	}
	.textbox, .button {
		font-size: 11pt;
		vertical-align: middle;
	}
	@media (max-width: 450px) {
		.button {
			font-size: 9pt;
		}
	}
</style>

<div>

	<header>
		<div class="nav-wrapper"><ul class="nav">
			<li><a class="button nav-first" href="//pokemonshowdown.com/"><img src="//pokemonshowdown.com/images/pokemonshowdownbeta.png" srcset="//pokemonshowdown.com/images/pokemonshowdownbeta.png 1x, //pokemonshowdown.com/images/pokemonshowdownbeta@2x.png 2x" alt="Pok&eacute;mon Showdown" width="146" height="44" /> Home</a></li>
			<li><a class="button" href="//pokemonshowdown.com/dex/">Pok&eacute;dex</a></li>
			<li><a class="button cur" href="/">Replays</a></li>
			<li><a class="button" href="//pokemonshowdown.com/ladder/">Ladder</a></li>
			<li><a class="button nav-last" href="//pokemonshowdown.com/forums/">Forum</a></li>
			<li><a class="button greenbutton nav-first nav-last" href="//play.pokemonshowdown.com/">Play</a></li>
		</ul></div>
	</header>

	<div class="main" id="main">

		<noscript><section class="section">You need to enable JavaScript to use this page; sorry!</section></noscript>

	</div>

</div>

<script defer nomodule src="//play.pokemonshowdown.com/js/lib/ps-polyfill.js"></script>
<script defer src="//play.pokemonshowdown.com/js/lib/preact.min.js"></script>

<script defer src="//play.pokemonshowdown.com/config/config.js?2bddbc15"></script>
<script defer src="//play.pokemonshowdown.com/js/lib/jquery-1.11.0.min.js"></script>
<script defer src="//play.pokemonshowdown.com/js/lib/html-sanitizer-minified.js"></script>
<script defer src="//play.pokemonshowdown.com/js/battle-sound.js"></script>
<script defer src="//play.pokemonshowdown.com/js/battledata.js?0.7209276989879541"></script>
<script defer src="//play.pokemonshowdown.com/data/pokedex-mini.js?0.6111056340867951"></script>
<script defer src="//play.pokemonshowdown.com/data/pokedex-mini-bw.js?0.3532142036491459"></script>
<script defer src="//play.pokemonshowdown.com/data/graphics.js?0.24223875632456182"></script>
<script defer src="//play.pokemonshowdown.com/data/pokedex.js?0.38839984266356864"></script>
<script defer src="//play.pokemonshowdown.com/data/moves.js?0.21866028504024015"></script>
<script defer src="//play.pokemonshowdown.com/data/abilities.js?0.2005157953846628"></script>
<script defer src="//play.pokemonshowdown.com/data/items.js?0.9894211263848525"></script>
<script defer src="//play.pokemonshowdown.com/data/teambuilder-tables.js?0.6008791140282215"></script>
<script defer src="//play.pokemonshowdown.com/js/battle-tooltips.js?0.7580118955022959"></script>
<script defer src="//play.pokemonshowdown.com/js/battle.js?0.6057722274234274"></script>

<script defer src="js/utils.js?e31f9a17"></script>
<script defer src="js/replays-battle.js?7008c182"></script>

<!-- don't scrape this data! just add .json or .log after the URL!
Full API docs: https://github.com/smogon/pokemon-showdown-client/blob/master/WEB-API.md -->
<script type="text/plain" class="log" id="replaylog-smogtours-gen3ou-801904">
|inactive|Battle timer is ON: inactive players will automatically lose when time's up.
|t:|1729887102
|gametype|singles
|player|p1|ojr|#ptplvjirachis|
|player|p2|Key to Life|caitlin|
|teamsize|p1|6
|teamsize|p2|6
|gen|3
|tier|[Gen 3] OU
|rule|Sleep Clause Mod: Limit one foe put to sleep
|rule|Switch Priority Clause Mod: Faster Pokémon switch first
|rule|Species Clause: Limit one of each Pokémon
|rule|OHKO Clause: OHKO moves are banned
|rule|Evasion Items Clause: Evasion items are banned
|rule|Evasion Moves Clause: Evasion moves are banned
|rule|Endless Battle Clause: Forcing endless battles is banned
|rule|HP Percentage Mod: HP is shown in percentages
|rule|One Boost Passer Clause: Limit one Baton Passer that has a way to boost its stats
|rule|Freeze Clause Mod: Limit one foe frozen
|
|t:|1729887102
|start
|switch|p1a: Desert Ruins|Regirock, shiny|100/100
|switch|p2a: Tyranitar|Tyranitar, F|100/100
|-weather|Sandstorm|[from] ability: Sand Stream|[of] p2a: Tyranitar
|turn|1
|c|☆ojr|hf
|inactive|Key to Life has 270 seconds left.
|
|t:|1729887148
|switch|p2a: Skarmory|Skarmory, M|100/100
|move|p1a: Desert Ruins|Thunder Wave|p2a: Skarmory
|-status|p2a: Skarmory|par
|
|-weather|Sandstorm|[upkeep]
|upkeep
|turn|2
|
|t:|1729887170
|switch|p1a: Power Plant|Zapdos, shiny|100/100
|move|p2a: Skarmory|Toxic|p1a: Power Plant
|-status|p1a: Power Plant|tox
|
|-weather|Sandstorm|[upkeep]
|-damage|p1a: Power Plant|94/100 tox|[from] Sandstorm
|-heal|p1a: Power Plant|100/100 tox|[from] item: Leftovers
|-damage|p1a: Power Plant|94/100 tox|[from] psn
|upkeep
|turn|3
|c|☆Key to Life|u2
|
|t:|1729887186
|switch|p1a: Pattern Bush|Heracross, F|100/100
|switch|p2a: Blissey|Blissey, F|100/100
|
|-weather|Sandstorm|[upkeep]
|-damage|p1a: Pattern Bush|95/100|[from] Sandstorm
|-damage|p2a: Blissey|94/100|[from] Sandstorm
|-heal|p1a: Pattern Bush|100/100|[from] item: Leftovers
|-heal|p2a: Blissey|100/100|[from] item: Leftovers
|upkeep
|turn|4
|
|t:|1729887197
|switch|p2a: Gengar|Gengar, M|100/100
|move|p1a: Pattern Bush|Substitute|p1a: Pattern Bush
|-start|p1a: Pattern Bush|Substitute
|-damage|p1a: Pattern Bush|76/100
|
|-weather|Sandstorm|[upkeep]
|-damage|p2a: Gengar|94/100|[from] Sandstorm
|-damage|p1a: Pattern Bush|70/100|[from] Sandstorm
|-heal|p2a: Gengar|100/100|[from] item: Leftovers
|-heal|p1a: Pattern Bush|76/100|[from] item: Leftovers
|upkeep
|turn|5
|
|t:|1729887201
|move|p2a: Gengar|Thunderbolt|p1a: Pattern Bush
|-end|p1a: Pattern Bush|Substitute
|move|p1a: Pattern Bush|Rock Slide|p2a: Gengar
|-damage|p2a: Gengar|46/100
|
|-weather|Sandstorm|[upkeep]
|-damage|p2a: Gengar|40/100|[from] Sandstorm
|-damage|p1a: Pattern Bush|70/100|[from] Sandstorm
|-heal|p2a: Gengar|46/100|[from] item: Leftovers
|-heal|p1a: Pattern Bush|76/100|[from] item: Leftovers
|upkeep
|turn|6
|
|t:|1729887208
|switch|p2a: Swampert|Swampert, M|100/100
|move|p1a: Pattern Bush|Rock Slide|p2a: Swampert
|-resisted|p2a: Swampert
|-damage|p2a: Swampert|89/100
|
|-weather|Sandstorm|[upkeep]
|-damage|p1a: Pattern Bush|70/100|[from] Sandstorm
|-heal|p1a: Pattern Bush|76/100|[from] item: Leftovers
|-heal|p2a: Swampert|95/100|[from] item: Leftovers
|upkeep
|turn|7
|
|t:|1729887224
|switch|p1a: The Under|Suicune, shiny|100/100
|switch|p2a: Zapdos|Zapdos|100/100
|
|-weather|Sandstorm|[upkeep]
|-damage|p2a: Zapdos|94/100|[from] Sandstorm
|-damage|p1a: The Under|94/100|[from] Sandstorm
|-heal|p2a: Zapdos|100/100|[from] item: Leftovers
|-heal|p1a: The Under|100/100|[from] item: Leftovers
|upkeep
|turn|8
|
|t:|1729887235
|switch|p2a: Skarmory|Skarmory, M|100/100 par
|switch|p1a: Ancient Tomb|Registeel, shiny|100/100
|
|-weather|Sandstorm|[upkeep]
|upkeep
|turn|9
|
|t:|1729887257
|switch|p1a: Power Plant|Zapdos, shiny|94/100 tox
|cant|p2a: Skarmory|par
|
|-weather|Sandstorm|[upkeep]
|-damage|p1a: Power Plant|88/100 tox|[from] Sandstorm
|-heal|p1a: Power Plant|94/100 tox|[from] item: Leftovers
|-damage|p1a: Power Plant|88/100 tox|[from] psn
|upkeep
|turn|10
|
|t:|1729887268
|switch|p1a: Pattern Bush|Heracross, F|76/100
|switch|p2a: Swampert|Swampert, M|95/100
|
|-weather|Sandstorm|[upkeep]
|-damage|p1a: Pattern Bush|70/100|[from] Sandstorm
|-heal|p1a: Pattern Bush|76/100|[from] item: Leftovers
|-heal|p2a: Swampert|100/100|[from] item: Leftovers
|upkeep
|turn|11
|
|t:|1729887290
|switch|p1a: The Under|Suicune, shiny|100/100
|move|p2a: Swampert|Hydro Pump|p1a: The Under|[miss]
|-miss|p2a: Swampert|p1a: The Under
|
|-weather|Sandstorm|[upkeep]
|-damage|p1a: The Under|94/100|[from] Sandstorm
|-heal|p1a: The Under|100/100|[from] item: Leftovers
|upkeep
|turn|12
|
|t:|1729887305
|move|p1a: The Under|Calm Mind|p1a: The Under
|-boost|p1a: The Under|spa|1
|-boost|p1a: The Under|spd|1
|move|p2a: Swampert|Hydro Pump|p1a: The Under
|-resisted|p1a: The Under
|-damage|p1a: The Under|90/100
|
|-weather|Sandstorm|[upkeep]
|-damage|p1a: The Under|84/100|[from] Sandstorm
|-heal|p1a: The Under|90/100|[from] item: Leftovers
|upkeep
|turn|13
|
|t:|1729887317
|switch|p2a: Blissey|Blissey, F|100/100
|move|p1a: The Under|Surf|p2a: Blissey
|-damage|p2a: Blissey|74/100
|
|-weather|Sandstorm|[upkeep]
|-damage|p1a: The Under|84/100|[from] Sandstorm
|-damage|p2a: Blissey|68/100|[from] Sandstorm
|-heal|p1a: The Under|90/100|[from] item: Leftovers
|-heal|p2a: Blissey|74/100|[from] item: Leftovers
|upkeep
|turn|14
|
|t:|1729887331
|move|p1a: The Under|Calm Mind|p1a: The Under
|-boost|p1a: The Under|spa|1
|-boost|p1a: The Under|spd|1
|move|p2a: Blissey|Toxic|p1a: The Under
|-status|p1a: The Under|tox
|
|-weather|Sandstorm|[upkeep]
|-damage|p1a: The Under|84/100 tox|[from] Sandstorm
|-damage|p2a: Blissey|68/100|[from] Sandstorm
|-heal|p1a: The Under|90/100 tox|[from] item: Leftovers
|-damage|p1a: The Under|84/100 tox|[from] psn
|-heal|p2a: Blissey|74/100|[from] item: Leftovers
|upkeep
|turn|15
|
|t:|1729887335
|move|p1a: The Under|Surf|p2a: Blissey
|-damage|p2a: Blissey|43/100
|move|p2a: Blissey|Soft-Boiled|p2a: Blissey
|-heal|p2a: Blissey|93/100
|
|-weather|Sandstorm|[upkeep]
|-damage|p1a: The Under|78/100 tox|[from] Sandstorm
|-damage|p2a: Blissey|87/100|[from] Sandstorm
|-heal|p1a: The Under|84/100 tox|[from] item: Leftovers
|-damage|p1a: The Under|72/100 tox|[from] psn
|-heal|p2a: Blissey|93/100|[from] item: Leftovers
|upkeep
|turn|16
|
|t:|1729887343
|move|p1a: The Under|Surf|p2a: Blissey
|-damage|p2a: Blissey|57/100
|move|p2a: Blissey|Ice Beam|p1a: The Under
|-resisted|p1a: The Under
|-damage|p1a: The Under|67/100 tox
|
|-weather|Sandstorm|[upkeep]
|-damage|p1a: The Under|61/100 tox|[from] Sandstorm
|-damage|p2a: Blissey|51/100|[from] Sandstorm
|-heal|p1a: The Under|67/100 tox|[from] item: Leftovers
|-damage|p1a: The Under|48/100 tox|[from] psn
|-heal|p2a: Blissey|57/100|[from] item: Leftovers
|upkeep
|turn|17
|
|t:|1729887347
|switch|p2a: Skarmory|Skarmory, M|100/100 par
|move|p1a: The Under|Rest|p1a: The Under
|-status|p1a: The Under|slp|[from] move: Rest
|-heal|p1a: The Under|100/100 slp|[silent]
|
|-weather|Sandstorm|[upkeep]
|-damage|p1a: The Under|94/100 slp|[from] Sandstorm
|-heal|p1a: The Under|100/100 slp|[from] item: Leftovers
|upkeep
|turn|18
|
|t:|1729887354
|cant|p1a: The Under|slp
|move|p2a: Skarmory|Roar|p1a: The Under
|drag|p1a: Power Plant|Zapdos, shiny|88/100 tox
|
|-weather|Sandstorm|[upkeep]
|-damage|p1a: Power Plant|82/100 tox|[from] Sandstorm
|-heal|p1a: Power Plant|88/100 tox|[from] item: Leftovers
|-damage|p1a: Power Plant|82/100 tox|[from] psn
|upkeep
|turn|19
|
|t:|1729887366
|switch|p1a: The Under|Suicune, shiny|100/100 slp
|switch|p2a: Zapdos|Zapdos|100/100
|
|-weather|Sandstorm|[upkeep]
|-damage|p2a: Zapdos|94/100|[from] Sandstorm
|-damage|p1a: The Under|94/100 slp|[from] Sandstorm
|-heal|p2a: Zapdos|100/100|[from] item: Leftovers
|-heal|p1a: The Under|100/100 slp|[from] item: Leftovers
|upkeep
|turn|20
|
|t:|1729887371
|switch|p2a: Skarmory|Skarmory, M|100/100 par
|switch|p1a: Ancient Tomb|Registeel, shiny|100/100
|
|-weather|Sandstorm|[upkeep]
|upkeep
|turn|21
|
|t:|1729887393
|move|p1a: Ancient Tomb|Seismic Toss|p2a: Skarmory
|-damage|p2a: Skarmory|71/100 par
|move|p2a: Skarmory|Spikes|p1a: Ancient Tomb
|-sidestart|p1: ojr|Spikes
|
|-weather|Sandstorm|[upkeep]
|-heal|p2a: Skarmory|77/100 par|[from] item: Leftovers
|upkeep
|turn|22
|
|t:|1729887408
|switch|p2a: Blissey|Blissey, F|57/100
|move|p1a: Ancient Tomb|Seismic Toss|p2a: Blissey
|-damage|p2a: Blissey|42/100
|
|-weather|Sandstorm|[upkeep]
|-damage|p2a: Blissey|36/100|[from] Sandstorm
|-heal|p2a: Blissey|42/100|[from] item: Leftovers
|upkeep
|turn|23
|
|t:|1729887415
|switch|p1a: Sky Pillar|Claydol|100/100
|move|p2a: Blissey|Soft-Boiled|p2a: Blissey
|-heal|p2a: Blissey|92/100
|
|-weather|Sandstorm|[upkeep]
|-damage|p2a: Blissey|85/100|[from] Sandstorm
|-heal|p2a: Blissey|92/100|[from] item: Leftovers
|upkeep
|turn|24
|
|t:|1729887420
|move|p1a: Sky Pillar|Rapid Spin|p2a: Blissey
|-damage|p2a: Blissey|86/100
|-sideend|p1: ojr|Spikes|[from] move: Rapid Spin|[of] p1a: Sky Pillar
|move|p2a: Blissey|Ice Beam|p1a: Sky Pillar
|-supereffective|p1a: Sky Pillar
|-damage|p1a: Sky Pillar|56/100
|-status|p1a: Sky Pillar|frz
|
|-weather|Sandstorm|[upkeep]
|-damage|p2a: Blissey|80/100|[from] Sandstorm
|-heal|p1a: Sky Pillar|62/100 frz|[from] item: Leftovers
|-heal|p2a: Blissey|86/100|[from] item: Leftovers
|upkeep
|turn|25
|c|☆ojr|oh god
|
|t:|1729887442
|switch|p1a: Desert Ruins|Regirock, shiny|100/100
|switch|p2a: Skarmory|Skarmory, M|77/100 par
|
|-weather|Sandstorm|[upkeep]
|-heal|p2a: Skarmory|83/100 par|[from] item: Leftovers
|upkeep
|turn|26
|
|t:|1729887452
|move|p1a: Desert Ruins|Rock Slide|p2a: Skarmory
|-damage|p2a: Skarmory|56/100 par
|move|p2a: Skarmory|Spikes|p1a: Desert Ruins
|-sidestart|p1: ojr|Spikes
|
|-weather|Sandstorm|[upkeep]
|-heal|p2a: Skarmory|62/100 par|[from] item: Leftovers
|upkeep
|turn|27
|
|t:|1729887459
|switch|p2a: Swampert|Swampert, M|100/100
|move|p1a: Desert Ruins|Rock Slide|p2a: Swampert
|-resisted|p2a: Swampert
|-damage|p2a: Swampert|86/100
|
|-weather|Sandstorm|[upkeep]
|-heal|p2a: Swampert|92/100|[from] item: Leftovers
|upkeep
|turn|28
|
|t:|1729887470
|switch|p1a: The Under|Suicune, shiny|100/100 slp
|-damage|p1a: The Under|88/100 slp|[from] Spikes
|move|p2a: Swampert|Protect||[still]
|-fail|p2a: Swampert
|
|-weather|Sandstorm|[upkeep]
|-damage|p1a: The Under|82/100 slp|[from] Sandstorm
|-heal|p1a: The Under|88/100 slp|[from] item: Leftovers
|-heal|p2a: Swampert|98/100|[from] item: Leftovers
|upkeep
|turn|29
|
|t:|1729887481
|switch|p2a: Zapdos|Zapdos|100/100
|cant|p1a: The Under|slp
|
|-weather|Sandstorm|[upkeep]
|-damage|p2a: Zapdos|94/100|[from] Sandstorm
|-damage|p1a: The Under|82/100 slp|[from] Sandstorm
|-heal|p2a: Zapdos|100/100|[from] item: Leftovers
|-heal|p1a: The Under|88/100 slp|[from] item: Leftovers
|upkeep
|turn|30
|
|t:|1729887486
|switch|p1a: Sky Pillar|Claydol|62/100 frz
|move|p2a: Zapdos|Thunderbolt|p1a: Sky Pillar
|-immune|p1a: Sky Pillar
|
|-weather|Sandstorm|[upkeep]
|-damage|p2a: Zapdos|94/100|[from] Sandstorm
|-heal|p2a: Zapdos|100/100|[from] item: Leftovers
|-heal|p1a: Sky Pillar|68/100 frz|[from] item: Leftovers
|upkeep
|turn|31
|
|t:|1729887495
|move|p2a: Zapdos|Hidden Power|p1a: Sky Pillar
|-supereffective|p1a: Sky Pillar
|-damage|p1a: Sky Pillar|31/100 frz
|cant|p1a: Sky Pillar|frz
|
|-weather|Sandstorm|[upkeep]
|-damage|p2a: Zapdos|94/100|[from] Sandstorm
|-heal|p2a: Zapdos|100/100|[from] item: Leftovers
|-heal|p1a: Sky Pillar|37/100 frz|[from] item: Leftovers
|upkeep
|turn|32
|
|t:|1729887500
|switch|p1a: Ancient Tomb|Registeel, shiny|100/100
|-damage|p1a: Ancient Tomb|88/100|[from] Spikes
|move|p2a: Zapdos|Hidden Power|p1a: Ancient Tomb
|-resisted|p1a: Ancient Tomb
|-damage|p1a: Ancient Tomb|80/100
|
|-weather|Sandstorm|[upkeep]
|-damage|p2a: Zapdos|94/100|[from] Sandstorm
|-heal|p2a: Zapdos|100/100|[from] item: Leftovers
|-heal|p1a: Ancient Tomb|86/100|[from] item: Leftovers
|upkeep
|turn|33
|
|t:|1729887511
|switch|p2a: Blissey|Blissey, F|86/100
|move|p1a: Ancient Tomb|Seismic Toss|p2a: Blissey
|-damage|p2a: Blissey|71/100
|
|-weather|Sandstorm|[upkeep]
|-damage|p2a: Blissey|65/100|[from] Sandstorm
|-heal|p2a: Blissey|71/100|[from] item: Leftovers
|-heal|p1a: Ancient Tomb|92/100|[from] item: Leftovers
|upkeep
|turn|34
|
|t:|1729887518
|move|p2a: Blissey|Soft-Boiled|p2a: Blissey
|-heal|p2a: Blissey|100/100
|move|p1a: Ancient Tomb|Seismic Toss|p2a: Blissey
|-damage|p2a: Blissey|85/100
|
|-weather|Sandstorm|[upkeep]
|-damage|p2a: Blissey|79/100|[from] Sandstorm
|-heal|p2a: Blissey|85/100|[from] item: Leftovers
|-heal|p1a: Ancient Tomb|98/100|[from] item: Leftovers
|upkeep
|turn|35
|
|t:|1729887531
|move|p2a: Blissey|Fire Blast|p1a: Ancient Tomb
|-supereffective|p1a: Ancient Tomb
|-damage|p1a: Ancient Tomb|56/100
|move|p1a: Ancient Tomb|Seismic Toss|p2a: Blissey
|-damage|p2a: Blissey|70/100
|
|-weather|Sandstorm|[upkeep]
|-damage|p2a: Blissey|64/100|[from] Sandstorm
|-heal|p2a: Blissey|70/100|[from] item: Leftovers
|-heal|p1a: Ancient Tomb|62/100|[from] item: Leftovers
|upkeep
|turn|36
|
|t:|1729887543
|switch|p1a: The Under|Suicune, shiny|88/100 slp
|-damage|p1a: The Under|76/100 slp|[from] Spikes
|move|p2a: Blissey|Ice Beam|p1a: The Under
|-resisted|p1a: The Under
|-damage|p1a: The Under|66/100 slp
|
|-weather|Sandstorm|[upkeep]
|-damage|p1a: The Under|60/100 slp|[from] Sandstorm
|-damage|p2a: Blissey|64/100|[from] Sandstorm
|-heal|p1a: The Under|66/100 slp|[from] item: Leftovers
|-heal|p2a: Blissey|70/100|[from] item: Leftovers
|upkeep
|turn|37
|
|t:|1729887549
|-curestatus|p1a: The Under|slp|[msg]
|move|p1a: The Under|Surf|p2a: Blissey
|-damage|p2a: Blissey|52/100
|move|p2a: Blissey|Toxic|p1a: The Under|[miss]
|-miss|p2a: Blissey|p1a: The Under
|
|-weather|Sandstorm|[upkeep]
|-damage|p1a: The Under|60/100|[from] Sandstorm
|-damage|p2a: Blissey|46/100|[from] Sandstorm
|-heal|p1a: The Under|66/100|[from] item: Leftovers
|-heal|p2a: Blissey|52/100|[from] item: Leftovers
|upkeep
|turn|38
|
|t:|1729887566
|move|p1a: The Under|Rest|p1a: The Under
|-status|p1a: The Under|slp|[from] move: Rest
|-heal|p1a: The Under|100/100 slp|[silent]
|move|p2a: Blissey|Toxic||[still]
|-fail|p2a: Blissey
|
|-weather|Sandstorm|[upkeep]
|-damage|p1a: The Under|94/100 slp|[from] Sandstorm
|-damage|p2a: Blissey|46/100|[from] Sandstorm
|-heal|p1a: The Under|100/100 slp|[from] item: Leftovers
|-heal|p2a: Blissey|52/100|[from] item: Leftovers
|upkeep
|turn|39
|
|t:|1729887570
|cant|p1a: The Under|slp
|move|p1a: The Under|Sleep Talk|p1a: The Under
|move|p1a: The Under|Rest|p1a: The Under|[from]Sleep Talk
|move|p2a: Blissey|Soft-Boiled|p2a: Blissey
|-heal|p2a: Blissey|100/100
|
|-weather|Sandstorm|[upkeep]
|-damage|p1a: The Under|94/100 slp|[from] Sandstorm
|-damage|p2a: Blissey|94/100|[from] Sandstorm
|-heal|p1a: The Under|100/100 slp|[from] item: Leftovers
|-heal|p2a: Blissey|100/100|[from] item: Leftovers
|upkeep
|turn|40
|
|t:|1729887577
|switch|p2a: Zapdos|Zapdos|100/100
|cant|p1a: The Under|slp
|move|p1a: The Under|Sleep Talk|p1a: The Under
|move|p1a: The Under|Rest|p1a: The Under|[from]Sleep Talk
|
|-weather|Sandstorm|[upkeep]
|-damage|p2a: Zapdos|94/100|[from] Sandstorm
|-damage|p1a: The Under|94/100 slp|[from] Sandstorm
|-heal|p2a: Zapdos|100/100|[from] item: Leftovers
|-heal|p1a: The Under|100/100 slp|[from] item: Leftovers
|upkeep
|turn|41
|
|t:|1729887596
|move|p2a: Zapdos|Thunderbolt|p1a: The Under
|-supereffective|p1a: The Under
|-damage|p1a: The Under|32/100 slp
|-curestatus|p1a: The Under|slp|[msg]
|move|p1a: The Under|Rest|p1a: The Under
|-status|p1a: The Under|slp|[from] move: Rest
|-heal|p1a: The Under|100/100 slp|[silent]
|
|-weather|Sandstorm|[upkeep]
|-damage|p2a: Zapdos|94/100|[from] Sandstorm
|-damage|p1a: The Under|94/100 slp|[from] Sandstorm
|-heal|p2a: Zapdos|100/100|[from] item: Leftovers
|-heal|p1a: The Under|100/100 slp|[from] item: Leftovers
|upkeep
|turn|42
|
|t:|1729887606
|switch|p1a: Sky Pillar|Claydol|37/100 frz
|move|p2a: Zapdos|Thunderbolt|p1a: Sky Pillar
|-immune|p1a: Sky Pillar
|
|-weather|Sandstorm|[upkeep]
|-damage|p2a: Zapdos|94/100|[from] Sandstorm
|-heal|p2a: Zapdos|100/100|[from] item: Leftovers
|-heal|p1a: Sky Pillar|43/100 frz|[from] item: Leftovers
|upkeep
|turn|43
|
|t:|1729887614
|switch|p1a: Ancient Tomb|Registeel, shiny|62/100
|-damage|p1a: Ancient Tomb|50/100|[from] Spikes
|move|p2a: Zapdos|Hidden Power|p1a: Ancient Tomb
|-resisted|p1a: Ancient Tomb
|-damage|p1a: Ancient Tomb|42/100
|
|-weather|Sandstorm|[upkeep]
|-damage|p2a: Zapdos|94/100|[from] Sandstorm
|-heal|p2a: Zapdos|100/100|[from] item: Leftovers
|-heal|p1a: Ancient Tomb|48/100|[from] item: Leftovers
|upkeep
|turn|44
|
|t:|1729887623
|switch|p2a: Blissey|Blissey, F|100/100
|move|p1a: Ancient Tomb|Thunder Wave|p2a: Blissey
|-status|p2a: Blissey|par
|
|-weather|Sandstorm|[upkeep]
|-damage|p2a: Blissey|94/100 par|[from] Sandstorm
|-heal|p1a: Ancient Tomb|54/100|[from] item: Leftovers
|-heal|p2a: Blissey|100/100 par|[from] item: Leftovers
|upkeep
|turn|45
|
|t:|1729887634
|switch|p1a: The Under|Suicune, shiny|100/100 slp
|-damage|p1a: The Under|88/100 slp|[from] Spikes
|-curestatus|p2a: Blissey|par|[from] ability: Natural Cure
|switch|p2a: Swampert|Swampert, M|98/100
|
|-weather|Sandstorm|[upkeep]
|-damage|p1a: The Under|82/100 slp|[from] Sandstorm
|-heal|p1a: The Under|88/100 slp|[from] item: Leftovers
|-heal|p2a: Swampert|100/100|[from] item: Leftovers
|upkeep
|turn|46
|
|t:|1729887638
|switch|p2a: Zapdos|Zapdos|100/100
|cant|p1a: The Under|slp
|
|-weather|Sandstorm|[upkeep]
|-damage|p2a: Zapdos|94/100|[from] Sandstorm
|-damage|p1a: The Under|82/100 slp|[from] Sandstorm
|-heal|p2a: Zapdos|100/100|[from] item: Leftovers
|-heal|p1a: The Under|88/100 slp|[from] item: Leftovers
|upkeep
|turn|47
|
|t:|1729887643
|switch|p1a: Sky Pillar|Claydol|43/100 frz
|move|p2a: Zapdos|Thunderbolt|p1a: Sky Pillar
|-immune|p1a: Sky Pillar
|
|-weather|Sandstorm|[upkeep]
|-damage|p2a: Zapdos|94/100|[from] Sandstorm
|-heal|p2a: Zapdos|100/100|[from] item: Leftovers
|-heal|p1a: Sky Pillar|50/100 frz|[from] item: Leftovers
|upkeep
|turn|48
|
|t:|1729887650
|move|p2a: Zapdos|Hidden Power|p1a: Sky Pillar
|-supereffective|p1a: Sky Pillar
|-damage|p1a: Sky Pillar|7/100 frz
|cant|p1a: Sky Pillar|frz
|
|-weather|Sandstorm|[upkeep]
|-damage|p2a: Zapdos|94/100|[from] Sandstorm
|-heal|p2a: Zapdos|100/100|[from] item: Leftovers
|-heal|p1a: Sky Pillar|13/100 frz|[from] item: Leftovers
|upkeep
|turn|49
|
|t:|1729887656
|switch|p1a: Ancient Tomb|Registeel, shiny|54/100
|-damage|p1a: Ancient Tomb|42/100|[from] Spikes
|move|p2a: Zapdos|Hidden Power|p1a: Ancient Tomb
|-resisted|p1a: Ancient Tomb
|-damage|p1a: Ancient Tomb|34/100
|
|-weather|Sandstorm|[upkeep]
|-damage|p2a: Zapdos|94/100|[from] Sandstorm
|-heal|p2a: Zapdos|100/100|[from] item: Leftovers
|-heal|p1a: Ancient Tomb|40/100|[from] item: Leftovers
|upkeep
|turn|50
|
|t:|1729887662
|switch|p2a: Swampert|Swampert, M|100/100
|move|p1a: Ancient Tomb|Thunder Wave|p2a: Swampert
|-immune|p2a: Swampert
|
|-weather|Sandstorm|[upkeep]
|-heal|p1a: Ancient Tomb|46/100|[from] item: Leftovers
|upkeep
|turn|51
|
|t:|1729887675
|switch|p2a: Zapdos|Zapdos|100/100
|switch|p1a: The Under|Suicune, shiny|88/100 slp
|-damage|p1a: The Under|76/100 slp|[from] Spikes
|
|-weather|Sandstorm|[upkeep]
|-damage|p2a: Zapdos|94/100|[from] Sandstorm
|-damage|p1a: The Under|69/100 slp|[from] Sandstorm
|-heal|p2a: Zapdos|100/100|[from] item: Leftovers
|-heal|p1a: The Under|76/100 slp|[from] item: Leftovers
|upkeep
|turn|52
|
|t:|1729887684
|switch|p1a: Sky Pillar|Claydol|13/100 frz
|move|p2a: Zapdos|Thunderbolt|p1a: Sky Pillar
|-immune|p1a: Sky Pillar
|
|-weather|Sandstorm|[upkeep]
|-damage|p2a: Zapdos|94/100|[from] Sandstorm
|-heal|p2a: Zapdos|100/100|[from] item: Leftovers
|-heal|p1a: Sky Pillar|20/100 frz|[from] item: Leftovers
|upkeep
|turn|53
|
|t:|1729887692
|move|p2a: Zapdos|Hidden Power|p1a: Sky Pillar
|-supereffective|p1a: Sky Pillar
|-damage|p1a: Sky Pillar|0 fnt
|faint|p1a: Sky Pillar
|
|t:|1729887699
|switch|p1a: Desert Ruins|Regirock, shiny|100/100
|-damage|p1a: Desert Ruins|88/100|[from] Spikes
|
|-weather|Sandstorm|[upkeep]
|-damage|p2a: Zapdos|94/100|[from] Sandstorm
|-heal|p2a: Zapdos|100/100|[from] item: Leftovers
|-heal|p1a: Desert Ruins|94/100|[from] item: Leftovers
|upkeep
|turn|54
|
|t:|1729887704
|switch|p2a: Swampert|Swampert, M|100/100
|switch|p1a: The Under|Suicune, shiny|76/100 slp
|-damage|p1a: The Under|63/100 slp|[from] Spikes
|
|-weather|Sandstorm|[upkeep]
|-damage|p1a: The Under|57/100 slp|[from] Sandstorm
|-heal|p1a: The Under|63/100 slp|[from] item: Leftovers
|upkeep
|turn|55
|
|t:|1729887710
|switch|p2a: Zapdos|Zapdos|100/100
|cant|p1a: The Under|slp
|
|-weather|Sandstorm|[upkeep]
|-damage|p2a: Zapdos|94/100|[from] Sandstorm
|-damage|p1a: The Under|57/100 slp|[from] Sandstorm
|-heal|p2a: Zapdos|100/100|[from] item: Leftovers
|-heal|p1a: The Under|63/100 slp|[from] item: Leftovers
|upkeep
|turn|56
|
|t:|1729887730
|switch|p1a: Power Plant|Zapdos, shiny|82/100 tox
|move|p2a: Zapdos|Thunderbolt|p1a: Power Plant
|-damage|p1a: Power Plant|27/100 tox
|
|-weather|Sandstorm|[upkeep]
|-damage|p1a: Power Plant|21/100 tox|[from] Sandstorm
|-damage|p2a: Zapdos|94/100|[from] Sandstorm
|-heal|p1a: Power Plant|27/100 tox|[from] item: Leftovers
|-damage|p1a: Power Plant|21/100 tox|[from] psn
|-heal|p2a: Zapdos|100/100|[from] item: Leftovers
|upkeep
|turn|57
|
|t:|1729887738
|switch|p2a: Blissey|Blissey, F|100/100
|move|p1a: Power Plant|Thunder Wave|p2a: Blissey
|-status|p2a: Blissey|par
|
|-weather|Sandstorm|[upkeep]
|-damage|p1a: Power Plant|15/100 tox|[from] Sandstorm
|-damage|p2a: Blissey|94/100 par|[from] Sandstorm
|-heal|p1a: Power Plant|21/100 tox|[from] item: Leftovers
|-damage|p1a: Power Plant|8/100 tox|[from] psn
|-heal|p2a: Blissey|100/100 par|[from] item: Leftovers
|upkeep
|turn|58
|
|t:|1729887747
|switch|p1a: The Under|Suicune, shiny|63/100 slp
|-damage|p1a: The Under|51/100 slp|[from] Spikes
|move|p2a: Blissey|Ice Beam|p1a: The Under
|-resisted|p1a: The Under
|-damage|p1a: The Under|42/100 slp
|
|-weather|Sandstorm|[upkeep]
|-damage|p1a: The Under|36/100 slp|[from] Sandstorm
|-damage|p2a: Blissey|94/100 par|[from] Sandstorm
|-heal|p1a: The Under|42/100 slp|[from] item: Leftovers
|-heal|p2a: Blissey|100/100 par|[from] item: Leftovers
|upkeep
|turn|59
|
|t:|1729887751
|-curestatus|p1a: The Under|slp|[msg]
|move|p1a: The Under|Calm Mind|p1a: The Under
|-boost|p1a: The Under|spa|1
|-boost|p1a: The Under|spd|1
|move|p2a: Blissey|Toxic|p1a: The Under
|-status|p1a: The Under|tox
|
|-weather|Sandstorm|[upkeep]
|-damage|p1a: The Under|36/100 tox|[from] Sandstorm
|-damage|p2a: Blissey|94/100 par|[from] Sandstorm
|-heal|p1a: The Under|42/100 tox|[from] item: Leftovers
|-damage|p1a: The Under|36/100 tox|[from] psn
|-heal|p2a: Blissey|100/100 par|[from] item: Leftovers
|upkeep
|turn|60
|
|t:|1729887761
|move|p1a: The Under|Rest|p1a: The Under
|-status|p1a: The Under|slp|[from] move: Rest
|-heal|p1a: The Under|100/100 slp|[silent]
|move|p2a: Blissey|Ice Beam|p1a: The Under
|-resisted|p1a: The Under
|-damage|p1a: The Under|94/100 slp
|
|-weather|Sandstorm|[upkeep]
|-damage|p1a: The Under|88/100 slp|[from] Sandstorm
|-damage|p2a: Blissey|94/100 par|[from] Sandstorm
|-heal|p1a: The Under|94/100 slp|[from] item: Leftovers
|-heal|p2a: Blissey|100/100 par|[from] item: Leftovers
|upkeep
|turn|61
|
|t:|1729887765
|-curestatus|p2a: Blissey|par|[from] ability: Natural Cure
|switch|p2a: Skarmory|Skarmory, M|62/100 par
|cant|p1a: The Under|slp
|move|p1a: The Under|Sleep Talk|p1a: The Under
|move|p1a: The Under|Calm Mind|p1a: The Under|[from]Sleep Talk
|-boost|p1a: The Under|spa|1
|-boost|p1a: The Under|spd|1
|
|-weather|Sandstorm|[upkeep]
|-damage|p1a: The Under|88/100 slp|[from] Sandstorm
|-heal|p1a: The Under|94/100 slp|[from] item: Leftovers
|-heal|p2a: Skarmory|68/100 par|[from] item: Leftovers
|upkeep
|turn|62
|
|t:|1729887777
|cant|p1a: The Under|slp
|move|p1a: The Under|Sleep Talk|p1a: The Under
|move|p1a: The Under|Surf|p2a: Skarmory|[from]Sleep Talk
|-crit|p2a: Skarmory
|-damage|p2a: Skarmory|0 fnt
|faint|p2a: Skarmory
|
|t:|1729887787
|switch|p2a: Zapdos|Zapdos|100/100
|
|-weather|Sandstorm|[upkeep]
|-damage|p2a: Zapdos|94/100|[from] Sandstorm
|-damage|p1a: The Under|88/100 slp|[from] Sandstorm
|-heal|p2a: Zapdos|100/100|[from] item: Leftovers
|-heal|p1a: The Under|94/100 slp|[from] item: Leftovers
|upkeep
|turn|63
|
|t:|1729887793
|move|p2a: Zapdos|Thunderbolt|p1a: The Under
|-supereffective|p1a: The Under
|-damage|p1a: The Under|57/100 slp
|-curestatus|p1a: The Under|slp|[msg]
|move|p1a: The Under|Surf|p2a: Zapdos
|-damage|p2a: Zapdos|11/100
|
|-weather|Sandstorm|[upkeep]
|-damage|p2a: Zapdos|5/100|[from] Sandstorm
|-damage|p1a: The Under|51/100|[from] Sandstorm
|-heal|p2a: Zapdos|11/100|[from] item: Leftovers
|-heal|p1a: The Under|57/100|[from] item: Leftovers
|upkeep
|turn|64
|inactive|Key to Life has 270 seconds left.
|c|☆ojr|AC77 u taking notes?
|c|+AC77|yep
|inactive|Key to Life has 240 seconds left.
|c|+AC77|I like this team
|
|t:|1729887856
|move|p2a: Zapdos|Thunderbolt|p1a: The Under
|-supereffective|p1a: The Under
|-damage|p1a: The Under|25/100
|-status|p1a: The Under|par
|move|p1a: The Under|Surf|p2a: Zapdos
|-damage|p2a: Zapdos|0 fnt
|faint|p2a: Zapdos
|
|t:|1729887858
|switch|p2a: Gengar|Gengar, M|46/100
|
|-weather|Sandstorm|[upkeep]
|-damage|p2a: Gengar|40/100|[from] Sandstorm
|-damage|p1a: The Under|19/100 par|[from] Sandstorm
|-heal|p2a: Gengar|46/100|[from] item: Leftovers
|-heal|p1a: The Under|25/100 par|[from] item: Leftovers
|upkeep
|turn|65
|
|t:|1729887872
|move|p2a: Gengar|Thunderbolt|p1a: The Under
|-supereffective|p1a: The Under
|-damage|p1a: The Under|3/100 par
|cant|p1a: The Under|par
|
|-weather|Sandstorm|[upkeep]
|-damage|p2a: Gengar|40/100|[from] Sandstorm
|-damage|p1a: The Under|0 fnt|[from] Sandstorm
|faint|p1a: The Under
|-heal|p2a: Gengar|46/100|[from] item: Leftovers
|upkeep
|c|☆ojr|lol
|inactive|ojr has 270 seconds left.
|
|t:|1729887901
|switch|p1a: Ancient Tomb|Registeel, shiny|46/100
|-damage|p1a: Ancient Tomb|34/100|[from] Spikes
|turn|66
|
|t:|1729887910
|switch|p2a: Swampert|Swampert, M|100/100
|move|p1a: Ancient Tomb|Thunder Wave|p2a: Swampert
|-immune|p2a: Swampert
|
|-weather|Sandstorm|[upkeep]
|-heal|p1a: Ancient Tomb|40/100|[from] item: Leftovers
|upkeep
|turn|67
|
|t:|1729887923
|move|p2a: Swampert|Earthquake|p1a: Ancient Tomb
|-supereffective|p1a: Ancient Tomb
|-damage|p1a: Ancient Tomb|0 fnt
|faint|p1a: Ancient Tomb
|
|t:|1729887935
|switch|p1a: Power Plant|Zapdos, shiny|8/100 tox
|
|-weather|Sandstorm|[upkeep]
|-damage|p1a: Power Plant|2/100 tox|[from] Sandstorm
|-heal|p1a: Power Plant|8/100 tox|[from] item: Leftovers
|-damage|p1a: Power Plant|2/100 tox|[from] psn
|upkeep
|turn|68
|
|t:|1729887943
|switch|p1a: Desert Ruins|Regirock, shiny|94/100
|-damage|p1a: Desert Ruins|82/100|[from] Spikes
|move|p2a: Swampert|Protect||[still]
|-fail|p2a: Swampert
|
|-weather|Sandstorm|[upkeep]
|-heal|p1a: Desert Ruins|88/100|[from] item: Leftovers
|upkeep
|turn|69
|
|t:|1729887958
|move|p2a: Swampert|Protect|p2a: Swampert
|-singleturn|p2a: Swampert|Protect
|move|p1a: Desert Ruins|Thunder Wave|p2a: Swampert
|-activate|p2a: Swampert|Protect
|
|-weather|Sandstorm|[upkeep]
|-heal|p1a: Desert Ruins|94/100|[from] item: Leftovers
|upkeep
|turn|70
|
|t:|1729887976
|switch|p2a: Tyranitar|Tyranitar, F|100/100
|move|p1a: Desert Ruins|Explosion|p2a: Tyranitar
|-resisted|p2a: Tyranitar
|-damage|p2a: Tyranitar|35/100
|faint|p1a: Desert Ruins
|c|+xtina xendrix|heat 6 jr
|c|☆ojr|gg
|c|☆ojr|sad game
|-message|ojr forfeited.
|
|win|Key to Life
|c|☆Key to Life|gg
|player|p2|
|player|p1|
|player|p2|Key to Life|caitlin|

</script>
<script type="application/json" class="data" id="replaydata-smogtours-gen3ou-801904">
{"id":"smogtours-gen3ou-801904","format":"[Gen 3] OU","players":["ojr","Key to Life"],"uploadtime":1729887986,"views":102,"formatid":"gen3ou","rating":null,"private":0,"password":null}
</script>

<script defer src="js/replays.js?9d40a366"></script>
