<!DOCTYPE html>
<meta charset="utf-8" />
<meta name="viewport" content="width=device-width" />

<title>[Gen 3] OU: FlareLiger vs. Drekt93 - Replays - Pok&eacute;mon Showdown!</title>

<meta name="description" content="Watch a replay of a Pok&eacute;mon battle between FlareLiger and Drekt93! Format: [Gen 3] OU; Date: Oct 18, 2024" />
<!--

Hey, you! Looking in the source for the replay log?

You can find them in JSON format, just add `.json` at the end of a replay URL.

https://replay.pokemonshowdown.com/gen7randomdoublesbattle-865046831.json

Or, if you only need the log itself, add `.log` instead:

https://replay.pokemonshowdown.com/gen7randomdoublesbattle-865046831.log

-->

<link rel="stylesheet" href="//pokemonshowdown.com/style/global.css?0.023195364461161105" />
<link rel="stylesheet" href="//play.pokemonshowdown.com/style/font-awesome.css?0.13261647063804238" />
<link rel="stylesheet" href="//play.pokemonshowdown.com/style/battle.css?0.8753245789963631" />
<link rel="stylesheet" href="//play.pokemonshowdown.com/style/utilichart.css?0.8627959624976733" />

<!-- Global site tag (gtag.js) - Google Analytics -->
<script async src="https://www.googletagmanager.com/gtag/js?id=UA-26211653-1"></script>
<script>
  window.dataLayer = window.dataLayer || [];
  function gtag(){dataLayer.push(arguments);}
  gtag('js', new Date());

  gtag('config', 'UA-26211653-1');
</script>
<!-- End Google Analytics -->
<!-- Venatus Ad Manager - Install in <HEAD> of page -->
	<script src="https://hb.vntsm.com/v3/live/ad-manager.min.js" type="text/javascript" data-site-id="642aba63ec9a7b11c3c9c1be" data-mode="scan" async></script>
<!-- / Venatus Ad Manager -->

<style>
	@media (max-width:820px) {
		.battle {
			margin: 0 auto;
		}
		.battle-log {
			margin: 7px auto 0;
			max-width: 640px;
			height: 300px;
			position: static;
		}
	}
	.optgroup {
		display: inline-block;
		line-height: 22px;
		font-size: 10pt;
	}
	.optgroup .button {
		height: 25px;
		padding-top: 0;
		padding-bottom: 0;
	}
	.optgroup button.button {
		padding-left: 12px;
		padding-right: 12px;
	}
	.linklist {
		list-style: none;
		margin: 0.5em 0;
		padding: 0;
	}
	.linklist li {
		padding: 2px 0;
	}
	.sidebar {
		float: left;
		width: 320px;
	}
	.bar-wrapper {
		max-width: 1100px;
		margin: 0 auto;
	}
	.bar-wrapper.has-sidebar {
		max-width: 1430px;
	}
	.mainbar {
		margin: 0;
		padding-right: 1px;
	}
	.mainbar.has-sidebar {
		margin-left: 330px;
	}
	@media (min-width: 1511px) {
		.sidebar {
			width: 400px;
		}
		.bar-wrapper.has-sidebar {
			max-width: 1510px;
		}
		.mainbar.has-sidebar {
			margin-left: 410px;
		}
	}
	.section.first-section {
		margin-top: 9px;
	}
	.blocklink small {
		white-space: normal;
	}
	.button {
		vertical-align: middle;
	}
	.replay-controls {
		padding-top: 10px;
	}
	.replay-controls h1 {
		font-size: 16pt;
		font-weight: normal;
		color: #CCC;
	}
	.pagelink {
		text-align: center;
	}
	.pagelink a {
		width: 150px;
	}
	.textbox, .button {
		font-size: 11pt;
		vertical-align: middle;
	}
	@media (max-width: 450px) {
		.button {
			font-size: 9pt;
		}
	}
</style>

<div>

	<header>
		<div class="nav-wrapper"><ul class="nav">
			<li><a class="button nav-first" href="//pokemonshowdown.com/"><img src="//pokemonshowdown.com/images/pokemonshowdownbeta.png" srcset="//pokemonshowdown.com/images/pokemonshowdownbeta.png 1x, //pokemonshowdown.com/images/pokemonshowdownbeta@2x.png 2x" alt="Pok&eacute;mon Showdown" width="146" height="44" /> Home</a></li>
			<li><a class="button" href="//pokemonshowdown.com/dex/">Pok&eacute;dex</a></li>
			<li><a class="button cur" href="/">Replays</a></li>
			<li><a class="button" href="//pokemonshowdown.com/ladder/">Ladder</a></li>
			<li><a class="button nav-last" href="//pokemonshowdown.com/forums/">Forum</a></li>
			<li><a class="button greenbutton nav-first nav-last" href="//play.pokemonshowdown.com/">Play</a></li>
		</ul></div>
	</header>

	<div class="main" id="main">

		<noscript><section class="section">You need to enable JavaScript to use this page; sorry!</section></noscript>

	</div>

</div>

<script defer nomodule src="//play.pokemonshowdown.com/js/lib/ps-polyfill.js"></script>
<script defer src="//play.pokemonshowdown.com/js/lib/preact.min.js"></script>

<script defer src="//play.pokemonshowdown.com/config/config.js?2bddbc15"></script>
<script defer src="//play.pokemonshowdown.com/js/lib/jquery-1.11.0.min.js"></script>
<script defer src="//play.pokemonshowdown.com/js/lib/html-sanitizer-minified.js"></script>
<script defer src="//play.pokemonshowdown.com/js/battle-sound.js"></script>
<script defer src="//play.pokemonshowdown.com/js/battledata.js?0.7209276989879541"></script>
<script defer src="//play.pokemonshowdown.com/data/pokedex-mini.js?0.6111056340867951"></script>
<script defer src="//play.pokemonshowdown.com/data/pokedex-mini-bw.js?0.3532142036491459"></script>
<script defer src="//play.pokemonshowdown.com/data/graphics.js?0.24223875632456182"></script>
<script defer src="//play.pokemonshowdown.com/data/pokedex.js?0.38839984266356864"></script>
<script defer src="//play.pokemonshowdown.com/data/moves.js?0.21866028504024015"></script>
<script defer src="//play.pokemonshowdown.com/data/abilities.js?0.2005157953846628"></script>
<script defer src="//play.pokemonshowdown.com/data/items.js?0.9894211263848525"></script>
<script defer src="//play.pokemonshowdown.com/data/teambuilder-tables.js?0.6008791140282215"></script>
<script defer src="//play.pokemonshowdown.com/js/battle-tooltips.js?0.7580118955022959"></script>
<script defer src="//play.pokemonshowdown.com/js/battle.js?0.6057722274234274"></script>

<script defer src="js/utils.js?e31f9a17"></script>
<script defer src="js/replays-battle.js?7008c182"></script>

<!-- don't scrape this data! just add .json or .log after the URL!
Full API docs: https://github.com/smogon/pokemon-showdown-client/blob/master/WEB-API.md -->
<script type="text/plain" class="log" id="replaylog-smogtours-gen3ou-799665">
|inactive|Battle timer is ON: inactive players will automatically lose when time's up.
|t:|1729281581
|gametype|singles
|player|p1|FlareLiger|maid|
|player|p2|Drekt93|170|
|teamsize|p1|6
|teamsize|p2|6
|gen|3
|tier|[Gen 3] OU
|rule|Sleep Clause Mod: Limit one foe put to sleep
|rule|Switch Priority Clause Mod: Faster Pokémon switch first
|rule|Species Clause: Limit one of each Pokémon
|rule|OHKO Clause: OHKO moves are banned
|rule|Evasion Items Clause: Evasion items are banned
|rule|Evasion Moves Clause: Evasion moves are banned
|rule|Endless Battle Clause: Forcing endless battles is banned
|rule|HP Percentage Mod: HP is shown in percentages
|rule|One Boost Passer Clause: Limit one Baton Passer that has a way to boost its stats
|rule|Freeze Clause Mod: Limit one foe frozen
|
|t:|1729281581
|start
|switch|p1a: Jynx|Jynx, F|100/100
|switch|p2a: Zapdos|Zapdos|100/100
|turn|1
|
|t:|1729281609
|move|p1a: Jynx|Ice Beam|p2a: Zapdos
|-supereffective|p2a: Zapdos
|-damage|p2a: Zapdos|0 fnt
|faint|p2a: Zapdos
|
|t:|1729281612
|switch|p2a: Metagross|Metagross|100/100
|
|upkeep
|turn|2
|
|t:|1729281621
|switch|p1a: Metagross|Metagross|100/100
|move|p2a: Metagross|Rock Slide|p1a: Metagross
|-resisted|p1a: Metagross
|-damage|p1a: Metagross|84/100
|
|-heal|p1a: Metagross|90/100|[from] item: Leftovers
|upkeep
|turn|3
|inactive|FlareLiger has 270 seconds left.
|
|t:|1729281654
|switch|p2a: Salamence|Salamence, M|100/100
|-ability|p2a: Salamence|Intimidate|boost
|-fail|p1a: Metagross|unboost|[from] ability: Clear Body|[of] p1a: Metagross
|move|p1a: Metagross|Hidden Power|p2a: Salamence
|-resisted|p2a: Salamence
|-damage|p2a: Salamence|87/100
|
|-heal|p2a: Salamence|93/100|[from] item: Leftovers
|-heal|p1a: Metagross|96/100|[from] item: Leftovers
|upkeep
|turn|4
|
|t:|1729281665
|switch|p1a: Starmie|Starmie|100/100
|move|p2a: Salamence|Brick Break|p1a: Starmie
|-resisted|p1a: Starmie
|-damage|p1a: Starmie|87/100
|
|-heal|p1a: Starmie|93/100|[from] item: Leftovers
|-heal|p2a: Salamence|99/100|[from] item: Leftovers
|upkeep
|turn|5
|
|t:|1729281676
|switch|p2a: Blissey|Blissey, F|100/100
|move|p1a: Starmie|Thunder Wave|p2a: Blissey
|-status|p2a: Blissey|par
|
|-heal|p1a: Starmie|99/100|[from] item: Leftovers
|upkeep
|turn|6
|
|t:|1729281691
|switch|p1a: Jynx|Jynx, F|100/100
|move|p2a: Blissey|Wish|p2a: Blissey
|
|upkeep
|turn|7
|
|t:|1729281698
|-curestatus|p2a: Blissey|par|[from] ability: Natural Cure
|switch|p2a: Metagross|Metagross|100/100
|move|p1a: Jynx|Mean Look|p2a: Metagross
|-activate|p2a: Metagross|trapped
|
|upkeep
|turn|8
|
|t:|1729281707
|switch|p1a: Gengar|Gengar, F|100/100
|move|p2a: Metagross|Meteor Mash|p1a: Gengar
|-damage|p1a: Gengar|0 fnt
|faint|p1a: Gengar
|
|t:|1729281718
|switch|p1a: Jirachi|Jirachi|100/100
|
|upkeep
|turn|9
|
|t:|1729281725
|switch|p2a: Salamence|Salamence, M|99/100
|-ability|p2a: Salamence|Intimidate|boost
|-unboost|p1a: Jirachi|atk|1
|move|p1a: Jirachi|Body Slam|p2a: Salamence
|-damage|p2a: Salamence|82/100
|-status|p2a: Salamence|par
|
|-heal|p2a: Salamence|88/100 par|[from] item: Leftovers
|upkeep
|turn|10
|
|t:|1729281745
|switch|p1a: Starmie|Starmie|99/100
|cant|p2a: Salamence|par
|
|-heal|p1a: Starmie|100/100|[from] item: Leftovers
|-heal|p2a: Salamence|94/100 par|[from] item: Leftovers
|upkeep
|turn|11
|
|t:|1729281757
|move|p1a: Starmie|Surf|p2a: Salamence
|-resisted|p2a: Salamence
|-damage|p2a: Salamence|69/100 par
|move|p2a: Salamence|Hidden Power|p1a: Starmie
|-supereffective|p1a: Starmie
|-damage|p1a: Starmie|44/100
|
|-heal|p1a: Starmie|50/100|[from] item: Leftovers
|-heal|p2a: Salamence|75/100 par|[from] item: Leftovers
|upkeep
|turn|12
|
|t:|1729281766
|switch|p2a: Metagross|Metagross|100/100
|move|p1a: Starmie|Recover|p1a: Starmie
|-heal|p1a: Starmie|100/100
|
|upkeep
|turn|13
|
|t:|1729281773
|move|p1a: Starmie|Thunder Wave|p2a: Metagross
|-status|p2a: Metagross|par
|move|p2a: Metagross|Earthquake|p1a: Starmie
|-damage|p1a: Starmie|35/100
|
|-heal|p1a: Starmie|42/100|[from] item: Leftovers
|upkeep
|turn|14
|
|t:|1729281784
|move|p1a: Starmie|Surf|p2a: Metagross
|-damage|p2a: Metagross|65/100 par
|cant|p2a: Metagross|par
|
|-heal|p1a: Starmie|48/100|[from] item: Leftovers
|upkeep
|turn|15
|
|t:|1729281792
|switch|p2a: Blissey|Blissey, F|100/100
|move|p1a: Starmie|Recover|p1a: Starmie
|-heal|p1a: Starmie|98/100
|
|-heal|p1a: Starmie|100/100|[from] item: Leftovers
|upkeep
|turn|16
|
|t:|1729281798
|move|p1a: Starmie|Thunder Wave|p2a: Blissey
|-status|p2a: Blissey|par
|cant|p2a: Blissey|par
|
|upkeep
|turn|17
|
|t:|1729281807
|switch|p1a: Metagross|Metagross|96/100
|move|p2a: Blissey|Wish|p2a: Blissey
|
|-heal|p1a: Metagross|100/100|[from] item: Leftovers
|upkeep
|turn|18
|
|t:|1729281818
|-curestatus|p2a: Blissey|par|[from] ability: Natural Cure
|switch|p2a: Metagross|Metagross|65/100 par
|move|p1a: Metagross|Explosion|p2a: Metagross
|-resisted|p2a: Metagross
|-damage|p2a: Metagross|3/100 par
|faint|p1a: Metagross
|
|t:|1729281823
|switch|p1a: Dugtrio|Dugtrio, M|100/100
|
|-heal|p2a: Metagross|52/100 par|[from] move: Wish|[wisher] Blissey
|upkeep
|turn|19
|
|t:|1729281829
|move|p1a: Dugtrio|Earthquake|p2a: Metagross
|-supereffective|p2a: Metagross
|-crit|p2a: Metagross
|-damage|p2a: Metagross|0 fnt
|faint|p2a: Metagross
|
|t:|1729281834
|switch|p2a: Salamence|Salamence, M|75/100 par
|-ability|p2a: Salamence|Intimidate|boost
|-unboost|p1a: Dugtrio|atk|1
|
|-heal|p2a: Salamence|81/100 par|[from] item: Leftovers
|upkeep
|turn|20
|
|t:|1729281840
|switch|p1a: Starmie|Starmie|100/100
|move|p2a: Salamence|Hidden Power|p1a: Starmie
|-supereffective|p1a: Starmie
|-damage|p1a: Starmie|49/100
|
|-heal|p1a: Starmie|55/100|[from] item: Leftovers
|-heal|p2a: Salamence|88/100 par|[from] item: Leftovers
|upkeep
|turn|21
|
|t:|1729281851
|switch|p2a: Blissey|Blissey, F|100/100
|move|p1a: Starmie|Recover|p1a: Starmie
|-heal|p1a: Starmie|100/100
|
|upkeep
|turn|22
|
|t:|1729281856
|move|p1a: Starmie|Thunder Wave|p2a: Blissey
|-status|p2a: Blissey|par
|move|p2a: Blissey|Toxic|p1a: Starmie
|-status|p1a: Starmie|tox
|
|-damage|p1a: Starmie|94/100 tox|[from] psn
|upkeep
|turn|23
|
|t:|1729281863
|-curestatus|p1a: Starmie|tox|[from] ability: Natural Cure
|switch|p1a: Jynx|Jynx, F|100/100
|cant|p2a: Blissey|par
|
|upkeep
|turn|24
|
|t:|1729281871
|-curestatus|p2a: Blissey|par|[from] ability: Natural Cure
|switch|p2a: Forretress|Forretress, M|100/100
|move|p1a: Jynx|Mean Look|p2a: Forretress
|-activate|p2a: Forretress|trapped
|
|upkeep
|turn|25
|
|t:|1729281877
|switch|p1a: Jirachi|Jirachi|100/100
|move|p2a: Forretress|Spikes|p1a: Jirachi
|-sidestart|p1: FlareLiger|Spikes
|
|upkeep
|turn|26
|
|t:|1729281884
|move|p1a: Jirachi|Fire Punch|p2a: Forretress
|-supereffective|p2a: Forretress
|-damage|p2a: Forretress|40/100
|move|p2a: Forretress|Earthquake|p1a: Jirachi
|-supereffective|p1a: Jirachi
|-damage|p1a: Jirachi|70/100
|
|-heal|p1a: Jirachi|76/100|[from] item: Leftovers
|-heal|p2a: Forretress|46/100|[from] item: Leftovers
|upkeep
|turn|27
|
|t:|1729281893
|switch|p2a: Salamence|Salamence, M|88/100 par
|-ability|p2a: Salamence|Intimidate|boost
|-unboost|p1a: Jirachi|atk|1
|move|p1a: Jirachi|Wish|p1a: Jirachi
|
|-heal|p1a: Jirachi|82/100|[from] item: Leftovers
|-heal|p2a: Salamence|94/100 par|[from] item: Leftovers
|upkeep
|turn|28
|
|t:|1729281908
|switch|p1a: Starmie|Starmie|94/100
|-damage|p1a: Starmie|82/100|[from] Spikes
|move|p2a: Salamence|Hidden Power|p1a: Starmie
|-supereffective|p1a: Starmie
|-damage|p1a: Starmie|28/100
|
|-heal|p1a: Starmie|78/100|[from] move: Wish|[wisher] Jirachi
|-heal|p1a: Starmie|84/100|[from] item: Leftovers
|-heal|p2a: Salamence|99/100 par|[from] item: Leftovers
|upkeep
|turn|29
|
|t:|1729281920
|switch|p2a: Blissey|Blissey, F|100/100
|move|p1a: Starmie|Surf|p2a: Blissey
|-crit|p2a: Blissey
|-damage|p2a: Blissey|73/100
|
|-heal|p1a: Starmie|90/100|[from] item: Leftovers
|-heal|p2a: Blissey|79/100|[from] item: Leftovers
|upkeep
|turn|30
|
|t:|1729281929
|move|p1a: Starmie|Rapid Spin|p2a: Blissey
|-damage|p2a: Blissey|77/100
|-sideend|p1: FlareLiger|Spikes|[from] move: Rapid Spin|[of] p1a: Starmie
|move|p2a: Blissey|Wish|p2a: Blissey
|
|-heal|p1a: Starmie|96/100|[from] item: Leftovers
|-heal|p2a: Blissey|83/100|[from] item: Leftovers
|upkeep
|turn|31
|
|t:|1729281936
|switch|p2a: Forretress|Forretress, M|46/100
|move|p1a: Starmie|Thunder Wave|p2a: Forretress
|-status|p2a: Forretress|par
|
|-heal|p2a: Forretress|96/100 par|[from] move: Wish|[wisher] Blissey
|-heal|p1a: Starmie|100/100|[from] item: Leftovers
|-heal|p2a: Forretress|100/100 par|[from] item: Leftovers
|upkeep
|turn|32
|
|t:|1729281946
|move|p1a: Starmie|Surf|p2a: Forretress
|-damage|p2a: Forretress|66/100 par
|move|p2a: Forretress|Spikes|p1a: Starmie
|-sidestart|p1: FlareLiger|Spikes
|
|-heal|p2a: Forretress|72/100 par|[from] item: Leftovers
|upkeep
|turn|33
|
|t:|1729281952
|move|p1a: Starmie|Surf|p2a: Forretress
|-damage|p2a: Forretress|42/100 par
|move|p2a: Forretress|Spikes|p1a: Starmie
|-sidestart|p1: FlareLiger|Spikes
|
|-heal|p2a: Forretress|49/100 par|[from] item: Leftovers
|upkeep
|turn|34
|
|t:|1729281958
|move|p1a: Starmie|Surf|p2a: Forretress
|-damage|p2a: Forretress|17/100 par
|move|p2a: Forretress|Explosion|p1a: Starmie
|-damage|p1a: Starmie|0 fnt
|faint|p2a: Forretress
|faint|p1a: Starmie
|
|t:|1729281969
|switch|p1a: Jynx|Jynx, F|100/100
|switch|p2a: Salamence|Salamence, M|99/100 par
|-damage|p1a: Jynx|84/100|[from] Spikes
|-ability|p2a: Salamence|Intimidate|boost
|-unboost|p1a: Jynx|atk|1
|
|-heal|p2a: Salamence|100/100 par|[from] item: Leftovers
|upkeep
|turn|35
|
|t:|1729281979
|move|p1a: Jynx|Ice Beam|p2a: Salamence
|-supereffective|p2a: Salamence
|-damage|p2a: Salamence|0 fnt
|faint|p2a: Salamence
|
|t:|1729281986
|switch|p2a: Blissey|Blissey, F|83/100
|
|-heal|p2a: Blissey|89/100|[from] item: Leftovers
|upkeep
|turn|36
|
|t:|1729281991
|move|p1a: Jynx|Mean Look|p2a: Blissey
|-activate|p2a: Blissey|trapped
|move|p2a: Blissey|Seismic Toss|p1a: Jynx
|-damage|p1a: Jynx|47/100
|
|-heal|p2a: Blissey|95/100|[from] item: Leftovers
|upkeep
|turn|37
|
|t:|1729281997
|move|p1a: Jynx|Lovely Kiss|p2a: Blissey
|-status|p2a: Blissey|slp|[from] move: Lovely Kiss
|cant|p2a: Blissey|slp
|
|-heal|p2a: Blissey|100/100 slp|[from] item: Leftovers
|upkeep
|turn|38
|
|t:|1729282003
|move|p1a: Jynx|Perish Song|p1a: Jynx
|-start|p1a: Jynx|perish3|[silent]
|-start|p2a: Blissey|perish3|[silent]
|-fieldactivate|move: Perish Song
|-curestatus|p2a: Blissey|slp|[msg]
|move|p2a: Blissey|Seismic Toss|p1a: Jynx
|-damage|p1a: Jynx|10/100
|
|-start|p1a: Jynx|perish3
|-start|p2a: Blissey|perish3
|upkeep
|turn|39
|
|t:|1729282012
|move|p1a: Jynx|Lovely Kiss|p2a: Blissey
|-status|p2a: Blissey|slp|[from] move: Lovely Kiss
|cant|p2a: Blissey|slp
|
|-start|p1a: Jynx|perish2
|-start|p2a: Blissey|perish2
|upkeep
|turn|40
|
|t:|1729282019
|move|p1a: Jynx|Ice Beam|p2a: Blissey
|-damage|p2a: Blissey|83/100 slp
|cant|p2a: Blissey|slp
|
|-heal|p2a: Blissey|89/100 slp|[from] item: Leftovers
|-start|p1a: Jynx|perish1
|-start|p2a: Blissey|perish1
|upkeep
|turn|41
|
|t:|1729282030
|move|p1a: Jynx|Ice Beam|p2a: Blissey
|-damage|p2a: Blissey|74/100 slp
|cant|p2a: Blissey|slp
|
|-heal|p2a: Blissey|80/100 slp|[from] item: Leftovers
|-start|p1a: Jynx|perish0
|-start|p2a: Blissey|perish0
|upkeep
|faint|p1a: Jynx
|faint|p2a: Blissey
|
|t:|1729282042
|switch|p1a: Dugtrio|Dugtrio, M|100/100
|switch|p2a: Swampert|Swampert, F|100/100
|-damage|p1a: Dugtrio|84/100|[from] Spikes
|turn|42
|
|t:|1729282052
|move|p1a: Dugtrio|Earthquake|p2a: Swampert
|-damage|p2a: Swampert|58/100
|move|p2a: Swampert|Hydro Pump|p1a: Dugtrio
|-supereffective|p1a: Dugtrio
|-damage|p1a: Dugtrio|0 fnt
|faint|p1a: Dugtrio
|
|t:|1729282057
|switch|p1a: Jirachi|Jirachi|82/100
|-damage|p1a: Jirachi|65/100|[from] Spikes
|
|-heal|p1a: Jirachi|72/100|[from] item: Leftovers
|-heal|p2a: Swampert|64/100|[from] item: Leftovers
|upkeep
|turn|43
|
|t:|1729282063
|move|p2a: Swampert|Protect|p2a: Swampert
|-singleturn|p2a: Swampert|Protect
|move|p1a: Jirachi|Wish|p1a: Jirachi
|
|-heal|p1a: Jirachi|78/100|[from] item: Leftovers
|-heal|p2a: Swampert|70/100|[from] item: Leftovers
|upkeep
|turn|44
|
|t:|1729282069
|move|p1a: Jirachi|Fire Punch|p2a: Swampert
|-resisted|p2a: Swampert
|-damage|p2a: Swampert|63/100
|move|p2a: Swampert|Earthquake|p1a: Jirachi
|-supereffective|p1a: Jirachi
|-damage|p1a: Jirachi|20/100
|
|-heal|p1a: Jirachi|70/100|[from] move: Wish|[wisher] Jirachi
|-heal|p1a: Jirachi|76/100|[from] item: Leftovers
|-heal|p2a: Swampert|69/100|[from] item: Leftovers
|upkeep
|turn|45
|
|t:|1729282079
|move|p1a: Jirachi|Wish|p1a: Jirachi
|move|p2a: Swampert|Earthquake|p1a: Jirachi
|-supereffective|p1a: Jirachi
|-damage|p1a: Jirachi|13/100
|
|-heal|p1a: Jirachi|19/100|[from] item: Leftovers
|-heal|p2a: Swampert|75/100|[from] item: Leftovers
|upkeep
|turn|46
|
|t:|1729282086
|move|p1a: Jirachi|Protect|p1a: Jirachi
|-singleturn|p1a: Jirachi|Protect
|move|p2a: Swampert|Earthquake|p1a: Jirachi
|-activate|p1a: Jirachi|Protect
|
|-heal|p1a: Jirachi|69/100|[from] move: Wish|[wisher] Jirachi
|-heal|p1a: Jirachi|75/100|[from] item: Leftovers
|-heal|p2a: Swampert|81/100|[from] item: Leftovers
|upkeep
|turn|47
|
|t:|1729282095
|move|p1a: Jirachi|Wish|p1a: Jirachi
|move|p2a: Swampert|Earthquake|p1a: Jirachi
|-supereffective|p1a: Jirachi
|-damage|p1a: Jirachi|13/100
|
|-heal|p1a: Jirachi|19/100|[from] item: Leftovers
|-heal|p2a: Swampert|87/100|[from] item: Leftovers
|upkeep
|turn|48
|
|t:|1729282102
|move|p1a: Jirachi|Protect|p1a: Jirachi
|-singleturn|p1a: Jirachi|Protect
|move|p2a: Swampert|Earthquake|p1a: Jirachi
|-activate|p1a: Jirachi|Protect
|
|-heal|p1a: Jirachi|69/100|[from] move: Wish|[wisher] Jirachi
|-heal|p1a: Jirachi|75/100|[from] item: Leftovers
|-heal|p2a: Swampert|94/100|[from] item: Leftovers
|upkeep
|turn|49
|
|t:|1729282111
|move|p1a: Jirachi|Wish|p1a: Jirachi
|move|p2a: Swampert|Earthquake|p1a: Jirachi
|-supereffective|p1a: Jirachi
|-damage|p1a: Jirachi|21/100
|
|-heal|p1a: Jirachi|27/100|[from] item: Leftovers
|-heal|p2a: Swampert|99/100|[from] item: Leftovers
|upkeep
|turn|50
|
|t:|1729282119
|move|p1a: Jirachi|Protect|p1a: Jirachi
|-singleturn|p1a: Jirachi|Protect
|move|p2a: Swampert|Ice Beam|p1a: Jirachi
|-activate|p1a: Jirachi|Protect
|
|-heal|p1a: Jirachi|77/100|[from] move: Wish|[wisher] Jirachi
|-heal|p1a: Jirachi|83/100|[from] item: Leftovers
|-heal|p2a: Swampert|100/100|[from] item: Leftovers
|upkeep
|turn|51
|
|t:|1729282128
|move|p1a: Jirachi|Wish|p1a: Jirachi
|move|p2a: Swampert|Earthquake|p1a: Jirachi
|-supereffective|p1a: Jirachi
|-damage|p1a: Jirachi|21/100
|
|-heal|p1a: Jirachi|27/100|[from] item: Leftovers
|upkeep
|turn|52
|
|t:|1729282133
|move|p1a: Jirachi|Protect|p1a: Jirachi
|-singleturn|p1a: Jirachi|Protect
|move|p2a: Swampert|Ice Beam|p1a: Jirachi
|-activate|p1a: Jirachi|Protect
|
|-heal|p1a: Jirachi|77/100|[from] move: Wish|[wisher] Jirachi
|-heal|p1a: Jirachi|83/100|[from] item: Leftovers
|upkeep
|turn|53
|
|t:|1729282141
|move|p1a: Jirachi|Wish|p1a: Jirachi
|move|p2a: Swampert|Earthquake|p1a: Jirachi
|-supereffective|p1a: Jirachi
|-damage|p1a: Jirachi|22/100
|
|-heal|p1a: Jirachi|28/100|[from] item: Leftovers
|upkeep
|turn|54
|
|t:|1729282149
|move|p1a: Jirachi|Protect|p1a: Jirachi
|-singleturn|p1a: Jirachi|Protect
|move|p2a: Swampert|Ice Beam|p1a: Jirachi
|-activate|p1a: Jirachi|Protect
|
|-heal|p1a: Jirachi|78/100|[from] move: Wish|[wisher] Jirachi
|-heal|p1a: Jirachi|85/100|[from] item: Leftovers
|upkeep
|turn|55
|
|t:|1729282158
|move|p1a: Jirachi|Wish|p1a: Jirachi
|move|p2a: Swampert|Earthquake|p1a: Jirachi
|-supereffective|p1a: Jirachi
|-damage|p1a: Jirachi|25/100
|
|-heal|p1a: Jirachi|31/100|[from] item: Leftovers
|upkeep
|turn|56
|
|t:|1729282165
|move|p1a: Jirachi|Protect|p1a: Jirachi
|-singleturn|p1a: Jirachi|Protect
|move|p2a: Swampert|Ice Beam|p1a: Jirachi
|-activate|p1a: Jirachi|Protect
|
|-heal|p1a: Jirachi|81/100|[from] move: Wish|[wisher] Jirachi
|-heal|p1a: Jirachi|87/100|[from] item: Leftovers
|upkeep
|turn|57
|
|t:|1729282176
|move|p1a: Jirachi|Wish|p1a: Jirachi
|move|p2a: Swampert|Hydro Pump|p1a: Jirachi|[miss]
|-miss|p2a: Swampert|p1a: Jirachi
|
|-heal|p1a: Jirachi|93/100|[from] item: Leftovers
|upkeep
|turn|58
|
|t:|1729282187
|move|p1a: Jirachi|Fire Punch|p2a: Swampert
|-resisted|p2a: Swampert
|-damage|p2a: Swampert|93/100
|move|p2a: Swampert|Earthquake|p1a: Jirachi
|-supereffective|p1a: Jirachi
|-damage|p1a: Jirachi|36/100
|
|-heal|p1a: Jirachi|86/100|[from] move: Wish|[wisher] Jirachi
|-heal|p1a: Jirachi|92/100|[from] item: Leftovers
|-heal|p2a: Swampert|99/100|[from] item: Leftovers
|upkeep
|turn|59
|
|t:|1729282197
|move|p1a: Jirachi|Wish|p1a: Jirachi
|move|p2a: Swampert|Earthquake|p1a: Jirachi
|-supereffective|p1a: Jirachi
|-damage|p1a: Jirachi|36/100
|
|-heal|p1a: Jirachi|42/100|[from] item: Leftovers
|-heal|p2a: Swampert|100/100|[from] item: Leftovers
|upkeep
|turn|60
|
|t:|1729282204
|move|p1a: Jirachi|Protect|p1a: Jirachi
|-singleturn|p1a: Jirachi|Protect
|move|p2a: Swampert|Hydro Pump|p1a: Jirachi
|-activate|p1a: Jirachi|Protect
|
|-heal|p1a: Jirachi|92/100|[from] move: Wish|[wisher] Jirachi
|-heal|p1a: Jirachi|98/100|[from] item: Leftovers
|upkeep
|turn|61
|
|t:|1729282213
|move|p1a: Jirachi|Wish|p1a: Jirachi
|move|p2a: Swampert|Earthquake|p1a: Jirachi
|-supereffective|p1a: Jirachi
|-damage|p1a: Jirachi|34/100
|
|-heal|p1a: Jirachi|41/100|[from] item: Leftovers
|upkeep
|turn|62
|
|t:|1729282221
|move|p1a: Jirachi|Protect|p1a: Jirachi
|-singleturn|p1a: Jirachi|Protect
|move|p2a: Swampert|Protect||[still]
|-fail|p2a: Swampert
|
|-heal|p1a: Jirachi|91/100|[from] move: Wish|[wisher] Jirachi
|-heal|p1a: Jirachi|97/100|[from] item: Leftovers
|upkeep
|turn|63
|
|t:|1729282229
|move|p1a: Jirachi|Fire Punch|p2a: Swampert
|-resisted|p2a: Swampert
|-damage|p2a: Swampert|94/100
|move|p2a: Swampert|Hydro Pump|p1a: Jirachi|[miss]
|-miss|p2a: Swampert|p1a: Jirachi
|
|-heal|p1a: Jirachi|100/100|[from] item: Leftovers
|-heal|p2a: Swampert|99/100|[from] item: Leftovers
|upkeep
|turn|64
|
|t:|1729282238
|move|p1a: Jirachi|Fire Punch|p2a: Swampert
|-resisted|p2a: Swampert
|-damage|p2a: Swampert|93/100
|move|p2a: Swampert|Earthquake|p1a: Jirachi
|-supereffective|p1a: Jirachi
|-crit|p1a: Jirachi
|-damage|p1a: Jirachi|0 fnt
|faint|p1a: Jirachi
|
|win|Drekt93
|c|☆Drekt93|gg

</script>
<script type="application/json" class="data" id="replaydata-smogtours-gen3ou-799665">
{"id":"smogtours-gen3ou-799665","format":"[Gen 3] OU","players":["FlareLiger","Drekt93"],"uploadtime":1729282238,"views":88,"formatid":"gen3ou","rating":null,"private":0,"password":null}
</script>

<script defer src="js/replays.js?9d40a366"></script>
