<!DOCTYPE html>
<meta charset="utf-8" />
<meta name="viewport" content="width=device-width" />

<title>[Gen 3] OU: EG Zelph vs. I&#039;m the Dome Ace - Replays - Pok&eacute;mon Showdown!</title>

<meta name="description" content="Watch a replay of a Pok&eacute;mon battle between EG Zelph and I&#039;m the Dome Ace! Format: [Gen 3] OU; Date: Nov 5, 2024" />
<!--

Hey, you! Looking in the source for the replay log?

You can find them in JSON format, just add `.json` at the end of a replay URL.

https://replay.pokemonshowdown.com/gen7randomdoublesbattle-865046831.json

Or, if you only need the log itself, add `.log` instead:

https://replay.pokemonshowdown.com/gen7randomdoublesbattle-865046831.log

-->

<link rel="stylesheet" href="//pokemonshowdown.com/style/global.css?0.023195364461161105" />
<link rel="stylesheet" href="//play.pokemonshowdown.com/style/font-awesome.css?0.13261647063804238" />
<link rel="stylesheet" href="//play.pokemonshowdown.com/style/battle.css?0.8753245789963631" />
<link rel="stylesheet" href="//play.pokemonshowdown.com/style/utilichart.css?0.8627959624976733" />

<!-- Global site tag (gtag.js) - Google Analytics -->
<script async src="https://www.googletagmanager.com/gtag/js?id=UA-26211653-1"></script>
<script>
  window.dataLayer = window.dataLayer || [];
  function gtag(){dataLayer.push(arguments);}
  gtag('js', new Date());

  gtag('config', 'UA-26211653-1');
</script>
<!-- End Google Analytics -->
<!-- Venatus Ad Manager - Install in <HEAD> of page -->
	<script src="https://hb.vntsm.com/v3/live/ad-manager.min.js" type="text/javascript" data-site-id="642aba63ec9a7b11c3c9c1be" data-mode="scan" async></script>
<!-- / Venatus Ad Manager -->

<style>
	@media (max-width:820px) {
		.battle {
			margin: 0 auto;
		}
		.battle-log {
			margin: 7px auto 0;
			max-width: 640px;
			height: 300px;
			position: static;
		}
	}
	.optgroup {
		display: inline-block;
		line-height: 22px;
		font-size: 10pt;
	}
	.optgroup .button {
		height: 25px;
		padding-top: 0;
		padding-bottom: 0;
	}
	.optgroup button.button {
		padding-left: 12px;
		padding-right: 12px;
	}
	.linklist {
		list-style: none;
		margin: 0.5em 0;
		padding: 0;
	}
	.linklist li {
		padding: 2px 0;
	}
	.sidebar {
		float: left;
		width: 320px;
	}
	.bar-wrapper {
		max-width: 1100px;
		margin: 0 auto;
	}
	.bar-wrapper.has-sidebar {
		max-width: 1430px;
	}
	.mainbar {
		margin: 0;
		padding-right: 1px;
	}
	.mainbar.has-sidebar {
		margin-left: 330px;
	}
	@media (min-width: 1511px) {
		.sidebar {
			width: 400px;
		}
		.bar-wrapper.has-sidebar {
			max-width: 1510px;
		}
		.mainbar.has-sidebar {
			margin-left: 410px;
		}
	}
	.section.first-section {
		margin-top: 9px;
	}
	.blocklink small {
		white-space: normal;
	}
	.button {
		vertical-align: middle;
	}
	.replay-controls {
		padding-top: 10px;
	}
	.replay-controls h1 {
		font-size: 16pt;
		font-weight: normal;
		color: #CCC;
	}
	.pagelink {
		text-align: center;
	}
	.pagelink a {
		width: 150px;
	}
	.textbox, .button {
		font-size: 11pt;
		vertical-align: middle;
	}
	@media (max-width: 450px) {
		.button {
			font-size: 9pt;
		}
	}
</style>

<div>

	<header>
		<div class="nav-wrapper"><ul class="nav">
			<li><a class="button nav-first" href="//pokemonshowdown.com/"><img src="//pokemonshowdown.com/images/pokemonshowdownbeta.png" srcset="//pokemonshowdown.com/images/pokemonshowdownbeta.png 1x, //pokemonshowdown.com/images/pokemonshowdownbeta@2x.png 2x" alt="Pok&eacute;mon Showdown" width="146" height="44" /> Home</a></li>
			<li><a class="button" href="//pokemonshowdown.com/dex/">Pok&eacute;dex</a></li>
			<li><a class="button cur" href="/">Replays</a></li>
			<li><a class="button" href="//pokemonshowdown.com/ladder/">Ladder</a></li>
			<li><a class="button nav-last" href="//pokemonshowdown.com/forums/">Forum</a></li>
			<li><a class="button greenbutton nav-first nav-last" href="//play.pokemonshowdown.com/">Play</a></li>
		</ul></div>
	</header>

	<div class="main" id="main">

		<noscript><section class="section">You need to enable JavaScript to use this page; sorry!</section></noscript>

	</div>

</div>

<script defer nomodule src="//play.pokemonshowdown.com/js/lib/ps-polyfill.js"></script>
<script defer src="//play.pokemonshowdown.com/js/lib/preact.min.js"></script>

<script defer src="//play.pokemonshowdown.com/config/config.js?2bddbc15"></script>
<script defer src="//play.pokemonshowdown.com/js/lib/jquery-1.11.0.min.js"></script>
<script defer src="//play.pokemonshowdown.com/js/lib/html-sanitizer-minified.js"></script>
<script defer src="//play.pokemonshowdown.com/js/battle-sound.js"></script>
<script defer src="//play.pokemonshowdown.com/js/battledata.js?0.7209276989879541"></script>
<script defer src="//play.pokemonshowdown.com/data/pokedex-mini.js?0.6111056340867951"></script>
<script defer src="//play.pokemonshowdown.com/data/pokedex-mini-bw.js?0.3532142036491459"></script>
<script defer src="//play.pokemonshowdown.com/data/graphics.js?0.24223875632456182"></script>
<script defer src="//play.pokemonshowdown.com/data/pokedex.js?0.38839984266356864"></script>
<script defer src="//play.pokemonshowdown.com/data/moves.js?0.21866028504024015"></script>
<script defer src="//play.pokemonshowdown.com/data/abilities.js?0.2005157953846628"></script>
<script defer src="//play.pokemonshowdown.com/data/items.js?0.9894211263848525"></script>
<script defer src="//play.pokemonshowdown.com/data/teambuilder-tables.js?0.6008791140282215"></script>
<script defer src="//play.pokemonshowdown.com/js/battle-tooltips.js?0.7580118955022959"></script>
<script defer src="//play.pokemonshowdown.com/js/battle.js?0.6057722274234274"></script>

<script defer src="js/utils.js?e31f9a17"></script>
<script defer src="js/replays-battle.js?7008c182"></script>

<!-- don't scrape this data! just add .json or .log after the URL!
Full API docs: https://github.com/smogon/pokemon-showdown-client/blob/master/WEB-API.md -->
<script type="text/plain" class="log" id="replaylog-smogtours-gen3ou-804850">
|inactive|Battle timer is ON: inactive players will automatically lose when time's up.
|t:|1730769463
|gametype|singles
|player|p1|EG Zelph|sabrina|
|player|p2|I'm the Dome Ace|rancher|
|teamsize|p1|6
|teamsize|p2|6
|gen|3
|tier|[Gen 3] OU
|rule|Sleep Clause Mod: Limit one foe put to sleep
|rule|Switch Priority Clause Mod: Faster Pokémon switch first
|rule|Species Clause: Limit one of each Pokémon
|rule|OHKO Clause: OHKO moves are banned
|rule|Evasion Items Clause: Evasion items are banned
|rule|Evasion Moves Clause: Evasion moves are banned
|rule|Endless Battle Clause: Forcing endless battles is banned
|rule|HP Percentage Mod: HP is shown in percentages
|rule|One Boost Passer Clause: Limit one Baton Passer that has a way to boost its stats
|rule|Freeze Clause Mod: Limit one foe frozen
|
|t:|1730769463
|start
|switch|p1a: Zapdos|Zapdos|100/100
|switch|p2a: Swampert|Swampert, F|100/100
|turn|1
|inactive|EG Zelph also wants the timer to be on.
|c|☆I'm the Dome Ace|glhf
|
|t:|1730769473
|switch|p2a: Armaldo|Armaldo, M|100/100
|move|p1a: Zapdos|Hidden Power|p2a: Armaldo
|-damage|p2a: Armaldo|82/100
|
|-heal|p2a: Armaldo|89/100|[from] item: Leftovers
|upkeep
|turn|2
|
|t:|1730769501
|move|p1a: Zapdos|Thunderbolt|p2a: Armaldo
|-damage|p2a: Armaldo|54/100
|-status|p2a: Armaldo|par
|move|p2a: Armaldo|Knock Off|p1a: Zapdos
|-damage|p1a: Zapdos|98/100
|-enditem|p1a: Zapdos|Leftovers|[from] move: Knock Off|[of] p2a: Armaldo
|-hint|In Gens 3-4, Knock Off only makes the target's item unusable; it cannot obtain a new item.
|
|-heal|p2a: Armaldo|61/100 par|[from] item: Leftovers
|upkeep
|turn|3
|
|t:|1730769512
|switch|p1a: Swampert|Swampert, M|100/100
|move|p2a: Armaldo|Rock Blast|p1a: Swampert
|-resisted|p1a: Swampert
|-crit|p1a: Swampert
|-damage|p1a: Swampert|93/100
|-resisted|p1a: Swampert
|-damage|p1a: Swampert|89/100
|-resisted|p1a: Swampert
|-damage|p1a: Swampert|86/100
|-hitcount|p1a: Swampert|3
|
|-heal|p1a: Swampert|92/100|[from] item: Leftovers
|-heal|p2a: Armaldo|67/100 par|[from] item: Leftovers
|upkeep
|turn|4
|
|t:|1730769523
|switch|p2a: Celebi|Celebi|100/100
|move|p1a: Swampert|Surf|p2a: Celebi
|-resisted|p2a: Celebi
|-damage|p2a: Celebi|91/100
|
|-heal|p2a: Celebi|97/100|[from] item: Leftovers
|-heal|p1a: Swampert|98/100|[from] item: Leftovers
|upkeep
|turn|5
|
|t:|1730769535
|switch|p2a: Gyarados|Gyarados, F|100/100
|-ability|p2a: Gyarados|Intimidate|boost
|-unboost|p1a: Swampert|atk|1
|switch|p1a: Zapdos|Zapdos|98/100
|
|upkeep
|turn|6
|
|t:|1730769544
|switch|p2a: Claydol|Claydol|100/100
|move|p1a: Zapdos|Thunderbolt|p2a: Claydol
|-immune|p2a: Claydol
|
|upkeep
|turn|7
|
|t:|1730769560
|switch|p2a: Jirachi|Jirachi|100/100
|move|p1a: Zapdos|Toxic|p2a: Jirachi
|-immune|p2a: Jirachi
|
|upkeep
|turn|8
|
|t:|1730769571
|switch|p1a: Tyranitar|Tyranitar, F|100/100
|-weather|Sandstorm|[from] ability: Sand Stream|[of] p1a: Tyranitar
|move|p2a: Jirachi|Substitute|p2a: Jirachi
|-start|p2a: Jirachi|Substitute
|-damage|p2a: Jirachi|75/100
|
|-weather|Sandstorm|[upkeep]
|-heal|p2a: Jirachi|82/100|[from] item: Leftovers
|upkeep
|turn|9
|
|t:|1730769588
|move|p2a: Jirachi|Ice Punch|p1a: Tyranitar
|-damage|p1a: Tyranitar|86/100
|move|p1a: Tyranitar|Earthquake|p2a: Jirachi
|-supereffective|p2a: Jirachi
|-end|p2a: Jirachi|Substitute
|
|-weather|Sandstorm|[upkeep]
|-heal|p2a: Jirachi|88/100|[from] item: Leftovers
|upkeep
|turn|10
|
|t:|1730769593
|switch|p2a: Swampert|Swampert, F|100/100
|move|p1a: Tyranitar|Earthquake|p2a: Swampert
|-damage|p2a: Swampert|62/100
|
|-weather|Sandstorm|[upkeep]
|-heal|p2a: Swampert|68/100|[from] item: Leftovers
|upkeep
|turn|11
|
|t:|1730769607
|switch|p1a: Zapdos|Zapdos|98/100
|move|p2a: Swampert|Toxic|p1a: Zapdos
|-status|p1a: Zapdos|tox
|
|-weather|Sandstorm|[upkeep]
|-damage|p1a: Zapdos|92/100 tox|[from] Sandstorm
|-damage|p1a: Zapdos|86/100 tox|[from] psn
|-heal|p2a: Swampert|75/100|[from] item: Leftovers
|upkeep
|turn|12
|
|t:|1730769612
|move|p2a: Swampert|Protect|p2a: Swampert
|-singleturn|p2a: Swampert|Protect
|move|p1a: Zapdos|Thunderbolt|p2a: Swampert
|-activate|p2a: Swampert|Protect
|
|-weather|Sandstorm|[upkeep]
|-damage|p1a: Zapdos|80/100 tox|[from] Sandstorm
|-damage|p1a: Zapdos|67/100 tox|[from] psn
|-heal|p2a: Swampert|81/100|[from] item: Leftovers
|upkeep
|turn|13
|
|t:|1730769629
|switch|p2a: Celebi|Celebi|97/100
|move|p1a: Zapdos|Rest|p1a: Zapdos
|-status|p1a: Zapdos|slp|[from] move: Rest
|-heal|p1a: Zapdos|100/100 slp|[silent]
|
|-weather|Sandstorm|[upkeep]
|-damage|p2a: Celebi|91/100|[from] Sandstorm
|-damage|p1a: Zapdos|94/100 slp|[from] Sandstorm
|-heal|p2a: Celebi|97/100|[from] item: Leftovers
|upkeep
|turn|14
|
|t:|1730769635
|move|p2a: Celebi|Leech Seed|p1a: Zapdos
|-start|p1a: Zapdos|move: Leech Seed
|cant|p1a: Zapdos|slp
|
|-weather|Sandstorm|[upkeep]
|-damage|p2a: Celebi|91/100|[from] Sandstorm
|-damage|p1a: Zapdos|88/100 slp|[from] Sandstorm
|-heal|p2a: Celebi|97/100|[from] item: Leftovers
|-damage|p1a: Zapdos|75/100 slp|[from] Leech Seed|[of] p2a: Celebi
|-heal|p2a: Celebi|100/100|[silent]
|upkeep
|turn|15
|
|t:|1730769640
|move|p2a: Celebi|Heal Bell|p2a: Celebi
|-activate|p2a: Celebi|move: Heal Bell
|-curestatus|p2: Armaldo|par|[silent]
|cant|p1a: Zapdos|slp
|
|-weather|Sandstorm|[upkeep]
|-damage|p2a: Celebi|94/100|[from] Sandstorm
|-damage|p1a: Zapdos|69/100 slp|[from] Sandstorm
|-heal|p2a: Celebi|100/100|[from] item: Leftovers
|-damage|p1a: Zapdos|57/100 slp|[from] Leech Seed|[of] p2a: Celebi
|upkeep
|turn|16
|
|t:|1730769648
|switch|p1a: Tyranitar|Tyranitar, F|86/100
|move|p2a: Celebi|Leech Seed|p1a: Tyranitar
|-start|p1a: Tyranitar|move: Leech Seed
|
|-weather|Sandstorm|[upkeep]
|-damage|p2a: Celebi|94/100|[from] Sandstorm
|-heal|p2a: Celebi|100/100|[from] item: Leftovers
|-damage|p1a: Tyranitar|74/100|[from] Leech Seed|[of] p2a: Celebi
|upkeep
|turn|17
|
|t:|1730769659
|switch|p2a: Swampert|Swampert, F|81/100
|switch|p1a: Swampert|Swampert, M|98/100
|
|-weather|Sandstorm|[upkeep]
|-heal|p2a: Swampert|87/100|[from] item: Leftovers
|-heal|p1a: Swampert|100/100|[from] item: Leftovers
|upkeep
|turn|18
|
|t:|1730769663
|move|p2a: Swampert|Toxic|p1a: Swampert
|-status|p1a: Swampert|tox
|move|p1a: Swampert|Toxic|p2a: Swampert
|-status|p2a: Swampert|tox
|
|-weather|Sandstorm|[upkeep]
|-heal|p2a: Swampert|93/100 tox|[from] item: Leftovers
|-damage|p2a: Swampert|87/100 tox|[from] psn
|-damage|p1a: Swampert|94/100 tox|[from] psn
|upkeep
|turn|19
|
|t:|1730769667
|switch|p2a: Celebi|Celebi|100/100
|move|p1a: Swampert|Refresh|p1a: Swampert
|-curestatus|p1a: Swampert|tox|[msg]
|
|-weather|Sandstorm|[upkeep]
|-damage|p2a: Celebi|94/100|[from] Sandstorm
|-heal|p2a: Celebi|100/100|[from] item: Leftovers
|-heal|p1a: Swampert|100/100|[from] item: Leftovers
|upkeep
|turn|20
|
|t:|1730769672
|switch|p1a: Heracross|Heracross, M|100/100
|move|p2a: Celebi|Hidden Power|p1a: Heracross
|-resisted|p1a: Heracross
|-damage|p1a: Heracross|89/100
|
|-weather|Sandstorm|[upkeep]
|-damage|p2a: Celebi|94/100|[from] Sandstorm
|-damage|p1a: Heracross|83/100|[from] Sandstorm
|-heal|p2a: Celebi|100/100|[from] item: Leftovers
|-heal|p1a: Heracross|89/100|[from] item: Leftovers
|upkeep
|turn|21
|
|t:|1730769681
|switch|p2a: Gyarados|Gyarados, F|100/100
|-ability|p2a: Gyarados|Intimidate|boost
|-unboost|p1a: Heracross|atk|1
|move|p1a: Heracross|Megahorn|p2a: Gyarados
|-resisted|p2a: Gyarados
|-damage|p2a: Gyarados|77/100
|
|-weather|Sandstorm|[upkeep]
|-damage|p2a: Gyarados|71/100|[from] Sandstorm
|-damage|p1a: Heracross|83/100|[from] Sandstorm
|-heal|p2a: Gyarados|77/100|[from] item: Leftovers
|-heal|p1a: Heracross|89/100|[from] item: Leftovers
|upkeep
|turn|22
|
|t:|1730769690
|switch|p2a: Armaldo|Armaldo, M|67/100
|switch|p1a: Swampert|Swampert, M|100/100
|
|-weather|Sandstorm|[upkeep]
|-heal|p2a: Armaldo|73/100|[from] item: Leftovers
|upkeep
|turn|23
|
|t:|1730769692
|switch|p2a: Celebi|Celebi|100/100
|move|p1a: Swampert|Surf|p2a: Celebi
|-resisted|p2a: Celebi
|-damage|p2a: Celebi|90/100
|
|-weather|Sandstorm|[upkeep]
|-damage|p2a: Celebi|84/100|[from] Sandstorm
|-heal|p2a: Celebi|90/100|[from] item: Leftovers
|upkeep
|turn|24
|
|t:|1730769700
|switch|p1a: Zapdos|Zapdos|57/100 slp
|move|p2a: Celebi|Leech Seed|p1a: Zapdos|[miss]
|-miss|p2a: Celebi|p1a: Zapdos
|
|-weather|Sandstorm|[upkeep]
|-damage|p2a: Celebi|84/100|[from] Sandstorm
|-damage|p1a: Zapdos|50/100 slp|[from] Sandstorm
|-heal|p2a: Celebi|90/100|[from] item: Leftovers
|upkeep
|turn|25
|
|t:|1730769702
|move|p2a: Celebi|Heal Bell|p2a: Celebi
|-activate|p2a: Celebi|move: Heal Bell
|-curestatus|p2: Swampert|tox|[silent]
|-curestatus|p1a: Zapdos|slp|[msg]
|move|p1a: Zapdos|Rest|p1a: Zapdos
|-status|p1a: Zapdos|slp|[from] move: Rest
|-heal|p1a: Zapdos|100/100 slp|[silent]
|
|-weather|Sandstorm|[upkeep]
|-damage|p2a: Celebi|84/100|[from] Sandstorm
|-damage|p1a: Zapdos|94/100 slp|[from] Sandstorm
|-heal|p2a: Celebi|90/100|[from] item: Leftovers
|upkeep
|turn|26
|
|t:|1730769709
|switch|p2a: Armaldo|Armaldo, M|73/100
|cant|p1a: Zapdos|slp
|
|-weather|Sandstorm|[upkeep]
|-damage|p1a: Zapdos|88/100 slp|[from] Sandstorm
|-heal|p2a: Armaldo|79/100|[from] item: Leftovers
|upkeep
|turn|27
|
|t:|1730769714
|switch|p1a: Swampert|Swampert, M|100/100
|move|p2a: Armaldo|Knock Off|p1a: Swampert
|-damage|p1a: Swampert|97/100
|-enditem|p1a: Swampert|Leftovers|[from] move: Knock Off|[of] p2a: Armaldo
|
|-weather|Sandstorm|[upkeep]
|-heal|p2a: Armaldo|86/100|[from] item: Leftovers
|upkeep
|turn|28
|
|t:|1730769727
|switch|p1a: Heracross|Heracross, M|89/100
|switch|p2a: Celebi|Celebi|90/100
|
|-weather|Sandstorm|[upkeep]
|-damage|p2a: Celebi|84/100|[from] Sandstorm
|-damage|p1a: Heracross|83/100|[from] Sandstorm
|-heal|p2a: Celebi|90/100|[from] item: Leftovers
|-heal|p1a: Heracross|89/100|[from] item: Leftovers
|upkeep
|turn|29
|
|t:|1730769738
|switch|p2a: Gyarados|Gyarados, F|77/100
|-ability|p2a: Gyarados|Intimidate|boost
|-unboost|p1a: Heracross|atk|1
|move|p1a: Heracross|Megahorn|p2a: Gyarados
|-resisted|p2a: Gyarados
|-damage|p2a: Gyarados|53/100
|
|-weather|Sandstorm|[upkeep]
|-damage|p2a: Gyarados|47/100|[from] Sandstorm
|-damage|p1a: Heracross|83/100|[from] Sandstorm
|-heal|p2a: Gyarados|53/100|[from] item: Leftovers
|-heal|p1a: Heracross|89/100|[from] item: Leftovers
|upkeep
|turn|30
|
|t:|1730769742
|switch|p1a: Swampert|Swampert, M|97/100
|move|p2a: Gyarados|Rest|p2a: Gyarados
|-status|p2a: Gyarados|slp|[from] move: Rest
|-heal|p2a: Gyarados|100/100 slp|[silent]
|
|-weather|Sandstorm|[upkeep]
|-damage|p2a: Gyarados|94/100 slp|[from] Sandstorm
|-heal|p2a: Gyarados|100/100 slp|[from] item: Leftovers
|upkeep
|turn|31
|
|t:|1730769745
|switch|p1a: Heracross|Heracross, M|89/100
|cant|p2a: Gyarados|slp
|
|-weather|Sandstorm|[upkeep]
|-damage|p2a: Gyarados|94/100 slp|[from] Sandstorm
|-damage|p1a: Heracross|83/100|[from] Sandstorm
|-heal|p2a: Gyarados|100/100 slp|[from] item: Leftovers
|-heal|p1a: Heracross|89/100|[from] item: Leftovers
|upkeep
|turn|32
|
|t:|1730769751
|cant|p2a: Gyarados|slp
|move|p1a: Heracross|Rock Slide|p2a: Gyarados
|-supereffective|p2a: Gyarados
|-damage|p2a: Gyarados|41/100 slp
|
|-weather|Sandstorm|[upkeep]
|-damage|p2a: Gyarados|35/100 slp|[from] Sandstorm
|-damage|p1a: Heracross|83/100|[from] Sandstorm
|-heal|p2a: Gyarados|41/100 slp|[from] item: Leftovers
|-heal|p1a: Heracross|89/100|[from] item: Leftovers
|upkeep
|turn|33
|
|t:|1730769761
|switch|p1a: Swampert|Swampert, M|97/100
|-curestatus|p2a: Gyarados|slp|[msg]
|move|p2a: Gyarados|Hidden Power|p1a: Swampert
|-damage|p1a: Swampert|79/100
|
|-weather|Sandstorm|[upkeep]
|-damage|p2a: Gyarados|35/100|[from] Sandstorm
|-heal|p2a: Gyarados|41/100|[from] item: Leftovers
|upkeep
|turn|34
|
|t:|1730769770
|move|p2a: Gyarados|Rest|p2a: Gyarados
|-status|p2a: Gyarados|slp|[from] move: Rest
|-heal|p2a: Gyarados|100/100 slp|[silent]
|move|p1a: Swampert|Toxic||[still]
|-fail|p1a: Swampert
|
|-weather|Sandstorm|[upkeep]
|-damage|p2a: Gyarados|94/100 slp|[from] Sandstorm
|-heal|p2a: Gyarados|100/100 slp|[from] item: Leftovers
|upkeep
|turn|35
|
|t:|1730769779
|switch|p2a: Swampert|Swampert, F|87/100
|switch|p1a: Heracross|Heracross, M|89/100
|
|-weather|Sandstorm|[upkeep]
|-damage|p1a: Heracross|83/100|[from] Sandstorm
|-heal|p1a: Heracross|89/100|[from] item: Leftovers
|-heal|p2a: Swampert|93/100|[from] item: Leftovers
|upkeep
|turn|36
|
|t:|1730769786
|switch|p1a: Zapdos|Zapdos|88/100 slp
|move|p2a: Swampert|Toxic||[still]
|-fail|p2a: Swampert
|
|-weather|Sandstorm|[upkeep]
|-damage|p1a: Zapdos|82/100 slp|[from] Sandstorm
|-heal|p2a: Swampert|99/100|[from] item: Leftovers
|upkeep
|turn|37
|
|t:|1730769793
|cant|p1a: Zapdos|slp
|move|p2a: Swampert|Surf|p1a: Zapdos
|-damage|p1a: Zapdos|62/100 slp
|
|-weather|Sandstorm|[upkeep]
|-damage|p1a: Zapdos|55/100 slp|[from] Sandstorm
|-heal|p2a: Swampert|100/100|[from] item: Leftovers
|upkeep
|turn|38
|
|t:|1730769799
|switch|p2a: Celebi|Celebi|90/100
|-curestatus|p1a: Zapdos|slp|[msg]
|move|p1a: Zapdos|Thunderbolt|p2a: Celebi
|-resisted|p2a: Celebi
|-damage|p2a: Celebi|78/100
|
|-weather|Sandstorm|[upkeep]
|-damage|p2a: Celebi|72/100|[from] Sandstorm
|-damage|p1a: Zapdos|49/100|[from] Sandstorm
|-heal|p2a: Celebi|78/100|[from] item: Leftovers
|upkeep
|turn|39
|
|t:|1730769802
|switch|p1a: Dugtrio|Dugtrio, M, shiny|100/100
|move|p2a: Celebi|Heal Bell|p2a: Celebi
|-activate|p2a: Celebi|move: Heal Bell
|-curestatus|p2: Gyarados|slp|[silent]
|
|-weather|Sandstorm|[upkeep]
|-damage|p2a: Celebi|72/100|[from] Sandstorm
|-heal|p2a: Celebi|78/100|[from] item: Leftovers
|upkeep
|turn|40
|
|t:|1730769804
|move|p1a: Dugtrio|Hidden Power|p2a: Celebi
|-supereffective|p2a: Celebi
|-damage|p2a: Celebi|0 fnt
|faint|p2a: Celebi
|
|t:|1730769818
|switch|p2a: Jirachi|Jirachi|88/100
|
|-weather|Sandstorm|[upkeep]
|-heal|p2a: Jirachi|94/100|[from] item: Leftovers
|upkeep
|turn|41
|
|t:|1730769822
|switch|p1a: Tyranitar|Tyranitar, F|74/100
|move|p2a: Jirachi|Ice Punch|p1a: Tyranitar
|-damage|p1a: Tyranitar|57/100
|
|-weather|Sandstorm|[upkeep]
|-heal|p2a: Jirachi|99/100|[from] item: Leftovers
|upkeep
|turn|42
|
|t:|1730769826
|move|p2a: Jirachi|Substitute|p2a: Jirachi
|-start|p2a: Jirachi|Substitute
|-damage|p2a: Jirachi|75/100
|move|p1a: Tyranitar|Earthquake|p2a: Jirachi
|-supereffective|p2a: Jirachi
|-end|p2a: Jirachi|Substitute
|
|-weather|Sandstorm|[upkeep]
|-heal|p2a: Jirachi|81/100|[from] item: Leftovers
|upkeep
|turn|43
|
|t:|1730769831
|move|p2a: Jirachi|Substitute|p2a: Jirachi
|-start|p2a: Jirachi|Substitute
|-damage|p2a: Jirachi|56/100
|move|p1a: Tyranitar|Earthquake|p2a: Jirachi
|-supereffective|p2a: Jirachi
|-end|p2a: Jirachi|Substitute
|
|-weather|Sandstorm|[upkeep]
|-heal|p2a: Jirachi|63/100|[from] item: Leftovers
|upkeep
|turn|44
|
|t:|1730769836
|switch|p2a: Gyarados|Gyarados, F|100/100
|-ability|p2a: Gyarados|Intimidate|boost
|-unboost|p1a: Tyranitar|atk|1
|move|p1a: Tyranitar|Earthquake|p2a: Gyarados
|-immune|p2a: Gyarados
|
|-weather|Sandstorm|[upkeep]
|-damage|p2a: Gyarados|94/100|[from] Sandstorm
|-heal|p2a: Gyarados|100/100|[from] item: Leftovers
|upkeep
|turn|45
|
|t:|1730769844
|switch|p2a: Armaldo|Armaldo, M|86/100
|switch|p1a: Aerodactyl|Aerodactyl, M|100/100
|
|-weather|Sandstorm|[upkeep]
|-heal|p2a: Armaldo|92/100|[from] item: Leftovers
|upkeep
|turn|46
|
|t:|1730769868
|switch|p2a: Swampert|Swampert, F|100/100
|move|p1a: Aerodactyl|Rock Slide|p2a: Swampert
|-resisted|p2a: Swampert
|-damage|p2a: Swampert|83/100
|
|-weather|Sandstorm|[upkeep]
|-heal|p2a: Swampert|89/100|[from] item: Leftovers
|upkeep
|turn|47
|
|t:|1730769878
|switch|p1a: Zapdos|Zapdos|49/100
|switch|p2a: Armaldo|Armaldo, M|92/100
|
|-weather|Sandstorm|[upkeep]
|-damage|p1a: Zapdos|43/100|[from] Sandstorm
|-heal|p2a: Armaldo|98/100|[from] item: Leftovers
|upkeep
|turn|48
|
|t:|1730769891
|move|p1a: Zapdos|Toxic|p2a: Armaldo
|-status|p2a: Armaldo|tox
|move|p2a: Armaldo|Hidden Power|p1a: Zapdos
|-resisted|p1a: Zapdos
|-damage|p1a: Zapdos|28/100
|
|-weather|Sandstorm|[upkeep]
|-damage|p1a: Zapdos|22/100|[from] Sandstorm
|-heal|p2a: Armaldo|100/100 tox|[from] item: Leftovers
|-damage|p2a: Armaldo|94/100 tox|[from] psn
|upkeep
|turn|49
|
|t:|1730769896
|switch|p1a: Swampert|Swampert, M|79/100
|move|p2a: Armaldo|Rock Blast|p1a: Swampert|[miss]
|-miss|p2a: Armaldo|p1a: Swampert
|
|-weather|Sandstorm|[upkeep]
|-heal|p2a: Armaldo|100/100 tox|[from] item: Leftovers
|-damage|p2a: Armaldo|88/100 tox|[from] psn
|upkeep
|turn|50
|
|t:|1730769909
|switch|p2a: Jirachi|Jirachi|63/100
|move|p1a: Swampert|Surf|p2a: Jirachi
|-damage|p2a: Jirachi|39/100
|
|-weather|Sandstorm|[upkeep]
|-heal|p2a: Jirachi|45/100|[from] item: Leftovers
|upkeep
|turn|51
|
|t:|1730769920
|switch|p1a: Tyranitar|Tyranitar, F|57/100
|move|p2a: Jirachi|Substitute|p2a: Jirachi
|-start|p2a: Jirachi|Substitute
|-damage|p2a: Jirachi|20/100
|
|-weather|Sandstorm|[upkeep]
|-heal|p2a: Jirachi|26/100|[from] item: Leftovers
|upkeep
|turn|52
|
|t:|1730769922
|move|p2a: Jirachi|Ice Punch|p1a: Tyranitar
|-damage|p1a: Tyranitar|43/100
|move|p1a: Tyranitar|Earthquake|p2a: Jirachi
|-supereffective|p2a: Jirachi
|-crit|p2a: Jirachi
|-end|p2a: Jirachi|Substitute
|
|-weather|Sandstorm|[upkeep]
|-heal|p2a: Jirachi|32/100|[from] item: Leftovers
|upkeep
|turn|53
|
|t:|1730769928
|move|p2a: Jirachi|Ice Punch|p1a: Tyranitar
|-damage|p1a: Tyranitar|29/100
|move|p1a: Tyranitar|Earthquake|p2a: Jirachi
|-supereffective|p2a: Jirachi
|-damage|p2a: Jirachi|0 fnt
|faint|p2a: Jirachi
|
|t:|1730769933
|switch|p2a: Swampert|Swampert, F|89/100
|
|-weather|Sandstorm|[upkeep]
|-heal|p2a: Swampert|95/100|[from] item: Leftovers
|upkeep
|turn|54
|
|t:|1730769946
|move|p2a: Swampert|Surf|p1a: Tyranitar
|-supereffective|p1a: Tyranitar
|-damage|p1a: Tyranitar|0 fnt
|faint|p1a: Tyranitar
|
|t:|1730769949
|switch|p1a: Zapdos|Zapdos|22/100
|
|-weather|Sandstorm|[upkeep]
|-damage|p1a: Zapdos|15/100|[from] Sandstorm
|-heal|p2a: Swampert|100/100|[from] item: Leftovers
|upkeep
|turn|55
|
|t:|1730769962
|switch|p2a: Claydol|Claydol|100/100
|move|p1a: Zapdos|Rest|p1a: Zapdos
|-status|p1a: Zapdos|slp|[from] move: Rest
|-heal|p1a: Zapdos|100/100 slp|[silent]
|
|-weather|Sandstorm|[upkeep]
|-damage|p1a: Zapdos|94/100 slp|[from] Sandstorm
|upkeep
|turn|56
|
|t:|1730769968
|switch|p1a: Aerodactyl|Aerodactyl, M|100/100
|move|p2a: Claydol|Psychic|p1a: Aerodactyl
|-damage|p1a: Aerodactyl|71/100
|
|-weather|Sandstorm|[upkeep]
|upkeep
|turn|57
|
|t:|1730769977
|switch|p2a: Armaldo|Armaldo, M|88/100 tox
|move|p1a: Aerodactyl|Double-Edge|p2a: Armaldo
|-resisted|p2a: Armaldo
|-damage|p2a: Armaldo|63/100 tox
|
|-weather|Sandstorm|[upkeep]
|-heal|p2a: Armaldo|69/100 tox|[from] item: Leftovers
|-damage|p2a: Armaldo|63/100 tox|[from] psn
|upkeep
|turn|58
|
|t:|1730769986
|switch|p1a: Swampert|Swampert, M|79/100
|move|p2a: Armaldo|Hidden Power|p1a: Swampert
|-damage|p1a: Swampert|57/100
|
|-weather|Sandstorm|[upkeep]
|-heal|p2a: Armaldo|69/100 tox|[from] item: Leftovers
|-damage|p2a: Armaldo|56/100 tox|[from] psn
|upkeep
|turn|59
|
|t:|1730769992
|switch|p2a: Gyarados|Gyarados, F|100/100
|-ability|p2a: Gyarados|Intimidate|boost
|-unboost|p1a: Swampert|atk|1
|move|p1a: Swampert|Surf|p2a: Gyarados
|-resisted|p2a: Gyarados
|-damage|p2a: Gyarados|89/100
|
|-weather|Sandstorm|[upkeep]
|-damage|p2a: Gyarados|82/100|[from] Sandstorm
|-heal|p2a: Gyarados|89/100|[from] item: Leftovers
|upkeep
|turn|60
|
|t:|1730769996
|move|p2a: Gyarados|Hidden Power|p1a: Swampert
|-damage|p1a: Swampert|39/100
|move|p1a: Swampert|Toxic|p2a: Gyarados
|-status|p2a: Gyarados|tox
|
|-weather|Sandstorm|[upkeep]
|-damage|p2a: Gyarados|82/100 tox|[from] Sandstorm
|-heal|p2a: Gyarados|89/100 tox|[from] item: Leftovers
|-damage|p2a: Gyarados|82/100 tox|[from] psn
|upkeep
|turn|61
|
|t:|1730770000
|switch|p1a: Aerodactyl|Aerodactyl, M|71/100
|move|p2a: Gyarados|Hidden Power|p1a: Aerodactyl
|-resisted|p1a: Aerodactyl
|-damage|p1a: Aerodactyl|48/100
|
|-weather|Sandstorm|[upkeep]
|-damage|p2a: Gyarados|76/100 tox|[from] Sandstorm
|-heal|p2a: Gyarados|82/100 tox|[from] item: Leftovers
|-damage|p2a: Gyarados|70/100 tox|[from] psn
|upkeep
|turn|62
|
|t:|1730770004
|switch|p2a: Swampert|Swampert, F|100/100
|move|p1a: Aerodactyl|Double-Edge|p2a: Swampert
|-damage|p2a: Swampert|62/100
|
|-weather|Sandstorm|[upkeep]
|-heal|p2a: Swampert|68/100|[from] item: Leftovers
|upkeep
|turn|63
|
|t:|1730770014
|switch|p2a: Claydol|Claydol|100/100
|move|p1a: Aerodactyl|Double-Edge|p2a: Claydol
|-damage|p2a: Claydol|50/100
|
|-weather|Sandstorm|[upkeep]
|-heal|p2a: Claydol|56/100|[from] item: Leftovers
|upkeep
|turn|64
|
|t:|1730770018
|switch|p2a: Armaldo|Armaldo, M|56/100 tox
|move|p1a: Aerodactyl|Double-Edge|p2a: Armaldo
|-resisted|p2a: Armaldo
|-damage|p2a: Armaldo|30/100 tox
|
|-weather|Sandstorm|[upkeep]
|-heal|p2a: Armaldo|36/100 tox|[from] item: Leftovers
|-damage|p2a: Armaldo|30/100 tox|[from] psn
|upkeep
|turn|65
|
|t:|1730770025
|switch|p1a: Swampert|Swampert, M|39/100
|move|p2a: Armaldo|Rock Blast|p1a: Swampert|[miss]
|-miss|p2a: Armaldo|p1a: Swampert
|
|-weather|Sandstorm|[upkeep]
|-heal|p2a: Armaldo|36/100 tox|[from] item: Leftovers
|-damage|p2a: Armaldo|24/100 tox|[from] psn
|upkeep
|turn|66
|
|t:|1730770030
|switch|p2a: Gyarados|Gyarados, F|70/100 tox
|-ability|p2a: Gyarados|Intimidate|boost
|-unboost|p1a: Swampert|atk|1
|move|p1a: Swampert|Surf|p2a: Gyarados
|-resisted|p2a: Gyarados
|-damage|p2a: Gyarados|59/100 tox
|
|-weather|Sandstorm|[upkeep]
|-damage|p2a: Gyarados|53/100 tox|[from] Sandstorm
|-heal|p2a: Gyarados|59/100 tox|[from] item: Leftovers
|-damage|p2a: Gyarados|53/100 tox|[from] psn
|upkeep
|turn|67
|
|t:|1730770037
|switch|p1a: Aerodactyl|Aerodactyl, M|48/100
|move|p2a: Gyarados|Hidden Power|p1a: Aerodactyl
|-resisted|p1a: Aerodactyl
|-damage|p1a: Aerodactyl|25/100
|
|-weather|Sandstorm|[upkeep]
|-damage|p2a: Gyarados|47/100 tox|[from] Sandstorm
|-heal|p2a: Gyarados|53/100 tox|[from] item: Leftovers
|-damage|p2a: Gyarados|40/100 tox|[from] psn
|upkeep
|turn|68
|
|t:|1730770041
|switch|p2a: Armaldo|Armaldo, M|24/100 tox
|move|p1a: Aerodactyl|Double-Edge|p2a: Armaldo
|-resisted|p2a: Armaldo
|-damage|p2a: Armaldo|0 fnt
|faint|p2a: Armaldo
|
|t:|1730770043
|switch|p2a: Swampert|Swampert, F|68/100
|
|-weather|Sandstorm|[upkeep]
|-heal|p2a: Swampert|74/100|[from] item: Leftovers
|upkeep
|turn|69
|
|t:|1730770050
|move|p1a: Aerodactyl|Double-Edge|p2a: Swampert
|-damage|p2a: Swampert|36/100
|move|p2a: Swampert|Surf|p1a: Aerodactyl
|-supereffective|p1a: Aerodactyl
|-damage|p1a: Aerodactyl|0 fnt
|faint|p1a: Aerodactyl
|
|t:|1730770053
|switch|p1a: Heracross|Heracross, M|89/100
|
|-weather|Sandstorm|[upkeep]
|-damage|p1a: Heracross|83/100|[from] Sandstorm
|-heal|p1a: Heracross|89/100|[from] item: Leftovers
|-heal|p2a: Swampert|42/100|[from] item: Leftovers
|upkeep
|turn|70
|
|t:|1730770067
|switch|p2a: Gyarados|Gyarados, F|40/100 tox
|-ability|p2a: Gyarados|Intimidate|boost
|-unboost|p1a: Heracross|atk|1
|move|p1a: Heracross|Megahorn|p2a: Gyarados
|-resisted|p2a: Gyarados
|-damage|p2a: Gyarados|17/100 tox
|
|-weather|Sandstorm|[upkeep]
|-damage|p2a: Gyarados|11/100 tox|[from] Sandstorm
|-damage|p1a: Heracross|83/100|[from] Sandstorm
|-heal|p2a: Gyarados|17/100 tox|[from] item: Leftovers
|-damage|p2a: Gyarados|11/100 tox|[from] psn
|-heal|p1a: Heracross|89/100|[from] item: Leftovers
|upkeep
|turn|71
|
|t:|1730770071
|switch|p1a: Swampert|Swampert, M|39/100
|move|p2a: Gyarados|Rest|p2a: Gyarados
|-status|p2a: Gyarados|slp|[from] move: Rest
|-heal|p2a: Gyarados|100/100 slp|[silent]
|
|-weather|Sandstorm|[upkeep]
|-damage|p2a: Gyarados|94/100 slp|[from] Sandstorm
|-heal|p2a: Gyarados|100/100 slp|[from] item: Leftovers
|upkeep
|turn|72
|
|t:|1730770081
|switch|p1a: Dugtrio|Dugtrio, M, shiny|100/100
|cant|p2a: Gyarados|slp
|
|-weather|Sandstorm|[upkeep]
|-damage|p2a: Gyarados|94/100 slp|[from] Sandstorm
|-heal|p2a: Gyarados|100/100 slp|[from] item: Leftovers
|upkeep
|turn|73
|
|t:|1730770093
|switch|p2a: Claydol|Claydol|56/100
|move|p1a: Dugtrio|Rock Slide|p2a: Claydol|[miss]
|-miss|p1a: Dugtrio|p2a: Claydol
|
|-weather|Sandstorm|[upkeep]
|-heal|p2a: Claydol|62/100|[from] item: Leftovers
|upkeep
|turn|74
|
|t:|1730770100
|switch|p1a: Swampert|Swampert, M|39/100
|move|p2a: Claydol|Psychic|p1a: Swampert
|-damage|p1a: Swampert|20/100
|
|-weather|Sandstorm|[upkeep]
|-heal|p2a: Claydol|68/100|[from] item: Leftovers
|upkeep
|turn|75
|
|t:|1730770114
|move|p2a: Claydol|Earthquake|p1a: Swampert
|-damage|p1a: Swampert|0 fnt
|faint|p1a: Swampert
|
|t:|1730770116
|switch|p1a: Heracross|Heracross, M|89/100
|
|-weather|Sandstorm|[upkeep]
|-damage|p1a: Heracross|83/100|[from] Sandstorm
|-heal|p1a: Heracross|89/100|[from] item: Leftovers
|-heal|p2a: Claydol|75/100|[from] item: Leftovers
|upkeep
|turn|76
|
|t:|1730770126
|switch|p2a: Gyarados|Gyarados, F|100/100 slp
|-ability|p2a: Gyarados|Intimidate|boost
|-unboost|p1a: Heracross|atk|1
|move|p1a: Heracross|Megahorn|p2a: Gyarados
|-resisted|p2a: Gyarados
|-damage|p2a: Gyarados|77/100 slp
|
|-weather|Sandstorm|[upkeep]
|-damage|p2a: Gyarados|71/100 slp|[from] Sandstorm
|-damage|p1a: Heracross|83/100|[from] Sandstorm
|-heal|p2a: Gyarados|77/100 slp|[from] item: Leftovers
|-heal|p1a: Heracross|89/100|[from] item: Leftovers
|upkeep
|turn|77
|
|t:|1730770129
|cant|p2a: Gyarados|slp
|move|p1a: Heracross|Rock Slide|p2a: Gyarados
|-supereffective|p2a: Gyarados
|-damage|p2a: Gyarados|42/100 slp
|
|-weather|Sandstorm|[upkeep]
|-damage|p2a: Gyarados|36/100 slp|[from] Sandstorm
|-damage|p1a: Heracross|83/100|[from] Sandstorm
|-heal|p2a: Gyarados|42/100 slp|[from] item: Leftovers
|-heal|p1a: Heracross|89/100|[from] item: Leftovers
|upkeep
|turn|78
|
|t:|1730770147
|switch|p2a: Claydol|Claydol|75/100
|switch|p1a: Dugtrio|Dugtrio, M, shiny|100/100
|
|-weather|Sandstorm|[upkeep]
|-heal|p2a: Claydol|81/100|[from] item: Leftovers
|upkeep
|turn|79
|
|t:|1730770168
|switch|p2a: Swampert|Swampert, F|42/100
|move|p1a: Dugtrio|Hidden Power|p2a: Swampert
|-damage|p2a: Swampert|24/100
|
|-weather|Sandstorm|[upkeep]
|-heal|p2a: Swampert|30/100|[from] item: Leftovers
|upkeep
|turn|80
|
|t:|1730770172
|move|p1a: Dugtrio|Hidden Power|p2a: Swampert
|-damage|p2a: Swampert|14/100
|move|p2a: Swampert|Surf|p1a: Dugtrio
|-supereffective|p1a: Dugtrio
|-damage|p1a: Dugtrio|0 fnt
|faint|p1a: Dugtrio
|
|t:|1730770174
|switch|p1a: Heracross|Heracross, M|89/100
|
|-weather|Sandstorm|[upkeep]
|-damage|p1a: Heracross|83/100|[from] Sandstorm
|-heal|p1a: Heracross|89/100|[from] item: Leftovers
|-heal|p2a: Swampert|20/100|[from] item: Leftovers
|upkeep
|turn|81
|
|t:|1730770198
|switch|p2a: Gyarados|Gyarados, F|42/100 slp
|-ability|p2a: Gyarados|Intimidate|boost
|-unboost|p1a: Heracross|atk|1
|move|p1a: Heracross|Megahorn|p2a: Gyarados
|-resisted|p2a: Gyarados
|-damage|p2a: Gyarados|20/100 slp
|
|-weather|Sandstorm|[upkeep]
|-damage|p2a: Gyarados|14/100 slp|[from] Sandstorm
|-damage|p1a: Heracross|83/100|[from] Sandstorm
|-heal|p2a: Gyarados|20/100 slp|[from] item: Leftovers
|-heal|p1a: Heracross|89/100|[from] item: Leftovers
|upkeep
|turn|82
|
|t:|1730770212
|-curestatus|p2a: Gyarados|slp|[msg]
|move|p2a: Gyarados|Rest|p2a: Gyarados
|-status|p2a: Gyarados|slp|[from] move: Rest
|-heal|p2a: Gyarados|100/100 slp|[silent]
|move|p1a: Heracross|Megahorn|p2a: Gyarados
|-resisted|p2a: Gyarados
|-crit|p2a: Gyarados
|-damage|p2a: Gyarados|38/100 slp
|
|-weather|Sandstorm|[upkeep]
|-damage|p2a: Gyarados|32/100 slp|[from] Sandstorm
|-damage|p1a: Heracross|83/100|[from] Sandstorm
|-heal|p2a: Gyarados|38/100 slp|[from] item: Leftovers
|-heal|p1a: Heracross|89/100|[from] item: Leftovers
|upkeep
|turn|83
|c|☆I'm the Dome Ace|oh no
|
|t:|1730770226
|switch|p2a: Swampert|Swampert, F|20/100
|move|p1a: Heracross|Swords Dance|p1a: Heracross
|-boost|p1a: Heracross|atk|2
|
|-weather|Sandstorm|[upkeep]
|-damage|p1a: Heracross|83/100|[from] Sandstorm
|-heal|p1a: Heracross|89/100|[from] item: Leftovers
|-heal|p2a: Swampert|26/100|[from] item: Leftovers
|upkeep
|turn|84
|c|☆I'm the Dome Ace|Welp
|
|t:|1730770240
|move|p2a: Swampert|Protect|p2a: Swampert
|-singleturn|p2a: Swampert|Protect
|move|p1a: Heracross|Megahorn|p2a: Swampert
|-activate|p2a: Swampert|Protect
|
|-weather|Sandstorm|[upkeep]
|-damage|p1a: Heracross|83/100|[from] Sandstorm
|-heal|p1a: Heracross|89/100|[from] item: Leftovers
|-heal|p2a: Swampert|33/100|[from] item: Leftovers
|upkeep
|turn|85
|
|t:|1730770245
|move|p1a: Heracross|Megahorn|p2a: Swampert
|-damage|p2a: Swampert|0 fnt
|faint|p2a: Swampert
|c|☆I'm the Dome Ace|no dice
|
|t:|1730770250
|switch|p2a: Gyarados|Gyarados, F|38/100 slp
|-ability|p2a: Gyarados|Intimidate|boost
|-unboost|p1a: Heracross|atk|1
|
|-weather|Sandstorm|[upkeep]
|-damage|p2a: Gyarados|32/100 slp|[from] Sandstorm
|-damage|p1a: Heracross|83/100|[from] Sandstorm
|-heal|p2a: Gyarados|38/100 slp|[from] item: Leftovers
|-heal|p1a: Heracross|89/100|[from] item: Leftovers
|upkeep
|turn|86
|
|t:|1730770254
|switch|p2a: Claydol|Claydol|81/100
|move|p1a: Heracross|Rock Slide|p2a: Claydol
|-resisted|p2a: Claydol
|-damage|p2a: Claydol|68/100
|
|-weather|Sandstorm|[upkeep]
|-damage|p1a: Heracross|83/100|[from] Sandstorm
|-heal|p1a: Heracross|89/100|[from] item: Leftovers
|-heal|p2a: Claydol|74/100|[from] item: Leftovers
|upkeep
|turn|87
|
|t:|1730770257
|switch|p2a: Gyarados|Gyarados, F|38/100 slp
|-ability|p2a: Gyarados|Intimidate|boost
|-unboost|p1a: Heracross|atk|1
|move|p1a: Heracross|Megahorn|p2a: Gyarados
|-resisted|p2a: Gyarados
|-damage|p2a: Gyarados|14/100 slp
|
|-weather|Sandstorm|[upkeep]
|-damage|p2a: Gyarados|8/100 slp|[from] Sandstorm
|-damage|p1a: Heracross|83/100|[from] Sandstorm
|-heal|p2a: Gyarados|14/100 slp|[from] item: Leftovers
|-heal|p1a: Heracross|89/100|[from] item: Leftovers
|upkeep
|turn|88
|
|t:|1730770266
|cant|p2a: Gyarados|slp
|move|p1a: Heracross|Megahorn|p2a: Gyarados|[miss]
|-miss|p1a: Heracross|p2a: Gyarados
|
|-weather|Sandstorm|[upkeep]
|-damage|p2a: Gyarados|8/100 slp|[from] Sandstorm
|-damage|p1a: Heracross|83/100|[from] Sandstorm
|-heal|p2a: Gyarados|14/100 slp|[from] item: Leftovers
|-heal|p1a: Heracross|89/100|[from] item: Leftovers
|upkeep
|turn|89
|
|t:|1730770270
|cant|p2a: Gyarados|slp
|move|p1a: Heracross|Rock Slide|p2a: Gyarados
|-supereffective|p2a: Gyarados
|-damage|p2a: Gyarados|0 fnt
|faint|p2a: Gyarados
|
|t:|1730770272
|switch|p2a: Claydol|Claydol|74/100
|
|-weather|Sandstorm|[upkeep]
|-damage|p1a: Heracross|83/100|[from] Sandstorm
|-heal|p1a: Heracross|89/100|[from] item: Leftovers
|-heal|p2a: Claydol|80/100|[from] item: Leftovers
|upkeep
|turn|90
|
|t:|1730770275
|move|p1a: Heracross|Megahorn|p2a: Claydol
|-supereffective|p2a: Claydol
|-damage|p2a: Claydol|0 fnt
|faint|p2a: Claydol
|
|win|EG Zelph
|c|☆I'm the Dome Ace|gg

</script>
<script type="application/json" class="data" id="replaydata-smogtours-gen3ou-804850">
{"id":"smogtours-gen3ou-804850","format":"[Gen 3] OU","players":["EG Zelph","I'm the Dome Ace"],"uploadtime":1730770275,"views":69,"formatid":"gen3ou","rating":null,"private":0,"password":null}
</script>

<script defer src="js/replays.js?9d40a366"></script>
