<!DOCTYPE html>
<meta charset="utf-8" />
<meta name="viewport" content="width=device-width" />

<title>[Gen 3] OU: SANKE CARP vs. steffmula - Replays - Pok&eacute;mon Showdown!</title>

<meta name="description" content="Watch a replay of a Pok&eacute;mon battle between SANKE CARP and steffmula! Format: [Gen 3] OU; Date: Oct 25, 2024" />
<!--

Hey, you! Looking in the source for the replay log?

You can find them in JSON format, just add `.json` at the end of a replay URL.

https://replay.pokemonshowdown.com/gen7randomdoublesbattle-865046831.json

Or, if you only need the log itself, add `.log` instead:

https://replay.pokemonshowdown.com/gen7randomdoublesbattle-865046831.log

-->

<link rel="stylesheet" href="//pokemonshowdown.com/style/global.css?0.767286132409787" />
<link rel="stylesheet" href="//play.pokemonshowdown.com/style/font-awesome.css?0.9266228007934947" />
<link rel="stylesheet" href="//play.pokemonshowdown.com/style/battle.css?0.7924700842790926" />
<link rel="stylesheet" href="//play.pokemonshowdown.com/style/utilichart.css?0.8777417872839479" />

<!-- Global site tag (gtag.js) - Google Analytics -->
<script async src="https://www.googletagmanager.com/gtag/js?id=UA-26211653-1"></script>
<script>
  window.dataLayer = window.dataLayer || [];
  function gtag(){dataLayer.push(arguments);}
  gtag('js', new Date());

  gtag('config', 'UA-26211653-1');
</script>
<!-- End Google Analytics -->
<!-- Venatus Ad Manager - Install in <HEAD> of page -->
	<script src="https://hb.vntsm.com/v3/live/ad-manager.min.js" type="text/javascript" data-site-id="642aba63ec9a7b11c3c9c1be" data-mode="scan" async></script>
<!-- / Venatus Ad Manager -->

<style>
	@media (max-width:820px) {
		.battle {
			margin: 0 auto;
		}
		.battle-log {
			margin: 7px auto 0;
			max-width: 640px;
			height: 300px;
			position: static;
		}
	}
	.optgroup {
		display: inline-block;
		line-height: 22px;
		font-size: 10pt;
	}
	.optgroup .button {
		height: 25px;
		padding-top: 0;
		padding-bottom: 0;
	}
	.optgroup button.button {
		padding-left: 12px;
		padding-right: 12px;
	}
	.linklist {
		list-style: none;
		margin: 0.5em 0;
		padding: 0;
	}
	.linklist li {
		padding: 2px 0;
	}
	.sidebar {
		float: left;
		width: 320px;
	}
	.bar-wrapper {
		max-width: 1100px;
		margin: 0 auto;
	}
	.bar-wrapper.has-sidebar {
		max-width: 1430px;
	}
	.mainbar {
		margin: 0;
		padding-right: 1px;
	}
	.mainbar.has-sidebar {
		margin-left: 330px;
	}
	@media (min-width: 1511px) {
		.sidebar {
			width: 400px;
		}
		.bar-wrapper.has-sidebar {
			max-width: 1510px;
		}
		.mainbar.has-sidebar {
			margin-left: 410px;
		}
	}
	.section.first-section {
		margin-top: 9px;
	}
	.blocklink small {
		white-space: normal;
	}
	.button {
		vertical-align: middle;
	}
	.replay-controls {
		padding-top: 10px;
	}
	.replay-controls h1 {
		font-size: 16pt;
		font-weight: normal;
		color: #CCC;
	}
	.pagelink {
		text-align: center;
	}
	.pagelink a {
		width: 150px;
	}
	.textbox, .button {
		font-size: 11pt;
		vertical-align: middle;
	}
	@media (max-width: 450px) {
		.button {
			font-size: 9pt;
		}
	}
</style>

<div>

	<header>
		<div class="nav-wrapper"><ul class="nav">
			<li><a class="button nav-first" href="//pokemonshowdown.com/"><img src="//pokemonshowdown.com/images/pokemonshowdownbeta.png" srcset="//pokemonshowdown.com/images/pokemonshowdownbeta.png 1x, //pokemonshowdown.com/images/pokemonshowdownbeta@2x.png 2x" alt="Pok&eacute;mon Showdown" width="146" height="44" /> Home</a></li>
			<li><a class="button" href="//pokemonshowdown.com/dex/">Pok&eacute;dex</a></li>
			<li><a class="button cur" href="/">Replays</a></li>
			<li><a class="button" href="//pokemonshowdown.com/ladder/">Ladder</a></li>
			<li><a class="button nav-last" href="//pokemonshowdown.com/forums/">Forum</a></li>
			<li><a class="button greenbutton nav-first nav-last" href="//play.pokemonshowdown.com/">Play</a></li>
		</ul></div>
	</header>

	<div class="main" id="main">

		<noscript><section class="section">You need to enable JavaScript to use this page; sorry!</section></noscript>

	</div>

</div>

<script defer nomodule src="//play.pokemonshowdown.com/js/lib/ps-polyfill.js"></script>
<script defer src="//play.pokemonshowdown.com/js/lib/preact.min.js"></script>

<script defer src="//play.pokemonshowdown.com/config/config.js?6dec07f6"></script>
<script defer src="//play.pokemonshowdown.com/js/lib/jquery-1.11.0.min.js"></script>
<script defer src="//play.pokemonshowdown.com/js/lib/html-sanitizer-minified.js"></script>
<script defer src="//play.pokemonshowdown.com/js/battle-sound.js"></script>
<script defer src="//play.pokemonshowdown.com/js/battledata.js?0.6315294753075389"></script>
<script defer src="//play.pokemonshowdown.com/data/pokedex-mini.js?0.7603743185311358"></script>
<script defer src="//play.pokemonshowdown.com/data/pokedex-mini-bw.js?0.030888842834281283"></script>
<script defer src="//play.pokemonshowdown.com/data/graphics.js?0.05593094747507488"></script>
<script defer src="//play.pokemonshowdown.com/data/pokedex.js?0.47064822249611904"></script>
<script defer src="//play.pokemonshowdown.com/data/moves.js?0.8583693120512459"></script>
<script defer src="//play.pokemonshowdown.com/data/abilities.js?0.16017181182386842"></script>
<script defer src="//play.pokemonshowdown.com/data/items.js?0.4163379185673943"></script>
<script defer src="//play.pokemonshowdown.com/data/teambuilder-tables.js?0.31075597372830477"></script>
<script defer src="//play.pokemonshowdown.com/js/battle-tooltips.js?0.6536193500708172"></script>
<script defer src="//play.pokemonshowdown.com/js/battle.js?0.1916591943277901"></script>

<script defer src="js/utils.js?e31f9a17"></script>
<script defer src="js/replays-battle.js?7008c182"></script>

<!-- don't scrape this data! just add .json or .log after the URL!
Full API docs: https://github.com/smogon/pokemon-showdown-client/blob/master/WEB-API.md -->
<script type="text/plain" class="log" id="replaylog-smogtours-gen3ou-801949">
|inactive|Battle timer is ON: inactive players will automatically lose when time's up.
|t:|1729893747
|gametype|singles
|player|p1|SANKE CARP|officer-gen2|
|player|p2|steffmula|acetrainerf-gen2|
|teamsize|p1|6
|teamsize|p2|6
|gen|3
|tier|[Gen 3] OU
|rule|Sleep Clause Mod: Limit one foe put to sleep
|rule|Switch Priority Clause Mod: Faster Pokémon switch first
|rule|Species Clause: Limit one of each Pokémon
|rule|OHKO Clause: OHKO moves are banned
|rule|Evasion Items Clause: Evasion items are banned
|rule|Evasion Moves Clause: Evasion moves are banned
|rule|Endless Battle Clause: Forcing endless battles is banned
|rule|HP Percentage Mod: HP is shown in percentages
|rule|One Boost Passer Clause: Limit one Baton Passer that has a way to boost its stats
|rule|Freeze Clause Mod: Limit one foe frozen
|
|t:|1729893747
|start
|switch|p1a: Tyranitar|Tyranitar, M|100/100
|switch|p2a: Salamence|Salamence, M|100/100
|-ability|p2a: Salamence|Intimidate|boost
|-unboost|p1a: Tyranitar|atk|1
|-weather|Sandstorm|[from] ability: Sand Stream|[of] p1a: Tyranitar
|turn|1
|c|☆steffmula|glhf
|inactive|SANKE CARP disconnected and has 300 seconds to reconnect!
|player|p1|
|inactive|SANKE CARP reconnected and has 285 seconds left.
|player|p1|SANKE CARP|officer-gen2|
|c|☆SANKE CARP|gl
|inactive|SANKE CARP has 270 seconds left.
|inactive|SANKE CARP has 240 seconds left.
|inactive|SANKE CARP has 210 seconds left.
|
|t:|1729893865
|switch|p2a: Hariyama|Hariyama, M, shiny|100/100
|switch|p1a: Metagross|Metagross|100/100
|
|-weather|Sandstorm|[upkeep]
|-damage|p2a: Hariyama|94/100|[from] Sandstorm
|-heal|p2a: Hariyama|100/100|[from] item: Leftovers
|upkeep
|turn|2
|inactive|SANKE CARP has 270 seconds left.
|
|t:|1729893889
|switch|p2a: Leander|Metagross|100/100
|move|p1a: Metagross|Meteor Mash|p2a: Leander
|-resisted|p2a: Leander
|-damage|p2a: Leander|76/100
|
|-weather|Sandstorm|[upkeep]
|-heal|p2a: Leander|82/100|[from] item: Leftovers
|upkeep
|turn|3
|
|t:|1729893904
|switch|p1a: Claydol|Claydol|100/100
|move|p2a: Leander|Earthquake|p1a: Claydol
|-immune|p1a: Claydol
|
|-weather|Sandstorm|[upkeep]
|-heal|p2a: Leander|88/100|[from] item: Leftovers
|upkeep
|turn|4
|
|t:|1729893920
|move|p2a: Leander|Protect|p2a: Leander
|-singleturn|p2a: Leander|Protect
|move|p1a: Claydol|Earthquake|p2a: Leander
|-activate|p2a: Leander|Protect
|
|-weather|Sandstorm|[upkeep]
|-heal|p2a: Leander|94/100|[from] item: Leftovers
|upkeep
|turn|5
|
|t:|1729893931
|switch|p1a: Metagross|Metagross|100/100
|move|p2a: Leander|Meteor Mash|p1a: Metagross
|-resisted|p1a: Metagross
|-damage|p1a: Metagross|81/100
|
|-weather|Sandstorm|[upkeep]
|-heal|p2a: Leander|99/100|[from] item: Leftovers
|upkeep
|turn|6
|
|t:|1729893938
|move|p2a: Leander|Protect|p2a: Leander
|-singleturn|p2a: Leander|Protect
|move|p1a: Metagross|Earthquake|p2a: Leander
|-activate|p2a: Leander|Protect
|
|-weather|Sandstorm|[upkeep]
|-heal|p2a: Leander|100/100|[from] item: Leftovers
|upkeep
|turn|7
|
|t:|1729893961
|switch|p2a: Salamence|Salamence, M|100/100
|-ability|p2a: Salamence|Intimidate|boost
|-fail|p1a: Metagross|unboost|[from] ability: Clear Body|[of] p1a: Metagross
|move|p1a: Metagross|Earthquake|p2a: Salamence
|-immune|p2a: Salamence
|
|-weather|Sandstorm|[upkeep]
|-damage|p2a: Salamence|94/100|[from] Sandstorm
|-heal|p2a: Salamence|100/100|[from] item: Leftovers
|upkeep
|turn|8
|
|t:|1729893981
|switch|p1a: Aerodactyl|Aerodactyl, M|100/100
|move|p2a: Salamence|Dragon Claw|p1a: Aerodactyl
|-damage|p1a: Aerodactyl|46/100
|
|-weather|Sandstorm|[upkeep]
|-damage|p2a: Salamence|94/100|[from] Sandstorm
|-heal|p2a: Salamence|100/100|[from] item: Leftovers
|upkeep
|turn|9
|inactive|SANKE CARP has 240 seconds left.
|inactive|steffmula has 270 seconds left.
|
|t:|1729894022
|switch|p2a: Tyranitar|Tyranitar, M|100/100
|move|p1a: Aerodactyl|Rock Slide|p2a: Tyranitar
|-damage|p2a: Tyranitar|58/100
|
|-weather|Sandstorm|[upkeep]
|-heal|p2a: Tyranitar|64/100|[from] item: Leftovers
|upkeep
|turn|10
|inactive|SANKE CARP has 240 seconds left.
|inactive|SANKE CARP has 210 seconds left.
|
|t:|1729894057
|-activate|p1a: Aerodactyl|move: Pursuit
|move|p2a: Tyranitar|Pursuit|p1a: Aerodactyl|[from]Pursuit
|-damage|p1a: Aerodactyl|0 fnt
|faint|p1a: Aerodactyl
|-hint|Previously chosen switches continue in Gen 2-4 after a Pursuit target faints.
|switch|p1a: Metagross|Metagross|81/100
|
|-weather|Sandstorm|[upkeep]
|-heal|p2a: Tyranitar|70/100|[from] item: Leftovers
|upkeep
|turn|11
|inactive|steffmula has 270 seconds left.
|inactive|SANKE CARP has 210 seconds left.
|inactive|steffmula has 240 seconds left.
|
|t:|1729894103
|switch|p2a: Starmie|Starmie|100/100
|move|p1a: Metagross|Explosion|p2a: Starmie
|-damage|p2a: Starmie|0 fnt
|faint|p1a: Metagross
|faint|p2a: Starmie
|inactive|SANKE CARP has 210 seconds left.
|
|t:|1729894117
|switch|p2a: Hariyama|Hariyama, M, shiny|100/100
|switch|p1a: Tyranitar|Tyranitar, M|100/100
|
|-weather|Sandstorm|[upkeep]
|-damage|p2a: Hariyama|94/100|[from] Sandstorm
|-heal|p2a: Hariyama|100/100|[from] item: Leftovers
|upkeep
|turn|12
|inactive|SANKE CARP has 210 seconds left.
|
|t:|1729894155
|switch|p1a: Claydol|Claydol|100/100
|move|p2a: Hariyama|Knock Off|p1a: Claydol
|-supereffective|p1a: Claydol
|-damage|p1a: Claydol|96/100
|-enditem|p1a: Claydol|Leftovers|[from] move: Knock Off|[of] p2a: Hariyama
|-hint|In Gens 3-4, Knock Off only makes the target's item unusable; it cannot obtain a new item.
|
|-weather|Sandstorm|[upkeep]
|-damage|p2a: Hariyama|94/100|[from] Sandstorm
|-heal|p2a: Hariyama|100/100|[from] item: Leftovers
|upkeep
|turn|13
|inactive|steffmula has 240 seconds left.
|
|t:|1729894182
|move|p1a: Claydol|Psychic|p2a: Hariyama
|-supereffective|p2a: Hariyama
|-damage|p2a: Hariyama|62/100
|move|p2a: Hariyama|Hidden Power|p1a: Claydol
|-supereffective|p1a: Claydol
|-damage|p1a: Claydol|57/100
|
|-weather|Sandstorm|[upkeep]
|-damage|p2a: Hariyama|56/100|[from] Sandstorm
|-heal|p2a: Hariyama|62/100|[from] item: Leftovers
|upkeep
|turn|14
|inactive|steffmula has 210 seconds left.
|
|t:|1729894212
|switch|p2a: Tyranitar|Tyranitar, M|70/100
|move|p1a: Claydol|Earthquake|p2a: Tyranitar
|-supereffective|p2a: Tyranitar
|-damage|p2a: Tyranitar|7/100
|
|-weather|Sandstorm|[upkeep]
|-heal|p2a: Tyranitar|14/100|[from] item: Leftovers
|upkeep
|turn|15
|
|t:|1729894231
|switch|p2a: Salamence|Salamence, M|100/100
|-ability|p2a: Salamence|Intimidate|boost
|-unboost|p1a: Claydol|atk|1
|move|p1a: Claydol|Earthquake|p2a: Salamence
|-immune|p2a: Salamence
|
|-weather|Sandstorm|[upkeep]
|-damage|p2a: Salamence|94/100|[from] Sandstorm
|-heal|p2a: Salamence|100/100|[from] item: Leftovers
|upkeep
|turn|16
|
|t:|1729894244
|switch|p2a: Leander|Metagross|100/100
|move|p1a: Claydol|Psychic|p2a: Leander
|-resisted|p2a: Leander
|-damage|p2a: Leander|95/100
|
|-weather|Sandstorm|[upkeep]
|-heal|p2a: Leander|100/100|[from] item: Leftovers
|upkeep
|turn|17
|inactive|steffmula has 210 seconds left.
|
|t:|1729894277
|move|p1a: Claydol|Earthquake|p2a: Leander
|-supereffective|p2a: Leander
|-damage|p2a: Leander|71/100
|move|p2a: Leander|Meteor Mash|p1a: Claydol
|-damage|p1a: Claydol|4/100
|
|-weather|Sandstorm|[upkeep]
|-heal|p2a: Leander|77/100|[from] item: Leftovers
|upkeep
|turn|18
|
|t:|1729894284
|move|p2a: Leander|Protect|p2a: Leander
|-singleturn|p2a: Leander|Protect
|move|p1a: Claydol|Earthquake|p2a: Leander
|-activate|p2a: Leander|Protect
|
|-weather|Sandstorm|[upkeep]
|-heal|p2a: Leander|83/100|[from] item: Leftovers
|upkeep
|turn|19
|
|t:|1729894292
|move|p1a: Claydol|Earthquake|p2a: Leander
|-supereffective|p2a: Leander
|-damage|p2a: Leander|51/100
|move|p2a: Leander|Meteor Mash|p1a: Claydol
|-damage|p1a: Claydol|0 fnt
|-boost|p2a: Leander|atk|1
|faint|p1a: Claydol
|
|t:|1729894306
|switch|p1a: Tyranitar|Tyranitar, M|100/100
|
|-weather|Sandstorm|[upkeep]
|-heal|p2a: Leander|57/100|[from] item: Leftovers
|upkeep
|turn|20
|inactive|steffmula has 210 seconds left.
|
|t:|1729894338
|move|p1a: Tyranitar|Fire Blast|p2a: Leander
|-supereffective|p2a: Leander
|-damage|p2a: Leander|0 fnt
|faint|p2a: Leander
|
|t:|1729894343
|switch|p2a: Hariyama|Hariyama, M, shiny|62/100
|
|-weather|Sandstorm|[upkeep]
|-damage|p2a: Hariyama|56/100|[from] Sandstorm
|-heal|p2a: Hariyama|62/100|[from] item: Leftovers
|upkeep
|turn|21
|inactive|SANKE CARP has 210 seconds left.
|
|t:|1729894368
|switch|p1a: Celebi|Celebi|100/100
|move|p2a: Hariyama|Brick Break|p1a: Celebi
|-resisted|p1a: Celebi
|-damage|p1a: Celebi|88/100
|
|-weather|Sandstorm|[upkeep]
|-damage|p1a: Celebi|82/100|[from] Sandstorm
|-damage|p2a: Hariyama|56/100|[from] Sandstorm
|-heal|p1a: Celebi|88/100|[from] item: Leftovers
|-heal|p2a: Hariyama|62/100|[from] item: Leftovers
|upkeep
|turn|22
|inactive|SANKE CARP has 210 seconds left.
|inactive|steffmula has 210 seconds left.
|
|t:|1729894396
|move|p1a: Celebi|Calm Mind|p1a: Celebi
|-boost|p1a: Celebi|spa|1
|-boost|p1a: Celebi|spd|1
|move|p2a: Hariyama|Hidden Power|p1a: Celebi
|-supereffective|p1a: Celebi
|-damage|p1a: Celebi|19/100
|
|-weather|Sandstorm|[upkeep]
|-damage|p1a: Celebi|13/100|[from] Sandstorm
|-damage|p2a: Hariyama|56/100|[from] Sandstorm
|-heal|p1a: Celebi|19/100|[from] item: Leftovers
|-heal|p2a: Hariyama|62/100|[from] item: Leftovers
|upkeep
|turn|23
|
|t:|1729894406
|switch|p2a: Salamence|Salamence, M|100/100
|-ability|p2a: Salamence|Intimidate|boost
|-unboost|p1a: Celebi|atk|1
|move|p1a: Celebi|Baton Pass|p1a: Celebi
|
|t:|1729894412
|switch|p1a: Jirachi|Jirachi|100/100|[from] Baton Pass
|
|-weather|Sandstorm|[upkeep]
|-damage|p2a: Salamence|94/100|[from] Sandstorm
|-heal|p2a: Salamence|100/100|[from] item: Leftovers
|upkeep
|turn|24
|inactive|SANKE CARP has 210 seconds left.
|
|t:|1729894430
|switch|p2a: Clemens|Blissey, F|100/100
|move|p1a: Jirachi|Calm Mind|p1a: Jirachi
|-boost|p1a: Jirachi|spa|1
|-boost|p1a: Jirachi|spd|1
|
|-weather|Sandstorm|[upkeep]
|-damage|p2a: Clemens|94/100|[from] Sandstorm
|-heal|p2a: Clemens|100/100|[from] item: Leftovers
|upkeep
|turn|25
|inactive|SANKE CARP has 210 seconds left.
|
|t:|1729894450
|move|p1a: Jirachi|Psychic|p2a: Clemens
|-damage|p2a: Clemens|70/100
|move|p2a: Clemens|Seismic Toss|p1a: Jirachi
|-damage|p1a: Jirachi|73/100
|
|-weather|Sandstorm|[upkeep]
|-damage|p2a: Clemens|64/100|[from] Sandstorm
|-heal|p1a: Jirachi|79/100|[from] item: Leftovers
|-heal|p2a: Clemens|70/100|[from] item: Leftovers
|upkeep
|turn|26
|
|t:|1729894468
|move|p1a: Jirachi|Calm Mind|p1a: Jirachi
|-boost|p1a: Jirachi|spa|1
|-boost|p1a: Jirachi|spd|1
|move|p2a: Clemens|Seismic Toss|p1a: Jirachi
|-damage|p1a: Jirachi|51/100
|
|-weather|Sandstorm|[upkeep]
|-damage|p2a: Clemens|64/100|[from] Sandstorm
|-heal|p1a: Jirachi|57/100|[from] item: Leftovers
|-heal|p2a: Clemens|70/100|[from] item: Leftovers
|upkeep
|turn|27
|
|t:|1729894474
|move|p1a: Jirachi|Calm Mind|p1a: Jirachi
|-boost|p1a: Jirachi|spa|1
|-boost|p1a: Jirachi|spd|1
|move|p2a: Clemens|Soft-Boiled|p2a: Clemens
|-heal|p2a: Clemens|100/100
|
|-weather|Sandstorm|[upkeep]
|-damage|p2a: Clemens|94/100|[from] Sandstorm
|-heal|p1a: Jirachi|63/100|[from] item: Leftovers
|-heal|p2a: Clemens|100/100|[from] item: Leftovers
|upkeep
|turn|28
|
|t:|1729894478
|move|p1a: Jirachi|Psychic|p2a: Clemens
|-damage|p2a: Clemens|57/100
|move|p2a: Clemens|Seismic Toss|p1a: Jirachi
|-damage|p1a: Jirachi|35/100
|
|-weather|Sandstorm|[upkeep]
|-damage|p2a: Clemens|50/100|[from] Sandstorm
|-heal|p1a: Jirachi|42/100|[from] item: Leftovers
|-heal|p2a: Clemens|57/100|[from] item: Leftovers
|upkeep
|turn|29
|inactive|steffmula has 210 seconds left.
|
|t:|1729894504
|move|p1a: Jirachi|Psychic|p2a: Clemens
|-damage|p2a: Clemens|11/100
|-unboost|p2a: Clemens|spd|1
|move|p2a: Clemens|Seismic Toss|p1a: Jirachi
|-damage|p1a: Jirachi|14/100
|
|-weather|Sandstorm|[upkeep]
|-damage|p2a: Clemens|5/100|[from] Sandstorm
|-heal|p1a: Jirachi|20/100|[from] item: Leftovers
|-heal|p2a: Clemens|11/100|[from] item: Leftovers
|upkeep
|turn|30
|
|t:|1729894518
|move|p1a: Jirachi|Psychic|p2a: Clemens
|-damage|p2a: Clemens|0 fnt
|faint|p2a: Clemens
|
|t:|1729894521
|switch|p2a: Salamence|Salamence, M|100/100
|-ability|p2a: Salamence|Intimidate|boost
|-unboost|p1a: Jirachi|atk|1
|
|-weather|Sandstorm|[upkeep]
|-damage|p2a: Salamence|94/100|[from] Sandstorm
|-heal|p1a: Jirachi|26/100|[from] item: Leftovers
|-heal|p2a: Salamence|100/100|[from] item: Leftovers
|upkeep
|turn|31
|inactive|steffmula has 210 seconds left.
|
|t:|1729894533
|move|p1a: Jirachi|Psychic|p2a: Salamence
|-damage|p2a: Salamence|0 fnt
|faint|p2a: Salamence
|
|t:|1729894537
|switch|p2a: Hariyama|Hariyama, M, shiny|62/100
|
|-weather|Sandstorm|[upkeep]
|-damage|p2a: Hariyama|56/100|[from] Sandstorm
|-heal|p1a: Jirachi|32/100|[from] item: Leftovers
|-heal|p2a: Hariyama|62/100|[from] item: Leftovers
|upkeep
|turn|32
|
|t:|1729894541
|move|p1a: Jirachi|Psychic|p2a: Hariyama
|-supereffective|p2a: Hariyama
|-damage|p2a: Hariyama|0 fnt
|faint|p2a: Hariyama
|
|t:|1729894544
|switch|p2a: Tyranitar|Tyranitar, M|14/100
|
|-weather|Sandstorm|[upkeep]
|-heal|p1a: Jirachi|38/100|[from] item: Leftovers
|-heal|p2a: Tyranitar|20/100|[from] item: Leftovers
|upkeep
|turn|33
|
|t:|1729894547
|move|p1a: Jirachi|Hidden Power|p2a: Tyranitar
|-supereffective|p2a: Tyranitar
|-damage|p2a: Tyranitar|0 fnt
|faint|p2a: Tyranitar
|
|win|SANKE CARP
|c|☆SANKE CARP|gg
|c|☆steffmula|gg
|player|p2|
|player|p1|
|player|p1|SANKE CARP|officer-gen2|

</script>
<script type="application/json" class="data" id="replaydata-smogtours-gen3ou-801949">
{"id":"smogtours-gen3ou-801949","format":"[Gen 3] OU","players":["SANKE CARP","steffmula"],"uploadtime":1729894547,"views":88,"formatid":"gen3ou","rating":null,"private":0,"password":null}
</script>

<script defer src="js/replays.js?9d40a366"></script>
