<!DOCTYPE html>
<meta charset="utf-8" />
<meta name="viewport" content="width=device-width" />

<title>[Gen 3] OU: Pak vs. GreenCity - Replays - Pok&eacute;mon Showdown!</title>

<meta name="description" content="Watch a replay of a Pok&eacute;mon battle between Pak and GreenCity! Format: [Gen 3] OU; Date: Oct 7, 2024" />
<!--

Hey, you! Looking in the source for the replay log?

You can find them in JSON format, just add `.json` at the end of a replay URL.

https://replay.pokemonshowdown.com/gen7randomdoublesbattle-865046831.json

Or, if you only need the log itself, add `.log` instead:

https://replay.pokemonshowdown.com/gen7randomdoublesbattle-865046831.log

-->

<link rel="stylesheet" href="//pokemonshowdown.com/style/global.css?0.023195364461161105" />
<link rel="stylesheet" href="//play.pokemonshowdown.com/style/font-awesome.css?0.13261647063804238" />
<link rel="stylesheet" href="//play.pokemonshowdown.com/style/battle.css?0.8753245789963631" />
<link rel="stylesheet" href="//play.pokemonshowdown.com/style/utilichart.css?0.8627959624976733" />

<!-- Global site tag (gtag.js) - Google Analytics -->
<script async src="https://www.googletagmanager.com/gtag/js?id=UA-26211653-1"></script>
<script>
  window.dataLayer = window.dataLayer || [];
  function gtag(){dataLayer.push(arguments);}
  gtag('js', new Date());

  gtag('config', 'UA-26211653-1');
</script>
<!-- End Google Analytics -->
<!-- Venatus Ad Manager - Install in <HEAD> of page -->
	<script src="https://hb.vntsm.com/v3/live/ad-manager.min.js" type="text/javascript" data-site-id="642aba63ec9a7b11c3c9c1be" data-mode="scan" async></script>
<!-- / Venatus Ad Manager -->

<style>
	@media (max-width:820px) {
		.battle {
			margin: 0 auto;
		}
		.battle-log {
			margin: 7px auto 0;
			max-width: 640px;
			height: 300px;
			position: static;
		}
	}
	.optgroup {
		display: inline-block;
		line-height: 22px;
		font-size: 10pt;
	}
	.optgroup .button {
		height: 25px;
		padding-top: 0;
		padding-bottom: 0;
	}
	.optgroup button.button {
		padding-left: 12px;
		padding-right: 12px;
	}
	.linklist {
		list-style: none;
		margin: 0.5em 0;
		padding: 0;
	}
	.linklist li {
		padding: 2px 0;
	}
	.sidebar {
		float: left;
		width: 320px;
	}
	.bar-wrapper {
		max-width: 1100px;
		margin: 0 auto;
	}
	.bar-wrapper.has-sidebar {
		max-width: 1430px;
	}
	.mainbar {
		margin: 0;
		padding-right: 1px;
	}
	.mainbar.has-sidebar {
		margin-left: 330px;
	}
	@media (min-width: 1511px) {
		.sidebar {
			width: 400px;
		}
		.bar-wrapper.has-sidebar {
			max-width: 1510px;
		}
		.mainbar.has-sidebar {
			margin-left: 410px;
		}
	}
	.section.first-section {
		margin-top: 9px;
	}
	.blocklink small {
		white-space: normal;
	}
	.button {
		vertical-align: middle;
	}
	.replay-controls {
		padding-top: 10px;
	}
	.replay-controls h1 {
		font-size: 16pt;
		font-weight: normal;
		color: #CCC;
	}
	.pagelink {
		text-align: center;
	}
	.pagelink a {
		width: 150px;
	}
	.textbox, .button {
		font-size: 11pt;
		vertical-align: middle;
	}
	@media (max-width: 450px) {
		.button {
			font-size: 9pt;
		}
	}
</style>

<div>

	<header>
		<div class="nav-wrapper"><ul class="nav">
			<li><a class="button nav-first" href="//pokemonshowdown.com/"><img src="//pokemonshowdown.com/images/pokemonshowdownbeta.png" srcset="//pokemonshowdown.com/images/pokemonshowdownbeta.png 1x, //pokemonshowdown.com/images/pokemonshowdownbeta@2x.png 2x" alt="Pok&eacute;mon Showdown" width="146" height="44" /> Home</a></li>
			<li><a class="button" href="//pokemonshowdown.com/dex/">Pok&eacute;dex</a></li>
			<li><a class="button cur" href="/">Replays</a></li>
			<li><a class="button" href="//pokemonshowdown.com/ladder/">Ladder</a></li>
			<li><a class="button nav-last" href="//pokemonshowdown.com/forums/">Forum</a></li>
			<li><a class="button greenbutton nav-first nav-last" href="//play.pokemonshowdown.com/">Play</a></li>
		</ul></div>
	</header>

	<div class="main" id="main">

		<noscript><section class="section">You need to enable JavaScript to use this page; sorry!</section></noscript>

	</div>

</div>

<script defer nomodule src="//play.pokemonshowdown.com/js/lib/ps-polyfill.js"></script>
<script defer src="//play.pokemonshowdown.com/js/lib/preact.min.js"></script>

<script defer src="//play.pokemonshowdown.com/config/config.js?2bddbc15"></script>
<script defer src="//play.pokemonshowdown.com/js/lib/jquery-1.11.0.min.js"></script>
<script defer src="//play.pokemonshowdown.com/js/lib/html-sanitizer-minified.js"></script>
<script defer src="//play.pokemonshowdown.com/js/battle-sound.js"></script>
<script defer src="//play.pokemonshowdown.com/js/battledata.js?0.7209276989879541"></script>
<script defer src="//play.pokemonshowdown.com/data/pokedex-mini.js?0.6111056340867951"></script>
<script defer src="//play.pokemonshowdown.com/data/pokedex-mini-bw.js?0.3532142036491459"></script>
<script defer src="//play.pokemonshowdown.com/data/graphics.js?0.24223875632456182"></script>
<script defer src="//play.pokemonshowdown.com/data/pokedex.js?0.38839984266356864"></script>
<script defer src="//play.pokemonshowdown.com/data/moves.js?0.21866028504024015"></script>
<script defer src="//play.pokemonshowdown.com/data/abilities.js?0.2005157953846628"></script>
<script defer src="//play.pokemonshowdown.com/data/items.js?0.9894211263848525"></script>
<script defer src="//play.pokemonshowdown.com/data/teambuilder-tables.js?0.6008791140282215"></script>
<script defer src="//play.pokemonshowdown.com/js/battle-tooltips.js?0.7580118955022959"></script>
<script defer src="//play.pokemonshowdown.com/js/battle.js?0.6057722274234274"></script>

<script defer src="js/utils.js?e31f9a17"></script>
<script defer src="js/replays-battle.js?7008c182"></script>

<!-- don't scrape this data! just add .json or .log after the URL!
Full API docs: https://github.com/smogon/pokemon-showdown-client/blob/master/WEB-API.md -->
<script type="text/plain" class="log" id="replaylog-smogtours-gen3ou-796075">
|inactive|Battle timer is ON: inactive players will automatically lose when time's up.
|t:|1728259159
|gametype|singles
|player|p1|Pak|#pak|
|player|p2|GreenCity|pokemonranger-gen4|
|teamsize|p1|6
|teamsize|p2|6
|gen|3
|tier|[Gen 3] OU
|rule|Sleep Clause Mod: Limit one foe put to sleep
|rule|Switch Priority Clause Mod: Faster Pokémon switch first
|rule|Species Clause: Limit one of each Pokémon
|rule|OHKO Clause: OHKO moves are banned
|rule|Evasion Items Clause: Evasion items are banned
|rule|Evasion Moves Clause: Evasion moves are banned
|rule|Endless Battle Clause: Forcing endless battles is banned
|rule|HP Percentage Mod: HP is shown in percentages
|rule|One Boost Passer Clause: Limit one Baton Passer that has a way to boost its stats
|rule|Freeze Clause Mod: Limit one foe frozen
|
|t:|1728259159
|start
|switch|p1a: Salamence|Salamence, M|100/100
|switch|p2a: Cloyster|Cloyster, F|100/100
|-ability|p1a: Salamence|Intimidate|boost
|-unboost|p2a: Cloyster|atk|1
|turn|1
|inactive|GreenCity also wants the timer to be on.
|c|☆Pak|hf
|c|☆GreenCity|hf
|
|t:|1728259186
|move|p1a: Salamence|Rock Slide|p2a: Cloyster
|-supereffective|p2a: Cloyster
|-damage|p2a: Cloyster|25/100
|move|p2a: Cloyster|Spikes|p1a: Salamence
|-sidestart|p1: Pak|Spikes
|
|-heal|p2a: Cloyster|31/100|[from] item: Leftovers
|upkeep
|turn|2
|
|t:|1728259198
|switch|p1a: Skarmory|Skarmory, M|100/100
|switch|p2a: Regirock|Regirock|100/100
|
|upkeep
|turn|3
|
|t:|1728259203
|move|p1a: Skarmory|Spikes|p2a: Regirock
|-sidestart|p2: GreenCity|Spikes
|move|p2a: Regirock|Thunder Wave|p1a: Skarmory
|-status|p1a: Skarmory|par
|
|upkeep
|turn|4
|
|t:|1728259210
|move|p2a: Regirock|Rock Slide|p1a: Skarmory
|-damage|p1a: Skarmory|75/100 par
|move|p1a: Skarmory|Toxic|p2a: Regirock
|-status|p2a: Regirock|tox
|
|-damage|p2a: Regirock|94/100 tox|[from] psn
|-heal|p1a: Skarmory|81/100 par|[from] item: Leftovers
|upkeep
|turn|5
|
|t:|1728259214
|move|p2a: Regirock|Rock Slide|p1a: Skarmory
|-damage|p1a: Skarmory|53/100 par
|cant|p1a: Skarmory|flinch
|
|-heal|p2a: Regirock|100/100 tox|[from] item: Leftovers
|-damage|p2a: Regirock|88/100 tox|[from] psn
|-heal|p1a: Skarmory|59/100 par|[from] item: Leftovers
|upkeep
|turn|6
|
|t:|1728259217
|switch|p2a: Jolteon|Jolteon, M|100/100
|-damage|p2a: Jolteon|88/100|[from] Spikes
|switch|p1a: Metagross|Metagross|100/100
|-damage|p1a: Metagross|88/100|[from] Spikes
|
|-heal|p2a: Jolteon|94/100|[from] item: Leftovers
|-heal|p1a: Metagross|94/100|[from] item: Leftovers
|upkeep
|turn|7
|
|t:|1728259226
|move|p2a: Jolteon|Baton Pass|p2a: Jolteon
|
|t:|1728259227
|switch|p2a: Cloyster|Cloyster, F|31/100|[from] Baton Pass
|-damage|p2a: Cloyster|19/100|[from] Spikes
|move|p1a: Metagross|Earthquake|p2a: Cloyster
|-damage|p2a: Cloyster|0 fnt
|faint|p2a: Cloyster
|
|t:|1728259230
|switch|p2a: Gengar|Gengar, M|100/100
|
|-heal|p1a: Metagross|99/100|[from] item: Leftovers
|upkeep
|turn|8
|
|t:|1728259240
|switch|p2a: Metagross|Metagross|100/100
|-damage|p2a: Metagross|88/100|[from] Spikes
|switch|p1a: Blissey|Blissey, F|100/100
|-damage|p1a: Blissey|88/100|[from] Spikes
|
|-heal|p2a: Metagross|94/100|[from] item: Leftovers
|-heal|p1a: Blissey|94/100|[from] item: Leftovers
|upkeep
|turn|9
|
|t:|1728259253
|switch|p1a: Magneton|Magneton|100/100
|-damage|p1a: Magneton|88/100|[from] Spikes
|move|p2a: Metagross|Meteor Mash|p1a: Magneton
|-resisted|p1a: Magneton
|-damage|p1a: Magneton|66/100
|-boost|p2a: Metagross|atk|1
|
|-heal|p2a: Metagross|100/100|[from] item: Leftovers
|upkeep
|turn|10
|
|t:|1728259262
|switch|p1a: Moltres|Moltres|100/100
|move|p2a: Metagross|Agility|p2a: Metagross
|-boost|p2a: Metagross|spe|2
|
|upkeep
|turn|11
|
|t:|1728259282
|switch|p1a: Magneton|Magneton|66/100
|-damage|p1a: Magneton|53/100|[from] Spikes
|move|p2a: Metagross|Meteor Mash|p1a: Magneton
|-resisted|p1a: Magneton
|-damage|p1a: Magneton|23/100
|-boost|p2a: Metagross|atk|1
|
|upkeep
|turn|12
|
|t:|1728259303
|move|p2a: Metagross|Earthquake|p1a: Magneton
|-supereffective|p1a: Magneton
|-damage|p1a: Magneton|0 fnt
|faint|p1a: Magneton
|
|t:|1728259307
|switch|p1a: Moltres|Moltres|100/100
|
|upkeep
|turn|13
|inactive|GreenCity has 270 seconds left.
|
|t:|1728259338
|move|p2a: Metagross|Explosion|p1a: Moltres
|-damage|p1a: Moltres|0 fnt
|faint|p2a: Metagross
|faint|p1a: Moltres
|
|t:|1728259348
|switch|p1a: Metagross|Metagross|99/100
|switch|p2a: Gengar|Gengar, M|100/100
|-damage|p1a: Metagross|88/100|[from] Spikes
|
|-heal|p1a: Metagross|94/100|[from] item: Leftovers
|upkeep
|turn|14
|
|t:|1728259352
|move|p1a: Metagross|Protect|p1a: Metagross
|-singleturn|p1a: Metagross|Protect
|move|p2a: Gengar|Destiny Bond|p2a: Gengar
|-singlemove|p2a: Gengar|Destiny Bond
|
|-heal|p1a: Metagross|99/100|[from] item: Leftovers
|upkeep
|turn|15
|
|t:|1728259358
|switch|p1a: Blissey|Blissey, F|94/100
|-damage|p1a: Blissey|82/100|[from] Spikes
|move|p2a: Gengar|Destiny Bond|p2a: Gengar
|-singlemove|p2a: Gengar|Destiny Bond
|
|-heal|p1a: Blissey|88/100|[from] item: Leftovers
|upkeep
|turn|16
|
|t:|1728259363
|switch|p2a: Regirock|Regirock|88/100 tox
|-damage|p2a: Regirock|76/100 tox|[from] Spikes
|move|p1a: Blissey|Ice Beam|p2a: Regirock
|-damage|p2a: Regirock|56/100 tox
|
|-heal|p1a: Blissey|94/100|[from] item: Leftovers
|-heal|p2a: Regirock|62/100 tox|[from] item: Leftovers
|-damage|p2a: Regirock|56/100 tox|[from] psn
|upkeep
|turn|17
|
|t:|1728259373
|switch|p1a: Skarmory|Skarmory, M|59/100 par
|move|p2a: Regirock|Rock Slide|p1a: Skarmory
|-damage|p1a: Skarmory|33/100 par
|
|-heal|p2a: Regirock|62/100 tox|[from] item: Leftovers
|-damage|p2a: Regirock|50/100 tox|[from] psn
|-heal|p1a: Skarmory|39/100 par|[from] item: Leftovers
|upkeep
|turn|18
|
|t:|1728259378
|switch|p2a: Gengar|Gengar, M|100/100
|switch|p1a: Metagross|Metagross|99/100
|-damage|p1a: Metagross|88/100|[from] Spikes
|
|-heal|p1a: Metagross|94/100|[from] item: Leftovers
|upkeep
|turn|19
|
|t:|1728259389
|switch|p1a: Blissey|Blissey, F|94/100
|-damage|p1a: Blissey|82/100|[from] Spikes
|move|p2a: Gengar|Thunderbolt|p1a: Blissey
|-damage|p1a: Blissey|70/100
|
|-heal|p1a: Blissey|76/100|[from] item: Leftovers
|upkeep
|turn|20
|
|t:|1728259398
|switch|p2a: Regirock|Regirock|50/100 tox
|-damage|p2a: Regirock|38/100 tox|[from] Spikes
|move|p1a: Blissey|Wish|p1a: Blissey
|
|-heal|p1a: Blissey|83/100|[from] item: Leftovers
|-heal|p2a: Regirock|44/100 tox|[from] item: Leftovers
|-damage|p2a: Regirock|38/100 tox|[from] psn
|upkeep
|turn|21
|
|t:|1728259405
|switch|p1a: Skarmory|Skarmory, M|39/100 par
|switch|p2a: Jolteon|Jolteon, M|94/100
|-damage|p2a: Jolteon|82/100|[from] Spikes
|
|-heal|p1a: Skarmory|89/100 par|[from] move: Wish|[wisher] Blissey
|-heal|p2a: Jolteon|88/100|[from] item: Leftovers
|-heal|p1a: Skarmory|95/100 par|[from] item: Leftovers
|upkeep
|turn|22
|
|t:|1728259410
|switch|p1a: Blissey|Blissey, F|83/100
|-damage|p1a: Blissey|70/100|[from] Spikes
|move|p2a: Jolteon|Roar|p1a: Blissey
|drag|p1a: Salamence|Salamence, M|100/100
|-ability|p1a: Salamence|Intimidate|boost
|-unboost|p2a: Jolteon|atk|1
|
|-heal|p2a: Jolteon|94/100|[from] item: Leftovers
|upkeep
|turn|23
|
|t:|1728259422
|switch|p1a: Blissey|Blissey, F|70/100
|-damage|p1a: Blissey|58/100|[from] Spikes
|move|p2a: Jolteon|Roar|p1a: Blissey
|drag|p1a: Metagross|Metagross|94/100
|-damage|p1a: Metagross|81/100|[from] Spikes
|
|-heal|p2a: Jolteon|99/100|[from] item: Leftovers
|-heal|p1a: Metagross|87/100|[from] item: Leftovers
|upkeep
|turn|24
|
|t:|1728259430
|switch|p2a: Regirock|Regirock|38/100 tox
|-damage|p2a: Regirock|26/100 tox|[from] Spikes
|move|p1a: Metagross|Earthquake|p2a: Regirock
|-supereffective|p2a: Regirock
|-damage|p2a: Regirock|0 fnt
|faint|p2a: Regirock
|inactive|GreenCity has 270 seconds left.
|
|t:|1728259464
|switch|p2a: Gengar|Gengar, M|100/100
|
|-heal|p1a: Metagross|93/100|[from] item: Leftovers
|upkeep
|turn|25
|
|t:|1728259474
|switch|p2a: Tyranitar|Tyranitar, F|100/100
|-damage|p2a: Tyranitar|88/100|[from] Spikes
|-weather|Sandstorm|[from] ability: Sand Stream|[of] p2a: Tyranitar
|move|p1a: Metagross|Protect||[still]
|-fail|p1a: Metagross
|
|-weather|Sandstorm|[upkeep]
|-heal|p2a: Tyranitar|94/100|[from] item: Leftovers
|-heal|p1a: Metagross|99/100|[from] item: Leftovers
|upkeep
|turn|26
|
|t:|1728259488
|switch|p2a: Jolteon|Jolteon, M|99/100
|-damage|p2a: Jolteon|88/100|[from] Spikes
|move|p1a: Metagross|Meteor Mash|p2a: Jolteon
|-resisted|p2a: Jolteon
|-damage|p2a: Jolteon|34/100
|
|-weather|Sandstorm|[upkeep]
|-damage|p2a: Jolteon|28/100|[from] Sandstorm
|-heal|p2a: Jolteon|34/100|[from] item: Leftovers
|-heal|p1a: Metagross|100/100|[from] item: Leftovers
|upkeep
|turn|27
|
|t:|1728259500
|move|p2a: Jolteon|Thunderbolt|p1a: Metagross
|-damage|p1a: Metagross|58/100
|move|p1a: Metagross|Earthquake|p2a: Jolteon
|-supereffective|p2a: Jolteon
|-damage|p2a: Jolteon|0 fnt
|faint|p2a: Jolteon
|
|t:|1728259516
|switch|p2a: Gengar|Gengar, M|100/100
|
|-weather|Sandstorm|[upkeep]
|-damage|p2a: Gengar|94/100|[from] Sandstorm
|-heal|p2a: Gengar|100/100|[from] item: Leftovers
|-heal|p1a: Metagross|64/100|[from] item: Leftovers
|upkeep
|turn|28
|
|t:|1728259521
|move|p1a: Metagross|Protect|p1a: Metagross
|-singleturn|p1a: Metagross|Protect
|move|p2a: Gengar|Thunderbolt|p1a: Metagross
|-activate|p1a: Metagross|Protect
|
|-weather|Sandstorm|[upkeep]
|-damage|p2a: Gengar|94/100|[from] Sandstorm
|-heal|p2a: Gengar|100/100|[from] item: Leftovers
|-heal|p1a: Metagross|70/100|[from] item: Leftovers
|upkeep
|turn|29
|
|t:|1728259538
|switch|p1a: Blissey|Blissey, F|58/100
|-damage|p1a: Blissey|46/100|[from] Spikes
|move|p2a: Gengar|Thunderbolt|p1a: Blissey
|-damage|p1a: Blissey|34/100
|
|-weather|Sandstorm|[upkeep]
|-damage|p2a: Gengar|94/100|[from] Sandstorm
|-damage|p1a: Blissey|27/100|[from] Sandstorm
|-heal|p2a: Gengar|100/100|[from] item: Leftovers
|-heal|p1a: Blissey|34/100|[from] item: Leftovers
|upkeep
|turn|30
|
|t:|1728259541
|switch|p2a: Tyranitar|Tyranitar, F|94/100
|-damage|p2a: Tyranitar|82/100|[from] Spikes
|move|p1a: Blissey|Soft-Boiled|p1a: Blissey
|-heal|p1a: Blissey|84/100
|
|-weather|Sandstorm|[upkeep]
|-damage|p1a: Blissey|77/100|[from] Sandstorm
|-heal|p2a: Tyranitar|88/100|[from] item: Leftovers
|-heal|p1a: Blissey|84/100|[from] item: Leftovers
|upkeep
|turn|31
|
|t:|1728259546
|switch|p1a: Skarmory|Skarmory, M|95/100 par
|move|p2a: Tyranitar|Dragon Dance|p2a: Tyranitar
|-boost|p2a: Tyranitar|atk|1
|-boost|p2a: Tyranitar|spe|1
|
|-weather|Sandstorm|[upkeep]
|-heal|p2a: Tyranitar|94/100|[from] item: Leftovers
|-heal|p1a: Skarmory|100/100 par|[from] item: Leftovers
|upkeep
|turn|32
|
|t:|1728259550
|move|p2a: Tyranitar|Rock Slide|p1a: Skarmory
|-damage|p1a: Skarmory|50/100 par
|cant|p1a: Skarmory|flinch
|
|-weather|Sandstorm|[upkeep]
|-heal|p2a: Tyranitar|100/100|[from] item: Leftovers
|-heal|p1a: Skarmory|56/100 par|[from] item: Leftovers
|upkeep
|turn|33
|
|t:|1728259553
|move|p2a: Tyranitar|Rock Slide|p1a: Skarmory
|-damage|p1a: Skarmory|6/100 par
|move|p1a: Skarmory|Toxic|p2a: Tyranitar
|-status|p2a: Tyranitar|tox
|
|-weather|Sandstorm|[upkeep]
|-damage|p2a: Tyranitar|94/100 tox|[from] psn
|-heal|p1a: Skarmory|12/100 par|[from] item: Leftovers
|upkeep
|turn|34
|inactive|GreenCity has 270 seconds left.
|
|t:|1728259585
|switch|p1a: Metagross|Metagross|70/100
|-damage|p1a: Metagross|57/100|[from] Spikes
|move|p2a: Tyranitar|Earthquake|p1a: Metagross
|-supereffective|p1a: Metagross
|-damage|p1a: Metagross|0 fnt
|faint|p1a: Metagross
|
|t:|1728259595
|switch|p1a: Salamence|Salamence, M|100/100
|-ability|p1a: Salamence|Intimidate|boost
|-unboost|p2a: Tyranitar|atk|1
|
|-weather|Sandstorm|[upkeep]
|-damage|p1a: Salamence|94/100|[from] Sandstorm
|-heal|p2a: Tyranitar|100/100 tox|[from] item: Leftovers
|-damage|p2a: Tyranitar|88/100 tox|[from] psn
|upkeep
|turn|35
|inactive|GreenCity has 270 seconds left.
|
|t:|1728259623
|switch|p1a: Skarmory|Skarmory, M|12/100 par
|move|p2a: Tyranitar|Rock Slide|p1a: Skarmory
|-damage|p1a: Skarmory|0 fnt
|faint|p1a: Skarmory
|
|t:|1728259626
|switch|p1a: Salamence|Salamence, M|94/100
|-ability|p1a: Salamence|Intimidate|boost
|-unboost|p2a: Tyranitar|atk|1
|
|-weather|Sandstorm|[upkeep]
|-damage|p1a: Salamence|88/100|[from] Sandstorm
|-heal|p2a: Tyranitar|94/100 tox|[from] item: Leftovers
|-damage|p2a: Tyranitar|76/100 tox|[from] psn
|upkeep
|turn|36
|inactive|GreenCity has 270 seconds left.
|inactive|Pak has 270 seconds left.
|inactive|GreenCity has 240 seconds left.
|
|t:|1728259675
|move|p2a: Tyranitar|Rock Slide|p1a: Salamence
|-supereffective|p1a: Salamence
|-crit|p1a: Salamence
|-damage|p1a: Salamence|0 fnt
|faint|p1a: Salamence
|
|t:|1728259679
|switch|p1a: Blissey|Blissey, F|84/100
|-damage|p1a: Blissey|71/100|[from] Spikes
|
|-weather|Sandstorm|[upkeep]
|-damage|p1a: Blissey|65/100|[from] Sandstorm
|-heal|p2a: Tyranitar|82/100 tox|[from] item: Leftovers
|-damage|p2a: Tyranitar|57/100 tox|[from] psn
|-heal|p1a: Blissey|71/100|[from] item: Leftovers
|upkeep
|turn|37
|
|t:|1728259682
|switch|p2a: Gengar|Gengar, M|100/100
|move|p1a: Blissey|Soft-Boiled|p1a: Blissey
|-heal|p1a: Blissey|100/100
|
|-weather|Sandstorm|[upkeep]
|-damage|p2a: Gengar|94/100|[from] Sandstorm
|-damage|p1a: Blissey|94/100|[from] Sandstorm
|-heal|p2a: Gengar|100/100|[from] item: Leftovers
|-heal|p1a: Blissey|100/100|[from] item: Leftovers
|upkeep
|turn|38
|
|t:|1728259687
|move|p2a: Gengar|Ice Punch|p1a: Blissey
|-damage|p1a: Blissey|91/100
|move|p1a: Blissey|Ice Beam|p2a: Gengar
|-damage|p2a: Gengar|68/100
|
|-weather|Sandstorm|[upkeep]
|-damage|p2a: Gengar|62/100|[from] Sandstorm
|-damage|p1a: Blissey|85/100|[from] Sandstorm
|-heal|p2a: Gengar|68/100|[from] item: Leftovers
|-heal|p1a: Blissey|91/100|[from] item: Leftovers
|upkeep
|turn|39
|
|t:|1728259697
|move|p2a: Gengar|Ice Punch|p1a: Blissey
|-damage|p1a: Blissey|82/100
|-status|p1a: Blissey|frz
|cant|p1a: Blissey|frz
|
|-weather|Sandstorm|[upkeep]
|-damage|p2a: Gengar|62/100|[from] Sandstorm
|-damage|p1a: Blissey|75/100 frz|[from] Sandstorm
|-heal|p2a: Gengar|68/100|[from] item: Leftovers
|-heal|p1a: Blissey|82/100 frz|[from] item: Leftovers
|upkeep
|turn|40
|
|t:|1728259702
|switch|p2a: Tyranitar|Tyranitar, F|57/100 tox
|-damage|p2a: Tyranitar|45/100 tox|[from] Spikes
|cant|p1a: Blissey|frz
|
|-weather|Sandstorm|[upkeep]
|-damage|p1a: Blissey|75/100 frz|[from] Sandstorm
|-heal|p2a: Tyranitar|51/100 tox|[from] item: Leftovers
|-damage|p2a: Tyranitar|45/100 tox|[from] psn
|-heal|p1a: Blissey|82/100 frz|[from] item: Leftovers
|upkeep
|turn|41
|
|t:|1728259705
|move|p2a: Tyranitar|Rock Slide|p1a: Blissey
|-damage|p1a: Blissey|42/100 frz
|cant|p1a: Blissey|frz
|
|-weather|Sandstorm|[upkeep]
|-damage|p1a: Blissey|36/100 frz|[from] Sandstorm
|-heal|p2a: Tyranitar|51/100 tox|[from] item: Leftovers
|-damage|p2a: Tyranitar|39/100 tox|[from] psn
|-heal|p1a: Blissey|42/100 frz|[from] item: Leftovers
|upkeep
|turn|42
|
|t:|1728259709
|move|p2a: Tyranitar|Double-Edge|p1a: Blissey
|-damage|p1a: Blissey|0 fnt
|-damage|p2a: Tyranitar|12/100 tox|[from] Recoil|[of] p1a: Blissey
|faint|p1a: Blissey
|
|win|GreenCity
|c|☆Pak|unfort
|c|☆Pak|gg
|c|☆GreenCity|gg
|player|p1|

</script>
<script type="application/json" class="data" id="replaydata-smogtours-gen3ou-796075">
{"id":"smogtours-gen3ou-796075","format":"[Gen 3] OU","players":["Pak","GreenCity"],"uploadtime":1728259709,"views":184,"formatid":"gen3ou","rating":null,"private":0,"password":null}
</script>

<script defer src="js/replays.js?9d40a366"></script>
