<!DOCTYPE html>
<meta charset="utf-8" />
<meta name="viewport" content="width=device-width" />

<title>[Gen 3] OU: Seradess vs. JCEntrena - Replays - Pok&eacute;mon Showdown!</title>

<meta name="description" content="Watch a replay of a Pok&eacute;mon battle between Seradess and JCEntrena! Format: [Gen 3] OU; Date: Oct 11, 2024" />
<!--

Hey, you! Looking in the source for the replay log?

You can find them in JSON format, just add `.json` at the end of a replay URL.

https://replay.pokemonshowdown.com/gen7randomdoublesbattle-865046831.json

Or, if you only need the log itself, add `.log` instead:

https://replay.pokemonshowdown.com/gen7randomdoublesbattle-865046831.log

-->

<link rel="stylesheet" href="//pokemonshowdown.com/style/global.css?0.767286132409787" />
<link rel="stylesheet" href="//play.pokemonshowdown.com/style/font-awesome.css?0.9266228007934947" />
<link rel="stylesheet" href="//play.pokemonshowdown.com/style/battle.css?0.7924700842790926" />
<link rel="stylesheet" href="//play.pokemonshowdown.com/style/utilichart.css?0.8777417872839479" />

<!-- Global site tag (gtag.js) - Google Analytics -->
<script async src="https://www.googletagmanager.com/gtag/js?id=UA-26211653-1"></script>
<script>
  window.dataLayer = window.dataLayer || [];
  function gtag(){dataLayer.push(arguments);}
  gtag('js', new Date());

  gtag('config', 'UA-26211653-1');
</script>
<!-- End Google Analytics -->
<!-- Venatus Ad Manager - Install in <HEAD> of page -->
	<script src="https://hb.vntsm.com/v3/live/ad-manager.min.js" type="text/javascript" data-site-id="642aba63ec9a7b11c3c9c1be" data-mode="scan" async></script>
<!-- / Venatus Ad Manager -->

<style>
	@media (max-width:820px) {
		.battle {
			margin: 0 auto;
		}
		.battle-log {
			margin: 7px auto 0;
			max-width: 640px;
			height: 300px;
			position: static;
		}
	}
	.optgroup {
		display: inline-block;
		line-height: 22px;
		font-size: 10pt;
	}
	.optgroup .button {
		height: 25px;
		padding-top: 0;
		padding-bottom: 0;
	}
	.optgroup button.button {
		padding-left: 12px;
		padding-right: 12px;
	}
	.linklist {
		list-style: none;
		margin: 0.5em 0;
		padding: 0;
	}
	.linklist li {
		padding: 2px 0;
	}
	.sidebar {
		float: left;
		width: 320px;
	}
	.bar-wrapper {
		max-width: 1100px;
		margin: 0 auto;
	}
	.bar-wrapper.has-sidebar {
		max-width: 1430px;
	}
	.mainbar {
		margin: 0;
		padding-right: 1px;
	}
	.mainbar.has-sidebar {
		margin-left: 330px;
	}
	@media (min-width: 1511px) {
		.sidebar {
			width: 400px;
		}
		.bar-wrapper.has-sidebar {
			max-width: 1510px;
		}
		.mainbar.has-sidebar {
			margin-left: 410px;
		}
	}
	.section.first-section {
		margin-top: 9px;
	}
	.blocklink small {
		white-space: normal;
	}
	.button {
		vertical-align: middle;
	}
	.replay-controls {
		padding-top: 10px;
	}
	.replay-controls h1 {
		font-size: 16pt;
		font-weight: normal;
		color: #CCC;
	}
	.pagelink {
		text-align: center;
	}
	.pagelink a {
		width: 150px;
	}
	.textbox, .button {
		font-size: 11pt;
		vertical-align: middle;
	}
	@media (max-width: 450px) {
		.button {
			font-size: 9pt;
		}
	}
</style>

<div>

	<header>
		<div class="nav-wrapper"><ul class="nav">
			<li><a class="button nav-first" href="//pokemonshowdown.com/"><img src="//pokemonshowdown.com/images/pokemonshowdownbeta.png" srcset="//pokemonshowdown.com/images/pokemonshowdownbeta.png 1x, //pokemonshowdown.com/images/pokemonshowdownbeta@2x.png 2x" alt="Pok&eacute;mon Showdown" width="146" height="44" /> Home</a></li>
			<li><a class="button" href="//pokemonshowdown.com/dex/">Pok&eacute;dex</a></li>
			<li><a class="button cur" href="/">Replays</a></li>
			<li><a class="button" href="//pokemonshowdown.com/ladder/">Ladder</a></li>
			<li><a class="button nav-last" href="//pokemonshowdown.com/forums/">Forum</a></li>
			<li><a class="button greenbutton nav-first nav-last" href="//play.pokemonshowdown.com/">Play</a></li>
		</ul></div>
	</header>

	<div class="main" id="main">

		<noscript><section class="section">You need to enable JavaScript to use this page; sorry!</section></noscript>

	</div>

</div>

<script defer nomodule src="//play.pokemonshowdown.com/js/lib/ps-polyfill.js"></script>
<script defer src="//play.pokemonshowdown.com/js/lib/preact.min.js"></script>

<script defer src="//play.pokemonshowdown.com/config/config.js?6dec07f6"></script>
<script defer src="//play.pokemonshowdown.com/js/lib/jquery-1.11.0.min.js"></script>
<script defer src="//play.pokemonshowdown.com/js/lib/html-sanitizer-minified.js"></script>
<script defer src="//play.pokemonshowdown.com/js/battle-sound.js"></script>
<script defer src="//play.pokemonshowdown.com/js/battledata.js?0.6315294753075389"></script>
<script defer src="//play.pokemonshowdown.com/data/pokedex-mini.js?0.7603743185311358"></script>
<script defer src="//play.pokemonshowdown.com/data/pokedex-mini-bw.js?0.030888842834281283"></script>
<script defer src="//play.pokemonshowdown.com/data/graphics.js?0.05593094747507488"></script>
<script defer src="//play.pokemonshowdown.com/data/pokedex.js?0.47064822249611904"></script>
<script defer src="//play.pokemonshowdown.com/data/moves.js?0.8583693120512459"></script>
<script defer src="//play.pokemonshowdown.com/data/abilities.js?0.16017181182386842"></script>
<script defer src="//play.pokemonshowdown.com/data/items.js?0.4163379185673943"></script>
<script defer src="//play.pokemonshowdown.com/data/teambuilder-tables.js?0.31075597372830477"></script>
<script defer src="//play.pokemonshowdown.com/js/battle-tooltips.js?0.6536193500708172"></script>
<script defer src="//play.pokemonshowdown.com/js/battle.js?0.1916591943277901"></script>

<script defer src="js/utils.js?e31f9a17"></script>
<script defer src="js/replays-battle.js?7008c182"></script>

<!-- don't scrape this data! just add .json or .log after the URL!
Full API docs: https://github.com/smogon/pokemon-showdown-client/blob/master/WEB-API.md -->
<script type="text/plain" class="log" id="replaylog-smogtours-gen3ou-797197">
|inactive|Battle timer is ON: inactive players will automatically lose when time's up.
|t:|1728663038
|gametype|singles
|player|p1|Seradess|170|
|player|p2|JCEntrena|veteran|
|teamsize|p1|6
|teamsize|p2|6
|gen|3
|tier|[Gen 3] OU
|rule|Sleep Clause Mod: Limit one foe put to sleep
|rule|Switch Priority Clause Mod: Faster Pokémon switch first
|rule|Species Clause: Limit one of each Pokémon
|rule|OHKO Clause: OHKO moves are banned
|rule|Evasion Items Clause: Evasion items are banned
|rule|Evasion Moves Clause: Evasion moves are banned
|rule|Endless Battle Clause: Forcing endless battles is banned
|rule|HP Percentage Mod: HP is shown in percentages
|rule|One Boost Passer Clause: Limit one Baton Passer that has a way to boost its stats
|rule|Freeze Clause Mod: Limit one foe frozen
|
|t:|1728663038
|start
|switch|p1a: Zapdos|Zapdos|100/100
|switch|p2a: Zapdos|Zapdos|100/100
|turn|1
|c|☆JCEntrena|glhf!
|c|☆Seradess|glhf
|c|☆Seradess|im linking now
|c|☆JCEntrena|Sure
|inactive|Seradess has 270 seconds left.
|
|t:|1728663070
|move|p2a: Zapdos|Thunder Wave|p1a: Zapdos
|-status|p1a: Zapdos|par
|move|p1a: Zapdos|Thunderbolt|p2a: Zapdos
|-damage|p2a: Zapdos|52/100
|
|-heal|p2a: Zapdos|58/100|[from] item: Leftovers
|upkeep
|turn|2
|
|t:|1728663090
|move|p2a: Zapdos|Thunderbolt|p1a: Zapdos
|-crit|p1a: Zapdos
|-damage|p1a: Zapdos|7/100 par
|cant|p1a: Zapdos|par
|
|-heal|p2a: Zapdos|64/100|[from] item: Leftovers
|-heal|p1a: Zapdos|13/100 par|[from] item: Leftovers
|upkeep
|turn|3
|
|t:|1728663100
|move|p2a: Zapdos|Thunderbolt|p1a: Zapdos
|-crit|p1a: Zapdos
|-damage|p1a: Zapdos|0 fnt
|faint|p1a: Zapdos
|
|t:|1728663103
|switch|p1a: Tundra|Tyranitar, F, shiny|100/100
|-weather|Sandstorm|[from] ability: Sand Stream|[of] p1a: Tundra
|
|-weather|Sandstorm|[upkeep]
|-damage|p2a: Zapdos|58/100|[from] Sandstorm
|-heal|p2a: Zapdos|64/100|[from] item: Leftovers
|upkeep
|turn|4
|
|t:|1728663120
|move|p2a: Zapdos|Thunderbolt|p1a: Tundra
|-damage|p1a: Tundra|59/100
|move|p1a: Tundra|Dragon Dance|p1a: Tundra
|-boost|p1a: Tundra|atk|1
|-boost|p1a: Tundra|spe|1
|
|-weather|Sandstorm|[upkeep]
|-damage|p2a: Zapdos|58/100|[from] Sandstorm
|-heal|p2a: Zapdos|64/100|[from] item: Leftovers
|-heal|p1a: Tundra|65/100|[from] item: Leftovers
|upkeep
|turn|5
|
|t:|1728663131
|move|p2a: Zapdos|Thunder Wave|p1a: Tundra
|-status|p1a: Tundra|par
|cant|p1a: Tundra|par
|
|-weather|Sandstorm|[upkeep]
|-damage|p2a: Zapdos|58/100|[from] Sandstorm
|-heal|p2a: Zapdos|64/100|[from] item: Leftovers
|-heal|p1a: Tundra|71/100 par|[from] item: Leftovers
|upkeep
|turn|6
|
|t:|1728663142
|switch|p2a: Swampert|Swampert, M|100/100
|cant|p1a: Tundra|par
|
|-weather|Sandstorm|[upkeep]
|-heal|p1a: Tundra|77/100 par|[from] item: Leftovers
|upkeep
|turn|7
|
|t:|1728663151
|switch|p1a: LeBron|Swampert, M, shiny|100/100
|move|p2a: Swampert|Ice Beam|p1a: LeBron
|-damage|p1a: LeBron|82/100
|
|-weather|Sandstorm|[upkeep]
|-heal|p1a: LeBron|88/100|[from] item: Leftovers
|upkeep
|turn|8
|
|t:|1728663168
|switch|p2a: Skarmory|Skarmory, F|100/100
|move|p1a: LeBron|Ice Beam|p2a: Skarmory
|-damage|p2a: Skarmory|79/100
|
|-weather|Sandstorm|[upkeep]
|-heal|p2a: Skarmory|85/100|[from] item: Leftovers
|-heal|p1a: LeBron|95/100|[from] item: Leftovers
|upkeep
|turn|9
|
|t:|1728663175
|switch|p1a: Jirachi|Jirachi|100/100
|move|p2a: Skarmory|Spikes|p1a: Jirachi
|-sidestart|p1: Seradess|Spikes
|
|-weather|Sandstorm|[upkeep]
|-heal|p2a: Skarmory|91/100|[from] item: Leftovers
|upkeep
|turn|10
|
|t:|1728663181
|move|p1a: Jirachi|Fire Punch|p2a: Skarmory
|-supereffective|p2a: Skarmory
|-damage|p2a: Skarmory|46/100
|move|p2a: Skarmory|Roar|p1a: Jirachi
|drag|p1a: Tundra|Tyranitar, F, shiny|77/100 par
|-damage|p1a: Tundra|64/100 par|[from] Spikes
|
|-weather|Sandstorm|[upkeep]
|-heal|p2a: Skarmory|52/100|[from] item: Leftovers
|-heal|p1a: Tundra|70/100 par|[from] item: Leftovers
|upkeep
|turn|11
|
|t:|1728663193
|switch|p1a: Jirachi|Jirachi|100/100
|-damage|p1a: Jirachi|88/100|[from] Spikes
|move|p2a: Skarmory|Roar|p1a: Jirachi
|drag|p1a: Tundra|Tyranitar, F, shiny|70/100 par
|-damage|p1a: Tundra|58/100 par|[from] Spikes
|
|-weather|Sandstorm|[upkeep]
|-heal|p2a: Skarmory|58/100|[from] item: Leftovers
|-heal|p1a: Tundra|64/100 par|[from] item: Leftovers
|upkeep
|turn|12
|
|t:|1728663203
|move|p2a: Skarmory|Protect|p2a: Skarmory
|-singleturn|p2a: Skarmory|Protect
|move|p1a: Tundra|Rock Slide|p2a: Skarmory
|-activate|p2a: Skarmory|Protect
|
|-weather|Sandstorm|[upkeep]
|-heal|p2a: Skarmory|64/100|[from] item: Leftovers
|-heal|p1a: Tundra|70/100 par|[from] item: Leftovers
|upkeep
|turn|13
|
|t:|1728663220
|switch|p2a: Swampert|Swampert, M|100/100
|move|p1a: Tundra|Rock Slide|p2a: Swampert
|-resisted|p2a: Swampert
|-damage|p2a: Swampert|85/100
|
|-weather|Sandstorm|[upkeep]
|-heal|p2a: Swampert|92/100|[from] item: Leftovers
|-heal|p1a: Tundra|76/100 par|[from] item: Leftovers
|upkeep
|turn|14
|
|t:|1728663229
|switch|p1a: LeBron|Swampert, M, shiny|95/100
|-damage|p1a: LeBron|82/100|[from] Spikes
|move|p2a: Swampert|Hydro Pump|p1a: LeBron
|-damage|p1a: LeBron|44/100
|
|-weather|Sandstorm|[upkeep]
|-heal|p2a: Swampert|98/100|[from] item: Leftovers
|-heal|p1a: LeBron|50/100|[from] item: Leftovers
|upkeep
|turn|15
|
|t:|1728663238
|move|p2a: Swampert|Hydro Pump|p1a: LeBron
|-damage|p1a: LeBron|15/100
|move|p1a: LeBron|Surf|p2a: Swampert
|-damage|p2a: Swampert|46/100
|
|-weather|Sandstorm|[upkeep]
|-heal|p2a: Swampert|52/100|[from] item: Leftovers
|-heal|p1a: LeBron|21/100|[from] item: Leftovers
|upkeep
|turn|16
|
|t:|1728663247
|move|p2a: Swampert|Earthquake|p1a: LeBron
|-damage|p1a: LeBron|0 fnt
|faint|p1a: LeBron
|
|t:|1728663252
|switch|p1a: Jirachi|Jirachi|88/100
|-damage|p1a: Jirachi|76/100|[from] Spikes
|
|-weather|Sandstorm|[upkeep]
|-heal|p1a: Jirachi|82/100|[from] item: Leftovers
|-heal|p2a: Swampert|58/100|[from] item: Leftovers
|upkeep
|turn|17
|
|t:|1728663266
|switch|p2a: Charizard|Charizard, F|100/100
|move|p1a: Jirachi|Hidden Power|p2a: Charizard
|-resisted|p2a: Charizard
|-damage|p2a: Charizard|93/100
|
|-weather|Sandstorm|[upkeep]
|-damage|p2a: Charizard|87/100|[from] Sandstorm
|-heal|p2a: Charizard|93/100|[from] item: Leftovers
|-heal|p1a: Jirachi|88/100|[from] item: Leftovers
|upkeep
|turn|18
|
|t:|1728663277
|switch|p1a: Tundra|Tyranitar, F, shiny|76/100 par
|-damage|p1a: Tundra|64/100 par|[from] Spikes
|move|p2a: Charizard|Fire Blast|p1a: Tundra
|-resisted|p1a: Tundra
|-damage|p1a: Tundra|38/100 par
|
|-weather|Sandstorm|[upkeep]
|-damage|p2a: Charizard|87/100|[from] Sandstorm
|-heal|p2a: Charizard|93/100|[from] item: Leftovers
|-heal|p1a: Tundra|44/100 par|[from] item: Leftovers
|upkeep
|turn|19
|
|t:|1728663299
|switch|p1a: Heracross|Heracross, F|100/100
|-damage|p1a: Heracross|88/100|[from] Spikes
|move|p2a: Charizard|Substitute|p2a: Charizard
|-start|p2a: Charizard|Substitute
|-damage|p2a: Charizard|69/100
|
|-weather|Sandstorm|[upkeep]
|-damage|p2a: Charizard|62/100|[from] Sandstorm
|-damage|p1a: Heracross|82/100|[from] Sandstorm
|-heal|p2a: Charizard|69/100|[from] item: Leftovers
|-heal|p1a: Heracross|88/100|[from] item: Leftovers
|upkeep
|turn|20
|
|t:|1728663328
|switch|p1a: Tundra|Tyranitar, F, shiny|44/100 par
|-damage|p1a: Tundra|32/100 par|[from] Spikes
|move|p2a: Charizard|Fire Blast|p1a: Tundra
|-resisted|p1a: Tundra
|-damage|p1a: Tundra|8/100 par
|
|-weather|Sandstorm|[upkeep]
|-damage|p2a: Charizard|62/100|[from] Sandstorm
|-heal|p2a: Charizard|69/100|[from] item: Leftovers
|-heal|p1a: Tundra|14/100 par|[from] item: Leftovers
|upkeep
|turn|21
|
|t:|1728663340
|move|p2a: Charizard|Hidden Power|p1a: Tundra
|-damage|p1a: Tundra|0 fnt
|faint|p1a: Tundra
|
|t:|1728663344
|switch|p1a: Smargad|Salamence, M, shiny|100/100
|
|-weather|Sandstorm|[upkeep]
|-damage|p2a: Charizard|62/100|[from] Sandstorm
|-damage|p1a: Smargad|94/100|[from] Sandstorm
|-heal|p2a: Charizard|69/100|[from] item: Leftovers
|-heal|p1a: Smargad|100/100|[from] item: Leftovers
|upkeep
|turn|22
|
|t:|1728663348
|move|p2a: Charizard|Hidden Power|p1a: Smargad
|-supereffective|p1a: Smargad
|-crit|p1a: Smargad
|-damage|p1a: Smargad|0 fnt
|faint|p1a: Smargad
|
|t:|1728663353
|switch|p1a: Jirachi|Jirachi|88/100
|-damage|p1a: Jirachi|76/100|[from] Spikes
|
|-weather|Sandstorm|[upkeep]
|-damage|p2a: Charizard|62/100|[from] Sandstorm
|-heal|p2a: Charizard|69/100|[from] item: Leftovers
|-heal|p1a: Jirachi|82/100|[from] item: Leftovers
|upkeep
|turn|23
|
|t:|1728663358
|move|p2a: Charizard|Fire Blast|p1a: Jirachi|[miss]
|-miss|p2a: Charizard|p1a: Jirachi
|move|p1a: Jirachi|Psychic|p2a: Charizard
|-end|p2a: Charizard|Substitute
|
|-weather|Sandstorm|[upkeep]
|-damage|p2a: Charizard|62/100|[from] Sandstorm
|-heal|p2a: Charizard|69/100|[from] item: Leftovers
|-heal|p1a: Jirachi|88/100|[from] item: Leftovers
|upkeep
|turn|24
|
|t:|1728663363
|move|p2a: Charizard|Fire Blast|p1a: Jirachi|[miss]
|-miss|p2a: Charizard|p1a: Jirachi
|move|p1a: Jirachi|Psychic|p2a: Charizard
|-crit|p2a: Charizard
|-damage|p2a: Charizard|0 fnt
|faint|p2a: Charizard
|inactive|JCEntrena has 270 seconds left.
|inactive|JCEntrena has 240 seconds left.
|
|t:|1728663432
|switch|p2a: Tyranitar|Tyranitar, M|100/100
|
|-weather|Sandstorm|[upkeep]
|-heal|p1a: Jirachi|94/100|[from] item: Leftovers
|upkeep
|turn|25
|inactive|JCEntrena has 240 seconds left.
|inactive|JCEntrena has 210 seconds left.
|
|t:|1728663471
|switch|p1a: Heracross|Heracross, F|88/100
|-damage|p1a: Heracross|76/100|[from] Spikes
|move|p2a: Tyranitar|Dragon Dance|p2a: Tyranitar
|-boost|p2a: Tyranitar|atk|1
|-boost|p2a: Tyranitar|spe|1
|
|-weather|Sandstorm|[upkeep]
|-damage|p1a: Heracross|70/100|[from] Sandstorm
|-heal|p1a: Heracross|76/100|[from] item: Leftovers
|upkeep
|turn|26
|inactive|JCEntrena has 210 seconds left.
|
|t:|1728663482
|move|p2a: Tyranitar|Rock Slide|p1a: Heracross
|-damage|p1a: Heracross|0 fnt
|faint|p1a: Heracross
|
|t:|1728663486
|switch|p1a: Jirachi|Jirachi|94/100
|-damage|p1a: Jirachi|82/100|[from] Spikes
|
|-weather|Sandstorm|[upkeep]
|-heal|p1a: Jirachi|88/100|[from] item: Leftovers
|upkeep
|turn|27
|
|t:|1728663489
|move|p2a: Tyranitar|Earthquake|p1a: Jirachi
|-supereffective|p1a: Jirachi
|-damage|p1a: Jirachi|0 fnt
|faint|p1a: Jirachi
|
|win|JCEntrena
|c|☆JCEntrena|gg
|c|☆Seradess|gg
|player|p1|
|player|p1|Seradess|170|

</script>
<script type="application/json" class="data" id="replaydata-smogtours-gen3ou-797197">
{"id":"smogtours-gen3ou-797197","format":"[Gen 3] OU","players":["Seradess","JCEntrena"],"uploadtime":1728663489,"views":218,"formatid":"gen3ou","rating":null,"private":0,"password":null}
</script>

<script defer src="js/replays.js?9d40a366"></script>
