<!DOCTYPE html>
<meta charset="utf-8" />
<meta name="viewport" content="width=device-width" />

<title>[Gen 3] OU: stuckkkk vs. hiyahahahaha - Replays - Pok&eacute;mon Showdown!</title>

<meta name="description" content="Watch a replay of a Pok&eacute;mon battle between stuckkkk and hiyahahahaha! Format: [Gen 3] OU; Date: Oct 15, 2024" />
<!--

Hey, you! Looking in the source for the replay log?

You can find them in JSON format, just add `.json` at the end of a replay URL.

https://replay.pokemonshowdown.com/gen7randomdoublesbattle-865046831.json

Or, if you only need the log itself, add `.log` instead:

https://replay.pokemonshowdown.com/gen7randomdoublesbattle-865046831.log

-->

<link rel="stylesheet" href="//pokemonshowdown.com/style/global.css?0.767286132409787" />
<link rel="stylesheet" href="//play.pokemonshowdown.com/style/font-awesome.css?0.9266228007934947" />
<link rel="stylesheet" href="//play.pokemonshowdown.com/style/battle.css?0.7924700842790926" />
<link rel="stylesheet" href="//play.pokemonshowdown.com/style/utilichart.css?0.8777417872839479" />

<!-- Global site tag (gtag.js) - Google Analytics -->
<script async src="https://www.googletagmanager.com/gtag/js?id=UA-26211653-1"></script>
<script>
  window.dataLayer = window.dataLayer || [];
  function gtag(){dataLayer.push(arguments);}
  gtag('js', new Date());

  gtag('config', 'UA-26211653-1');
</script>
<!-- End Google Analytics -->
<!-- Venatus Ad Manager - Install in <HEAD> of page -->
	<script src="https://hb.vntsm.com/v3/live/ad-manager.min.js" type="text/javascript" data-site-id="642aba63ec9a7b11c3c9c1be" data-mode="scan" async></script>
<!-- / Venatus Ad Manager -->

<style>
	@media (max-width:820px) {
		.battle {
			margin: 0 auto;
		}
		.battle-log {
			margin: 7px auto 0;
			max-width: 640px;
			height: 300px;
			position: static;
		}
	}
	.optgroup {
		display: inline-block;
		line-height: 22px;
		font-size: 10pt;
	}
	.optgroup .button {
		height: 25px;
		padding-top: 0;
		padding-bottom: 0;
	}
	.optgroup button.button {
		padding-left: 12px;
		padding-right: 12px;
	}
	.linklist {
		list-style: none;
		margin: 0.5em 0;
		padding: 0;
	}
	.linklist li {
		padding: 2px 0;
	}
	.sidebar {
		float: left;
		width: 320px;
	}
	.bar-wrapper {
		max-width: 1100px;
		margin: 0 auto;
	}
	.bar-wrapper.has-sidebar {
		max-width: 1430px;
	}
	.mainbar {
		margin: 0;
		padding-right: 1px;
	}
	.mainbar.has-sidebar {
		margin-left: 330px;
	}
	@media (min-width: 1511px) {
		.sidebar {
			width: 400px;
		}
		.bar-wrapper.has-sidebar {
			max-width: 1510px;
		}
		.mainbar.has-sidebar {
			margin-left: 410px;
		}
	}
	.section.first-section {
		margin-top: 9px;
	}
	.blocklink small {
		white-space: normal;
	}
	.button {
		vertical-align: middle;
	}
	.replay-controls {
		padding-top: 10px;
	}
	.replay-controls h1 {
		font-size: 16pt;
		font-weight: normal;
		color: #CCC;
	}
	.pagelink {
		text-align: center;
	}
	.pagelink a {
		width: 150px;
	}
	.textbox, .button {
		font-size: 11pt;
		vertical-align: middle;
	}
	@media (max-width: 450px) {
		.button {
			font-size: 9pt;
		}
	}
</style>

<div>

	<header>
		<div class="nav-wrapper"><ul class="nav">
			<li><a class="button nav-first" href="//pokemonshowdown.com/"><img src="//pokemonshowdown.com/images/pokemonshowdownbeta.png" srcset="//pokemonshowdown.com/images/pokemonshowdownbeta.png 1x, //pokemonshowdown.com/images/pokemonshowdownbeta@2x.png 2x" alt="Pok&eacute;mon Showdown" width="146" height="44" /> Home</a></li>
			<li><a class="button" href="//pokemonshowdown.com/dex/">Pok&eacute;dex</a></li>
			<li><a class="button cur" href="/">Replays</a></li>
			<li><a class="button" href="//pokemonshowdown.com/ladder/">Ladder</a></li>
			<li><a class="button nav-last" href="//pokemonshowdown.com/forums/">Forum</a></li>
			<li><a class="button greenbutton nav-first nav-last" href="//play.pokemonshowdown.com/">Play</a></li>
		</ul></div>
	</header>

	<div class="main" id="main">

		<noscript><section class="section">You need to enable JavaScript to use this page; sorry!</section></noscript>

	</div>

</div>

<script defer nomodule src="//play.pokemonshowdown.com/js/lib/ps-polyfill.js"></script>
<script defer src="//play.pokemonshowdown.com/js/lib/preact.min.js"></script>

<script defer src="//play.pokemonshowdown.com/config/config.js?6dec07f6"></script>
<script defer src="//play.pokemonshowdown.com/js/lib/jquery-1.11.0.min.js"></script>
<script defer src="//play.pokemonshowdown.com/js/lib/html-sanitizer-minified.js"></script>
<script defer src="//play.pokemonshowdown.com/js/battle-sound.js"></script>
<script defer src="//play.pokemonshowdown.com/js/battledata.js?0.6315294753075389"></script>
<script defer src="//play.pokemonshowdown.com/data/pokedex-mini.js?0.7603743185311358"></script>
<script defer src="//play.pokemonshowdown.com/data/pokedex-mini-bw.js?0.030888842834281283"></script>
<script defer src="//play.pokemonshowdown.com/data/graphics.js?0.05593094747507488"></script>
<script defer src="//play.pokemonshowdown.com/data/pokedex.js?0.47064822249611904"></script>
<script defer src="//play.pokemonshowdown.com/data/moves.js?0.8583693120512459"></script>
<script defer src="//play.pokemonshowdown.com/data/abilities.js?0.16017181182386842"></script>
<script defer src="//play.pokemonshowdown.com/data/items.js?0.4163379185673943"></script>
<script defer src="//play.pokemonshowdown.com/data/teambuilder-tables.js?0.31075597372830477"></script>
<script defer src="//play.pokemonshowdown.com/js/battle-tooltips.js?0.6536193500708172"></script>
<script defer src="//play.pokemonshowdown.com/js/battle.js?0.1916591943277901"></script>

<script defer src="js/utils.js?e31f9a17"></script>
<script defer src="js/replays-battle.js?7008c182"></script>

<!-- don't scrape this data! just add .json or .log after the URL!
Full API docs: https://github.com/smogon/pokemon-showdown-client/blob/master/WEB-API.md -->
<script type="text/plain" class="log" id="replaylog-smogtours-gen3ou-798999">
|inactive|Battle timer is ON: inactive players will automatically lose when time's up.
|t:|1729022926
|gametype|singles
|player|p1|stuckkkk|swimmer|
|player|p2|hiyahahahaha|101|
|teamsize|p1|6
|teamsize|p2|6
|gen|3
|tier|[Gen 3] OU
|rule|Sleep Clause Mod: Limit one foe put to sleep
|rule|Switch Priority Clause Mod: Faster Pokémon switch first
|rule|Species Clause: Limit one of each Pokémon
|rule|OHKO Clause: OHKO moves are banned
|rule|Evasion Items Clause: Evasion items are banned
|rule|Evasion Moves Clause: Evasion moves are banned
|rule|Endless Battle Clause: Forcing endless battles is banned
|rule|HP Percentage Mod: HP is shown in percentages
|rule|One Boost Passer Clause: Limit one Baton Passer that has a way to boost its stats
|rule|Freeze Clause Mod: Limit one foe frozen
|
|t:|1729022926
|start
|switch|p1a: Wants Wind to Blow|Skarmory, M|100/100
|switch|p2a: Tyranitar|Tyranitar, M|100/100
|-weather|Sandstorm|[from] ability: Sand Stream|[of] p2a: Tyranitar
|turn|1
|c|☆stuckkkk|whats good
|c|☆stuckkkk|gl, have fun
|
|t:|1729022944
|switch|p2a: Forretress|Forretress, M|100/100
|move|p1a: Wants Wind to Blow|Spikes|p2a: Forretress
|-sidestart|p2: hiyahahahaha|Spikes
|
|-weather|Sandstorm|[upkeep]
|upkeep
|turn|2
|
|t:|1729022951
|move|p1a: Wants Wind to Blow|Spikes|p2a: Forretress
|-sidestart|p2: hiyahahahaha|Spikes
|move|p2a: Forretress|Spikes|p1a: Wants Wind to Blow
|-sidestart|p1: stuckkkk|Spikes
|
|-weather|Sandstorm|[upkeep]
|upkeep
|turn|3
|
|t:|1729022957
|move|p1a: Wants Wind to Blow|Spikes|p2a: Forretress
|-sidestart|p2: hiyahahahaha|Spikes
|move|p2a: Forretress|Rapid Spin|p1a: Wants Wind to Blow
|-resisted|p1a: Wants Wind to Blow
|-damage|p1a: Wants Wind to Blow|99/100
|-sideend|p2: hiyahahahaha|Spikes|[from] move: Rapid Spin|[of] p2a: Forretress
|
|-weather|Sandstorm|[upkeep]
|-heal|p1a: Wants Wind to Blow|100/100|[from] item: Leftovers
|upkeep
|turn|4
|
|t:|1729022973
|move|p1a: Wants Wind to Blow|Spikes|p2a: Forretress
|-sidestart|p2: hiyahahahaha|Spikes
|move|p2a: Forretress|Spikes|p1a: Wants Wind to Blow
|-sidestart|p1: stuckkkk|Spikes
|
|-weather|Sandstorm|[upkeep]
|upkeep
|turn|5
|
|t:|1729022987
|switch|p1a: Samurai Sword|Tyranitar, F|100/100
|-damage|p1a: Samurai Sword|84/100|[from] Spikes
|move|p2a: Forretress|Zap Cannon|p1a: Samurai Sword|[miss]
|-miss|p2a: Forretress|p1a: Samurai Sword
|
|-weather|Sandstorm|[upkeep]
|-heal|p1a: Samurai Sword|90/100|[from] item: Leftovers
|upkeep
|turn|6
|inactive|stuckkkk has 270 seconds left.
|
|t:|1729023018
|switch|p2a: Swampert|Swampert, F|100/100
|-damage|p2a: Swampert|88/100|[from] Spikes
|move|p1a: Samurai Sword|Fire Blast|p2a: Swampert
|-resisted|p2a: Swampert
|-damage|p2a: Swampert|74/100
|
|-weather|Sandstorm|[upkeep]
|-heal|p1a: Samurai Sword|97/100|[from] item: Leftovers
|-heal|p2a: Swampert|80/100|[from] item: Leftovers
|upkeep
|turn|7
|inactive|stuckkkk has 270 seconds left.
|
|t:|1729023037
|switch|p1a: I Felt My Size|Blissey, F|100/100
|-damage|p1a: I Felt My Size|84/100|[from] Spikes
|move|p2a: Swampert|Hydro Pump|p1a: I Felt My Size
|-damage|p1a: I Felt My Size|67/100
|
|-weather|Sandstorm|[upkeep]
|-damage|p1a: I Felt My Size|61/100|[from] Sandstorm
|-heal|p1a: I Felt My Size|67/100|[from] item: Leftovers
|-heal|p2a: Swampert|86/100|[from] item: Leftovers
|upkeep
|turn|8
|inactive|stuckkkk has 270 seconds left.
|
|t:|1729023048
|-singleturn|p2a: Swampert|move: Focus Punch
|move|p1a: I Felt My Size|Soft-Boiled|p1a: I Felt My Size
|-heal|p1a: I Felt My Size|100/100
|move|p2a: Swampert|Focus Punch|p1a: I Felt My Size
|-supereffective|p1a: I Felt My Size
|-damage|p1a: I Felt My Size|27/100
|
|-weather|Sandstorm|[upkeep]
|-damage|p1a: I Felt My Size|21/100|[from] Sandstorm
|-heal|p1a: I Felt My Size|27/100|[from] item: Leftovers
|-heal|p2a: Swampert|92/100|[from] item: Leftovers
|upkeep
|turn|9
|inactive|stuckkkk has 270 seconds left.
|
|t:|1729023070
|switch|p1a: Wants Wind to Blow|Skarmory, M|100/100
|move|p2a: Swampert|Earthquake|p1a: Wants Wind to Blow
|-immune|p1a: Wants Wind to Blow
|
|-weather|Sandstorm|[upkeep]
|-heal|p2a: Swampert|98/100|[from] item: Leftovers
|upkeep
|turn|10
|
|t:|1729023082
|switch|p2a: Forretress|Forretress, M|100/100
|-damage|p2a: Forretress|88/100|[from] Spikes
|move|p1a: Wants Wind to Blow|Toxic|p2a: Forretress
|-immune|p2a: Forretress
|
|-weather|Sandstorm|[upkeep]
|-heal|p2a: Forretress|94/100|[from] item: Leftovers
|upkeep
|turn|11
|
|t:|1729023089
|move|p2a: Forretress|Spikes|p1a: Wants Wind to Blow
|-sidestart|p1: stuckkkk|Spikes
|move|p1a: Wants Wind to Blow|Roar|p2a: Forretress
|drag|p2a: Aerodactyl|Aerodactyl, M|100/100
|
|-weather|Sandstorm|[upkeep]
|upkeep
|turn|12
|
|t:|1729023097
|switch|p2a: Forretress|Forretress, M|94/100
|-damage|p2a: Forretress|82/100|[from] Spikes
|move|p1a: Wants Wind to Blow|Protect||[still]
|-fail|p1a: Wants Wind to Blow
|
|-weather|Sandstorm|[upkeep]
|-heal|p2a: Forretress|88/100|[from] item: Leftovers
|upkeep
|turn|13
|inactive|stuckkkk has 270 seconds left.
|
|t:|1729023107
|switch|p1a: Headless Horseman|Gengar, F|100/100
|move|p2a: Forretress|Zap Cannon|p1a: Headless Horseman
|-damage|p1a: Headless Horseman|85/100
|-status|p1a: Headless Horseman|par
|
|-weather|Sandstorm|[upkeep]
|-damage|p1a: Headless Horseman|79/100 par|[from] Sandstorm
|-heal|p2a: Forretress|94/100|[from] item: Leftovers
|-heal|p1a: Headless Horseman|85/100 par|[from] item: Leftovers
|upkeep
|turn|14
|inactive|stuckkkk has 270 seconds left.
|
|t:|1729023117
|switch|p2a: Moltres|Moltres|100/100
|move|p1a: Headless Horseman|Will-O-Wisp|p2a: Moltres|[miss]
|-miss|p1a: Headless Horseman|p2a: Moltres
|
|-weather|Sandstorm|[upkeep]
|-damage|p2a: Moltres|94/100|[from] Sandstorm
|-damage|p1a: Headless Horseman|79/100 par|[from] Sandstorm
|-heal|p2a: Moltres|100/100|[from] item: Leftovers
|-heal|p1a: Headless Horseman|85/100 par|[from] item: Leftovers
|upkeep
|turn|15
|inactive|stuckkkk has 270 seconds left.
|
|t:|1729023146
|switch|p1a: The Moon|Flygon, F|100/100
|move|p2a: Moltres|Overheat|p1a: The Moon
|-resisted|p1a: The Moon
|-damage|p1a: The Moon|58/100
|-unboost|p2a: Moltres|spa|2
|
|-weather|Sandstorm|[upkeep]
|-damage|p2a: Moltres|94/100|[from] Sandstorm
|-heal|p2a: Moltres|100/100|[from] item: Leftovers
|-heal|p1a: The Moon|64/100|[from] item: Leftovers
|upkeep
|turn|16
|
|t:|1729023157
|switch|p2a: Forretress|Forretress, M|94/100
|-damage|p2a: Forretress|82/100|[from] Spikes
|move|p1a: The Moon|Toxic|p2a: Forretress
|-immune|p2a: Forretress
|
|-weather|Sandstorm|[upkeep]
|-heal|p1a: The Moon|70/100|[from] item: Leftovers
|-heal|p2a: Forretress|88/100|[from] item: Leftovers
|upkeep
|turn|17
|
|t:|1729023165
|move|p1a: The Moon|Flamethrower|p2a: Forretress
|-supereffective|p2a: Forretress
|-damage|p2a: Forretress|26/100
|move|p2a: Forretress|Rapid Spin|p1a: The Moon
|-damage|p1a: The Moon|66/100
|-sideend|p2: hiyahahahaha|Spikes|[from] move: Rapid Spin|[of] p2a: Forretress
|
|-weather|Sandstorm|[upkeep]
|-heal|p1a: The Moon|72/100|[from] item: Leftovers
|-heal|p2a: Forretress|32/100|[from] item: Leftovers
|upkeep
|turn|18
|
|t:|1729023197
|switch|p2a: Gengar|Gengar, F|100/100
|move|p1a: The Moon|Earthquake|p2a: Gengar
|-immune|p2a: Gengar
|
|-weather|Sandstorm|[upkeep]
|-damage|p2a: Gengar|94/100|[from] Sandstorm
|-heal|p2a: Gengar|100/100|[from] item: Leftovers
|-heal|p1a: The Moon|79/100|[from] item: Leftovers
|upkeep
|turn|19
|
|t:|1729023203
|move|p1a: The Moon|Protect|p1a: The Moon
|-singleturn|p1a: The Moon|Protect
|move|p2a: Gengar|Will-O-Wisp|p1a: The Moon
|-activate|p1a: The Moon|Protect
|
|-weather|Sandstorm|[upkeep]
|-damage|p2a: Gengar|94/100|[from] Sandstorm
|-heal|p2a: Gengar|100/100|[from] item: Leftovers
|-heal|p1a: The Moon|85/100|[from] item: Leftovers
|upkeep
|turn|20
|inactive|stuckkkk has 240 seconds left.
|
|t:|1729023243
|switch|p1a: The Glow|Zapdos|100/100
|move|p2a: Gengar|Ice Punch|p1a: The Glow
|-supereffective|p1a: The Glow
|-damage|p1a: The Glow|68/100
|
|-weather|Sandstorm|[upkeep]
|-damage|p2a: Gengar|94/100|[from] Sandstorm
|-damage|p1a: The Glow|62/100|[from] Sandstorm
|-heal|p2a: Gengar|100/100|[from] item: Leftovers
|-heal|p1a: The Glow|68/100|[from] item: Leftovers
|upkeep
|turn|21
|inactive|stuckkkk has 240 seconds left.
|
|t:|1729023268
|switch|p1a: Headless Horseman|Gengar, F|85/100 par
|move|p2a: Gengar|Ice Punch|p1a: Headless Horseman
|-damage|p1a: Headless Horseman|60/100 par
|
|-weather|Sandstorm|[upkeep]
|-damage|p2a: Gengar|94/100|[from] Sandstorm
|-damage|p1a: Headless Horseman|54/100 par|[from] Sandstorm
|-heal|p2a: Gengar|100/100|[from] item: Leftovers
|-heal|p1a: Headless Horseman|60/100 par|[from] item: Leftovers
|upkeep
|turn|22
|
|t:|1729023282
|move|p2a: Gengar|Thunderbolt|p1a: Headless Horseman
|-damage|p1a: Headless Horseman|27/100 par
|move|p1a: Headless Horseman|Thunderbolt|p2a: Gengar
|-damage|p2a: Gengar|69/100
|
|-weather|Sandstorm|[upkeep]
|-damage|p2a: Gengar|62/100|[from] Sandstorm
|-damage|p1a: Headless Horseman|21/100 par|[from] Sandstorm
|-heal|p2a: Gengar|69/100|[from] item: Leftovers
|-heal|p1a: Headless Horseman|27/100 par|[from] item: Leftovers
|upkeep
|turn|23
|
|t:|1729023304
|switch|p1a: Samurai Sword|Tyranitar, F|97/100
|-damage|p1a: Samurai Sword|72/100|[from] Spikes
|move|p2a: Gengar|Thunderbolt|p1a: Samurai Sword
|-damage|p1a: Samurai Sword|48/100
|-status|p1a: Samurai Sword|par
|
|-weather|Sandstorm|[upkeep]
|-damage|p2a: Gengar|62/100|[from] Sandstorm
|-heal|p2a: Gengar|69/100|[from] item: Leftovers
|-heal|p1a: Samurai Sword|54/100 par|[from] item: Leftovers
|upkeep
|turn|24
|inactive|stuckkkk has 210 seconds left.
|
|t:|1729023320
|move|p2a: Gengar|Thunderbolt|p1a: Samurai Sword
|-damage|p1a: Samurai Sword|29/100 par
|move|p1a: Samurai Sword|Crunch|p2a: Gengar
|-supereffective|p2a: Gengar
|-damage|p2a: Gengar|0 fnt
|faint|p2a: Gengar
|
|t:|1729023326
|switch|p2a: Tyranitar|Tyranitar, M|100/100
|
|-weather|Sandstorm|[upkeep]
|-heal|p1a: Samurai Sword|35/100 par|[from] item: Leftovers
|upkeep
|turn|25
|
|t:|1729023338
|move|p2a: Tyranitar|Hidden Power|p1a: Samurai Sword
|-supereffective|p1a: Samurai Sword
|-damage|p1a: Samurai Sword|0 fnt
|faint|p1a: Samurai Sword
|inactive|stuckkkk has 210 seconds left.
|
|t:|1729023360
|switch|p1a: Wants Wind to Blow|Skarmory, M|100/100
|
|-weather|Sandstorm|[upkeep]
|upkeep
|turn|26
|
|t:|1729023389
|switch|p2a: Forretress|Forretress, M|32/100
|move|p1a: Wants Wind to Blow|Spikes|p2a: Forretress
|-sidestart|p2: hiyahahahaha|Spikes
|
|-weather|Sandstorm|[upkeep]
|-heal|p2a: Forretress|38/100|[from] item: Leftovers
|upkeep
|turn|27
|
|t:|1729023402
|switch|p1a: Headless Horseman|Gengar, F|27/100 par
|move|p2a: Forretress|Zap Cannon|p1a: Headless Horseman
|-damage|p1a: Headless Horseman|11/100 par
|
|-weather|Sandstorm|[upkeep]
|-damage|p1a: Headless Horseman|5/100 par|[from] Sandstorm
|-heal|p2a: Forretress|45/100|[from] item: Leftovers
|-heal|p1a: Headless Horseman|11/100 par|[from] item: Leftovers
|upkeep
|turn|28
|
|t:|1729023419
|move|p2a: Forretress|Zap Cannon|p1a: Headless Horseman
|-damage|p1a: Headless Horseman|0 fnt
|faint|p1a: Headless Horseman
|
|t:|1729023429
|switch|p1a: The Moon|Flygon, F|85/100
|
|-weather|Sandstorm|[upkeep]
|-heal|p1a: The Moon|91/100|[from] item: Leftovers
|-heal|p2a: Forretress|51/100|[from] item: Leftovers
|upkeep
|turn|29
|
|t:|1729023440
|switch|p2a: Swampert|Swampert, F|98/100
|-damage|p2a: Swampert|86/100|[from] Spikes
|move|p1a: The Moon|Toxic|p2a: Swampert
|-status|p2a: Swampert|tox
|
|-weather|Sandstorm|[upkeep]
|-heal|p1a: The Moon|97/100|[from] item: Leftovers
|-heal|p2a: Swampert|92/100 tox|[from] item: Leftovers
|-damage|p2a: Swampert|86/100 tox|[from] psn
|upkeep
|turn|30
|
|t:|1729023447
|move|p1a: The Moon|Protect|p1a: The Moon
|-singleturn|p1a: The Moon|Protect
|move|p2a: Swampert|Ice Beam|p1a: The Moon
|-activate|p1a: The Moon|Protect
|
|-weather|Sandstorm|[upkeep]
|-heal|p1a: The Moon|100/100|[from] item: Leftovers
|-heal|p2a: Swampert|92/100 tox|[from] item: Leftovers
|-damage|p2a: Swampert|80/100 tox|[from] psn
|upkeep
|turn|31
|
|t:|1729023456
|switch|p1a: I Felt My Size|Blissey, F|27/100
|-damage|p1a: I Felt My Size|2/100|[from] Spikes
|move|p2a: Swampert|Hydro Pump|p1a: I Felt My Size
|-damage|p1a: I Felt My Size|0 fnt
|faint|p1a: I Felt My Size
|
|t:|1729023467
|switch|p1a: Wants Wind to Blow|Skarmory, M|100/100
|
|-weather|Sandstorm|[upkeep]
|-heal|p2a: Swampert|86/100 tox|[from] item: Leftovers
|-damage|p2a: Swampert|67/100 tox|[from] psn
|upkeep
|turn|32
|
|t:|1729023475
|switch|p2a: Forretress|Forretress, M|51/100
|-damage|p2a: Forretress|38/100|[from] Spikes
|move|p1a: Wants Wind to Blow|Protect||[still]
|-fail|p1a: Wants Wind to Blow
|
|-weather|Sandstorm|[upkeep]
|-heal|p2a: Forretress|45/100|[from] item: Leftovers
|upkeep
|turn|33
|inactive|stuckkkk has 180 seconds left.
|
|t:|1729023501
|move|p1a: Wants Wind to Blow|Protect|p1a: Wants Wind to Blow
|-singleturn|p1a: Wants Wind to Blow|Protect
|move|p2a: Forretress|Rapid Spin|p1a: Wants Wind to Blow
|-activate|p1a: Wants Wind to Blow|Protect
|
|-weather|Sandstorm|[upkeep]
|-heal|p2a: Forretress|51/100|[from] item: Leftovers
|upkeep
|turn|34
|
|t:|1729023507
|switch|p1a: The Moon|Flygon, F|100/100
|move|p2a: Forretress|Rapid Spin|p1a: The Moon
|-damage|p1a: The Moon|97/100
|-sideend|p2: hiyahahahaha|Spikes|[from] move: Rapid Spin|[of] p2a: Forretress
|
|-weather|Sandstorm|[upkeep]
|-heal|p1a: The Moon|100/100|[from] item: Leftovers
|-heal|p2a: Forretress|57/100|[from] item: Leftovers
|upkeep
|turn|35
|inactive|stuckkkk has 180 seconds left.
|
|t:|1729023527
|switch|p2a: Moltres|Moltres|100/100
|move|p1a: The Moon|Flamethrower|p2a: Moltres
|-resisted|p2a: Moltres
|-damage|p2a: Moltres|91/100
|
|-weather|Sandstorm|[upkeep]
|-damage|p2a: Moltres|85/100|[from] Sandstorm
|-heal|p2a: Moltres|91/100|[from] item: Leftovers
|upkeep
|turn|36
|inactive|stuckkkk has 180 seconds left.
|
|t:|1729023538
|move|p1a: The Moon|Protect|p1a: The Moon
|-singleturn|p1a: The Moon|Protect
|move|p2a: Moltres|Flamethrower|p1a: The Moon
|-activate|p1a: The Moon|Protect
|
|-weather|Sandstorm|[upkeep]
|-damage|p2a: Moltres|85/100|[from] Sandstorm
|-heal|p2a: Moltres|91/100|[from] item: Leftovers
|upkeep
|turn|37
|
|t:|1729023542
|move|p2a: Moltres|Flamethrower|p1a: The Moon
|-resisted|p1a: The Moon
|-damage|p1a: The Moon|72/100
|move|p1a: The Moon|Toxic|p2a: Moltres
|-status|p2a: Moltres|tox
|
|-weather|Sandstorm|[upkeep]
|-damage|p2a: Moltres|85/100 tox|[from] Sandstorm
|-heal|p2a: Moltres|91/100 tox|[from] item: Leftovers
|-damage|p2a: Moltres|85/100 tox|[from] psn
|-heal|p1a: The Moon|79/100|[from] item: Leftovers
|upkeep
|turn|38
|
|t:|1729023547
|move|p1a: The Moon|Protect|p1a: The Moon
|-singleturn|p1a: The Moon|Protect
|move|p2a: Moltres|Flamethrower|p1a: The Moon
|-activate|p1a: The Moon|Protect
|
|-weather|Sandstorm|[upkeep]
|-damage|p2a: Moltres|79/100 tox|[from] Sandstorm
|-heal|p2a: Moltres|85/100 tox|[from] item: Leftovers
|-damage|p2a: Moltres|73/100 tox|[from] psn
|-heal|p1a: The Moon|85/100|[from] item: Leftovers
|upkeep
|turn|39
|
|t:|1729023564
|move|p2a: Moltres|Overheat|p1a: The Moon
|-resisted|p1a: The Moon
|-damage|p1a: The Moon|39/100
|-unboost|p2a: Moltres|spa|2
|move|p1a: The Moon|Flamethrower|p2a: Moltres
|-resisted|p2a: Moltres
|-damage|p2a: Moltres|63/100 tox
|
|-weather|Sandstorm|[upkeep]
|-damage|p2a: Moltres|57/100 tox|[from] Sandstorm
|-heal|p2a: Moltres|63/100 tox|[from] item: Leftovers
|-damage|p2a: Moltres|45/100 tox|[from] psn
|-heal|p1a: The Moon|45/100|[from] item: Leftovers
|upkeep
|turn|40
|
|t:|1729023568
|switch|p2a: Forretress|Forretress, M|57/100
|move|p1a: The Moon|Protect||[still]
|-fail|p1a: The Moon
|
|-weather|Sandstorm|[upkeep]
|-heal|p1a: The Moon|51/100|[from] item: Leftovers
|-heal|p2a: Forretress|63/100|[from] item: Leftovers
|upkeep
|turn|41
|
|t:|1729023581
|switch|p2a: Aerodactyl|Aerodactyl, M|100/100
|move|p1a: The Moon|Flamethrower|p2a: Aerodactyl
|-resisted|p2a: Aerodactyl
|-damage|p2a: Aerodactyl|89/100
|
|-weather|Sandstorm|[upkeep]
|-heal|p1a: The Moon|57/100|[from] item: Leftovers
|upkeep
|turn|42
|
|t:|1729023584
|move|p1a: The Moon|Protect|p1a: The Moon
|-singleturn|p1a: The Moon|Protect
|move|p2a: Aerodactyl|Double-Edge|p1a: The Moon
|-activate|p1a: The Moon|Protect
|
|-weather|Sandstorm|[upkeep]
|-heal|p1a: The Moon|63/100|[from] item: Leftovers
|upkeep
|turn|43
|inactive|stuckkkk has 210 seconds left.
|
|t:|1729023596
|switch|p2a: Moltres|Moltres|45/100 tox
|switch|p1a: Wants Wind to Blow|Skarmory, M|100/100
|
|-weather|Sandstorm|[upkeep]
|-damage|p2a: Moltres|39/100 tox|[from] Sandstorm
|-heal|p2a: Moltres|45/100 tox|[from] item: Leftovers
|-damage|p2a: Moltres|39/100 tox|[from] psn
|upkeep
|turn|44
|
|t:|1729023600
|move|p1a: Wants Wind to Blow|Protect|p1a: Wants Wind to Blow
|-singleturn|p1a: Wants Wind to Blow|Protect
|move|p2a: Moltres|Flamethrower|p1a: Wants Wind to Blow
|-activate|p1a: Wants Wind to Blow|Protect
|
|-weather|Sandstorm|[upkeep]
|-damage|p2a: Moltres|33/100 tox|[from] Sandstorm
|-heal|p2a: Moltres|39/100 tox|[from] item: Leftovers
|-damage|p2a: Moltres|27/100 tox|[from] psn
|upkeep
|turn|45
|
|t:|1729023607
|switch|p1a: The Moon|Flygon, F|63/100
|move|p2a: Moltres|Overheat|p1a: The Moon
|-resisted|p1a: The Moon
|-damage|p1a: The Moon|20/100
|-unboost|p2a: Moltres|spa|2
|
|-weather|Sandstorm|[upkeep]
|-damage|p2a: Moltres|21/100 tox|[from] Sandstorm
|-heal|p2a: Moltres|27/100 tox|[from] item: Leftovers
|-damage|p2a: Moltres|9/100 tox|[from] psn
|-heal|p1a: The Moon|26/100|[from] item: Leftovers
|upkeep
|turn|46
|
|t:|1729023621
|move|p1a: The Moon|Protect|p1a: The Moon
|-singleturn|p1a: The Moon|Protect
|move|p2a: Moltres|Roar|p1a: The Moon
|-activate|p1a: The Moon|Protect
|
|-weather|Sandstorm|[upkeep]
|-damage|p2a: Moltres|3/100 tox|[from] Sandstorm
|-heal|p2a: Moltres|9/100 tox|[from] item: Leftovers
|-damage|p2a: Moltres|0 fnt|[from] psn
|faint|p2a: Moltres
|-heal|p1a: The Moon|32/100|[from] item: Leftovers
|upkeep
|
|t:|1729023625
|switch|p2a: Tyranitar|Tyranitar, M|100/100
|turn|47
|
|t:|1729023650
|move|p1a: The Moon|Earthquake|p2a: Tyranitar
|-supereffective|p2a: Tyranitar
|-damage|p2a: Tyranitar|44/100
|move|p2a: Tyranitar|Rock Slide|p1a: The Moon|[miss]
|-miss|p2a: Tyranitar|p1a: The Moon
|
|-weather|Sandstorm|[upkeep]
|-heal|p1a: The Moon|38/100|[from] item: Leftovers
|upkeep
|turn|48
|inactive|stuckkkk has 210 seconds left.
|
|t:|1729023673
|switch|p2a: Aerodactyl|Aerodactyl, M|89/100
|move|p1a: The Moon|Earthquake|p2a: Aerodactyl
|-immune|p2a: Aerodactyl
|
|-weather|Sandstorm|[upkeep]
|-heal|p1a: The Moon|44/100|[from] item: Leftovers
|upkeep
|turn|49
|
|t:|1729023677
|move|p1a: The Moon|Protect|p1a: The Moon
|-singleturn|p1a: The Moon|Protect
|move|p2a: Aerodactyl|Rock Slide|p1a: The Moon
|-activate|p1a: The Moon|Protect
|
|-weather|Sandstorm|[upkeep]
|-heal|p1a: The Moon|50/100|[from] item: Leftovers
|upkeep
|turn|50
|
|t:|1729023685
|move|p2a: Aerodactyl|Rock Slide|p1a: The Moon
|-resisted|p1a: The Moon
|-damage|p1a: The Moon|28/100
|move|p1a: The Moon|Toxic|p2a: Aerodactyl
|-status|p2a: Aerodactyl|tox
|
|-weather|Sandstorm|[upkeep]
|-damage|p2a: Aerodactyl|83/100 tox|[from] psn
|-heal|p1a: The Moon|34/100|[from] item: Leftovers
|upkeep
|turn|51
|
|t:|1729023694
|move|p1a: The Moon|Protect|p1a: The Moon
|-singleturn|p1a: The Moon|Protect
|move|p2a: Aerodactyl|Rock Slide|p1a: The Moon
|-activate|p1a: The Moon|Protect
|
|-weather|Sandstorm|[upkeep]
|-damage|p2a: Aerodactyl|71/100 tox|[from] psn
|-heal|p1a: The Moon|40/100|[from] item: Leftovers
|upkeep
|turn|52
|
|t:|1729023709
|move|p1a: The Moon|Protect||[still]
|-fail|p1a: The Moon
|move|p2a: Aerodactyl|Rock Slide|p1a: The Moon
|-resisted|p1a: The Moon
|-damage|p1a: The Moon|16/100
|
|-weather|Sandstorm|[upkeep]
|-damage|p2a: Aerodactyl|53/100 tox|[from] psn
|-heal|p1a: The Moon|22/100|[from] item: Leftovers
|upkeep
|turn|53
|
|t:|1729023721
|move|p1a: The Moon|Protect|p1a: The Moon
|-singleturn|p1a: The Moon|Protect
|move|p2a: Aerodactyl|Rock Slide|p1a: The Moon
|-activate|p1a: The Moon|Protect
|
|-weather|Sandstorm|[upkeep]
|-damage|p2a: Aerodactyl|29/100 tox|[from] psn
|-heal|p1a: The Moon|28/100|[from] item: Leftovers
|upkeep
|turn|54
|
|t:|1729023729
|move|p1a: The Moon|Protect|p1a: The Moon
|-singleturn|p1a: The Moon|Protect
|move|p2a: Aerodactyl|Rock Slide|p1a: The Moon
|-activate|p1a: The Moon|Protect
|
|-weather|Sandstorm|[upkeep]
|-damage|p2a: Aerodactyl|0 fnt|[from] psn
|faint|p2a: Aerodactyl
|-heal|p1a: The Moon|34/100|[from] item: Leftovers
|upkeep
|
|t:|1729023732
|switch|p2a: Swampert|Swampert, F|67/100 tox
|turn|55
|
|t:|1729023742
|switch|p1a: Wants Wind to Blow|Skarmory, M|100/100
|switch|p2a: Tyranitar|Tyranitar, M|44/100
|
|-weather|Sandstorm|[upkeep]
|upkeep
|turn|56
|
|t:|1729023755
|move|p2a: Tyranitar|Rock Slide|p1a: Wants Wind to Blow
|-damage|p1a: Wants Wind to Blow|48/100
|cant|p1a: Wants Wind to Blow|flinch
|
|-weather|Sandstorm|[upkeep]
|-heal|p1a: Wants Wind to Blow|54/100|[from] item: Leftovers
|upkeep
|turn|57
|
|t:|1729023760
|move|p1a: Wants Wind to Blow|Protect|p1a: Wants Wind to Blow
|-singleturn|p1a: Wants Wind to Blow|Protect
|move|p2a: Tyranitar|Rock Slide|p1a: Wants Wind to Blow
|-activate|p1a: Wants Wind to Blow|Protect
|
|-weather|Sandstorm|[upkeep]
|-heal|p1a: Wants Wind to Blow|60/100|[from] item: Leftovers
|upkeep
|turn|58
|inactive|stuckkkk has 240 seconds left.
|
|t:|1729023785
|switch|p1a: The Moon|Flygon, F|34/100
|move|p2a: Tyranitar|Rock Slide|p1a: The Moon
|-resisted|p1a: The Moon
|-damage|p1a: The Moon|9/100
|
|-weather|Sandstorm|[upkeep]
|-heal|p1a: The Moon|15/100|[from] item: Leftovers
|upkeep
|turn|59
|inactive|stuckkkk has 240 seconds left.
|
|t:|1729023797
|move|p1a: The Moon|Earthquake|p2a: Tyranitar
|-supereffective|p2a: Tyranitar
|-damage|p2a: Tyranitar|0 fnt
|faint|p2a: Tyranitar
|
|t:|1729023800
|switch|p2a: Swampert|Swampert, F|67/100 tox
|
|-weather|Sandstorm|[upkeep]
|-heal|p1a: The Moon|21/100|[from] item: Leftovers
|-heal|p2a: Swampert|74/100 tox|[from] item: Leftovers
|-damage|p2a: Swampert|67/100 tox|[from] psn
|upkeep
|turn|60
|-message|hiyahahahaha forfeited.
|
|win|stuckkkk
|player|p2|
|c|☆stuckkkk|gg
|c|☆stuckkkk|ready for g2 or need a sec?

</script>
<script type="application/json" class="data" id="replaydata-smogtours-gen3ou-798999">
{"id":"smogtours-gen3ou-798999","format":"[Gen 3] OU","players":["stuckkkk","hiyahahahaha"],"uploadtime":1729023805,"views":82,"formatid":"gen3ou","rating":null,"private":0,"password":null}
</script>

<script defer src="js/replays.js?9d40a366"></script>
