<!DOCTYPE html>
<meta charset="utf-8" />
<meta name="viewport" content="width=device-width" />

<title>[Gen 3] OU: CostcoCustomer vs. rezzo64 - Replays - Pok&eacute;mon Showdown!</title>

<meta name="description" content="Watch a replay of a Pok&eacute;mon battle between CostcoCustomer and rezzo64! Format: [Gen 3] OU; Date: Oct 18, 2024" />
<!--

Hey, you! Looking in the source for the replay log?

You can find them in JSON format, just add `.json` at the end of a replay URL.

https://replay.pokemonshowdown.com/gen7randomdoublesbattle-865046831.json

Or, if you only need the log itself, add `.log` instead:

https://replay.pokemonshowdown.com/gen7randomdoublesbattle-865046831.log

-->

<link rel="stylesheet" href="//pokemonshowdown.com/style/global.css?0.023195364461161105" />
<link rel="stylesheet" href="//play.pokemonshowdown.com/style/font-awesome.css?0.13261647063804238" />
<link rel="stylesheet" href="//play.pokemonshowdown.com/style/battle.css?0.8753245789963631" />
<link rel="stylesheet" href="//play.pokemonshowdown.com/style/utilichart.css?0.8627959624976733" />

<!-- Global site tag (gtag.js) - Google Analytics -->
<script async src="https://www.googletagmanager.com/gtag/js?id=UA-26211653-1"></script>
<script>
  window.dataLayer = window.dataLayer || [];
  function gtag(){dataLayer.push(arguments);}
  gtag('js', new Date());

  gtag('config', 'UA-26211653-1');
</script>
<!-- End Google Analytics -->
<!-- Venatus Ad Manager - Install in <HEAD> of page -->
	<script src="https://hb.vntsm.com/v3/live/ad-manager.min.js" type="text/javascript" data-site-id="642aba63ec9a7b11c3c9c1be" data-mode="scan" async></script>
<!-- / Venatus Ad Manager -->

<style>
	@media (max-width:820px) {
		.battle {
			margin: 0 auto;
		}
		.battle-log {
			margin: 7px auto 0;
			max-width: 640px;
			height: 300px;
			position: static;
		}
	}
	.optgroup {
		display: inline-block;
		line-height: 22px;
		font-size: 10pt;
	}
	.optgroup .button {
		height: 25px;
		padding-top: 0;
		padding-bottom: 0;
	}
	.optgroup button.button {
		padding-left: 12px;
		padding-right: 12px;
	}
	.linklist {
		list-style: none;
		margin: 0.5em 0;
		padding: 0;
	}
	.linklist li {
		padding: 2px 0;
	}
	.sidebar {
		float: left;
		width: 320px;
	}
	.bar-wrapper {
		max-width: 1100px;
		margin: 0 auto;
	}
	.bar-wrapper.has-sidebar {
		max-width: 1430px;
	}
	.mainbar {
		margin: 0;
		padding-right: 1px;
	}
	.mainbar.has-sidebar {
		margin-left: 330px;
	}
	@media (min-width: 1511px) {
		.sidebar {
			width: 400px;
		}
		.bar-wrapper.has-sidebar {
			max-width: 1510px;
		}
		.mainbar.has-sidebar {
			margin-left: 410px;
		}
	}
	.section.first-section {
		margin-top: 9px;
	}
	.blocklink small {
		white-space: normal;
	}
	.button {
		vertical-align: middle;
	}
	.replay-controls {
		padding-top: 10px;
	}
	.replay-controls h1 {
		font-size: 16pt;
		font-weight: normal;
		color: #CCC;
	}
	.pagelink {
		text-align: center;
	}
	.pagelink a {
		width: 150px;
	}
	.textbox, .button {
		font-size: 11pt;
		vertical-align: middle;
	}
	@media (max-width: 450px) {
		.button {
			font-size: 9pt;
		}
	}
</style>

<div>

	<header>
		<div class="nav-wrapper"><ul class="nav">
			<li><a class="button nav-first" href="//pokemonshowdown.com/"><img src="//pokemonshowdown.com/images/pokemonshowdownbeta.png" srcset="//pokemonshowdown.com/images/pokemonshowdownbeta.png 1x, //pokemonshowdown.com/images/pokemonshowdownbeta@2x.png 2x" alt="Pok&eacute;mon Showdown" width="146" height="44" /> Home</a></li>
			<li><a class="button" href="//pokemonshowdown.com/dex/">Pok&eacute;dex</a></li>
			<li><a class="button cur" href="/">Replays</a></li>
			<li><a class="button" href="//pokemonshowdown.com/ladder/">Ladder</a></li>
			<li><a class="button nav-last" href="//pokemonshowdown.com/forums/">Forum</a></li>
			<li><a class="button greenbutton nav-first nav-last" href="//play.pokemonshowdown.com/">Play</a></li>
		</ul></div>
	</header>

	<div class="main" id="main">

		<noscript><section class="section">You need to enable JavaScript to use this page; sorry!</section></noscript>

	</div>

</div>

<script defer nomodule src="//play.pokemonshowdown.com/js/lib/ps-polyfill.js"></script>
<script defer src="//play.pokemonshowdown.com/js/lib/preact.min.js"></script>

<script defer src="//play.pokemonshowdown.com/config/config.js?2bddbc15"></script>
<script defer src="//play.pokemonshowdown.com/js/lib/jquery-1.11.0.min.js"></script>
<script defer src="//play.pokemonshowdown.com/js/lib/html-sanitizer-minified.js"></script>
<script defer src="//play.pokemonshowdown.com/js/battle-sound.js"></script>
<script defer src="//play.pokemonshowdown.com/js/battledata.js?0.7209276989879541"></script>
<script defer src="//play.pokemonshowdown.com/data/pokedex-mini.js?0.6111056340867951"></script>
<script defer src="//play.pokemonshowdown.com/data/pokedex-mini-bw.js?0.3532142036491459"></script>
<script defer src="//play.pokemonshowdown.com/data/graphics.js?0.24223875632456182"></script>
<script defer src="//play.pokemonshowdown.com/data/pokedex.js?0.38839984266356864"></script>
<script defer src="//play.pokemonshowdown.com/data/moves.js?0.21866028504024015"></script>
<script defer src="//play.pokemonshowdown.com/data/abilities.js?0.2005157953846628"></script>
<script defer src="//play.pokemonshowdown.com/data/items.js?0.9894211263848525"></script>
<script defer src="//play.pokemonshowdown.com/data/teambuilder-tables.js?0.6008791140282215"></script>
<script defer src="//play.pokemonshowdown.com/js/battle-tooltips.js?0.7580118955022959"></script>
<script defer src="//play.pokemonshowdown.com/js/battle.js?0.6057722274234274"></script>

<script defer src="js/utils.js?e31f9a17"></script>
<script defer src="js/replays-battle.js?7008c182"></script>

<!-- don't scrape this data! just add .json or .log after the URL!
Full API docs: https://github.com/smogon/pokemon-showdown-client/blob/master/WEB-API.md -->
<script type="text/plain" class="log" id="replaylog-smogtours-gen3ou-799495">
|inactive|Battle timer is ON: inactive players will automatically lose when time's up.
|t:|1729257790
|gametype|singles
|player|p1|CostcoCustomer|mina|
|player|p2|rezzo64|worker|
|teamsize|p1|6
|teamsize|p2|6
|gen|3
|tier|[Gen 3] OU
|rule|Sleep Clause Mod: Limit one foe put to sleep
|rule|Switch Priority Clause Mod: Faster Pokémon switch first
|rule|Species Clause: Limit one of each Pokémon
|rule|OHKO Clause: OHKO moves are banned
|rule|Evasion Items Clause: Evasion items are banned
|rule|Evasion Moves Clause: Evasion moves are banned
|rule|Endless Battle Clause: Forcing endless battles is banned
|rule|HP Percentage Mod: HP is shown in percentages
|rule|One Boost Passer Clause: Limit one Baton Passer that has a way to boost its stats
|rule|Freeze Clause Mod: Limit one foe frozen
|
|t:|1729257790
|start
|switch|p1a: Metagros|Metagross|100/100
|switch|p2a: Metagross|Metagross|100/100
|turn|1
|
|t:|1729257811
|switch|p2a: Swampert|Swampert, F|100/100
|move|p1a: Metagros|Earthquake|p2a: Swampert
|-damage|p2a: Swampert|60/100
|
|-heal|p2a: Swampert|66/100|[from] item: Leftovers
|upkeep
|turn|2
|
|t:|1729257824
|switch|p1a: Gegar|Gengar, F, shiny|100/100
|switch|p2a: 西瓜|Forretress, M, shiny|100/100
|
|upkeep
|turn|3
|
|t:|1729257850
|switch|p2a: 小呆|Snorlax, M, shiny|100/100
|move|p1a: Gegar|Thunderbolt|p2a: 小呆
|-damage|p2a: 小呆|80/100
|
|-heal|p2a: 小呆|86/100|[from] item: Leftovers
|upkeep
|turn|4
|
|t:|1729257862
|switch|p1a: Metagros|Metagross|100/100
|move|p2a: 小呆|Shadow Ball|p1a: Metagros
|-damage|p1a: Metagros|79/100
|
|-heal|p2a: 小呆|92/100|[from] item: Leftovers
|upkeep
|turn|5
|
|t:|1729257870
|switch|p2a: 西瓜|Forretress, M, shiny|100/100
|move|p1a: Metagros|Meteor Mash|p2a: 西瓜
|-resisted|p2a: 西瓜
|-damage|p2a: 西瓜|68/100
|
|-heal|p2a: 西瓜|75/100|[from] item: Leftovers
|upkeep
|turn|6
|inactive|rezzo64 has 270 seconds left.
|c|☆CostcoCustomer|xi gua lol
|inactive|rezzo64 has 240 seconds left.
|c|☆rezzo64|watermelon
|
|t:|1729257927
|move|p1a: Metagros|Meteor Mash|p2a: 西瓜
|-resisted|p2a: 西瓜
|-damage|p2a: 西瓜|41/100
|move|p2a: 西瓜|Spikes|p1a: Metagros
|-sidestart|p1: CostcoCustomer|Spikes
|
|-heal|p2a: 西瓜|47/100|[from] item: Leftovers
|upkeep
|turn|7
|inactive|rezzo64 has 240 seconds left.
|
|t:|1729257940
|switch|p2a: Swampert|Swampert, F|66/100
|move|p1a: Metagros|Meteor Mash|p2a: Swampert|[miss]
|-miss|p1a: Metagros|p2a: Swampert
|
|-heal|p2a: Swampert|72/100|[from] item: Leftovers
|upkeep
|turn|8
|inactive|rezzo64 has 240 seconds left.
|
|t:|1729257950
|switch|p1a: Gegar|Gengar, F, shiny|100/100
|move|p2a: Swampert|Surf|p1a: Gegar
|-damage|p1a: Gegar|57/100
|
|-heal|p1a: Gegar|63/100|[from] item: Leftovers
|-heal|p2a: Swampert|79/100|[from] item: Leftovers
|upkeep
|turn|9
|
|t:|1729257955
|switch|p1a: Cladol|Claydol|100/100
|move|p2a: Swampert|Surf|p1a: Cladol
|-supereffective|p1a: Cladol
|-crit|p1a: Cladol
|-damage|p1a: Cladol|0 fnt
|faint|p1a: Cladol
|
|t:|1729257960
|switch|p1a: Gegar|Gengar, F, shiny|63/100
|
|-heal|p1a: Gegar|69/100|[from] item: Leftovers
|-heal|p2a: Swampert|85/100|[from] item: Leftovers
|upkeep
|turn|10
|
|t:|1729257972
|move|p2a: Swampert|Protect|p2a: Swampert
|-singleturn|p2a: Swampert|Protect
|move|p1a: Gegar|Giga Drain|p2a: Swampert
|-activate|p2a: Swampert|Protect
|
|-heal|p1a: Gegar|75/100|[from] item: Leftovers
|-heal|p2a: Swampert|91/100|[from] item: Leftovers
|upkeep
|turn|11
|
|t:|1729257983
|switch|p2a: 小呆|Snorlax, M, shiny|92/100
|move|p1a: Gegar|Giga Drain|p2a: 小呆
|-damage|p2a: 小呆|79/100
|-heal|p1a: Gegar|86/100|[from] drain|[of] p2a: 小呆
|
|-heal|p1a: Gegar|92/100|[from] item: Leftovers
|-heal|p2a: 小呆|86/100|[from] item: Leftovers
|upkeep
|turn|12
|
|t:|1729257990
|switch|p1a: Arodactyl|Aerodactyl, M, shiny|100/100
|move|p2a: 小呆|Earthquake|p1a: Arodactyl
|-immune|p1a: Arodactyl
|
|-heal|p2a: 小呆|92/100|[from] item: Leftovers
|upkeep
|turn|13
|
|t:|1729258005
|switch|p2a: Swampert|Swampert, F|91/100
|move|p1a: Arodactyl|Earthquake|p2a: Swampert
|-damage|p2a: Swampert|61/100
|
|-heal|p2a: Swampert|67/100|[from] item: Leftovers
|upkeep
|turn|14
|
|t:|1729258031
|switch|p1a: Gegar|Gengar, F, shiny|92/100
|move|p2a: Swampert|Surf|p1a: Gegar
|-damage|p1a: Gegar|49/100
|
|-heal|p1a: Gegar|55/100|[from] item: Leftovers
|-heal|p2a: Swampert|73/100|[from] item: Leftovers
|upkeep
|turn|15
|
|t:|1729258044
|switch|p2a: 小呆|Snorlax, M, shiny|92/100
|move|p1a: Gegar|Giga Drain|p2a: 小呆
|-damage|p2a: 小呆|78/100
|-heal|p1a: Gegar|66/100|[from] drain|[of] p2a: 小呆
|
|-heal|p1a: Gegar|72/100|[from] item: Leftovers
|-heal|p2a: 小呆|84/100|[from] item: Leftovers
|upkeep
|turn|16
|
|t:|1729258053
|switch|p1a: Tyrantar|Tyranitar, F, shiny|100/100
|-damage|p1a: Tyrantar|88/100|[from] Spikes
|-weather|Sandstorm|[from] ability: Sand Stream|[of] p1a: Tyrantar
|move|p2a: 小呆|Body Slam|p1a: Tyrantar
|-resisted|p1a: Tyrantar
|-damage|p1a: Tyrantar|73/100
|
|-weather|Sandstorm|[upkeep]
|-damage|p2a: 小呆|78/100|[from] Sandstorm
|-heal|p2a: 小呆|84/100|[from] item: Leftovers
|upkeep
|turn|17
|
|t:|1729258062
|-singleturn|p1a: Tyrantar|move: Focus Punch
|move|p2a: 小呆|Earthquake|p1a: Tyrantar
|-supereffective|p1a: Tyrantar
|-damage|p1a: Tyrantar|22/100
|move|p1a: Tyrantar|Focus Punch||[still]
|cant|p1a: Tyrantar|Focus Punch|Focus Punch
|
|-weather|Sandstorm|[upkeep]
|-damage|p2a: 小呆|78/100|[from] Sandstorm
|-heal|p2a: 小呆|84/100|[from] item: Leftovers
|upkeep
|turn|18
|
|t:|1729258071
|switch|p1a: Gegar|Gengar, F, shiny|72/100
|move|p2a: 小呆|Earthquake|p1a: Gegar
|-immune|p1a: Gegar
|
|-weather|Sandstorm|[upkeep]
|-damage|p1a: Gegar|66/100|[from] Sandstorm
|-damage|p2a: 小呆|78/100|[from] Sandstorm
|-heal|p1a: Gegar|72/100|[from] item: Leftovers
|-heal|p2a: 小呆|84/100|[from] item: Leftovers
|upkeep
|turn|19
|inactive|rezzo64 has 240 seconds left.
|
|t:|1729258127
|switch|p2a: Metagross|Metagross|100/100
|move|p1a: Gegar|Explosion|p2a: Metagross
|-resisted|p2a: Metagross
|-damage|p2a: Metagross|73/100
|faint|p1a: Gegar
|
|t:|1729258141
|switch|p1a: Metagros|Metagross|79/100
|-damage|p1a: Metagros|67/100|[from] Spikes
|
|-weather|Sandstorm|[upkeep]
|-heal|p2a: Metagross|79/100|[from] item: Leftovers
|upkeep
|turn|20
|
|t:|1729258147
|switch|p2a: 西瓜|Forretress, M, shiny|47/100
|move|p1a: Metagros|Earthquake|p2a: 西瓜
|-damage|p2a: 西瓜|8/100
|
|-weather|Sandstorm|[upkeep]
|-heal|p2a: 西瓜|14/100|[from] item: Leftovers
|upkeep
|turn|21
|
|t:|1729258162
|move|p1a: Metagros|Earthquake|p2a: 西瓜
|-damage|p2a: 西瓜|0 fnt
|faint|p2a: 西瓜
|
|t:|1729258169
|switch|p2a: Aerodactyl|Aerodactyl, F|100/100
|
|-weather|Sandstorm|[upkeep]
|upkeep
|turn|22
|
|t:|1729258174
|switch|p1a: Sampert|Swampert, F|100/100
|-damage|p1a: Sampert|88/100|[from] Spikes
|move|p2a: Aerodactyl|Rock Slide|p1a: Sampert
|-resisted|p1a: Sampert
|-damage|p1a: Sampert|67/100
|
|-weather|Sandstorm|[upkeep]
|-heal|p1a: Sampert|73/100|[from] item: Leftovers
|upkeep
|turn|23
|
|t:|1729258200
|switch|p2a: Swampert|Swampert, F|73/100
|move|p1a: Sampert|Earthquake|p2a: Swampert
|-damage|p2a: Swampert|51/100
|
|-weather|Sandstorm|[upkeep]
|-heal|p2a: Swampert|57/100|[from] item: Leftovers
|-heal|p1a: Sampert|80/100|[from] item: Leftovers
|upkeep
|turn|24
|
|t:|1729258211
|move|p2a: Swampert|Toxic|p1a: Sampert
|-status|p1a: Sampert|tox
|move|p1a: Sampert|Surf|p2a: Swampert
|-damage|p2a: Swampert|25/100
|
|-weather|Sandstorm|[upkeep]
|-heal|p2a: Swampert|31/100|[from] item: Leftovers
|-heal|p1a: Sampert|86/100 tox|[from] item: Leftovers
|-damage|p1a: Sampert|80/100 tox|[from] psn
|upkeep
|turn|25
|
|t:|1729258220
|move|p2a: Swampert|Protect|p2a: Swampert
|-singleturn|p2a: Swampert|Protect
|move|p1a: Sampert|Surf|p2a: Swampert
|-activate|p2a: Swampert|Protect
|
|-weather|Sandstorm|[upkeep]
|-heal|p2a: Swampert|37/100|[from] item: Leftovers
|-heal|p1a: Sampert|86/100 tox|[from] item: Leftovers
|-damage|p1a: Sampert|73/100 tox|[from] psn
|upkeep
|turn|26
|
|t:|1729258237
|switch|p2a: 小呆|Snorlax, M, shiny|84/100
|move|p1a: Sampert|Earthquake|p2a: 小呆
|-crit|p2a: 小呆
|-damage|p2a: 小呆|28/100
|
|-weather|Sandstorm|[upkeep]
|-damage|p2a: 小呆|22/100|[from] Sandstorm
|-heal|p1a: Sampert|80/100 tox|[from] item: Leftovers
|-damage|p1a: Sampert|61/100 tox|[from] psn
|-heal|p2a: 小呆|28/100|[from] item: Leftovers
|upkeep
|turn|27
|inactive|rezzo64 has 210 seconds left.
|
|t:|1729258257
|move|p1a: Sampert|Earthquake|p2a: 小呆
|-damage|p2a: 小呆|2/100
|move|p2a: 小呆|Self-Destruct|p1a: Sampert
|-damage|p1a: Sampert|0 fnt
|faint|p2a: 小呆
|faint|p1a: Sampert
|
|t:|1729258266
|switch|p1a: Tyrantar|Tyranitar, F, shiny|22/100
|switch|p2a: Swampert|Swampert, F|37/100
|-damage|p1a: Tyrantar|9/100|[from] Spikes
|
|-weather|Sandstorm|[upkeep]
|-heal|p2a: Swampert|43/100|[from] item: Leftovers
|upkeep
|turn|28
|
|t:|1729258276
|move|p2a: Swampert|Surf|p1a: Tyrantar
|-supereffective|p1a: Tyrantar
|-damage|p1a: Tyrantar|0 fnt
|faint|p1a: Tyrantar
|
|t:|1729258286
|switch|p1a: Metagros|Metagross|67/100
|-damage|p1a: Metagros|54/100|[from] Spikes
|
|-weather|Sandstorm|[upkeep]
|-heal|p2a: Swampert|49/100|[from] item: Leftovers
|upkeep
|turn|29
|
|t:|1729258290
|move|p2a: Swampert|Protect|p2a: Swampert
|-singleturn|p2a: Swampert|Protect
|move|p1a: Metagros|Meteor Mash|p2a: Swampert
|-activate|p2a: Swampert|Protect
|
|-weather|Sandstorm|[upkeep]
|-heal|p2a: Swampert|56/100|[from] item: Leftovers
|upkeep
|turn|30
|
|t:|1729258302
|switch|p2a: Aerodactyl|Aerodactyl, F|100/100
|move|p1a: Metagros|Meteor Mash|p2a: Aerodactyl
|-supereffective|p2a: Aerodactyl
|-damage|p2a: Aerodactyl|0 fnt
|-boost|p1a: Metagros|atk|1
|faint|p2a: Aerodactyl
|
|t:|1729258306
|switch|p2a: Moltres|Moltres|100/100
|
|-weather|Sandstorm|[upkeep]
|-damage|p2a: Moltres|94/100|[from] Sandstorm
|-heal|p2a: Moltres|100/100|[from] item: Leftovers
|upkeep
|turn|31
|inactive|rezzo64 has 240 seconds left.
|
|t:|1729258319
|switch|p1a: Arodactyl|Aerodactyl, M, shiny|100/100
|move|p2a: Moltres|Flamethrower|p1a: Arodactyl
|-resisted|p1a: Arodactyl
|-damage|p1a: Arodactyl|62/100
|
|-weather|Sandstorm|[upkeep]
|-damage|p2a: Moltres|94/100|[from] Sandstorm
|-heal|p2a: Moltres|100/100|[from] item: Leftovers
|upkeep
|turn|32
|inactive|rezzo64 has 240 seconds left.
|
|t:|1729258328
|switch|p2a: Metagross|Metagross|79/100
|move|p1a: Arodactyl|Earthquake|p2a: Metagross
|-supereffective|p2a: Metagross
|-damage|p2a: Metagross|13/100
|
|-weather|Sandstorm|[upkeep]
|-heal|p2a: Metagross|19/100|[from] item: Leftovers
|upkeep
|turn|33
|inactive|rezzo64 has 240 seconds left.
|
|t:|1729258342
|switch|p1a: Metagros|Metagross|54/100
|-damage|p1a: Metagros|42/100|[from] Spikes
|move|p2a: Metagross|Explosion|p1a: Metagros
|-resisted|p1a: Metagros
|-crit|p1a: Metagros
|-damage|p1a: Metagros|0 fnt
|faint|p2a: Metagross
|faint|p1a: Metagros
|inactive|rezzo64 has 240 seconds left.
|
|t:|1729258355
|switch|p1a: Arodactyl|Aerodactyl, M, shiny|62/100
|switch|p2a: Swampert|Swampert, F|56/100
|
|-weather|Sandstorm|[upkeep]
|-heal|p2a: Swampert|62/100|[from] item: Leftovers
|upkeep
|turn|34
|
|t:|1729258360
|move|p1a: Arodactyl|Rock Slide|p2a: Swampert
|-resisted|p2a: Swampert
|-damage|p2a: Swampert|46/100
|move|p2a: Swampert|Surf|p1a: Arodactyl
|-supereffective|p1a: Arodactyl
|-damage|p1a: Arodactyl|0 fnt
|faint|p1a: Arodactyl
|
|win|rezzo64
|c|☆rezzo64|gg
|c|☆CostcoCustomer|gg

</script>
<script type="application/json" class="data" id="replaydata-smogtours-gen3ou-799495">
{"id":"smogtours-gen3ou-799495","format":"[Gen 3] OU","players":["CostcoCustomer","rezzo64"],"uploadtime":1729258360,"views":85,"formatid":"gen3ou","rating":null,"private":0,"password":null}
</script>

<script defer src="js/replays.js?9d40a366"></script>
