<!DOCTYPE html>
<meta charset="utf-8" />
<meta name="viewport" content="width=device-width" />

<title>[Gen 3] OU: tahat squared vs. shoegazes - Replays - Pok&eacute;mon Showdown!</title>

<meta name="description" content="Watch a replay of a Pok&eacute;mon battle between tahat squared and shoegazes! Format: [Gen 3] OU; Date: Oct 29, 2024" />
<!--

Hey, you! Looking in the source for the replay log?

You can find them in JSON format, just add `.json` at the end of a replay URL.

https://replay.pokemonshowdown.com/gen7randomdoublesbattle-865046831.json

Or, if you only need the log itself, add `.log` instead:

https://replay.pokemonshowdown.com/gen7randomdoublesbattle-865046831.log

-->

<link rel="stylesheet" href="//pokemonshowdown.com/style/global.css?0.023195364461161105" />
<link rel="stylesheet" href="//play.pokemonshowdown.com/style/font-awesome.css?0.13261647063804238" />
<link rel="stylesheet" href="//play.pokemonshowdown.com/style/battle.css?0.8753245789963631" />
<link rel="stylesheet" href="//play.pokemonshowdown.com/style/utilichart.css?0.8627959624976733" />

<!-- Global site tag (gtag.js) - Google Analytics -->
<script async src="https://www.googletagmanager.com/gtag/js?id=UA-26211653-1"></script>
<script>
  window.dataLayer = window.dataLayer || [];
  function gtag(){dataLayer.push(arguments);}
  gtag('js', new Date());

  gtag('config', 'UA-26211653-1');
</script>
<!-- End Google Analytics -->
<!-- Venatus Ad Manager - Install in <HEAD> of page -->
	<script src="https://hb.vntsm.com/v3/live/ad-manager.min.js" type="text/javascript" data-site-id="642aba63ec9a7b11c3c9c1be" data-mode="scan" async></script>
<!-- / Venatus Ad Manager -->

<style>
	@media (max-width:820px) {
		.battle {
			margin: 0 auto;
		}
		.battle-log {
			margin: 7px auto 0;
			max-width: 640px;
			height: 300px;
			position: static;
		}
	}
	.optgroup {
		display: inline-block;
		line-height: 22px;
		font-size: 10pt;
	}
	.optgroup .button {
		height: 25px;
		padding-top: 0;
		padding-bottom: 0;
	}
	.optgroup button.button {
		padding-left: 12px;
		padding-right: 12px;
	}
	.linklist {
		list-style: none;
		margin: 0.5em 0;
		padding: 0;
	}
	.linklist li {
		padding: 2px 0;
	}
	.sidebar {
		float: left;
		width: 320px;
	}
	.bar-wrapper {
		max-width: 1100px;
		margin: 0 auto;
	}
	.bar-wrapper.has-sidebar {
		max-width: 1430px;
	}
	.mainbar {
		margin: 0;
		padding-right: 1px;
	}
	.mainbar.has-sidebar {
		margin-left: 330px;
	}
	@media (min-width: 1511px) {
		.sidebar {
			width: 400px;
		}
		.bar-wrapper.has-sidebar {
			max-width: 1510px;
		}
		.mainbar.has-sidebar {
			margin-left: 410px;
		}
	}
	.section.first-section {
		margin-top: 9px;
	}
	.blocklink small {
		white-space: normal;
	}
	.button {
		vertical-align: middle;
	}
	.replay-controls {
		padding-top: 10px;
	}
	.replay-controls h1 {
		font-size: 16pt;
		font-weight: normal;
		color: #CCC;
	}
	.pagelink {
		text-align: center;
	}
	.pagelink a {
		width: 150px;
	}
	.textbox, .button {
		font-size: 11pt;
		vertical-align: middle;
	}
	@media (max-width: 450px) {
		.button {
			font-size: 9pt;
		}
	}
</style>

<div>

	<header>
		<div class="nav-wrapper"><ul class="nav">
			<li><a class="button nav-first" href="//pokemonshowdown.com/"><img src="//pokemonshowdown.com/images/pokemonshowdownbeta.png" srcset="//pokemonshowdown.com/images/pokemonshowdownbeta.png 1x, //pokemonshowdown.com/images/pokemonshowdownbeta@2x.png 2x" alt="Pok&eacute;mon Showdown" width="146" height="44" /> Home</a></li>
			<li><a class="button" href="//pokemonshowdown.com/dex/">Pok&eacute;dex</a></li>
			<li><a class="button cur" href="/">Replays</a></li>
			<li><a class="button" href="//pokemonshowdown.com/ladder/">Ladder</a></li>
			<li><a class="button nav-last" href="//pokemonshowdown.com/forums/">Forum</a></li>
			<li><a class="button greenbutton nav-first nav-last" href="//play.pokemonshowdown.com/">Play</a></li>
		</ul></div>
	</header>

	<div class="main" id="main">

		<noscript><section class="section">You need to enable JavaScript to use this page; sorry!</section></noscript>

	</div>

</div>

<script defer nomodule src="//play.pokemonshowdown.com/js/lib/ps-polyfill.js"></script>
<script defer src="//play.pokemonshowdown.com/js/lib/preact.min.js"></script>

<script defer src="//play.pokemonshowdown.com/config/config.js?2bddbc15"></script>
<script defer src="//play.pokemonshowdown.com/js/lib/jquery-1.11.0.min.js"></script>
<script defer src="//play.pokemonshowdown.com/js/lib/html-sanitizer-minified.js"></script>
<script defer src="//play.pokemonshowdown.com/js/battle-sound.js"></script>
<script defer src="//play.pokemonshowdown.com/js/battledata.js?0.7209276989879541"></script>
<script defer src="//play.pokemonshowdown.com/data/pokedex-mini.js?0.6111056340867951"></script>
<script defer src="//play.pokemonshowdown.com/data/pokedex-mini-bw.js?0.3532142036491459"></script>
<script defer src="//play.pokemonshowdown.com/data/graphics.js?0.24223875632456182"></script>
<script defer src="//play.pokemonshowdown.com/data/pokedex.js?0.38839984266356864"></script>
<script defer src="//play.pokemonshowdown.com/data/moves.js?0.21866028504024015"></script>
<script defer src="//play.pokemonshowdown.com/data/abilities.js?0.2005157953846628"></script>
<script defer src="//play.pokemonshowdown.com/data/items.js?0.9894211263848525"></script>
<script defer src="//play.pokemonshowdown.com/data/teambuilder-tables.js?0.6008791140282215"></script>
<script defer src="//play.pokemonshowdown.com/js/battle-tooltips.js?0.7580118955022959"></script>
<script defer src="//play.pokemonshowdown.com/js/battle.js?0.6057722274234274"></script>

<script defer src="js/utils.js?e31f9a17"></script>
<script defer src="js/replays-battle.js?7008c182"></script>

<!-- don't scrape this data! just add .json or .log after the URL!
Full API docs: https://github.com/smogon/pokemon-showdown-client/blob/master/WEB-API.md -->
<script type="text/plain" class="log" id="replaylog-smogtours-gen3ou-803349">
|inactive|Battle timer is ON: inactive players will automatically lose when time's up.
|t:|1730236204
|gametype|singles
|player|p1|tahat squared|skyla-masters|
|player|p2|shoegazes|dahlia|
|teamsize|p1|6
|teamsize|p2|6
|gen|3
|tier|[Gen 3] OU
|rule|Sleep Clause Mod: Limit one foe put to sleep
|rule|Switch Priority Clause Mod: Faster Pokémon switch first
|rule|Species Clause: Limit one of each Pokémon
|rule|OHKO Clause: OHKO moves are banned
|rule|Evasion Items Clause: Evasion items are banned
|rule|Evasion Moves Clause: Evasion moves are banned
|rule|Endless Battle Clause: Forcing endless battles is banned
|rule|HP Percentage Mod: HP is shown in percentages
|rule|One Boost Passer Clause: Limit one Baton Passer that has a way to boost its stats
|rule|Freeze Clause Mod: Limit one foe frozen
|
|t:|1730236204
|start
|switch|p1a: Metagross|Metagross|100/100
|switch|p2a: Zapdos|Zapdos|100/100
|turn|1
|c|☆shoegazes|hf
|c|☆tahat squared|Some people will say that you dream is impossible. Some people will say that you're not good at gaming. Some people will say that you're not clever at being smart. Some people will say you've got bad breath. Well to those people I says lay down and have some tap water and lay down and achieve your dream and lay down and have some cigarettes you see life is not about getting coins or doing drugs or how many fingers you can fit in or getting a job or playing games. Life's about being a gamer and achieving a dream and life is like a tightrope and if you fall off you're just a bag of shit and life is your chance to do a dream for free and here is a quote from nirvana's kirt cuban "if you're not there for me at my best then you not deserved for me to be there for my lowest". 
|inactive|shoegazes has 270 seconds left.
|inactive|shoegazes has 240 seconds left.
|
|t:|1730236266
|move|p2a: Zapdos|Thunderbolt|p1a: Metagross
|-damage|p1a: Metagross|49/100
|-status|p1a: Metagross|par
|cant|p1a: Metagross|par
|
|-heal|p1a: Metagross|55/100 par|[from] item: Leftovers
|upkeep
|turn|2
|c|☆shoegazes|my b
|c|☆tahat squared|my dream might be impossible
|
|t:|1730236278
|move|p2a: Zapdos|Substitute|p2a: Zapdos
|-start|p2a: Zapdos|Substitute
|-damage|p2a: Zapdos|76/100
|cant|p1a: Metagross|par
|
|-heal|p2a: Zapdos|82/100|[from] item: Leftovers
|-heal|p1a: Metagross|61/100 par|[from] item: Leftovers
|upkeep
|turn|3
|c|☆tahat squared|guh
|
|t:|1730236288
|move|p2a: Zapdos|Thunderbolt|p1a: Metagross
|-damage|p1a: Metagross|16/100 par
|cant|p1a: Metagross|par
|
|-heal|p2a: Zapdos|88/100|[from] item: Leftovers
|-heal|p1a: Metagross|22/100 par|[from] item: Leftovers
|upkeep
|turn|4
|c|☆shoegazes|LOL
|c|☆shoegazes|WHAT
|
|t:|1730236299
|switch|p1a: Blissey|Blissey, F|100/100
|move|p2a: Zapdos|Thunderbolt|p1a: Blissey
|-damage|p1a: Blissey|78/100
|
|-heal|p2a: Zapdos|94/100|[from] item: Leftovers
|-heal|p1a: Blissey|84/100|[from] item: Leftovers
|upkeep
|turn|5
|
|t:|1730236313
|switch|p1a: Claydol|Claydol|100/100
|move|p2a: Zapdos|Baton Pass|p2a: Zapdos
|
|t:|1730236316
|switch|p2a: Suicune|Suicune|100/100|[from] Baton Pass
|
|upkeep
|turn|6
|
|t:|1730236327
|switch|p1a: Blissey|Blissey, F|84/100
|move|p2a: Suicune|Calm Mind|p2a: Suicune
|-boost|p2a: Suicune|spa|1
|-boost|p2a: Suicune|spd|1
|
|-heal|p1a: Blissey|90/100|[from] item: Leftovers
|upkeep
|turn|7
|
|t:|1730236336
|switch|p2a: Dugtrio|Dugtrio, F|100/100
|move|p1a: Blissey|Calm Mind|p1a: Blissey
|-boost|p1a: Blissey|spa|1
|-boost|p1a: Blissey|spd|1
|
|-heal|p1a: Blissey|96/100|[from] item: Leftovers
|upkeep
|turn|8
|
|t:|1730236348
|move|p2a: Dugtrio|Beat Up|p1a: Blissey
|-damage|p1a: Blissey|86/100
|-damage|p1a: Blissey|76/100
|-damage|p1a: Blissey|67/100
|-damage|p1a: Blissey|55/100
|-damage|p1a: Blissey|40/100
|-damage|p1a: Blissey|24/100
|-hitcount|p1a: Blissey|6
|move|p1a: Blissey|Ice Beam|p2a: Dugtrio
|-supereffective|p2a: Dugtrio
|-damage|p2a: Dugtrio|0 fnt
|faint|p2a: Dugtrio
|
|t:|1730236352
|switch|p2a: Breloom|Breloom, M|100/100
|
|-heal|p1a: Blissey|30/100|[from] item: Leftovers
|upkeep
|turn|9
|
|t:|1730236363
|switch|p1a: Metagross|Metagross|22/100 par
|move|p2a: Breloom|Mach Punch|p1a: Metagross
|-damage|p1a: Metagross|5/100 par
|
|-heal|p1a: Metagross|11/100 par|[from] item: Leftovers
|upkeep
|turn|10
|
|t:|1730236370
|move|p2a: Breloom|Mach Punch|p1a: Metagross
|-damage|p1a: Metagross|0 fnt
|faint|p1a: Metagross
|
|t:|1730236375
|switch|p1a: Gengar|Gengar, M|100/100
|
|upkeep
|turn|11
|
|t:|1730236392
|switch|p2a: Suicune|Suicune|100/100
|move|p1a: Gengar|Will-O-Wisp|p2a: Suicune
|-status|p2a: Suicune|brn
|
|-damage|p2a: Suicune|88/100 brn|[from] brn
|upkeep
|turn|12
|inactive|shoegazes has 270 seconds left.
|
|t:|1730236435
|switch|p1a: Blissey|Blissey, F|30/100
|move|p2a: Suicune|Surf|p1a: Blissey
|-damage|p1a: Blissey|12/100
|
|-heal|p2a: Suicune|94/100 brn|[from] item: Leftovers
|-damage|p2a: Suicune|82/100 brn|[from] brn
|-heal|p1a: Blissey|19/100|[from] item: Leftovers
|upkeep
|turn|13
|
|t:|1730236449
|switch|p2a: Breloom|Breloom, M|100/100
|move|p1a: Blissey|Soft-Boiled|p1a: Blissey
|-heal|p1a: Blissey|69/100
|
|-heal|p1a: Blissey|75/100|[from] item: Leftovers
|upkeep
|turn|14
|
|t:|1730236455
|move|p2a: Breloom|Spore|p1a: Blissey
|-status|p1a: Blissey|slp|[from] move: Spore
|cant|p1a: Blissey|slp
|
|-heal|p1a: Blissey|81/100 slp|[from] item: Leftovers
|upkeep
|turn|15
|
|t:|1730236461
|move|p2a: Breloom|Hidden Power|p1a: Blissey
|-immune|p1a: Blissey
|cant|p1a: Blissey|slp
|
|-heal|p1a: Blissey|87/100 slp|[from] item: Leftovers
|upkeep
|turn|16
|
|t:|1730236468
|-curestatus|p1a: Blissey|slp|[from] ability: Natural Cure
|switch|p1a: Gengar|Gengar, M|100/100
|move|p2a: Breloom|Sky Uppercut|p1a: Gengar
|-immune|p1a: Gengar
|
|upkeep
|turn|17
|
|t:|1730236476
|switch|p2a: Suicune|Suicune|82/100 brn
|move|p1a: Gengar|Will-O-Wisp|p2a: Suicune
|-fail|p2a: Suicune|brn
|
|-heal|p2a: Suicune|88/100 brn|[from] item: Leftovers
|-damage|p2a: Suicune|76/100 brn|[from] brn
|upkeep
|turn|18
|
|t:|1730236487
|move|p1a: Gengar|Thunderbolt|p2a: Suicune
|-supereffective|p2a: Suicune
|-damage|p2a: Suicune|35/100 brn
|move|p2a: Suicune|Calm Mind|p2a: Suicune
|-boost|p2a: Suicune|spa|1
|-boost|p2a: Suicune|spd|1
|
|-heal|p2a: Suicune|41/100 brn|[from] item: Leftovers
|-damage|p2a: Suicune|29/100 brn|[from] brn
|upkeep
|turn|19
|
|t:|1730236502
|move|p1a: Gengar|Thunderbolt|p2a: Suicune
|-supereffective|p2a: Suicune
|-crit|p2a: Suicune
|-damage|p2a: Suicune|0 fnt
|faint|p2a: Suicune
|
|t:|1730236508
|switch|p2a: Raikou|Raikou|100/100
|
|upkeep
|turn|20
|
|t:|1730236518
|switch|p2a: Breloom|Breloom, M|100/100
|switch|p1a: Blissey|Blissey, F|87/100
|
|-heal|p1a: Blissey|93/100|[from] item: Leftovers
|upkeep
|turn|21
|
|t:|1730236524
|switch|p1a: Gengar|Gengar, M|100/100
|move|p2a: Breloom|Spore|p1a: Gengar
|-status|p1a: Gengar|slp|[from] move: Spore
|
|upkeep
|turn|22
|
|t:|1730236532
|switch|p1a: Skarmory|Skarmory, M|100/100
|move|p2a: Breloom|Hidden Power|p1a: Skarmory
|-resisted|p1a: Skarmory
|-damage|p1a: Skarmory|91/100
|
|-heal|p1a: Skarmory|97/100|[from] item: Leftovers
|upkeep
|turn|23
|
|t:|1730236540
|switch|p2a: Zapdos|Zapdos|94/100
|move|p1a: Skarmory|Toxic|p2a: Zapdos
|-status|p2a: Zapdos|tox
|
|-heal|p2a: Zapdos|99/100 tox|[from] item: Leftovers
|-damage|p2a: Zapdos|94/100 tox|[from] psn
|-heal|p1a: Skarmory|100/100|[from] item: Leftovers
|upkeep
|turn|24
|
|t:|1730236548
|switch|p1a: Blissey|Blissey, F|93/100
|move|p2a: Zapdos|Baton Pass|p2a: Zapdos
|
|t:|1730236550
|switch|p2a: Breloom|Breloom, M|100/100|[from] Baton Pass
|
|-heal|p1a: Blissey|99/100|[from] item: Leftovers
|upkeep
|turn|25
|
|t:|1730236560
|switch|p1a: Skarmory|Skarmory, M|100/100
|move|p2a: Breloom|Hidden Power|p1a: Skarmory
|-resisted|p1a: Skarmory
|-damage|p1a: Skarmory|90/100
|
|-heal|p1a: Skarmory|96/100|[from] item: Leftovers
|upkeep
|turn|26
|
|t:|1730236567
|switch|p2a: Zapdos|Zapdos|94/100 tox
|move|p1a: Skarmory|Spikes|p2a: Zapdos
|-sidestart|p2: shoegazes|Spikes
|
|-heal|p2a: Zapdos|99/100 tox|[from] item: Leftovers
|-damage|p2a: Zapdos|94/100 tox|[from] psn
|-heal|p1a: Skarmory|100/100|[from] item: Leftovers
|upkeep
|turn|27
|
|t:|1730236577
|switch|p1a: Blissey|Blissey, F|99/100
|move|p2a: Zapdos|Thunderbolt|p1a: Blissey
|-damage|p1a: Blissey|78/100
|
|-heal|p2a: Zapdos|99/100 tox|[from] item: Leftovers
|-damage|p2a: Zapdos|88/100 tox|[from] psn
|-heal|p1a: Blissey|84/100|[from] item: Leftovers
|upkeep
|turn|28
|
|t:|1730236586
|move|p2a: Zapdos|Baton Pass|p2a: Zapdos
|
|t:|1730236587
|switch|p2a: Metagross|Metagross|100/100|[from] Baton Pass
|-damage|p2a: Metagross|88/100|[from] Spikes
|move|p1a: Blissey|Ice Beam|p2a: Metagross
|-resisted|p2a: Metagross
|-damage|p2a: Metagross|75/100
|
|-heal|p2a: Metagross|82/100|[from] item: Leftovers
|-heal|p1a: Blissey|90/100|[from] item: Leftovers
|upkeep
|turn|29
|
|t:|1730236597
|switch|p1a: Claydol|Claydol|100/100
|move|p2a: Metagross|Meteor Mash|p1a: Claydol
|-damage|p1a: Claydol|44/100
|
|-heal|p2a: Metagross|88/100|[from] item: Leftovers
|-heal|p1a: Claydol|50/100|[from] item: Leftovers
|upkeep
|turn|30
|
|t:|1730236606
|switch|p1a: Skarmory|Skarmory, M|100/100
|move|p2a: Metagross|Meteor Mash|p1a: Skarmory
|-resisted|p1a: Skarmory
|-damage|p1a: Skarmory|80/100
|-boost|p2a: Metagross|atk|1
|
|-heal|p2a: Metagross|94/100|[from] item: Leftovers
|-heal|p1a: Skarmory|86/100|[from] item: Leftovers
|upkeep
|turn|31
|
|t:|1730236617
|move|p2a: Metagross|Meteor Mash|p1a: Skarmory|[miss]
|-miss|p2a: Metagross|p1a: Skarmory
|move|p1a: Skarmory|Roar|p2a: Metagross
|drag|p2a: Breloom|Breloom, M|100/100
|-damage|p2a: Breloom|88/100|[from] Spikes
|
|-heal|p2a: Breloom|94/100|[from] item: Leftovers
|-heal|p1a: Skarmory|92/100|[from] item: Leftovers
|upkeep
|turn|32
|
|t:|1730236626
|switch|p2a: Zapdos|Zapdos|88/100 tox
|move|p1a: Skarmory|Drill Peck|p2a: Zapdos
|-resisted|p2a: Zapdos
|-damage|p2a: Zapdos|76/100 tox
|
|-heal|p2a: Zapdos|82/100 tox|[from] item: Leftovers
|-damage|p2a: Zapdos|76/100 tox|[from] psn
|-heal|p1a: Skarmory|98/100|[from] item: Leftovers
|upkeep
|turn|33
|
|t:|1730236635
|switch|p1a: Claydol|Claydol|50/100
|move|p2a: Zapdos|Baton Pass|p2a: Zapdos
|
|t:|1730236651
|switch|p2a: Metagross|Metagross|94/100|[from] Baton Pass
|-damage|p2a: Metagross|82/100|[from] Spikes
|
|-heal|p2a: Metagross|88/100|[from] item: Leftovers
|-heal|p1a: Claydol|56/100|[from] item: Leftovers
|upkeep
|turn|34
|
|t:|1730236666
|switch|p1a: Skarmory|Skarmory, M|98/100
|move|p2a: Metagross|Meteor Mash|p1a: Skarmory
|-resisted|p1a: Skarmory
|-damage|p1a: Skarmory|78/100
|-boost|p2a: Metagross|atk|1
|
|-heal|p2a: Metagross|94/100|[from] item: Leftovers
|-heal|p1a: Skarmory|84/100|[from] item: Leftovers
|upkeep
|turn|35
|
|t:|1730236674
|move|p2a: Metagross|Explosion|p1a: Skarmory
|-resisted|p1a: Skarmory
|-damage|p1a: Skarmory|0 fnt
|faint|p2a: Metagross
|faint|p1a: Skarmory
|
|t:|1730236688
|switch|p2a: Zapdos|Zapdos|76/100 tox
|switch|p1a: Claydol|Claydol|56/100
|
|-heal|p2a: Zapdos|82/100 tox|[from] item: Leftovers
|-damage|p2a: Zapdos|76/100 tox|[from] psn
|-heal|p1a: Claydol|63/100|[from] item: Leftovers
|upkeep
|turn|36
|
|t:|1730236695
|switch|p1a: Blissey|Blissey, F|90/100
|move|p2a: Zapdos|Hidden Power|p1a: Blissey
|-damage|p1a: Blissey|79/100
|
|-heal|p2a: Zapdos|82/100 tox|[from] item: Leftovers
|-damage|p2a: Zapdos|70/100 tox|[from] psn
|-heal|p1a: Blissey|85/100|[from] item: Leftovers
|upkeep
|turn|37
|
|t:|1730236704
|move|p2a: Zapdos|Substitute|p2a: Zapdos
|-start|p2a: Zapdos|Substitute
|-damage|p2a: Zapdos|45/100 tox
|move|p1a: Blissey|Ice Beam|p2a: Zapdos
|-supereffective|p2a: Zapdos
|-end|p2a: Zapdos|Substitute
|
|-heal|p2a: Zapdos|51/100 tox|[from] item: Leftovers
|-damage|p2a: Zapdos|33/100 tox|[from] psn
|-heal|p1a: Blissey|91/100|[from] item: Leftovers
|upkeep
|turn|38
|
|t:|1730236715
|move|p2a: Zapdos|Thunderbolt|p1a: Blissey
|-damage|p1a: Blissey|70/100
|move|p1a: Blissey|Ice Beam|p2a: Zapdos
|-supereffective|p2a: Zapdos
|-damage|p2a: Zapdos|0 fnt
|faint|p2a: Zapdos
|
|t:|1730236717
|switch|p2a: Breloom|Breloom, M|94/100
|-damage|p2a: Breloom|82/100|[from] Spikes
|
|-heal|p2a: Breloom|88/100|[from] item: Leftovers
|-heal|p1a: Blissey|76/100|[from] item: Leftovers
|upkeep
|turn|39
|
|t:|1730236727
|switch|p1a: Gengar|Gengar, M|100/100 slp
|move|p2a: Breloom|Sky Uppercut|p1a: Gengar
|-immune|p1a: Gengar
|
|-heal|p2a: Breloom|94/100|[from] item: Leftovers
|upkeep
|turn|40
|
|t:|1730236733
|cant|p1a: Gengar|slp
|move|p2a: Breloom|Hidden Power|p1a: Gengar
|-supereffective|p1a: Gengar
|-damage|p1a: Gengar|1/100 slp
|
|-heal|p1a: Gengar|7/100 slp|[from] item: Leftovers
|-heal|p2a: Breloom|100/100|[from] item: Leftovers
|upkeep
|turn|41
|
|t:|1730236740
|cant|p1a: Gengar|slp
|move|p2a: Breloom|Hidden Power|p1a: Gengar
|-supereffective|p1a: Gengar
|-crit|p1a: Gengar
|-damage|p1a: Gengar|0 fnt
|faint|p1a: Gengar
|
|t:|1730236751
|switch|p1a: Claydol|Claydol|63/100
|
|-heal|p1a: Claydol|69/100|[from] item: Leftovers
|upkeep
|turn|42
|
|t:|1730236755
|move|p2a: Breloom|Spore|p1a: Claydol
|-status|p1a: Claydol|slp|[from] move: Spore
|cant|p1a: Claydol|slp
|
|-heal|p1a: Claydol|75/100 slp|[from] item: Leftovers
|upkeep
|turn|43
|c|☆tahat squared|wait I forgot about sleep
|c|☆tahat squared|disasterclass
|c|☆tahat squared|I think I still win though teehee
|
|t:|1730236776
|switch|p1a: Suicune|Suicune|100/100
|move|p2a: Breloom|Hidden Power|p1a: Suicune
|-damage|p1a: Suicune|80/100
|
|-heal|p1a: Suicune|87/100|[from] item: Leftovers
|upkeep
|turn|44
|
|t:|1730236783
|move|p2a: Breloom|Sky Uppercut|p1a: Suicune
|-damage|p1a: Suicune|48/100
|move|p1a: Suicune|Calm Mind|p1a: Suicune
|-boost|p1a: Suicune|spa|1
|-boost|p1a: Suicune|spd|1
|
|-heal|p1a: Suicune|54/100|[from] item: Leftovers
|upkeep
|turn|45
|
|t:|1730236791
|move|p2a: Breloom|Sky Uppercut|p1a: Suicune
|-damage|p1a: Suicune|16/100
|move|p1a: Suicune|Rest|p1a: Suicune
|-status|p1a: Suicune|slp|[from] move: Rest
|-heal|p1a: Suicune|100/100 slp|[silent]
|
|upkeep
|turn|46
|
|t:|1730236797
|switch|p2a: Raikou|Raikou|100/100
|-damage|p2a: Raikou|88/100|[from] Spikes
|cant|p1a: Suicune|slp
|move|p1a: Suicune|Sleep Talk|p1a: Suicune
|move|p1a: Suicune|Rest|p1a: Suicune|[from]Sleep Talk
|
|-heal|p2a: Raikou|94/100|[from] item: Leftovers
|upkeep
|turn|47
|c|☆shoegazes|noo he's talking to me
|
|t:|1730236812
|switch|p1a: Claydol|Claydol|75/100 slp
|move|p2a: Raikou|Calm Mind|p2a: Raikou
|-boost|p2a: Raikou|spa|1
|-boost|p2a: Raikou|spd|1
|
|-heal|p2a: Raikou|100/100|[from] item: Leftovers
|-heal|p1a: Claydol|81/100 slp|[from] item: Leftovers
|upkeep
|turn|48
|
|t:|1730236820
|switch|p1a: Blissey|Blissey, F|76/100
|move|p2a: Raikou|Substitute|p2a: Raikou
|-start|p2a: Raikou|Substitute
|-damage|p2a: Raikou|76/100
|
|-heal|p2a: Raikou|82/100|[from] item: Leftovers
|-heal|p1a: Blissey|82/100|[from] item: Leftovers
|upkeep
|turn|49
|inactive|shoegazes has 270 seconds left.
|inactive|shoegazes has 240 seconds left.
|
|t:|1730236891
|move|p2a: Raikou|Calm Mind|p2a: Raikou
|-boost|p2a: Raikou|spa|1
|-boost|p2a: Raikou|spd|1
|move|p1a: Blissey|Calm Mind|p1a: Blissey
|-boost|p1a: Blissey|spa|1
|-boost|p1a: Blissey|spd|1
|
|-heal|p2a: Raikou|88/100|[from] item: Leftovers
|-heal|p1a: Blissey|88/100|[from] item: Leftovers
|upkeep
|turn|50
|
|t:|1730236900
|move|p2a: Raikou|Calm Mind|p2a: Raikou
|-boost|p2a: Raikou|spa|1
|-boost|p2a: Raikou|spd|1
|move|p1a: Blissey|Calm Mind|p1a: Blissey
|-boost|p1a: Blissey|spa|1
|-boost|p1a: Blissey|spd|1
|
|-heal|p2a: Raikou|94/100|[from] item: Leftovers
|-heal|p1a: Blissey|95/100|[from] item: Leftovers
|upkeep
|turn|51
|inactive|shoegazes has 240 seconds left.
|
|t:|1730236909
|move|p2a: Raikou|Calm Mind|p2a: Raikou
|-boost|p2a: Raikou|spa|1
|-boost|p2a: Raikou|spd|1
|move|p1a: Blissey|Calm Mind|p1a: Blissey
|-boost|p1a: Blissey|spa|1
|-boost|p1a: Blissey|spd|1
|
|-heal|p2a: Raikou|100/100|[from] item: Leftovers
|-heal|p1a: Blissey|100/100|[from] item: Leftovers
|upkeep
|turn|52
|
|t:|1730236923
|move|p2a: Raikou|Thunderbolt|p1a: Blissey
|-damage|p1a: Blissey|79/100
|move|p1a: Blissey|Calm Mind|p1a: Blissey
|-boost|p1a: Blissey|spa|1
|-boost|p1a: Blissey|spd|1
|
|-heal|p1a: Blissey|85/100|[from] item: Leftovers
|upkeep
|turn|53
|
|t:|1730236931
|move|p2a: Raikou|Calm Mind|p2a: Raikou
|-boost|p2a: Raikou|spa|1
|-boost|p2a: Raikou|spd|1
|move|p1a: Blissey|Calm Mind|p1a: Blissey
|-boost|p1a: Blissey|spa|1
|-boost|p1a: Blissey|spd|1
|
|-heal|p1a: Blissey|91/100|[from] item: Leftovers
|upkeep
|turn|54
|
|t:|1730236938
|move|p2a: Raikou|Calm Mind|p2a: Raikou
|-boost|p2a: Raikou|spa|1
|-boost|p2a: Raikou|spd|1
|move|p1a: Blissey|Calm Mind|p1a: Blissey
|-boost|p1a: Blissey|spa|1
|-boost|p1a: Blissey|spd|1
|
|-heal|p1a: Blissey|97/100|[from] item: Leftovers
|upkeep
|turn|55
|
|t:|1730236947
|move|p2a: Raikou|Thunderbolt|p1a: Blissey
|-damage|p1a: Blissey|79/100
|move|p1a: Blissey|Ice Beam|p2a: Raikou
|-end|p2a: Raikou|Substitute
|
|-heal|p1a: Blissey|85/100|[from] item: Leftovers
|upkeep
|turn|56
|
|t:|1730236954
|move|p2a: Raikou|Substitute|p2a: Raikou
|-start|p2a: Raikou|Substitute
|-damage|p2a: Raikou|76/100
|move|p1a: Blissey|Ice Beam|p2a: Raikou
|-end|p2a: Raikou|Substitute
|
|-heal|p2a: Raikou|82/100|[from] item: Leftovers
|-heal|p1a: Blissey|91/100|[from] item: Leftovers
|upkeep
|turn|57
|
|t:|1730236964
|move|p2a: Raikou|Thunderbolt|p1a: Blissey
|-damage|p1a: Blissey|73/100
|move|p1a: Blissey|Ice Beam|p2a: Raikou
|-crit|p2a: Raikou
|-damage|p2a: Raikou|0 fnt
|faint|p2a: Raikou
|c|☆tahat squared|LOL
|
|t:|1730236971
|switch|p2a: Breloom|Breloom, M|100/100
|-damage|p2a: Breloom|88/100|[from] Spikes
|
|-heal|p2a: Breloom|94/100|[from] item: Leftovers
|-heal|p1a: Blissey|79/100|[from] item: Leftovers
|upkeep
|turn|58
|c|☆shoegazes|this misses here
|
|t:|1730236982
|switch|p1a: Claydol|Claydol|81/100 slp
|move|p2a: Breloom|Sky Uppercut|p1a: Claydol
|-resisted|p1a: Claydol
|-damage|p1a: Claydol|57/100 slp
|
|-heal|p2a: Breloom|100/100|[from] item: Leftovers
|-heal|p1a: Claydol|63/100 slp|[from] item: Leftovers
|upkeep
|turn|59
|
|t:|1730236990
|switch|p1a: Suicune|Suicune|100/100 slp
|move|p2a: Breloom|Hidden Power|p1a: Suicune
|-damage|p1a: Suicune|82/100 slp
|
|-heal|p1a: Suicune|88/100 slp|[from] item: Leftovers
|upkeep
|turn|60
|
|t:|1730236997
|move|p2a: Breloom|Sky Uppercut|p1a: Suicune
|-damage|p1a: Suicune|49/100 slp
|cant|p1a: Suicune|slp
|move|p1a: Suicune|Sleep Talk|p1a: Suicune
|move|p1a: Suicune|Surf|p2a: Breloom|[from]Sleep Talk
|-resisted|p2a: Breloom
|-damage|p2a: Breloom|60/100
|
|-heal|p2a: Breloom|66/100|[from] item: Leftovers
|-heal|p1a: Suicune|55/100 slp|[from] item: Leftovers
|upkeep
|turn|61
|
|t:|1730237007
|move|p2a: Breloom|Sky Uppercut|p1a: Suicune
|-crit|p1a: Suicune
|-damage|p1a: Suicune|0 fnt
|faint|p1a: Suicune
|c|☆tahat squared|oops
|
|t:|1730237013
|switch|p1a: Claydol|Claydol|63/100 slp
|
|-heal|p2a: Breloom|72/100|[from] item: Leftovers
|-heal|p1a: Claydol|70/100 slp|[from] item: Leftovers
|upkeep
|turn|62
|
|t:|1730237018
|move|p2a: Breloom|Hidden Power|p1a: Claydol
|-supereffective|p1a: Claydol
|-damage|p1a: Claydol|15/100 slp
|cant|p1a: Claydol|slp
|
|-heal|p2a: Breloom|78/100|[from] item: Leftovers
|-heal|p1a: Claydol|21/100 slp|[from] item: Leftovers
|upkeep
|turn|63
|
|t:|1730237025
|move|p2a: Breloom|Sky Uppercut|p1a: Claydol
|-resisted|p1a: Claydol
|-damage|p1a: Claydol|0 fnt
|faint|p1a: Claydol
|c|☆tahat squared|maybe I shouldnt have sacced my sleeping mon for no reason
|
|t:|1730237037
|switch|p1a: Blissey|Blissey, F|79/100
|
|-heal|p2a: Breloom|84/100|[from] item: Leftovers
|-heal|p1a: Blissey|85/100|[from] item: Leftovers
|upkeep
|turn|64
|
|t:|1730237042
|move|p2a: Breloom|Spore|p1a: Blissey
|-status|p1a: Blissey|slp|[from] move: Spore
|cant|p1a: Blissey|slp
|
|-heal|p2a: Breloom|91/100|[from] item: Leftovers
|-heal|p1a: Blissey|91/100 slp|[from] item: Leftovers
|upkeep
|turn|65
|c|☆tahat squared|twice
|
|t:|1730237051
|move|p2a: Breloom|Sky Uppercut|p1a: Blissey
|-supereffective|p1a: Blissey
|-damage|p1a: Blissey|0 fnt
|faint|p1a: Blissey
|
|win|shoegazes
|c|☆shoegazes|a nailbiter
|c|☆shoegazes|ggs
|c|☆tahat squared|i deserve to have my nails removed for that one
|c|☆tahat squared|ggs
|player|p1|

</script>
<script type="application/json" class="data" id="replaydata-smogtours-gen3ou-803349">
{"id":"smogtours-gen3ou-803349","format":"[Gen 3] OU","players":["tahat squared","shoegazes"],"uploadtime":1730237051,"views":61,"formatid":"gen3ou","rating":null,"private":1,"password":null}
</script>

<script defer src="js/replays.js?9d40a366"></script>
