<!DOCTYPE html>
<meta charset="utf-8" />
<meta name="viewport" content="width=device-width" />

<title>[Gen 3] OU: melee minion vs. Yoink 0 - Replays - Pok&eacute;mon Showdown!</title>

<meta name="description" content="Watch a replay of a Pok&eacute;mon battle between melee minion and Yoink 0! Format: [Gen 3] OU; Date: Oct 26, 2024" />
<!--

Hey, you! Looking in the source for the replay log?

You can find them in JSON format, just add `.json` at the end of a replay URL.

https://replay.pokemonshowdown.com/gen7randomdoublesbattle-865046831.json

Or, if you only need the log itself, add `.log` instead:

https://replay.pokemonshowdown.com/gen7randomdoublesbattle-865046831.log

-->

<link rel="stylesheet" href="//pokemonshowdown.com/style/global.css?0.023195364461161105" />
<link rel="stylesheet" href="//play.pokemonshowdown.com/style/font-awesome.css?0.13261647063804238" />
<link rel="stylesheet" href="//play.pokemonshowdown.com/style/battle.css?0.8753245789963631" />
<link rel="stylesheet" href="//play.pokemonshowdown.com/style/utilichart.css?0.8627959624976733" />

<!-- Global site tag (gtag.js) - Google Analytics -->
<script async src="https://www.googletagmanager.com/gtag/js?id=UA-26211653-1"></script>
<script>
  window.dataLayer = window.dataLayer || [];
  function gtag(){dataLayer.push(arguments);}
  gtag('js', new Date());

  gtag('config', 'UA-26211653-1');
</script>
<!-- End Google Analytics -->
<!-- Venatus Ad Manager - Install in <HEAD> of page -->
	<script src="https://hb.vntsm.com/v3/live/ad-manager.min.js" type="text/javascript" data-site-id="642aba63ec9a7b11c3c9c1be" data-mode="scan" async></script>
<!-- / Venatus Ad Manager -->

<style>
	@media (max-width:820px) {
		.battle {
			margin: 0 auto;
		}
		.battle-log {
			margin: 7px auto 0;
			max-width: 640px;
			height: 300px;
			position: static;
		}
	}
	.optgroup {
		display: inline-block;
		line-height: 22px;
		font-size: 10pt;
	}
	.optgroup .button {
		height: 25px;
		padding-top: 0;
		padding-bottom: 0;
	}
	.optgroup button.button {
		padding-left: 12px;
		padding-right: 12px;
	}
	.linklist {
		list-style: none;
		margin: 0.5em 0;
		padding: 0;
	}
	.linklist li {
		padding: 2px 0;
	}
	.sidebar {
		float: left;
		width: 320px;
	}
	.bar-wrapper {
		max-width: 1100px;
		margin: 0 auto;
	}
	.bar-wrapper.has-sidebar {
		max-width: 1430px;
	}
	.mainbar {
		margin: 0;
		padding-right: 1px;
	}
	.mainbar.has-sidebar {
		margin-left: 330px;
	}
	@media (min-width: 1511px) {
		.sidebar {
			width: 400px;
		}
		.bar-wrapper.has-sidebar {
			max-width: 1510px;
		}
		.mainbar.has-sidebar {
			margin-left: 410px;
		}
	}
	.section.first-section {
		margin-top: 9px;
	}
	.blocklink small {
		white-space: normal;
	}
	.button {
		vertical-align: middle;
	}
	.replay-controls {
		padding-top: 10px;
	}
	.replay-controls h1 {
		font-size: 16pt;
		font-weight: normal;
		color: #CCC;
	}
	.pagelink {
		text-align: center;
	}
	.pagelink a {
		width: 150px;
	}
	.textbox, .button {
		font-size: 11pt;
		vertical-align: middle;
	}
	@media (max-width: 450px) {
		.button {
			font-size: 9pt;
		}
	}
</style>

<div>

	<header>
		<div class="nav-wrapper"><ul class="nav">
			<li><a class="button nav-first" href="//pokemonshowdown.com/"><img src="//pokemonshowdown.com/images/pokemonshowdownbeta.png" srcset="//pokemonshowdown.com/images/pokemonshowdownbeta.png 1x, //pokemonshowdown.com/images/pokemonshowdownbeta@2x.png 2x" alt="Pok&eacute;mon Showdown" width="146" height="44" /> Home</a></li>
			<li><a class="button" href="//pokemonshowdown.com/dex/">Pok&eacute;dex</a></li>
			<li><a class="button cur" href="/">Replays</a></li>
			<li><a class="button" href="//pokemonshowdown.com/ladder/">Ladder</a></li>
			<li><a class="button nav-last" href="//pokemonshowdown.com/forums/">Forum</a></li>
			<li><a class="button greenbutton nav-first nav-last" href="//play.pokemonshowdown.com/">Play</a></li>
		</ul></div>
	</header>

	<div class="main" id="main">

		<noscript><section class="section">You need to enable JavaScript to use this page; sorry!</section></noscript>

	</div>

</div>

<script defer nomodule src="//play.pokemonshowdown.com/js/lib/ps-polyfill.js"></script>
<script defer src="//play.pokemonshowdown.com/js/lib/preact.min.js"></script>

<script defer src="//play.pokemonshowdown.com/config/config.js?2bddbc15"></script>
<script defer src="//play.pokemonshowdown.com/js/lib/jquery-1.11.0.min.js"></script>
<script defer src="//play.pokemonshowdown.com/js/lib/html-sanitizer-minified.js"></script>
<script defer src="//play.pokemonshowdown.com/js/battle-sound.js"></script>
<script defer src="//play.pokemonshowdown.com/js/battledata.js?0.7209276989879541"></script>
<script defer src="//play.pokemonshowdown.com/data/pokedex-mini.js?0.6111056340867951"></script>
<script defer src="//play.pokemonshowdown.com/data/pokedex-mini-bw.js?0.3532142036491459"></script>
<script defer src="//play.pokemonshowdown.com/data/graphics.js?0.24223875632456182"></script>
<script defer src="//play.pokemonshowdown.com/data/pokedex.js?0.38839984266356864"></script>
<script defer src="//play.pokemonshowdown.com/data/moves.js?0.21866028504024015"></script>
<script defer src="//play.pokemonshowdown.com/data/abilities.js?0.2005157953846628"></script>
<script defer src="//play.pokemonshowdown.com/data/items.js?0.9894211263848525"></script>
<script defer src="//play.pokemonshowdown.com/data/teambuilder-tables.js?0.6008791140282215"></script>
<script defer src="//play.pokemonshowdown.com/js/battle-tooltips.js?0.7580118955022959"></script>
<script defer src="//play.pokemonshowdown.com/js/battle.js?0.6057722274234274"></script>

<script defer src="js/utils.js?e31f9a17"></script>
<script defer src="js/replays-battle.js?7008c182"></script>

<!-- don't scrape this data! just add .json or .log after the URL!
Full API docs: https://github.com/smogon/pokemon-showdown-client/blob/master/WEB-API.md -->
<script type="text/plain" class="log" id="replaylog-smogtours-gen3ou-802243">
|inactive|Battle timer is ON: inactive players will automatically lose when time's up.
|t:|1729970548
|gametype|singles
|player|p1|melee minion|102|
|player|p2|Yoink 0|265|
|teamsize|p1|6
|teamsize|p2|6
|gen|3
|tier|[Gen 3] OU
|rule|Sleep Clause Mod: Limit one foe put to sleep
|rule|Switch Priority Clause Mod: Faster Pokémon switch first
|rule|Species Clause: Limit one of each Pokémon
|rule|OHKO Clause: OHKO moves are banned
|rule|Evasion Items Clause: Evasion items are banned
|rule|Evasion Moves Clause: Evasion moves are banned
|rule|Endless Battle Clause: Forcing endless battles is banned
|rule|HP Percentage Mod: HP is shown in percentages
|rule|One Boost Passer Clause: Limit one Baton Passer that has a way to boost its stats
|rule|Freeze Clause Mod: Limit one foe frozen
|
|t:|1729970548
|start
|switch|p1a: Jiracheese|Jirachi|100/100
|switch|p2a: Zapdos|Zapdos|100/100
|turn|1
|
|t:|1729970563
|switch|p1a: Celery|Celebi|100/100
|move|p2a: Zapdos|Thunder Wave|p1a: Celery
|-status|p1a: Celery|par
|
|upkeep
|turn|2
|
|t:|1729970586
|switch|p2a: Snorlax|Snorlax, M, shiny|100/100
|move|p1a: Celery|Leech Seed|p2a: Snorlax
|-start|p2a: Snorlax|move: Leech Seed
|
|-damage|p2a: Snorlax|88/100|[from] Leech Seed|[of] p1a: Celery
|upkeep
|turn|3
|
|t:|1729970606
|-curestatus|p1a: Celery|par|[from] ability: Natural Cure
|switch|p1a: Magneton't|Skarmory, F|100/100
|move|p2a: Snorlax|Curse|p2a: Snorlax
|-unboost|p2a: Snorlax|spe|1
|-boost|p2a: Snorlax|atk|1
|-boost|p2a: Snorlax|def|1
|
|-heal|p2a: Snorlax|94/100|[from] item: Leftovers
|-damage|p2a: Snorlax|82/100|[from] Leech Seed|[of] p1a: Magneton't
|upkeep
|turn|4
|
|t:|1729970613
|move|p1a: Magneton't|Spikes|p2a: Snorlax
|-sidestart|p2: Yoink 0|Spikes
|move|p2a: Snorlax|Self-Destruct|p1a: Magneton't
|-resisted|p1a: Magneton't
|-damage|p1a: Magneton't|0 fnt
|faint|p2a: Snorlax
|faint|p1a: Magneton't
|
|t:|1729970622
|switch|p1a: Celery|Celebi|100/100
|switch|p2a: Claydol|Claydol|100/100
|
|upkeep
|turn|5
|
|t:|1729970626
|switch|p1a: Gargarian|Gengar, F|100/100
|move|p2a: Claydol|Rapid Spin|p1a: Gargarian
|-immune|p1a: Gargarian
|
|upkeep
|turn|6
|
|t:|1729970632
|move|p1a: Gargarian|Ice Punch|p2a: Claydol
|-supereffective|p2a: Claydol
|-damage|p2a: Claydol|58/100
|move|p2a: Claydol|Psychic|p1a: Gargarian
|-supereffective|p1a: Gargarian
|-damage|p1a: Gargarian|50/100
|
|-heal|p1a: Gargarian|56/100|[from] item: Leftovers
|-heal|p2a: Claydol|64/100|[from] item: Leftovers
|upkeep
|turn|7
|
|t:|1729970638
|switch|p2a: Tyranitar|Tyranitar, F, shiny|100/100
|-damage|p2a: Tyranitar|88/100|[from] Spikes
|-weather|Sandstorm|[from] ability: Sand Stream|[of] p2a: Tyranitar
|move|p1a: Gargarian|Ice Punch|p2a: Tyranitar
|-damage|p2a: Tyranitar|71/100
|
|-weather|Sandstorm|[upkeep]
|-damage|p1a: Gargarian|50/100|[from] Sandstorm
|-heal|p1a: Gargarian|56/100|[from] item: Leftovers
|-heal|p2a: Tyranitar|77/100|[from] item: Leftovers
|upkeep
|turn|8
|
|t:|1729970659
|switch|p1a: Jiracheese|Jirachi|100/100
|move|p2a: Tyranitar|Rock Slide|p1a: Jiracheese
|-resisted|p1a: Jiracheese
|-damage|p1a: Jiracheese|87/100
|
|-weather|Sandstorm|[upkeep]
|-heal|p1a: Jiracheese|93/100|[from] item: Leftovers
|-heal|p2a: Tyranitar|83/100|[from] item: Leftovers
|upkeep
|turn|9
|
|t:|1729970666
|move|p1a: Jiracheese|Calm Mind|p1a: Jiracheese
|-boost|p1a: Jiracheese|spa|1
|-boost|p1a: Jiracheese|spd|1
|move|p2a: Tyranitar|Earthquake|p1a: Jiracheese
|-supereffective|p1a: Jiracheese
|-damage|p1a: Jiracheese|50/100
|
|-weather|Sandstorm|[upkeep]
|-heal|p1a: Jiracheese|56/100|[from] item: Leftovers
|-heal|p2a: Tyranitar|89/100|[from] item: Leftovers
|upkeep
|turn|10
|
|t:|1729970674
|move|p1a: Jiracheese|Thunder|p2a: Tyranitar|[miss]
|-miss|p1a: Jiracheese|p2a: Tyranitar
|move|p2a: Tyranitar|Earthquake|p1a: Jiracheese
|-supereffective|p1a: Jiracheese
|-damage|p1a: Jiracheese|13/100
|
|-weather|Sandstorm|[upkeep]
|-heal|p1a: Jiracheese|19/100|[from] item: Leftovers
|-heal|p2a: Tyranitar|96/100|[from] item: Leftovers
|upkeep
|turn|11
|
|t:|1729970679
|switch|p1a: Celery|Celebi|100/100
|move|p2a: Tyranitar|Earthquake|p1a: Celery
|-resisted|p1a: Celery
|-damage|p1a: Celery|86/100
|
|-weather|Sandstorm|[upkeep]
|-damage|p1a: Celery|79/100|[from] Sandstorm
|-heal|p1a: Celery|86/100|[from] item: Leftovers
|-heal|p2a: Tyranitar|100/100|[from] item: Leftovers
|upkeep
|turn|12
|
|t:|1729970682
|move|p1a: Celery|Leech Seed|p2a: Tyranitar|[miss]
|-miss|p1a: Celery|p2a: Tyranitar
|move|p2a: Tyranitar|Hidden Power|p1a: Celery
|-supereffective|p1a: Celery
|-damage|p1a: Celery|0 fnt
|faint|p1a: Celery
|
|t:|1729970685
|switch|p1a: Hey Now|Starmie|100/100
|
|-weather|Sandstorm|[upkeep]
|-damage|p1a: Hey Now|94/100|[from] Sandstorm
|-heal|p1a: Hey Now|100/100|[from] item: Leftovers
|upkeep
|turn|13
|inactive|Yoink 0 has 270 seconds left.
|
|t:|1729970739
|move|p1a: Hey Now|Surf|p2a: Tyranitar
|-supereffective|p2a: Tyranitar
|-damage|p2a: Tyranitar|43/100
|move|p2a: Tyranitar|Hidden Power|p1a: Hey Now
|-supereffective|p1a: Hey Now
|-damage|p1a: Hey Now|40/100
|
|-weather|Sandstorm|[upkeep]
|-damage|p1a: Hey Now|34/100|[from] Sandstorm
|-heal|p1a: Hey Now|40/100|[from] item: Leftovers
|-heal|p2a: Tyranitar|50/100|[from] item: Leftovers
|upkeep
|turn|14
|
|t:|1729970757
|switch|p2a: Zapdos|Zapdos|100/100
|move|p1a: Hey Now|Surf|p2a: Zapdos
|-damage|p2a: Zapdos|75/100
|
|-weather|Sandstorm|[upkeep]
|-damage|p1a: Hey Now|34/100|[from] Sandstorm
|-damage|p2a: Zapdos|69/100|[from] Sandstorm
|-heal|p1a: Hey Now|40/100|[from] item: Leftovers
|-heal|p2a: Zapdos|75/100|[from] item: Leftovers
|upkeep
|turn|15
|
|t:|1729970763
|switch|p1a: Ronflexn't|Snorlax, F|100/100
|move|p2a: Zapdos|Thunderbolt|p1a: Ronflexn't
|-damage|p1a: Ronflexn't|80/100
|
|-weather|Sandstorm|[upkeep]
|-damage|p2a: Zapdos|69/100|[from] Sandstorm
|-damage|p1a: Ronflexn't|74/100|[from] Sandstorm
|-heal|p2a: Zapdos|75/100|[from] item: Leftovers
|-heal|p1a: Ronflexn't|80/100|[from] item: Leftovers
|upkeep
|turn|16
|
|t:|1729970775
|switch|p2a: Claydol|Claydol|64/100
|move|p1a: Ronflexn't|Curse|p1a: Ronflexn't
|-unboost|p1a: Ronflexn't|spe|1
|-boost|p1a: Ronflexn't|atk|1
|-boost|p1a: Ronflexn't|def|1
|
|-weather|Sandstorm|[upkeep]
|-damage|p1a: Ronflexn't|74/100|[from] Sandstorm
|-heal|p2a: Claydol|70/100|[from] item: Leftovers
|-heal|p1a: Ronflexn't|80/100|[from] item: Leftovers
|upkeep
|turn|17
|
|t:|1729970782
|move|p2a: Claydol|Psychic|p1a: Ronflexn't
|-damage|p1a: Ronflexn't|70/100
|move|p1a: Ronflexn't|Shadow Ball|p2a: Claydol
|-supereffective|p2a: Claydol
|-damage|p2a: Claydol|0 fnt
|faint|p2a: Claydol
|
|t:|1729970790
|switch|p2a: Swampert|Swampert, M, shiny|100/100
|-damage|p2a: Swampert|88/100|[from] Spikes
|
|-weather|Sandstorm|[upkeep]
|-damage|p1a: Ronflexn't|64/100|[from] Sandstorm
|-heal|p1a: Ronflexn't|70/100|[from] item: Leftovers
|upkeep
|turn|18
|
|t:|1729970802
|move|p2a: Swampert|Substitute|p2a: Swampert
|-start|p2a: Swampert|Substitute
|-damage|p2a: Swampert|63/100
|move|p1a: Ronflexn't|Curse|p1a: Ronflexn't
|-unboost|p1a: Ronflexn't|spe|1
|-boost|p1a: Ronflexn't|atk|1
|-boost|p1a: Ronflexn't|def|1
|
|-weather|Sandstorm|[upkeep]
|-damage|p1a: Ronflexn't|64/100|[from] Sandstorm
|-heal|p1a: Ronflexn't|70/100|[from] item: Leftovers
|upkeep
|turn|19
|
|t:|1729970806
|move|p2a: Swampert|Surf|p1a: Ronflexn't
|-damage|p1a: Ronflexn't|51/100
|move|p1a: Ronflexn't|Curse|p1a: Ronflexn't
|-unboost|p1a: Ronflexn't|spe|1
|-boost|p1a: Ronflexn't|atk|1
|-boost|p1a: Ronflexn't|def|1
|
|-weather|Sandstorm|[upkeep]
|-damage|p1a: Ronflexn't|44/100|[from] Sandstorm
|-heal|p1a: Ronflexn't|51/100|[from] item: Leftovers
|upkeep
|turn|20
|
|t:|1729970812
|move|p2a: Swampert|Surf|p1a: Ronflexn't
|-crit|p1a: Ronflexn't
|-damage|p1a: Ronflexn't|11/100
|move|p1a: Ronflexn't|Curse|p1a: Ronflexn't
|-unboost|p1a: Ronflexn't|spe|1
|-boost|p1a: Ronflexn't|atk|1
|-boost|p1a: Ronflexn't|def|1
|
|-weather|Sandstorm|[upkeep]
|-damage|p1a: Ronflexn't|5/100|[from] Sandstorm
|-heal|p1a: Ronflexn't|11/100|[from] item: Leftovers
|upkeep
|turn|21
|
|t:|1729970817
|move|p2a: Swampert|Surf|p1a: Ronflexn't
|-damage|p1a: Ronflexn't|0 fnt
|faint|p1a: Ronflexn't
|
|t:|1729970822
|switch|p1a: Hey Now|Starmie|40/100
|
|-weather|Sandstorm|[upkeep]
|-damage|p1a: Hey Now|34/100|[from] Sandstorm
|-heal|p1a: Hey Now|40/100|[from] item: Leftovers
|upkeep
|turn|22
|
|t:|1729970826
|move|p1a: Hey Now|Surf|p2a: Swampert
|-end|p2a: Swampert|Substitute
|move|p2a: Swampert|Substitute|p2a: Swampert
|-start|p2a: Swampert|Substitute
|-damage|p2a: Swampert|38/100
|
|-weather|Sandstorm|[upkeep]
|-damage|p1a: Hey Now|34/100|[from] Sandstorm
|-heal|p1a: Hey Now|40/100|[from] item: Leftovers
|upkeep
|turn|23
|
|t:|1729970831
|move|p1a: Hey Now|Recover|p1a: Hey Now
|-heal|p1a: Hey Now|90/100
|move|p2a: Swampert|Substitute|p2a: Swampert
|-fail|p2a: Swampert|move: Substitute
|
|-weather|Sandstorm|[upkeep]
|-damage|p1a: Hey Now|84/100|[from] Sandstorm
|-heal|p1a: Hey Now|90/100|[from] item: Leftovers
|upkeep
|turn|24
|
|t:|1729970835
|move|p1a: Hey Now|Surf|p2a: Swampert
|-end|p2a: Swampert|Substitute
|move|p2a: Swampert|Substitute|p2a: Swampert
|-start|p2a: Swampert|Substitute
|-damage|p2a: Swampert|13/100
|
|-weather|Sandstorm|[upkeep]
|-damage|p1a: Hey Now|84/100|[from] Sandstorm
|-heal|p1a: Hey Now|90/100|[from] item: Leftovers
|-enditem|p2a: Swampert|Salac Berry|[eat]
|-boost|p2a: Swampert|spe|1|[from] item: Salac Berry
|upkeep
|turn|25
|
|t:|1729970840
|move|p2a: Swampert|Endeavor|p1a: Hey Now
|-damage|p1a: Hey Now|14/100
|move|p1a: Hey Now|Surf|p2a: Swampert
|-end|p2a: Swampert|Substitute
|
|-weather|Sandstorm|[upkeep]
|-damage|p1a: Hey Now|8/100|[from] Sandstorm
|-heal|p1a: Hey Now|14/100|[from] item: Leftovers
|upkeep
|turn|26
|
|t:|1729970844
|switch|p1a: Gargarian|Gengar, F|56/100
|move|p2a: Swampert|Surf|p1a: Gargarian
|-damage|p1a: Gargarian|0 fnt
|faint|p1a: Gargarian
|
|t:|1729970845
|switch|p1a: Jiracheese|Jirachi|19/100
|
|-weather|Sandstorm|[upkeep]
|-heal|p1a: Jiracheese|25/100|[from] item: Leftovers
|upkeep
|turn|27
|
|t:|1729970848
|move|p2a: Swampert|Surf|p1a: Jiracheese
|-crit|p1a: Jiracheese
|-damage|p1a: Jiracheese|0 fnt
|faint|p1a: Jiracheese
|
|t:|1729970851
|switch|p1a: Hey Now|Starmie|14/100
|
|-weather|Sandstorm|[upkeep]
|-damage|p1a: Hey Now|8/100|[from] Sandstorm
|-heal|p1a: Hey Now|14/100|[from] item: Leftovers
|upkeep
|turn|28
|c|☆Yoink 0|ggs
|c|☆Yoink 0|gl with future rounds
|
|t:|1729970861
|move|p2a: Swampert|Surf|p1a: Hey Now
|-resisted|p1a: Hey Now
|-damage|p1a: Hey Now|0 fnt
|faint|p1a: Hey Now
|
|win|Yoink 0
|c|☆melee minion|gg
|c|☆melee minion|gl in the next
|player|p1|

</script>
<script type="application/json" class="data" id="replaydata-smogtours-gen3ou-802243">
{"id":"smogtours-gen3ou-802243","format":"[Gen 3] OU","players":["melee minion","Yoink 0"],"uploadtime":1729970861,"views":73,"formatid":"gen3ou","rating":null,"private":0,"password":null}
</script>

<script defer src="js/replays.js?9d40a366"></script>
