<!DOCTYPE html>
<meta charset="utf-8" />
<meta name="viewport" content="width=device-width" />

<title>[Gen 3] OU: stinkyaccountant vs. yt-cyber-dj - Replays - Pok&eacute;mon Showdown!</title>

<meta name="description" content="Watch a replay of a Pok&eacute;mon battle between stinkyaccountant and yt-cyber-dj! Format: [Gen 3] OU; Date: Oct 28, 2024" />
<!--

Hey, you! Looking in the source for the replay log?

You can find them in JSON format, just add `.json` at the end of a replay URL.

https://replay.pokemonshowdown.com/gen7randomdoublesbattle-865046831.json

Or, if you only need the log itself, add `.log` instead:

https://replay.pokemonshowdown.com/gen7randomdoublesbattle-865046831.log

-->

<link rel="stylesheet" href="//pokemonshowdown.com/style/global.css?0.023195364461161105" />
<link rel="stylesheet" href="//play.pokemonshowdown.com/style/font-awesome.css?0.13261647063804238" />
<link rel="stylesheet" href="//play.pokemonshowdown.com/style/battle.css?0.8753245789963631" />
<link rel="stylesheet" href="//play.pokemonshowdown.com/style/utilichart.css?0.8627959624976733" />

<!-- Global site tag (gtag.js) - Google Analytics -->
<script async src="https://www.googletagmanager.com/gtag/js?id=UA-26211653-1"></script>
<script>
  window.dataLayer = window.dataLayer || [];
  function gtag(){dataLayer.push(arguments);}
  gtag('js', new Date());

  gtag('config', 'UA-26211653-1');
</script>
<!-- End Google Analytics -->
<!-- Venatus Ad Manager - Install in <HEAD> of page -->
	<script src="https://hb.vntsm.com/v3/live/ad-manager.min.js" type="text/javascript" data-site-id="642aba63ec9a7b11c3c9c1be" data-mode="scan" async></script>
<!-- / Venatus Ad Manager -->

<style>
	@media (max-width:820px) {
		.battle {
			margin: 0 auto;
		}
		.battle-log {
			margin: 7px auto 0;
			max-width: 640px;
			height: 300px;
			position: static;
		}
	}
	.optgroup {
		display: inline-block;
		line-height: 22px;
		font-size: 10pt;
	}
	.optgroup .button {
		height: 25px;
		padding-top: 0;
		padding-bottom: 0;
	}
	.optgroup button.button {
		padding-left: 12px;
		padding-right: 12px;
	}
	.linklist {
		list-style: none;
		margin: 0.5em 0;
		padding: 0;
	}
	.linklist li {
		padding: 2px 0;
	}
	.sidebar {
		float: left;
		width: 320px;
	}
	.bar-wrapper {
		max-width: 1100px;
		margin: 0 auto;
	}
	.bar-wrapper.has-sidebar {
		max-width: 1430px;
	}
	.mainbar {
		margin: 0;
		padding-right: 1px;
	}
	.mainbar.has-sidebar {
		margin-left: 330px;
	}
	@media (min-width: 1511px) {
		.sidebar {
			width: 400px;
		}
		.bar-wrapper.has-sidebar {
			max-width: 1510px;
		}
		.mainbar.has-sidebar {
			margin-left: 410px;
		}
	}
	.section.first-section {
		margin-top: 9px;
	}
	.blocklink small {
		white-space: normal;
	}
	.button {
		vertical-align: middle;
	}
	.replay-controls {
		padding-top: 10px;
	}
	.replay-controls h1 {
		font-size: 16pt;
		font-weight: normal;
		color: #CCC;
	}
	.pagelink {
		text-align: center;
	}
	.pagelink a {
		width: 150px;
	}
	.textbox, .button {
		font-size: 11pt;
		vertical-align: middle;
	}
	@media (max-width: 450px) {
		.button {
			font-size: 9pt;
		}
	}
</style>

<div>

	<header>
		<div class="nav-wrapper"><ul class="nav">
			<li><a class="button nav-first" href="//pokemonshowdown.com/"><img src="//pokemonshowdown.com/images/pokemonshowdownbeta.png" srcset="//pokemonshowdown.com/images/pokemonshowdownbeta.png 1x, //pokemonshowdown.com/images/pokemonshowdownbeta@2x.png 2x" alt="Pok&eacute;mon Showdown" width="146" height="44" /> Home</a></li>
			<li><a class="button" href="//pokemonshowdown.com/dex/">Pok&eacute;dex</a></li>
			<li><a class="button cur" href="/">Replays</a></li>
			<li><a class="button" href="//pokemonshowdown.com/ladder/">Ladder</a></li>
			<li><a class="button nav-last" href="//pokemonshowdown.com/forums/">Forum</a></li>
			<li><a class="button greenbutton nav-first nav-last" href="//play.pokemonshowdown.com/">Play</a></li>
		</ul></div>
	</header>

	<div class="main" id="main">

		<noscript><section class="section">You need to enable JavaScript to use this page; sorry!</section></noscript>

	</div>

</div>

<script defer nomodule src="//play.pokemonshowdown.com/js/lib/ps-polyfill.js"></script>
<script defer src="//play.pokemonshowdown.com/js/lib/preact.min.js"></script>

<script defer src="//play.pokemonshowdown.com/config/config.js?2bddbc15"></script>
<script defer src="//play.pokemonshowdown.com/js/lib/jquery-1.11.0.min.js"></script>
<script defer src="//play.pokemonshowdown.com/js/lib/html-sanitizer-minified.js"></script>
<script defer src="//play.pokemonshowdown.com/js/battle-sound.js"></script>
<script defer src="//play.pokemonshowdown.com/js/battledata.js?0.7209276989879541"></script>
<script defer src="//play.pokemonshowdown.com/data/pokedex-mini.js?0.6111056340867951"></script>
<script defer src="//play.pokemonshowdown.com/data/pokedex-mini-bw.js?0.3532142036491459"></script>
<script defer src="//play.pokemonshowdown.com/data/graphics.js?0.24223875632456182"></script>
<script defer src="//play.pokemonshowdown.com/data/pokedex.js?0.38839984266356864"></script>
<script defer src="//play.pokemonshowdown.com/data/moves.js?0.21866028504024015"></script>
<script defer src="//play.pokemonshowdown.com/data/abilities.js?0.2005157953846628"></script>
<script defer src="//play.pokemonshowdown.com/data/items.js?0.9894211263848525"></script>
<script defer src="//play.pokemonshowdown.com/data/teambuilder-tables.js?0.6008791140282215"></script>
<script defer src="//play.pokemonshowdown.com/js/battle-tooltips.js?0.7580118955022959"></script>
<script defer src="//play.pokemonshowdown.com/js/battle.js?0.6057722274234274"></script>

<script defer src="js/utils.js?e31f9a17"></script>
<script defer src="js/replays-battle.js?7008c182"></script>

<!-- don't scrape this data! just add .json or .log after the URL!
Full API docs: https://github.com/smogon/pokemon-showdown-client/blob/master/WEB-API.md -->
<script type="text/plain" class="log" id="replaylog-smogtours-gen3ou-802989">
|inactive|Battle timer is ON: inactive players will automatically lose when time's up.
|t:|1730073728
|gametype|singles
|player|p1|stinkyaccountant|169|
|player|p2|yt-cyber-dj|gambler|
|teamsize|p1|6
|teamsize|p2|6
|gen|3
|tier|[Gen 3] OU
|rule|Sleep Clause Mod: Limit one foe put to sleep
|rule|Switch Priority Clause Mod: Faster Pokémon switch first
|rule|Species Clause: Limit one of each Pokémon
|rule|OHKO Clause: OHKO moves are banned
|rule|Evasion Items Clause: Evasion items are banned
|rule|Evasion Moves Clause: Evasion moves are banned
|rule|Endless Battle Clause: Forcing endless battles is banned
|rule|HP Percentage Mod: HP is shown in percentages
|rule|One Boost Passer Clause: Limit one Baton Passer that has a way to boost its stats
|rule|Freeze Clause Mod: Limit one foe frozen
|
|t:|1730073728
|start
|switch|p1a: Zapdos|Zapdos|100/100
|switch|p2a: Zapdos|Zapdos|100/100
|turn|1
|
|t:|1730073755
|switch|p2a: Celebi|Celebi|100/100
|move|p1a: Zapdos|Thunderbolt|p2a: Celebi
|-resisted|p2a: Celebi
|-damage|p2a: Celebi|86/100
|
|-heal|p2a: Celebi|92/100|[from] item: Leftovers
|upkeep
|turn|2
|
|t:|1730073779
|switch|p1a: Tyranitar|Tyranitar, M|100/100
|-weather|Sandstorm|[from] ability: Sand Stream|[of] p1a: Tyranitar
|move|p2a: Celebi|Baton Pass|p2a: Celebi
|inactive|yt-cyber-dj has 270 seconds left.
|
|t:|1730073819
|switch|p2a: Dugtrio|Dugtrio, M|100/100|[from] Baton Pass
|
|-weather|Sandstorm|[upkeep]
|upkeep
|turn|3
|
|t:|1730073836
|move|p2a: Dugtrio|Earthquake|p1a: Tyranitar
|-supereffective|p1a: Tyranitar
|-damage|p1a: Tyranitar|0 fnt
|faint|p1a: Tyranitar
|
|t:|1730073847
|switch|p1a: Zapdos|Zapdos|100/100
|
|-weather|Sandstorm|[upkeep]
|-damage|p1a: Zapdos|94/100|[from] Sandstorm
|-heal|p1a: Zapdos|100/100|[from] item: Leftovers
|upkeep
|turn|4
|inactive|yt-cyber-dj has 270 seconds left.
|
|t:|1730073879
|switch|p2a: Celebi|Celebi|92/100
|move|p1a: Zapdos|Hidden Power|p2a: Celebi
|-supereffective|p2a: Celebi
|-damage|p2a: Celebi|61/100
|
|-weather|Sandstorm|[upkeep]
|-damage|p1a: Zapdos|94/100|[from] Sandstorm
|-damage|p2a: Celebi|54/100|[from] Sandstorm
|-heal|p1a: Zapdos|100/100|[from] item: Leftovers
|-heal|p2a: Celebi|61/100|[from] item: Leftovers
|upkeep
|turn|5
|inactive|yt-cyber-dj has 240 seconds left.
|
|t:|1730073926
|move|p1a: Zapdos|Substitute|p1a: Zapdos
|-start|p1a: Zapdos|Substitute
|-damage|p1a: Zapdos|76/100
|move|p2a: Celebi|Recover|p2a: Celebi
|-heal|p2a: Celebi|100/100
|
|-weather|Sandstorm|[upkeep]
|-damage|p1a: Zapdos|69/100|[from] Sandstorm
|-damage|p2a: Celebi|94/100|[from] Sandstorm
|-heal|p1a: Zapdos|76/100|[from] item: Leftovers
|-heal|p2a: Celebi|100/100|[from] item: Leftovers
|upkeep
|turn|6
|inactive|stinkyaccountant has 270 seconds left.
|
|t:|1730073947
|move|p1a: Zapdos|Baton Pass|p1a: Zapdos
|
|t:|1730073954
|switch|p1a: Metagross|Metagross|100/100|[from] Baton Pass
|move|p2a: Celebi|Psychic|p1a: Metagross
|-resisted|p1a: Metagross
|-activate|p1a: Metagross|Substitute|[damage]
|
|-weather|Sandstorm|[upkeep]
|-damage|p2a: Celebi|94/100|[from] Sandstorm
|-heal|p2a: Celebi|100/100|[from] item: Leftovers
|upkeep
|turn|7
|inactive|stinkyaccountant has 270 seconds left.
|inactive|yt-cyber-dj has 240 seconds left.
|
|t:|1730073968
|switch|p2a: Zapdos|Zapdos|100/100
|move|p1a: Metagross|Meteor Mash|p2a: Zapdos
|-resisted|p2a: Zapdos
|-damage|p2a: Zapdos|76/100
|
|-weather|Sandstorm|[upkeep]
|-damage|p2a: Zapdos|70/100|[from] Sandstorm
|-heal|p2a: Zapdos|76/100|[from] item: Leftovers
|upkeep
|turn|8
|inactive|stinkyaccountant has 270 seconds left.
|
|t:|1730073977
|move|p2a: Zapdos|Thunderbolt|p1a: Metagross
|-end|p1a: Metagross|Substitute
|move|p1a: Metagross|Meteor Mash|p2a: Zapdos
|-resisted|p2a: Zapdos
|-damage|p2a: Zapdos|49/100
|
|-weather|Sandstorm|[upkeep]
|-damage|p2a: Zapdos|42/100|[from] Sandstorm
|-heal|p2a: Zapdos|49/100|[from] item: Leftovers
|upkeep
|turn|9
|inactive|stinkyaccountant has 270 seconds left.
|
|t:|1730073998
|move|p2a: Zapdos|Thunder Wave|p1a: Metagross
|-status|p1a: Metagross|par
|move|p1a: Metagross|Meteor Mash|p2a: Zapdos
|-resisted|p2a: Zapdos
|-damage|p2a: Zapdos|22/100
|
|-weather|Sandstorm|[upkeep]
|-damage|p2a: Zapdos|16/100|[from] Sandstorm
|-heal|p2a: Zapdos|22/100|[from] item: Leftovers
|upkeep
|turn|10
|inactive|stinkyaccountant has 240 seconds left.
|
|t:|1730074030
|switch|p1a: Blissey|Blissey, F|100/100
|move|p2a: Zapdos|Baton Pass|p2a: Zapdos
|
|t:|1730074033
|switch|p2a: Dugtrio|Dugtrio, M|100/100|[from] Baton Pass
|
|-weather|Sandstorm|[upkeep]
|-damage|p1a: Blissey|94/100|[from] Sandstorm
|-heal|p1a: Blissey|100/100|[from] item: Leftovers
|upkeep
|turn|11
|inactive|stinkyaccountant has 240 seconds left.
|
|t:|1730074064
|move|p2a: Dugtrio|Earthquake|p1a: Blissey
|-damage|p1a: Blissey|49/100
|move|p1a: Blissey|Ice Beam|p2a: Dugtrio
|-supereffective|p2a: Dugtrio
|-damage|p2a: Dugtrio|38/100
|
|-weather|Sandstorm|[upkeep]
|-damage|p1a: Blissey|43/100|[from] Sandstorm
|-heal|p1a: Blissey|49/100|[from] item: Leftovers
|upkeep
|turn|12
|
|t:|1730074075
|move|p2a: Dugtrio|Earthquake|p1a: Blissey
|-damage|p1a: Blissey|0 fnt
|faint|p1a: Blissey
|
|t:|1730074081
|switch|p1a: Zapdos|Zapdos|76/100
|
|-weather|Sandstorm|[upkeep]
|-damage|p1a: Zapdos|69/100|[from] Sandstorm
|-heal|p1a: Zapdos|76/100|[from] item: Leftovers
|upkeep
|turn|13
|inactive|yt-cyber-dj has 270 seconds left.
|
|t:|1730074105
|switch|p2a: Celebi|Celebi|100/100
|move|p1a: Zapdos|Substitute|p1a: Zapdos
|-start|p1a: Zapdos|Substitute
|-damage|p1a: Zapdos|51/100
|
|-weather|Sandstorm|[upkeep]
|-damage|p1a: Zapdos|44/100|[from] Sandstorm
|-damage|p2a: Celebi|94/100|[from] Sandstorm
|-heal|p1a: Zapdos|51/100|[from] item: Leftovers
|-heal|p2a: Celebi|100/100|[from] item: Leftovers
|upkeep
|turn|14
|
|t:|1730074109
|move|p1a: Zapdos|Baton Pass|p1a: Zapdos
|
|t:|1730074121
|switch|p1a: Hariyama|Hariyama, M|100/100|[from] Baton Pass
|move|p2a: Celebi|Baton Pass|p2a: Celebi
|
|t:|1730074127
|switch|p2a: Starmie|Starmie|100/100|[from] Baton Pass
|
|-weather|Sandstorm|[upkeep]
|-damage|p2a: Starmie|94/100|[from] Sandstorm
|-damage|p1a: Hariyama|94/100|[from] Sandstorm
|-heal|p2a: Starmie|100/100|[from] item: Leftovers
|-heal|p1a: Hariyama|100/100|[from] item: Leftovers
|upkeep
|turn|15
|
|t:|1730074141
|move|p2a: Starmie|Thunderbolt|p1a: Hariyama
|-end|p1a: Hariyama|Substitute
|move|p1a: Hariyama|Hidden Power|p2a: Starmie
|-supereffective|p2a: Starmie
|-crit|p2a: Starmie
|-damage|p2a: Starmie|0 fnt
|faint|p2a: Starmie
|
|t:|1730074150
|switch|p2a: Zapdos|Zapdos|22/100
|
|-weather|Sandstorm|[upkeep]
|-damage|p2a: Zapdos|16/100|[from] Sandstorm
|-damage|p1a: Hariyama|94/100|[from] Sandstorm
|-heal|p2a: Zapdos|22/100|[from] item: Leftovers
|-heal|p1a: Hariyama|100/100|[from] item: Leftovers
|upkeep
|turn|16
|
|t:|1730074161
|switch|p1a: Metagross|Metagross|100/100 par
|move|p2a: Zapdos|Thunderbolt|p1a: Metagross
|-damage|p1a: Metagross|57/100 par
|
|-weather|Sandstorm|[upkeep]
|-damage|p2a: Zapdos|16/100|[from] Sandstorm
|-heal|p2a: Zapdos|22/100|[from] item: Leftovers
|-heal|p1a: Metagross|63/100 par|[from] item: Leftovers
|upkeep
|turn|17
|inactive|stinkyaccountant has 210 seconds left.
|
|t:|1730074214
|switch|p2a: Swampert|Swampert, M|100/100
|cant|p1a: Metagross|par
|
|-weather|Sandstorm|[upkeep]
|-heal|p1a: Metagross|69/100 par|[from] item: Leftovers
|upkeep
|turn|18
|inactive|stinkyaccountant has 180 seconds left.
|
|t:|1730074251
|move|p2a: Swampert|Protect|p2a: Swampert
|-singleturn|p2a: Swampert|Protect
|cant|p1a: Metagross|par
|
|-weather|Sandstorm|[upkeep]
|-heal|p1a: Metagross|75/100 par|[from] item: Leftovers
|upkeep
|turn|19
|
|t:|1730074257
|switch|p2a: Dugtrio|Dugtrio, M|38/100
|cant|p1a: Metagross|par
|
|-weather|Sandstorm|[upkeep]
|-heal|p1a: Metagross|82/100 par|[from] item: Leftovers
|upkeep
|turn|20
|inactive|stinkyaccountant has 180 seconds left.
|
|t:|1730074263
|move|p1a: Metagross|Protect|p1a: Metagross
|-singleturn|p1a: Metagross|Protect
|move|p2a: Dugtrio|Earthquake|p1a: Metagross
|-activate|p1a: Metagross|Protect
|
|-weather|Sandstorm|[upkeep]
|-heal|p1a: Metagross|88/100 par|[from] item: Leftovers
|upkeep
|turn|21
|
|t:|1730074269
|move|p2a: Dugtrio|Earthquake|p1a: Metagross
|-supereffective|p1a: Metagross
|-damage|p1a: Metagross|16/100 par
|cant|p1a: Metagross|par
|
|-weather|Sandstorm|[upkeep]
|-heal|p1a: Metagross|22/100 par|[from] item: Leftovers
|upkeep
|turn|22
|
|t:|1730074275
|move|p1a: Metagross|Protect|p1a: Metagross
|-singleturn|p1a: Metagross|Protect
|move|p2a: Dugtrio|Earthquake|p1a: Metagross
|-activate|p1a: Metagross|Protect
|
|-weather|Sandstorm|[upkeep]
|-heal|p1a: Metagross|29/100 par|[from] item: Leftovers
|upkeep
|turn|23
|
|t:|1730074279
|move|p1a: Metagross|Protect|p1a: Metagross
|-singleturn|p1a: Metagross|Protect
|move|p2a: Dugtrio|Earthquake|p1a: Metagross
|-activate|p1a: Metagross|Protect
|
|-weather|Sandstorm|[upkeep]
|-heal|p1a: Metagross|35/100 par|[from] item: Leftovers
|upkeep
|turn|24
|
|t:|1730074288
|move|p1a: Metagross|Protect||[still]
|-fail|p1a: Metagross
|move|p2a: Dugtrio|Earthquake|p1a: Metagross
|-supereffective|p1a: Metagross
|-damage|p1a: Metagross|0 fnt
|faint|p1a: Metagross
|
|t:|1730074316
|switch|p1a: Zapdos|Zapdos|51/100
|
|-weather|Sandstorm|[upkeep]
|-damage|p1a: Zapdos|44/100|[from] Sandstorm
|-heal|p1a: Zapdos|51/100|[from] item: Leftovers
|upkeep
|turn|25
|
|t:|1730074326
|switch|p2a: Celebi|Celebi|100/100
|switch|p1a: Starmie|Starmie|100/100
|
|-weather|Sandstorm|[upkeep]
|-damage|p1a: Starmie|94/100|[from] Sandstorm
|-damage|p2a: Celebi|94/100|[from] Sandstorm
|-heal|p1a: Starmie|100/100|[from] item: Leftovers
|-heal|p2a: Celebi|100/100|[from] item: Leftovers
|upkeep
|turn|26
|
|t:|1730074338
|move|p1a: Starmie|Thunder Wave|p2a: Celebi
|-status|p2a: Celebi|par
|cant|p2a: Celebi|par
|
|-weather|Sandstorm|[upkeep]
|-damage|p1a: Starmie|94/100|[from] Sandstorm
|-damage|p2a: Celebi|94/100 par|[from] Sandstorm
|-heal|p1a: Starmie|100/100|[from] item: Leftovers
|-heal|p2a: Celebi|100/100 par|[from] item: Leftovers
|upkeep
|turn|27
|
|t:|1730074343
|switch|p1a: Hariyama|Hariyama, M|100/100
|cant|p2a: Celebi|par
|
|-weather|Sandstorm|[upkeep]
|-damage|p1a: Hariyama|94/100|[from] Sandstorm
|-damage|p2a: Celebi|94/100 par|[from] Sandstorm
|-heal|p1a: Hariyama|100/100|[from] item: Leftovers
|-heal|p2a: Celebi|100/100 par|[from] item: Leftovers
|upkeep
|turn|28
|
|t:|1730074357
|-singleturn|p1a: Hariyama|move: Focus Punch
|-curestatus|p2a: Celebi|par|[from] ability: Natural Cure
|switch|p2a: Dugtrio|Dugtrio, M|38/100
|move|p1a: Hariyama|Focus Punch|p2a: Dugtrio
|-damage|p2a: Dugtrio|0 fnt
|faint|p2a: Dugtrio
|
|t:|1730074362
|switch|p2a: Zapdos|Zapdos|22/100
|
|-weather|Sandstorm|[upkeep]
|-damage|p2a: Zapdos|16/100|[from] Sandstorm
|-damage|p1a: Hariyama|94/100|[from] Sandstorm
|-heal|p2a: Zapdos|22/100|[from] item: Leftovers
|-heal|p1a: Hariyama|100/100|[from] item: Leftovers
|upkeep
|turn|29
|inactive|stinkyaccountant has 210 seconds left.
|
|t:|1730074373
|move|p2a: Zapdos|Thunderbolt|p1a: Hariyama
|-damage|p1a: Hariyama|51/100
|move|p1a: Hariyama|Rock Slide|p2a: Zapdos
|-supereffective|p2a: Zapdos
|-damage|p2a: Zapdos|0 fnt
|faint|p2a: Zapdos
|
|t:|1730074378
|switch|p2a: Swampert|Swampert, M|100/100
|
|-weather|Sandstorm|[upkeep]
|-damage|p1a: Hariyama|45/100|[from] Sandstorm
|-heal|p1a: Hariyama|51/100|[from] item: Leftovers
|upkeep
|turn|30
|inactive|stinkyaccountant has 210 seconds left.
|
|t:|1730074399
|switch|p1a: Starmie|Starmie|100/100
|move|p2a: Swampert|Hydro Pump|p1a: Starmie
|-resisted|p1a: Starmie
|-damage|p1a: Starmie|77/100
|
|-weather|Sandstorm|[upkeep]
|-damage|p1a: Starmie|71/100|[from] Sandstorm
|-heal|p1a: Starmie|77/100|[from] item: Leftovers
|upkeep
|turn|31
|inactive|stinkyaccountant has 210 seconds left.
|
|t:|1730074407
|switch|p2a: Celebi|Celebi|100/100
|move|p1a: Starmie|Surf|p2a: Celebi
|-resisted|p2a: Celebi
|-damage|p2a: Celebi|89/100
|
|-weather|Sandstorm|[upkeep]
|-damage|p1a: Starmie|71/100|[from] Sandstorm
|-damage|p2a: Celebi|83/100|[from] Sandstorm
|-heal|p1a: Starmie|77/100|[from] item: Leftovers
|-heal|p2a: Celebi|89/100|[from] item: Leftovers
|upkeep
|turn|32
|inactive|stinkyaccountant has 210 seconds left.
|
|t:|1730074431
|move|p1a: Starmie|Thunder Wave|p2a: Celebi
|-status|p2a: Celebi|par
|move|p2a: Celebi|Psychic|p1a: Starmie
|-resisted|p1a: Starmie
|-damage|p1a: Starmie|59/100
|
|-weather|Sandstorm|[upkeep]
|-damage|p1a: Starmie|53/100|[from] Sandstorm
|-damage|p2a: Celebi|83/100 par|[from] Sandstorm
|-heal|p1a: Starmie|59/100|[from] item: Leftovers
|-heal|p2a: Celebi|89/100 par|[from] item: Leftovers
|upkeep
|turn|33
|
|t:|1730074437
|move|p1a: Starmie|Surf|p2a: Celebi
|-resisted|p2a: Celebi
|-damage|p2a: Celebi|79/100 par
|move|p2a: Celebi|Psychic|p1a: Starmie
|-resisted|p1a: Starmie
|-crit|p1a: Starmie
|-damage|p1a: Starmie|21/100
|
|-weather|Sandstorm|[upkeep]
|-damage|p1a: Starmie|15/100|[from] Sandstorm
|-damage|p2a: Celebi|73/100 par|[from] Sandstorm
|-heal|p1a: Starmie|21/100|[from] item: Leftovers
|-heal|p2a: Celebi|79/100 par|[from] item: Leftovers
|upkeep
|turn|34
|inactive|stinkyaccountant has 210 seconds left.
|
|t:|1730074443
|move|p1a: Starmie|Recover|p1a: Starmie
|-heal|p1a: Starmie|71/100
|cant|p2a: Celebi|par
|
|-weather|Sandstorm|[upkeep]
|-damage|p1a: Starmie|65/100|[from] Sandstorm
|-damage|p2a: Celebi|73/100 par|[from] Sandstorm
|-heal|p1a: Starmie|71/100|[from] item: Leftovers
|-heal|p2a: Celebi|79/100 par|[from] item: Leftovers
|upkeep
|turn|35
|inactive|stinkyaccountant has 210 seconds left.
|
|t:|1730074455
|switch|p1a: Zapdos|Zapdos|51/100
|move|p2a: Celebi|Psychic|p1a: Zapdos
|-damage|p1a: Zapdos|12/100
|
|-weather|Sandstorm|[upkeep]
|-damage|p1a: Zapdos|6/100|[from] Sandstorm
|-damage|p2a: Celebi|73/100 par|[from] Sandstorm
|-heal|p1a: Zapdos|12/100|[from] item: Leftovers
|-heal|p2a: Celebi|79/100 par|[from] item: Leftovers
|upkeep
|turn|36
|inactive|stinkyaccountant has 210 seconds left.
|
|t:|1730074466
|-curestatus|p2a: Celebi|par|[from] ability: Natural Cure
|switch|p2a: Swampert|Swampert, M|100/100
|move|p1a: Zapdos|Hidden Power|p2a: Swampert
|-damage|p2a: Swampert|81/100
|
|-weather|Sandstorm|[upkeep]
|-damage|p1a: Zapdos|6/100|[from] Sandstorm
|-heal|p1a: Zapdos|12/100|[from] item: Leftovers
|-heal|p2a: Swampert|87/100|[from] item: Leftovers
|upkeep
|turn|37
|
|t:|1730074476
|move|p1a: Zapdos|Baton Pass|p1a: Zapdos
|
|t:|1730074478
|switch|p1a: Starmie|Starmie|71/100|[from] Baton Pass
|move|p2a: Swampert|Ice Beam|p1a: Starmie
|-resisted|p1a: Starmie
|-damage|p1a: Starmie|59/100
|
|-weather|Sandstorm|[upkeep]
|-damage|p1a: Starmie|53/100|[from] Sandstorm
|-heal|p1a: Starmie|59/100|[from] item: Leftovers
|-heal|p2a: Swampert|94/100|[from] item: Leftovers
|upkeep
|turn|38
|
|t:|1730074488
|move|p1a: Starmie|Thunder Wave|p2a: Swampert
|-immune|p2a: Swampert
|move|p2a: Swampert|Earthquake|p1a: Starmie
|-damage|p1a: Starmie|12/100
|
|-weather|Sandstorm|[upkeep]
|-damage|p1a: Starmie|6/100|[from] Sandstorm
|-heal|p1a: Starmie|12/100|[from] item: Leftovers
|-heal|p2a: Swampert|99/100|[from] item: Leftovers
|upkeep
|turn|39
|
|t:|1730074498
|move|p1a: Starmie|Recover|p1a: Starmie
|-heal|p1a: Starmie|62/100
|move|p2a: Swampert|Earthquake|p1a: Starmie
|-damage|p1a: Starmie|21/100
|
|-weather|Sandstorm|[upkeep]
|-damage|p1a: Starmie|14/100|[from] Sandstorm
|-heal|p1a: Starmie|21/100|[from] item: Leftovers
|-heal|p2a: Swampert|100/100|[from] item: Leftovers
|upkeep
|turn|40
|
|t:|1730074503
|switch|p2a: Celebi|Celebi|79/100
|move|p1a: Starmie|Recover|p1a: Starmie
|-heal|p1a: Starmie|71/100
|
|-weather|Sandstorm|[upkeep]
|-damage|p1a: Starmie|64/100|[from] Sandstorm
|-damage|p2a: Celebi|73/100|[from] Sandstorm
|-heal|p1a: Starmie|71/100|[from] item: Leftovers
|-heal|p2a: Celebi|79/100|[from] item: Leftovers
|upkeep
|turn|41
|
|t:|1730074509
|move|p1a: Starmie|Thunder Wave|p2a: Celebi
|-status|p2a: Celebi|par
|move|p2a: Celebi|Leech Seed|p1a: Starmie
|-start|p1a: Starmie|move: Leech Seed
|
|-weather|Sandstorm|[upkeep]
|-damage|p1a: Starmie|64/100|[from] Sandstorm
|-damage|p2a: Celebi|73/100 par|[from] Sandstorm
|-heal|p1a: Starmie|71/100|[from] item: Leftovers
|-damage|p1a: Starmie|58/100|[from] Leech Seed|[of] p2a: Celebi
|-heal|p2a: Celebi|83/100 par|[silent]
|-heal|p2a: Celebi|89/100 par|[from] item: Leftovers
|upkeep
|turn|42
|
|t:|1730074515
|move|p1a: Starmie|Rapid Spin|p2a: Celebi
|-damage|p2a: Celebi|87/100 par
|-end|p1a: Starmie|Leech Seed|[from] move: Rapid Spin|[of] p1a: Starmie
|move|p2a: Celebi|Psychic|p1a: Starmie
|-resisted|p1a: Starmie
|-damage|p1a: Starmie|38/100
|
|-weather|Sandstorm|[upkeep]
|-damage|p1a: Starmie|32/100|[from] Sandstorm
|-damage|p2a: Celebi|80/100 par|[from] Sandstorm
|-heal|p1a: Starmie|38/100|[from] item: Leftovers
|-heal|p2a: Celebi|87/100 par|[from] item: Leftovers
|upkeep
|turn|43
|
|t:|1730074526
|move|p1a: Starmie|Recover|p1a: Starmie
|-heal|p1a: Starmie|88/100
|move|p2a: Celebi|Leech Seed|p1a: Starmie
|-start|p1a: Starmie|move: Leech Seed
|
|-weather|Sandstorm|[upkeep]
|-damage|p1a: Starmie|82/100|[from] Sandstorm
|-damage|p2a: Celebi|80/100 par|[from] Sandstorm
|-heal|p1a: Starmie|88/100|[from] item: Leftovers
|-damage|p1a: Starmie|76/100|[from] Leech Seed|[of] p2a: Celebi
|-heal|p2a: Celebi|90/100 par|[silent]
|-heal|p2a: Celebi|97/100 par|[from] item: Leftovers
|upkeep
|turn|44
|
|t:|1730074538
|-curestatus|p2a: Celebi|par|[from] ability: Natural Cure
|switch|p2a: Tyranitar|Tyranitar, F|100/100
|move|p1a: Starmie|Rapid Spin|p2a: Tyranitar
|-resisted|p2a: Tyranitar
|-damage|p2a: Tyranitar|99/100
|-end|p1a: Starmie|Leech Seed|[from] move: Rapid Spin|[of] p1a: Starmie
|
|-weather|Sandstorm|[upkeep]
|-damage|p1a: Starmie|70/100|[from] Sandstorm
|-heal|p1a: Starmie|76/100|[from] item: Leftovers
|-heal|p2a: Tyranitar|100/100|[from] item: Leftovers
|upkeep
|turn|45
|inactive|stinkyaccountant has 240 seconds left.
|
|t:|1730074561
|move|p1a: Starmie|Thunder Wave|p2a: Tyranitar
|-status|p2a: Tyranitar|par
|move|p2a: Tyranitar|Hidden Power|p1a: Starmie
|-supereffective|p1a: Starmie
|-damage|p1a: Starmie|15/100
|
|-weather|Sandstorm|[upkeep]
|-damage|p1a: Starmie|9/100|[from] Sandstorm
|-heal|p1a: Starmie|15/100|[from] item: Leftovers
|upkeep
|turn|46
|
|t:|1730074571
|move|p1a: Starmie|Recover|p1a: Starmie
|-heal|p1a: Starmie|65/100
|move|p2a: Tyranitar|Hidden Power|p1a: Starmie
|-supereffective|p1a: Starmie
|-damage|p1a: Starmie|0 fnt
|faint|p1a: Starmie
|inactive|stinkyaccountant has 240 seconds left.
|
|t:|1730074592
|switch|p1a: Hariyama|Hariyama, M|51/100
|
|-weather|Sandstorm|[upkeep]
|-damage|p1a: Hariyama|45/100|[from] Sandstorm
|-heal|p1a: Hariyama|51/100|[from] item: Leftovers
|upkeep
|turn|47
|
|t:|1730074605
|move|p1a: Hariyama|Hidden Power|p2a: Tyranitar
|-supereffective|p2a: Tyranitar
|-damage|p2a: Tyranitar|61/100 par
|cant|p2a: Tyranitar|par
|
|-weather|Sandstorm|[upkeep]
|-damage|p1a: Hariyama|45/100|[from] Sandstorm
|-heal|p1a: Hariyama|51/100|[from] item: Leftovers
|-heal|p2a: Tyranitar|67/100 par|[from] item: Leftovers
|upkeep
|turn|48
|
|t:|1730074612
|move|p1a: Hariyama|Brick Break|p2a: Tyranitar
|-supereffective|p2a: Tyranitar
|-damage|p2a: Tyranitar|0 fnt
|faint|p2a: Tyranitar
|
|t:|1730074614
|switch|p2a: Celebi|Celebi|97/100
|
|-weather|Sandstorm|[upkeep]
|-damage|p2a: Celebi|90/100|[from] Sandstorm
|-damage|p1a: Hariyama|45/100|[from] Sandstorm
|-heal|p2a: Celebi|97/100|[from] item: Leftovers
|-heal|p1a: Hariyama|51/100|[from] item: Leftovers
|upkeep
|turn|49
|
|t:|1730074619
|move|p2a: Celebi|Psychic|p1a: Hariyama
|-supereffective|p1a: Hariyama
|-damage|p1a: Hariyama|0 fnt
|faint|p1a: Hariyama
|c|☆stinkyaccountant|gg wp
|c|☆yt-cyber-dj|GG
|inactive|stinkyaccountant has 240 seconds left.
|-message|stinkyaccountant forfeited.
|
|win|yt-cyber-dj

</script>
<script type="application/json" class="data" id="replaydata-smogtours-gen3ou-802989">
{"id":"smogtours-gen3ou-802989","format":"[Gen 3] OU","players":["stinkyaccountant","yt-cyber-dj"],"uploadtime":1730074639,"views":57,"formatid":"gen3ou","rating":null,"private":0,"password":null}
</script>

<script defer src="js/replays.js?9d40a366"></script>
