<!DOCTYPE html>
<meta charset="utf-8" />
<meta name="viewport" content="width=device-width" />

<title>[Gen 3] OU: jerdgerd vs. scald&gt;focusmiss - Replays - Pok&eacute;mon Showdown!</title>

<meta name="description" content="Watch a replay of a Pok&eacute;mon battle between jerdgerd and scald&gt;focusmiss! Format: [Gen 3] OU; Date: Oct 29, 2024" />
<!--

Hey, you! Looking in the source for the replay log?

You can find them in JSON format, just add `.json` at the end of a replay URL.

https://replay.pokemonshowdown.com/gen7randomdoublesbattle-865046831.json

Or, if you only need the log itself, add `.log` instead:

https://replay.pokemonshowdown.com/gen7randomdoublesbattle-865046831.log

-->

<link rel="stylesheet" href="//pokemonshowdown.com/style/global.css?0.767286132409787" />
<link rel="stylesheet" href="//play.pokemonshowdown.com/style/font-awesome.css?0.9266228007934947" />
<link rel="stylesheet" href="//play.pokemonshowdown.com/style/battle.css?0.7924700842790926" />
<link rel="stylesheet" href="//play.pokemonshowdown.com/style/utilichart.css?0.8777417872839479" />

<!-- Global site tag (gtag.js) - Google Analytics -->
<script async src="https://www.googletagmanager.com/gtag/js?id=UA-26211653-1"></script>
<script>
  window.dataLayer = window.dataLayer || [];
  function gtag(){dataLayer.push(arguments);}
  gtag('js', new Date());

  gtag('config', 'UA-26211653-1');
</script>
<!-- End Google Analytics -->
<!-- Venatus Ad Manager - Install in <HEAD> of page -->
	<script src="https://hb.vntsm.com/v3/live/ad-manager.min.js" type="text/javascript" data-site-id="642aba63ec9a7b11c3c9c1be" data-mode="scan" async></script>
<!-- / Venatus Ad Manager -->

<style>
	@media (max-width:820px) {
		.battle {
			margin: 0 auto;
		}
		.battle-log {
			margin: 7px auto 0;
			max-width: 640px;
			height: 300px;
			position: static;
		}
	}
	.optgroup {
		display: inline-block;
		line-height: 22px;
		font-size: 10pt;
	}
	.optgroup .button {
		height: 25px;
		padding-top: 0;
		padding-bottom: 0;
	}
	.optgroup button.button {
		padding-left: 12px;
		padding-right: 12px;
	}
	.linklist {
		list-style: none;
		margin: 0.5em 0;
		padding: 0;
	}
	.linklist li {
		padding: 2px 0;
	}
	.sidebar {
		float: left;
		width: 320px;
	}
	.bar-wrapper {
		max-width: 1100px;
		margin: 0 auto;
	}
	.bar-wrapper.has-sidebar {
		max-width: 1430px;
	}
	.mainbar {
		margin: 0;
		padding-right: 1px;
	}
	.mainbar.has-sidebar {
		margin-left: 330px;
	}
	@media (min-width: 1511px) {
		.sidebar {
			width: 400px;
		}
		.bar-wrapper.has-sidebar {
			max-width: 1510px;
		}
		.mainbar.has-sidebar {
			margin-left: 410px;
		}
	}
	.section.first-section {
		margin-top: 9px;
	}
	.blocklink small {
		white-space: normal;
	}
	.button {
		vertical-align: middle;
	}
	.replay-controls {
		padding-top: 10px;
	}
	.replay-controls h1 {
		font-size: 16pt;
		font-weight: normal;
		color: #CCC;
	}
	.pagelink {
		text-align: center;
	}
	.pagelink a {
		width: 150px;
	}
	.textbox, .button {
		font-size: 11pt;
		vertical-align: middle;
	}
	@media (max-width: 450px) {
		.button {
			font-size: 9pt;
		}
	}
</style>

<div>

	<header>
		<div class="nav-wrapper"><ul class="nav">
			<li><a class="button nav-first" href="//pokemonshowdown.com/"><img src="//pokemonshowdown.com/images/pokemonshowdownbeta.png" srcset="//pokemonshowdown.com/images/pokemonshowdownbeta.png 1x, //pokemonshowdown.com/images/pokemonshowdownbeta@2x.png 2x" alt="Pok&eacute;mon Showdown" width="146" height="44" /> Home</a></li>
			<li><a class="button" href="//pokemonshowdown.com/dex/">Pok&eacute;dex</a></li>
			<li><a class="button cur" href="/">Replays</a></li>
			<li><a class="button" href="//pokemonshowdown.com/ladder/">Ladder</a></li>
			<li><a class="button nav-last" href="//pokemonshowdown.com/forums/">Forum</a></li>
			<li><a class="button greenbutton nav-first nav-last" href="//play.pokemonshowdown.com/">Play</a></li>
		</ul></div>
	</header>

	<div class="main" id="main">

		<noscript><section class="section">You need to enable JavaScript to use this page; sorry!</section></noscript>

	</div>

</div>

<script defer nomodule src="//play.pokemonshowdown.com/js/lib/ps-polyfill.js"></script>
<script defer src="//play.pokemonshowdown.com/js/lib/preact.min.js"></script>

<script defer src="//play.pokemonshowdown.com/config/config.js?6dec07f6"></script>
<script defer src="//play.pokemonshowdown.com/js/lib/jquery-1.11.0.min.js"></script>
<script defer src="//play.pokemonshowdown.com/js/lib/html-sanitizer-minified.js"></script>
<script defer src="//play.pokemonshowdown.com/js/battle-sound.js"></script>
<script defer src="//play.pokemonshowdown.com/js/battledata.js?0.6315294753075389"></script>
<script defer src="//play.pokemonshowdown.com/data/pokedex-mini.js?0.7603743185311358"></script>
<script defer src="//play.pokemonshowdown.com/data/pokedex-mini-bw.js?0.030888842834281283"></script>
<script defer src="//play.pokemonshowdown.com/data/graphics.js?0.05593094747507488"></script>
<script defer src="//play.pokemonshowdown.com/data/pokedex.js?0.47064822249611904"></script>
<script defer src="//play.pokemonshowdown.com/data/moves.js?0.8583693120512459"></script>
<script defer src="//play.pokemonshowdown.com/data/abilities.js?0.16017181182386842"></script>
<script defer src="//play.pokemonshowdown.com/data/items.js?0.4163379185673943"></script>
<script defer src="//play.pokemonshowdown.com/data/teambuilder-tables.js?0.31075597372830477"></script>
<script defer src="//play.pokemonshowdown.com/js/battle-tooltips.js?0.6536193500708172"></script>
<script defer src="//play.pokemonshowdown.com/js/battle.js?0.1916591943277901"></script>

<script defer src="js/utils.js?e31f9a17"></script>
<script defer src="js/replays-battle.js?7008c182"></script>

<!-- don't scrape this data! just add .json or .log after the URL!
Full API docs: https://github.com/smogon/pokemon-showdown-client/blob/master/WEB-API.md -->
<script type="text/plain" class="log" id="replaylog-smogtours-gen3ou-803202">
|inactive|Battle timer is ON: inactive players will automatically lose when time's up.
|t:|1730163686
|gametype|singles
|player|p1|jerdgerd|265|
|player|p2|scald>focusmiss|265|
|teamsize|p1|6
|teamsize|p2|6
|gen|3
|tier|[Gen 3] OU
|rule|Sleep Clause Mod: Limit one foe put to sleep
|rule|Switch Priority Clause Mod: Faster Pokémon switch first
|rule|Species Clause: Limit one of each Pokémon
|rule|OHKO Clause: OHKO moves are banned
|rule|Evasion Items Clause: Evasion items are banned
|rule|Evasion Moves Clause: Evasion moves are banned
|rule|Endless Battle Clause: Forcing endless battles is banned
|rule|HP Percentage Mod: HP is shown in percentages
|rule|One Boost Passer Clause: Limit one Baton Passer that has a way to boost its stats
|rule|Freeze Clause Mod: Limit one foe frozen
|
|t:|1730163686
|start
|switch|p1a: Skarmory|Skarmory, F|100/100
|switch|p2a: Zapdos|Zapdos|100/100
|turn|1
|
|t:|1730163694
|switch|p1a: Blissey|Blissey, F, shiny|100/100
|move|p2a: Zapdos|Agility|p2a: Zapdos
|-boost|p2a: Zapdos|spe|2
|
|upkeep
|turn|2
|
|t:|1730163700
|move|p2a: Zapdos|Baton Pass|p2a: Zapdos
|
|t:|1730163701
|switch|p2a: Machamp|Machamp, F|100/100|[from] Baton Pass
|move|p1a: Blissey|Ice Beam|p2a: Machamp
|-damage|p2a: Machamp|71/100
|
|-heal|p2a: Machamp|77/100|[from] item: Leftovers
|upkeep
|turn|3
|
|t:|1730163722
|switch|p1a: Skarmory|Skarmory, F|100/100
|move|p2a: Machamp|Bulk Up|p2a: Machamp
|-boost|p2a: Machamp|atk|1
|-boost|p2a: Machamp|def|1
|
|-heal|p2a: Machamp|83/100|[from] item: Leftovers
|upkeep
|turn|4
|
|t:|1730163729
|move|p2a: Machamp|Cross Chop|p1a: Skarmory
|-damage|p1a: Skarmory|33/100
|move|p1a: Skarmory|Roar|p2a: Machamp
|drag|p2a: Flygon|Flygon, M|100/100
|
|-heal|p1a: Skarmory|39/100|[from] item: Leftovers
|upkeep
|turn|5
|
|t:|1730163741
|move|p2a: Flygon|Substitute|p2a: Flygon
|-start|p2a: Flygon|Substitute
|-damage|p2a: Flygon|76/100
|move|p1a: Skarmory|Toxic||[still]
|-fail|p1a: Skarmory
|
|-heal|p2a: Flygon|82/100|[from] item: Leftovers
|-heal|p1a: Skarmory|45/100|[from] item: Leftovers
|upkeep
|turn|6
|
|t:|1730163749
|move|p2a: Flygon|Rock Slide|p1a: Skarmory
|-damage|p1a: Skarmory|27/100
|move|p1a: Skarmory|Spikes|p2a: Flygon
|-sidestart|p2: scald>focusmiss|Spikes
|
|-heal|p2a: Flygon|88/100|[from] item: Leftovers
|-heal|p1a: Skarmory|33/100|[from] item: Leftovers
|upkeep
|turn|7
|
|t:|1730163776
|switch|p2a: Charizard|Charizard, M|100/100
|move|p1a: Skarmory|Protect||[still]
|-fail|p1a: Skarmory
|
|-heal|p1a: Skarmory|39/100|[from] item: Leftovers
|upkeep
|turn|8
|
|t:|1730163783
|move|p1a: Skarmory|Protect|p1a: Skarmory
|-singleturn|p1a: Skarmory|Protect
|move|p2a: Charizard|Fire Blast|p1a: Skarmory
|-activate|p1a: Skarmory|Protect
|
|-heal|p1a: Skarmory|45/100|[from] item: Leftovers
|upkeep
|turn|9
|
|t:|1730163802
|switch|p1a: Swampert|Swampert, F|100/100
|move|p2a: Charizard|Beat Up|p1a: Swampert
|-damage|p1a: Swampert|99/100
|-damage|p1a: Swampert|96/100
|-damage|p1a: Swampert|94/100
|-damage|p1a: Swampert|91/100
|-crit|p1a: Swampert
|-damage|p1a: Swampert|86/100
|-damage|p1a: Swampert|83/100
|-hitcount|p1a: Swampert|6
|
|-heal|p1a: Swampert|89/100|[from] item: Leftovers
|upkeep
|turn|10
|
|t:|1730163815
|move|p1a: Swampert|Protect|p1a: Swampert
|-singleturn|p1a: Swampert|Protect
|move|p2a: Charizard|Hidden Power|p1a: Swampert
|-activate|p1a: Swampert|Protect
|
|-heal|p1a: Swampert|96/100|[from] item: Leftovers
|upkeep
|turn|11
|
|t:|1730163826
|move|p2a: Charizard|Hidden Power|p1a: Swampert
|-supereffective|p1a: Swampert
|-damage|p1a: Swampert|14/100
|move|p1a: Swampert|Hydro Pump|p2a: Charizard
|-supereffective|p2a: Charizard
|-crit|p2a: Charizard
|-damage|p2a: Charizard|0 fnt
|faint|p2a: Charizard
|
|t:|1730163846
|switch|p2a: Zapdos|Zapdos|100/100
|
|-heal|p1a: Swampert|21/100|[from] item: Leftovers
|upkeep
|turn|12
|
|t:|1730163850
|switch|p1a: Tyranitar|Tyranitar, F|100/100
|-weather|Sandstorm|[from] ability: Sand Stream|[of] p1a: Tyranitar
|move|p2a: Zapdos|Agility|p2a: Zapdos
|-boost|p2a: Zapdos|spe|2
|
|-weather|Sandstorm|[upkeep]
|-damage|p2a: Zapdos|94/100|[from] Sandstorm
|-heal|p2a: Zapdos|100/100|[from] item: Leftovers
|upkeep
|turn|13
|
|t:|1730163861
|-singleturn|p1a: Tyranitar|move: Focus Punch
|move|p2a: Zapdos|Baton Pass|p2a: Zapdos
|
|t:|1730163869
|switch|p2a: Celebi|Celebi|100/100|[from] Baton Pass
|-damage|p2a: Celebi|88/100|[from] Spikes
|move|p1a: Tyranitar|Focus Punch|p2a: Celebi
|-resisted|p2a: Celebi
|-damage|p2a: Celebi|70/100
|
|-weather|Sandstorm|[upkeep]
|-damage|p2a: Celebi|64/100|[from] Sandstorm
|-heal|p2a: Celebi|70/100|[from] item: Leftovers
|upkeep
|turn|14
|
|t:|1730163881
|move|p2a: Celebi|Leech Seed|p1a: Tyranitar
|-start|p1a: Tyranitar|move: Leech Seed
|move|p1a: Tyranitar|Hidden Power|p2a: Celebi
|-supereffective|p2a: Celebi
|-damage|p2a: Celebi|0 fnt
|faint|p2a: Celebi
|
|t:|1730163885
|switch|p2a: Machamp|Machamp, F|83/100
|-damage|p2a: Machamp|71/100|[from] Spikes
|
|-weather|Sandstorm|[upkeep]
|-damage|p2a: Machamp|65/100|[from] Sandstorm
|-heal|p2a: Machamp|71/100|[from] item: Leftovers
|-damage|p1a: Tyranitar|88/100|[from] Leech Seed|[of] p2a: Machamp
|-heal|p2a: Machamp|86/100|[silent]
|upkeep
|turn|15
|
|t:|1730163915
|switch|p1a: Gengar|Gengar, F|100/100
|move|p2a: Machamp|Bulk Up|p2a: Machamp
|-boost|p2a: Machamp|atk|1
|-boost|p2a: Machamp|def|1
|
|-weather|Sandstorm|[upkeep]
|-damage|p1a: Gengar|95/100|[from] Sandstorm
|-damage|p2a: Machamp|80/100|[from] Sandstorm
|-heal|p1a: Gengar|100/100|[from] item: Leftovers
|-heal|p2a: Machamp|86/100|[from] item: Leftovers
|upkeep
|turn|16
|
|t:|1730163924
|move|p1a: Gengar|Explosion|p2a: Machamp
|-damage|p2a: Machamp|27/100
|faint|p1a: Gengar
|
|t:|1730163933
|switch|p1a: Starmie|Starmie|100/100
|
|-weather|Sandstorm|[upkeep]
|-damage|p1a: Starmie|94/100|[from] Sandstorm
|-damage|p2a: Machamp|21/100|[from] Sandstorm
|-heal|p1a: Starmie|100/100|[from] item: Leftovers
|-heal|p2a: Machamp|27/100|[from] item: Leftovers
|upkeep
|turn|17
|
|t:|1730163941
|switch|p2a: Jirachi|Jirachi|100/100
|-damage|p2a: Jirachi|88/100|[from] Spikes
|move|p1a: Starmie|Ice Beam|p2a: Jirachi
|-resisted|p2a: Jirachi
|-damage|p2a: Jirachi|79/100
|
|-weather|Sandstorm|[upkeep]
|-damage|p1a: Starmie|94/100|[from] Sandstorm
|-heal|p1a: Starmie|100/100|[from] item: Leftovers
|-heal|p2a: Jirachi|85/100|[from] item: Leftovers
|upkeep
|turn|18
|
|t:|1730163953
|switch|p1a: Blissey|Blissey, F, shiny|100/100
|move|p2a: Jirachi|Body Slam|p1a: Blissey
|-damage|p1a: Blissey|79/100
|-status|p1a: Blissey|par
|
|-weather|Sandstorm|[upkeep]
|-damage|p1a: Blissey|72/100 par|[from] Sandstorm
|-heal|p2a: Jirachi|91/100|[from] item: Leftovers
|-heal|p1a: Blissey|79/100 par|[from] item: Leftovers
|upkeep
|turn|19
|
|t:|1730163965
|move|p2a: Jirachi|Wish|p2a: Jirachi
|move|p1a: Blissey|Ice Beam|p2a: Jirachi
|-resisted|p2a: Jirachi
|-damage|p2a: Jirachi|82/100
|
|-weather|Sandstorm|[upkeep]
|-damage|p1a: Blissey|72/100 par|[from] Sandstorm
|-heal|p2a: Jirachi|89/100|[from] item: Leftovers
|-heal|p1a: Blissey|79/100 par|[from] item: Leftovers
|upkeep
|turn|20
|
|t:|1730163974
|move|p2a: Jirachi|Body Slam|p1a: Blissey
|-damage|p1a: Blissey|57/100 par
|cant|p1a: Blissey|par
|
|-heal|p2a: Jirachi|100/100|[from] move: Wish|[wisher] Jirachi
|-weather|Sandstorm|[upkeep]
|-damage|p1a: Blissey|51/100 par|[from] Sandstorm
|-heal|p1a: Blissey|57/100 par|[from] item: Leftovers
|upkeep
|turn|21
|
|t:|1730163995
|-curestatus|p1a: Blissey|par|[from] ability: Natural Cure
|switch|p1a: Skarmory|Skarmory, F|45/100
|move|p2a: Jirachi|Wish|p2a: Jirachi
|
|-weather|Sandstorm|[upkeep]
|-heal|p1a: Skarmory|51/100|[from] item: Leftovers
|upkeep
|turn|22
|
|t:|1730164003
|switch|p2a: Machamp|Machamp, F|27/100
|-damage|p2a: Machamp|15/100|[from] Spikes
|move|p1a: Skarmory|Protect||[still]
|-fail|p1a: Skarmory
|
|-heal|p2a: Machamp|64/100|[from] move: Wish|[wisher] Jirachi
|-weather|Sandstorm|[upkeep]
|-damage|p2a: Machamp|58/100|[from] Sandstorm
|-heal|p2a: Machamp|64/100|[from] item: Leftovers
|-heal|p1a: Skarmory|57/100|[from] item: Leftovers
|upkeep
|turn|23
|
|t:|1730164016
|move|p2a: Machamp|Cross Chop|p1a: Skarmory
|-damage|p1a: Skarmory|14/100
|move|p1a: Skarmory|Toxic|p2a: Machamp
|-status|p2a: Machamp|tox
|
|-weather|Sandstorm|[upkeep]
|-damage|p2a: Machamp|58/100 tox|[from] Sandstorm
|-heal|p2a: Machamp|64/100 tox|[from] item: Leftovers
|-damage|p2a: Machamp|58/100 tox|[from] psn
|-heal|p1a: Skarmory|20/100|[from] item: Leftovers
|upkeep
|turn|24
|
|t:|1730164027
|move|p1a: Skarmory|Protect|p1a: Skarmory
|-singleturn|p1a: Skarmory|Protect
|move|p2a: Machamp|Cross Chop|p1a: Skarmory|[miss]
|-miss|p2a: Machamp|p1a: Skarmory
|
|-weather|Sandstorm|[upkeep]
|-damage|p2a: Machamp|52/100 tox|[from] Sandstorm
|-heal|p2a: Machamp|58/100 tox|[from] item: Leftovers
|-damage|p2a: Machamp|46/100 tox|[from] psn
|-heal|p1a: Skarmory|26/100|[from] item: Leftovers
|upkeep
|turn|25
|
|t:|1730164045
|switch|p1a: Swampert|Swampert, F|21/100
|move|p2a: Machamp|Cross Chop|p1a: Swampert
|-damage|p1a: Swampert|0 fnt
|faint|p1a: Swampert
|
|t:|1730164056
|switch|p1a: Starmie|Starmie|100/100
|
|-weather|Sandstorm|[upkeep]
|-damage|p1a: Starmie|94/100|[from] Sandstorm
|-damage|p2a: Machamp|40/100 tox|[from] Sandstorm
|-heal|p1a: Starmie|100/100|[from] item: Leftovers
|-heal|p2a: Machamp|46/100 tox|[from] item: Leftovers
|-damage|p2a: Machamp|28/100 tox|[from] psn
|upkeep
|turn|26
|
|t:|1730164065
|switch|p2a: Jirachi|Jirachi|100/100
|-damage|p2a: Jirachi|88/100|[from] Spikes
|move|p1a: Starmie|Hydro Pump|p2a: Jirachi
|-damage|p2a: Jirachi|57/100
|
|-weather|Sandstorm|[upkeep]
|-damage|p1a: Starmie|94/100|[from] Sandstorm
|-heal|p1a: Starmie|100/100|[from] item: Leftovers
|-heal|p2a: Jirachi|63/100|[from] item: Leftovers
|upkeep
|turn|27
|
|t:|1730164076
|switch|p1a: Blissey|Blissey, F, shiny|57/100
|move|p2a: Jirachi|Wish|p2a: Jirachi
|
|-weather|Sandstorm|[upkeep]
|-damage|p1a: Blissey|51/100|[from] Sandstorm
|-heal|p2a: Jirachi|70/100|[from] item: Leftovers
|-heal|p1a: Blissey|57/100|[from] item: Leftovers
|upkeep
|turn|28
|
|t:|1730164084
|move|p2a: Jirachi|Fire Punch|p1a: Blissey
|-damage|p1a: Blissey|50/100
|move|p1a: Blissey|Fire Blast|p2a: Jirachi
|-supereffective|p2a: Jirachi
|-damage|p2a: Jirachi|30/100
|
|-heal|p2a: Jirachi|80/100|[from] move: Wish|[wisher] Jirachi
|-weather|Sandstorm|[upkeep]
|-damage|p1a: Blissey|44/100|[from] Sandstorm
|-heal|p2a: Jirachi|87/100|[from] item: Leftovers
|-heal|p1a: Blissey|50/100|[from] item: Leftovers
|upkeep
|turn|29
|
|t:|1730164097
|move|p2a: Jirachi|Wish|p2a: Jirachi
|move|p1a: Blissey|Soft-Boiled|p1a: Blissey
|-heal|p1a: Blissey|99/100
|
|-weather|Sandstorm|[upkeep]
|-damage|p1a: Blissey|94/100|[from] Sandstorm
|-heal|p2a: Jirachi|93/100|[from] item: Leftovers
|-heal|p1a: Blissey|99/100|[from] item: Leftovers
|upkeep
|turn|30
|
|t:|1730164108
|move|p2a: Jirachi|Fire Punch|p1a: Blissey
|-damage|p1a: Blissey|93/100
|-status|p1a: Blissey|brn
|move|p1a: Blissey|Ice Beam|p2a: Jirachi
|-resisted|p2a: Jirachi
|-damage|p2a: Jirachi|85/100
|
|-heal|p2a: Jirachi|100/100|[from] move: Wish|[wisher] Jirachi
|-weather|Sandstorm|[upkeep]
|-damage|p1a: Blissey|87/100 brn|[from] Sandstorm
|-heal|p1a: Blissey|93/100 brn|[from] item: Leftovers
|-damage|p1a: Blissey|81/100 brn|[from] brn
|upkeep
|turn|31
|
|t:|1730164124
|move|p2a: Jirachi|Wish|p2a: Jirachi
|move|p1a: Blissey|Fire Blast|p2a: Jirachi|[miss]
|-miss|p1a: Blissey|p2a: Jirachi
|
|-weather|Sandstorm|[upkeep]
|-damage|p1a: Blissey|75/100 brn|[from] Sandstorm
|-heal|p1a: Blissey|81/100 brn|[from] item: Leftovers
|-damage|p1a: Blissey|68/100 brn|[from] brn
|upkeep
|turn|32
|
|t:|1730164135
|move|p2a: Jirachi|Body Slam|p1a: Blissey
|-crit|p1a: Blissey
|-damage|p1a: Blissey|31/100 brn
|move|p1a: Blissey|Ice Beam|p2a: Jirachi
|-resisted|p2a: Jirachi
|-damage|p2a: Jirachi|93/100
|
|-heal|p2a: Jirachi|100/100|[from] move: Wish|[wisher] Jirachi
|-weather|Sandstorm|[upkeep]
|-damage|p1a: Blissey|25/100 brn|[from] Sandstorm
|-heal|p1a: Blissey|31/100 brn|[from] item: Leftovers
|-damage|p1a: Blissey|18/100 brn|[from] brn
|upkeep
|turn|33
|
|t:|1730164155
|switch|p2a: Machamp|Machamp, F|28/100 tox
|-damage|p2a: Machamp|16/100 tox|[from] Spikes
|-curestatus|p1a: Blissey|brn|[from] ability: Natural Cure
|switch|p1a: Tyranitar|Tyranitar, F|88/100
|
|-weather|Sandstorm|[upkeep]
|-damage|p2a: Machamp|10/100 tox|[from] Sandstorm
|-heal|p2a: Machamp|16/100 tox|[from] item: Leftovers
|-damage|p2a: Machamp|10/100 tox|[from] psn
|-heal|p1a: Tyranitar|94/100|[from] item: Leftovers
|upkeep
|turn|34
|inactive|jerdgerd has 270 seconds left.
|
|t:|1730164177
|switch|p1a: Skarmory|Skarmory, F|26/100
|move|p2a: Machamp|Hidden Power|p1a: Skarmory
|-resisted|p1a: Skarmory
|-damage|p1a: Skarmory|19/100
|
|-weather|Sandstorm|[upkeep]
|-damage|p2a: Machamp|4/100 tox|[from] Sandstorm
|-heal|p2a: Machamp|10/100 tox|[from] item: Leftovers
|-damage|p2a: Machamp|0 fnt|[from] psn
|faint|p2a: Machamp
|-heal|p1a: Skarmory|25/100|[from] item: Leftovers
|upkeep
|
|t:|1730164182
|switch|p2a: Zapdos|Zapdos|100/100
|turn|35
|
|t:|1730164190
|move|p2a: Zapdos|Thunderbolt|p1a: Skarmory
|-supereffective|p1a: Skarmory
|-crit|p1a: Skarmory
|-damage|p1a: Skarmory|0 fnt
|faint|p1a: Skarmory
|
|t:|1730164194
|switch|p1a: Tyranitar|Tyranitar, F|94/100
|
|-weather|Sandstorm|[upkeep]
|-damage|p2a: Zapdos|94/100|[from] Sandstorm
|-heal|p2a: Zapdos|100/100|[from] item: Leftovers
|-heal|p1a: Tyranitar|100/100|[from] item: Leftovers
|upkeep
|turn|36
|
|t:|1730164201
|-singleturn|p1a: Tyranitar|move: Focus Punch
|switch|p2a: Flygon|Flygon, M|88/100
|move|p1a: Tyranitar|Focus Punch|p2a: Flygon
|-damage|p2a: Flygon|4/100
|
|-weather|Sandstorm|[upkeep]
|-heal|p2a: Flygon|10/100|[from] item: Leftovers
|upkeep
|turn|37
|
|t:|1730164215
|switch|p1a: Blissey|Blissey, F, shiny|18/100
|move|p2a: Flygon|Earthquake|p1a: Blissey
|-damage|p1a: Blissey|0 fnt
|faint|p1a: Blissey
|
|t:|1730164221
|switch|p1a: Starmie|Starmie|100/100
|
|-weather|Sandstorm|[upkeep]
|-damage|p1a: Starmie|94/100|[from] Sandstorm
|-heal|p1a: Starmie|100/100|[from] item: Leftovers
|-heal|p2a: Flygon|16/100|[from] item: Leftovers
|upkeep
|turn|38
|
|t:|1730164232
|switch|p2a: Jirachi|Jirachi|100/100
|-damage|p2a: Jirachi|88/100|[from] Spikes
|move|p1a: Starmie|Hydro Pump|p2a: Jirachi
|-damage|p2a: Jirachi|56/100
|
|-weather|Sandstorm|[upkeep]
|-damage|p1a: Starmie|94/100|[from] Sandstorm
|-heal|p1a: Starmie|100/100|[from] item: Leftovers
|-heal|p2a: Jirachi|62/100|[from] item: Leftovers
|upkeep
|turn|39
|
|t:|1730164242
|switch|p1a: Tyranitar|Tyranitar, F|100/100
|move|p2a: Jirachi|Wish|p2a: Jirachi
|
|-weather|Sandstorm|[upkeep]
|-heal|p2a: Jirachi|68/100|[from] item: Leftovers
|upkeep
|turn|40
|
|t:|1730164249
|move|p2a: Jirachi|Fire Punch|p1a: Tyranitar
|-resisted|p1a: Tyranitar
|-damage|p1a: Tyranitar|94/100
|move|p1a: Tyranitar|Earthquake|p2a: Jirachi
|-supereffective|p2a: Jirachi
|-damage|p2a: Jirachi|8/100
|
|-heal|p2a: Jirachi|58/100|[from] move: Wish|[wisher] Jirachi
|-weather|Sandstorm|[upkeep]
|-heal|p2a: Jirachi|64/100|[from] item: Leftovers
|-heal|p1a: Tyranitar|100/100|[from] item: Leftovers
|upkeep
|turn|41
|
|t:|1730164267
|move|p2a: Jirachi|Fire Punch|p1a: Tyranitar
|-resisted|p1a: Tyranitar
|-damage|p1a: Tyranitar|93/100
|move|p1a: Tyranitar|Rock Slide|p2a: Jirachi|[miss]
|-miss|p1a: Tyranitar|p2a: Jirachi
|
|-weather|Sandstorm|[upkeep]
|-heal|p2a: Jirachi|70/100|[from] item: Leftovers
|-heal|p1a: Tyranitar|99/100|[from] item: Leftovers
|upkeep
|turn|42
|
|t:|1730164276
|move|p2a: Jirachi|Wish|p2a: Jirachi
|move|p1a: Tyranitar|Earthquake|p2a: Jirachi
|-supereffective|p2a: Jirachi
|-damage|p2a: Jirachi|8/100
|
|-weather|Sandstorm|[upkeep]
|-heal|p2a: Jirachi|14/100|[from] item: Leftovers
|-heal|p1a: Tyranitar|100/100|[from] item: Leftovers
|upkeep
|turn|43
|
|t:|1730164283
|move|p2a: Jirachi|Protect|p2a: Jirachi
|-singleturn|p2a: Jirachi|Protect
|move|p1a: Tyranitar|Hidden Power|p2a: Jirachi
|-activate|p2a: Jirachi|Protect
|
|-heal|p2a: Jirachi|64/100|[from] move: Wish|[wisher] Jirachi
|-weather|Sandstorm|[upkeep]
|-heal|p2a: Jirachi|71/100|[from] item: Leftovers
|upkeep
|turn|44
|
|t:|1730164292
|move|p2a: Jirachi|Wish|p2a: Jirachi
|move|p1a: Tyranitar|Earthquake|p2a: Jirachi
|-supereffective|p2a: Jirachi
|-damage|p2a: Jirachi|15/100
|
|-weather|Sandstorm|[upkeep]
|-heal|p2a: Jirachi|21/100|[from] item: Leftovers
|upkeep
|turn|45
|
|t:|1730164300
|move|p2a: Jirachi|Fire Punch|p1a: Tyranitar
|-resisted|p1a: Tyranitar
|-damage|p1a: Tyranitar|94/100
|move|p1a: Tyranitar|Hidden Power|p2a: Jirachi
|-damage|p2a: Jirachi|1/100
|
|-heal|p2a: Jirachi|51/100|[from] move: Wish|[wisher] Jirachi
|-weather|Sandstorm|[upkeep]
|-heal|p2a: Jirachi|57/100|[from] item: Leftovers
|-heal|p1a: Tyranitar|99/100|[from] item: Leftovers
|upkeep
|turn|46
|
|t:|1730164310
|move|p2a: Jirachi|Wish|p2a: Jirachi
|move|p1a: Tyranitar|Earthquake|p2a: Jirachi
|-supereffective|p2a: Jirachi
|-damage|p2a: Jirachi|0 fnt
|faint|p2a: Jirachi
|
|t:|1730164313
|switch|p2a: Flygon|Flygon, M|16/100
|
|-weather|Sandstorm|[upkeep]
|-heal|p2a: Flygon|22/100|[from] item: Leftovers
|-heal|p1a: Tyranitar|100/100|[from] item: Leftovers
|upkeep
|turn|47
|
|t:|1730164325
|switch|p1a: Starmie|Starmie|100/100
|move|p2a: Flygon|Hidden Power|p1a: Starmie
|-supereffective|p1a: Starmie
|-damage|p1a: Starmie|39/100
|
|-heal|p2a: Flygon|72/100|[from] move: Wish|[wisher] Jirachi
|-weather|Sandstorm|[upkeep]
|-damage|p1a: Starmie|33/100|[from] Sandstorm
|-heal|p1a: Starmie|39/100|[from] item: Leftovers
|-heal|p2a: Flygon|78/100|[from] item: Leftovers
|upkeep
|turn|48
|
|t:|1730164336
|switch|p2a: Zapdos|Zapdos|100/100
|move|p1a: Starmie|Ice Beam|p2a: Zapdos
|-supereffective|p2a: Zapdos
|-damage|p2a: Zapdos|46/100
|
|-weather|Sandstorm|[upkeep]
|-damage|p1a: Starmie|33/100|[from] Sandstorm
|-damage|p2a: Zapdos|40/100|[from] Sandstorm
|-heal|p1a: Starmie|39/100|[from] item: Leftovers
|-heal|p2a: Zapdos|46/100|[from] item: Leftovers
|upkeep
|turn|49
|
|t:|1730164345
|move|p1a: Starmie|Ice Beam|p2a: Zapdos
|-supereffective|p2a: Zapdos
|-damage|p2a: Zapdos|0 fnt
|faint|p2a: Zapdos
|
|t:|1730164347
|switch|p2a: Flygon|Flygon, M|78/100
|
|-weather|Sandstorm|[upkeep]
|-damage|p1a: Starmie|33/100|[from] Sandstorm
|-heal|p1a: Starmie|39/100|[from] item: Leftovers
|-heal|p2a: Flygon|84/100|[from] item: Leftovers
|upkeep
|turn|50
|
|t:|1730164354
|move|p1a: Starmie|Ice Beam|p2a: Flygon
|-supereffective|p2a: Flygon
|-damage|p2a: Flygon|0 fnt
|faint|p2a: Flygon
|
|win|jerdgerd
|c|☆jerdgerd|gg
|player|p2|
|player|p1|
|player|p2|scald>focusmiss|265|

</script>
<script type="application/json" class="data" id="replaydata-smogtours-gen3ou-803202">
{"id":"smogtours-gen3ou-803202","format":"[Gen 3] OU","players":["jerdgerd","scald>focusmiss"],"uploadtime":1730164354,"views":57,"formatid":"gen3ou","rating":null,"private":0,"password":null}
</script>

<script defer src="js/replays.js?9d40a366"></script>
