<!DOCTYPE html>
<meta charset="utf-8" />
<meta name="viewport" content="width=device-width" />

<title>[Gen 3] OU: SANKE CARP vs. im at the office - Replays - Pok&eacute;mon Showdown!</title>

<meta name="description" content="Watch a replay of a Pok&eacute;mon battle between SANKE CARP and im at the office! Format: [Gen 3] OU; Date: Oct 2, 2024" />
<!--

Hey, you! Looking in the source for the replay log?

You can find them in JSON format, just add `.json` at the end of a replay URL.

https://replay.pokemonshowdown.com/gen7randomdoublesbattle-865046831.json

Or, if you only need the log itself, add `.log` instead:

https://replay.pokemonshowdown.com/gen7randomdoublesbattle-865046831.log

-->

<link rel="stylesheet" href="//pokemonshowdown.com/style/global.css?0.767286132409787" />
<link rel="stylesheet" href="//play.pokemonshowdown.com/style/font-awesome.css?0.9266228007934947" />
<link rel="stylesheet" href="//play.pokemonshowdown.com/style/battle.css?0.7924700842790926" />
<link rel="stylesheet" href="//play.pokemonshowdown.com/style/utilichart.css?0.8777417872839479" />

<!-- Global site tag (gtag.js) - Google Analytics -->
<script async src="https://www.googletagmanager.com/gtag/js?id=UA-26211653-1"></script>
<script>
  window.dataLayer = window.dataLayer || [];
  function gtag(){dataLayer.push(arguments);}
  gtag('js', new Date());

  gtag('config', 'UA-26211653-1');
</script>
<!-- End Google Analytics -->
<!-- Venatus Ad Manager - Install in <HEAD> of page -->
	<script src="https://hb.vntsm.com/v3/live/ad-manager.min.js" type="text/javascript" data-site-id="642aba63ec9a7b11c3c9c1be" data-mode="scan" async></script>
<!-- / Venatus Ad Manager -->

<style>
	@media (max-width:820px) {
		.battle {
			margin: 0 auto;
		}
		.battle-log {
			margin: 7px auto 0;
			max-width: 640px;
			height: 300px;
			position: static;
		}
	}
	.optgroup {
		display: inline-block;
		line-height: 22px;
		font-size: 10pt;
	}
	.optgroup .button {
		height: 25px;
		padding-top: 0;
		padding-bottom: 0;
	}
	.optgroup button.button {
		padding-left: 12px;
		padding-right: 12px;
	}
	.linklist {
		list-style: none;
		margin: 0.5em 0;
		padding: 0;
	}
	.linklist li {
		padding: 2px 0;
	}
	.sidebar {
		float: left;
		width: 320px;
	}
	.bar-wrapper {
		max-width: 1100px;
		margin: 0 auto;
	}
	.bar-wrapper.has-sidebar {
		max-width: 1430px;
	}
	.mainbar {
		margin: 0;
		padding-right: 1px;
	}
	.mainbar.has-sidebar {
		margin-left: 330px;
	}
	@media (min-width: 1511px) {
		.sidebar {
			width: 400px;
		}
		.bar-wrapper.has-sidebar {
			max-width: 1510px;
		}
		.mainbar.has-sidebar {
			margin-left: 410px;
		}
	}
	.section.first-section {
		margin-top: 9px;
	}
	.blocklink small {
		white-space: normal;
	}
	.button {
		vertical-align: middle;
	}
	.replay-controls {
		padding-top: 10px;
	}
	.replay-controls h1 {
		font-size: 16pt;
		font-weight: normal;
		color: #CCC;
	}
	.pagelink {
		text-align: center;
	}
	.pagelink a {
		width: 150px;
	}
	.textbox, .button {
		font-size: 11pt;
		vertical-align: middle;
	}
	@media (max-width: 450px) {
		.button {
			font-size: 9pt;
		}
	}
</style>

<div>

	<header>
		<div class="nav-wrapper"><ul class="nav">
			<li><a class="button nav-first" href="//pokemonshowdown.com/"><img src="//pokemonshowdown.com/images/pokemonshowdownbeta.png" srcset="//pokemonshowdown.com/images/pokemonshowdownbeta.png 1x, //pokemonshowdown.com/images/pokemonshowdownbeta@2x.png 2x" alt="Pok&eacute;mon Showdown" width="146" height="44" /> Home</a></li>
			<li><a class="button" href="//pokemonshowdown.com/dex/">Pok&eacute;dex</a></li>
			<li><a class="button cur" href="/">Replays</a></li>
			<li><a class="button" href="//pokemonshowdown.com/ladder/">Ladder</a></li>
			<li><a class="button nav-last" href="//pokemonshowdown.com/forums/">Forum</a></li>
			<li><a class="button greenbutton nav-first nav-last" href="//play.pokemonshowdown.com/">Play</a></li>
		</ul></div>
	</header>

	<div class="main" id="main">

		<noscript><section class="section">You need to enable JavaScript to use this page; sorry!</section></noscript>

	</div>

</div>

<script defer nomodule src="//play.pokemonshowdown.com/js/lib/ps-polyfill.js"></script>
<script defer src="//play.pokemonshowdown.com/js/lib/preact.min.js"></script>

<script defer src="//play.pokemonshowdown.com/config/config.js?6dec07f6"></script>
<script defer src="//play.pokemonshowdown.com/js/lib/jquery-1.11.0.min.js"></script>
<script defer src="//play.pokemonshowdown.com/js/lib/html-sanitizer-minified.js"></script>
<script defer src="//play.pokemonshowdown.com/js/battle-sound.js"></script>
<script defer src="//play.pokemonshowdown.com/js/battledata.js?0.6315294753075389"></script>
<script defer src="//play.pokemonshowdown.com/data/pokedex-mini.js?0.7603743185311358"></script>
<script defer src="//play.pokemonshowdown.com/data/pokedex-mini-bw.js?0.030888842834281283"></script>
<script defer src="//play.pokemonshowdown.com/data/graphics.js?0.05593094747507488"></script>
<script defer src="//play.pokemonshowdown.com/data/pokedex.js?0.47064822249611904"></script>
<script defer src="//play.pokemonshowdown.com/data/moves.js?0.8583693120512459"></script>
<script defer src="//play.pokemonshowdown.com/data/abilities.js?0.16017181182386842"></script>
<script defer src="//play.pokemonshowdown.com/data/items.js?0.4163379185673943"></script>
<script defer src="//play.pokemonshowdown.com/data/teambuilder-tables.js?0.31075597372830477"></script>
<script defer src="//play.pokemonshowdown.com/js/battle-tooltips.js?0.6536193500708172"></script>
<script defer src="//play.pokemonshowdown.com/js/battle.js?0.1916591943277901"></script>

<script defer src="js/utils.js?e31f9a17"></script>
<script defer src="js/replays-battle.js?7008c182"></script>

<!-- don't scrape this data! just add .json or .log after the URL!
Full API docs: https://github.com/smogon/pokemon-showdown-client/blob/master/WEB-API.md -->
<script type="text/plain" class="log" id="replaylog-gen3ou-2214586816-2gqymdch165cnj1l9kbetqv8duk817kpw">
|j|☆SANKE CARP
|j|☆im at the office
|t:|1727902646
|gametype|singles
|player|p1|SANKE CARP|officer-gen2|
|player|p2|im at the office|265|
|teamsize|p1|6
|teamsize|p2|6
|gen|3
|tier|[Gen 3] OU
|rule|Sleep Clause Mod: Limit one foe put to sleep
|rule|Switch Priority Clause Mod: Faster Pokémon switch first
|rule|Species Clause: Limit one of each Pokémon
|rule|OHKO Clause: OHKO moves are banned
|rule|Evasion Items Clause: Evasion items are banned
|rule|Evasion Moves Clause: Evasion moves are banned
|rule|Endless Battle Clause: Forcing endless battles is banned
|rule|HP Percentage Mod: HP is shown in percentages
|rule|One Boost Passer Clause: Limit one Baton Passer that has a way to boost its stats
|rule|Freeze Clause Mod: Limit one foe frozen
|
|t:|1727902646
|start
|switch|p1a: Jolteon|Jolteon, F|100/100
|switch|p2a: Zapdos|Zapdos|100/100
|turn|1
|c|☆SANKE CARP|gl
|c|☆im at the office|u2u2
|
|t:|1727902668
|switch|p2a: Blissey|Blissey, F|100/100
|move|p1a: Jolteon|Substitute|p1a: Jolteon
|-start|p1a: Jolteon|Substitute
|-damage|p1a: Jolteon|75/100
|
|-heal|p1a: Jolteon|82/100|[from] item: Leftovers
|upkeep
|turn|2
|inactive|Battle timer is ON: inactive players will automatically lose when time's up. (requested by im at the office)
|
|t:|1727902675
|move|p1a: Jolteon|Baton Pass|p1a: Jolteon
|
|t:|1727902677
|switch|p1a: Breloom|Breloom, F|100/100|[from] Baton Pass
|move|p2a: Blissey|Seismic Toss|p1a: Breloom
|-end|p1a: Breloom|Substitute
|
|upkeep
|turn|3
|
|t:|1727902701
|switch|p2a: Skarmory|Skarmory, F|100/100
|move|p1a: Breloom|Spore|p2a: Skarmory
|-status|p2a: Skarmory|slp|[from] move: Spore
|
|upkeep
|turn|4
|
|t:|1727902707
|switch|p2a: Gengar|Gengar, M|100/100
|move|p1a: Breloom|Stun Spore|p2a: Gengar
|-status|p2a: Gengar|par
|
|upkeep
|turn|5
|inactive|SANKE CARP has 270 seconds left.
|
|t:|1727902738
|switch|p1a: Jolteon|Jolteon, F|82/100
|move|p2a: Gengar|Will-O-Wisp|p1a: Jolteon
|-status|p1a: Jolteon|brn
|
|-heal|p1a: Jolteon|88/100 brn|[from] item: Leftovers
|-damage|p1a: Jolteon|75/100 brn|[from] brn
|upkeep
|turn|6
|inactive|SANKE CARP has 270 seconds left.
|
|t:|1727902751
|switch|p2a: Blissey|Blissey, F|100/100
|move|p1a: Jolteon|Baton Pass|p1a: Jolteon
|
|t:|1727902757
|switch|p1a: Tyranitar|Tyranitar, F|100/100|[from] Baton Pass
|-weather|Sandstorm|[from] ability: Sand Stream|[of] p1a: Tyranitar
|
|-weather|Sandstorm|[upkeep]
|-damage|p2a: Blissey|94/100|[from] Sandstorm
|-heal|p2a: Blissey|100/100|[from] item: Leftovers
|upkeep
|turn|7
|inactive|SANKE CARP has 270 seconds left.
|
|t:|1727902764
|move|p1a: Tyranitar|Rock Slide|p2a: Blissey
|-damage|p2a: Blissey|66/100
|move|p2a: Blissey|Thunder Wave|p1a: Tyranitar
|-status|p1a: Tyranitar|par
|
|-weather|Sandstorm|[upkeep]
|-damage|p2a: Blissey|59/100|[from] Sandstorm
|-heal|p2a: Blissey|66/100|[from] item: Leftovers
|upkeep
|turn|8
|
|t:|1727902772
|switch|p2a: Swampert|Swampert, F|100/100
|cant|p1a: Tyranitar|par
|
|-weather|Sandstorm|[upkeep]
|upkeep
|turn|9
|
|t:|1727902784
|switch|p1a: Zapdos|Zapdos|100/100
|move|p2a: Swampert|Earthquake|p1a: Zapdos
|-immune|p1a: Zapdos
|
|-weather|Sandstorm|[upkeep]
|-damage|p1a: Zapdos|94/100|[from] Sandstorm
|-heal|p1a: Zapdos|100/100|[from] item: Leftovers
|upkeep
|turn|10
|
|t:|1727902789
|move|p2a: Swampert|Protect|p2a: Swampert
|-singleturn|p2a: Swampert|Protect
|move|p1a: Zapdos|Substitute|p1a: Zapdos
|-start|p1a: Zapdos|Substitute
|-damage|p1a: Zapdos|76/100
|
|-weather|Sandstorm|[upkeep]
|-damage|p1a: Zapdos|69/100|[from] Sandstorm
|-heal|p1a: Zapdos|76/100|[from] item: Leftovers
|upkeep
|turn|11
|
|t:|1727902793
|move|p1a: Zapdos|Hidden Power|p2a: Swampert
|-supereffective|p2a: Swampert
|-damage|p2a: Swampert|1/100
|move|p2a: Swampert|Ice Beam|p1a: Zapdos
|-supereffective|p1a: Zapdos
|-end|p1a: Zapdos|Substitute
|
|-weather|Sandstorm|[upkeep]
|-damage|p1a: Zapdos|69/100|[from] Sandstorm
|-heal|p1a: Zapdos|76/100|[from] item: Leftovers
|-heal|p2a: Swampert|7/100|[from] item: Leftovers
|upkeep
|turn|12
|
|t:|1727902798
|switch|p2a: Blissey|Blissey, F|66/100
|move|p1a: Zapdos|Hidden Power|p2a: Blissey
|-damage|p2a: Blissey|56/100
|
|-weather|Sandstorm|[upkeep]
|-damage|p1a: Zapdos|69/100|[from] Sandstorm
|-damage|p2a: Blissey|49/100|[from] Sandstorm
|-heal|p1a: Zapdos|76/100|[from] item: Leftovers
|-heal|p2a: Blissey|56/100|[from] item: Leftovers
|upkeep
|turn|13
|
|t:|1727902816
|switch|p1a: Tyranitar|Tyranitar, F|100/100 par
|move|p2a: Blissey|Wish|p2a: Blissey
|
|-weather|Sandstorm|[upkeep]
|-damage|p2a: Blissey|49/100|[from] Sandstorm
|-heal|p2a: Blissey|56/100|[from] item: Leftovers
|upkeep
|turn|14
|
|t:|1727902832
|move|p2a: Blissey|Seismic Toss|p1a: Tyranitar
|-damage|p1a: Tyranitar|71/100 par
|move|p1a: Tyranitar|Earthquake|p2a: Blissey
|-damage|p2a: Blissey|24/100
|
|-heal|p2a: Blissey|74/100|[from] move: Wish|[wisher] Blissey
|-weather|Sandstorm|[upkeep]
|-damage|p2a: Blissey|68/100|[from] Sandstorm
|-heal|p2a: Blissey|74/100|[from] item: Leftovers
|upkeep
|turn|15
|
|t:|1727902839
|move|p2a: Blissey|Wish|p2a: Blissey
|move|p1a: Tyranitar|Rock Slide|p2a: Blissey
|-damage|p2a: Blissey|38/100
|
|-weather|Sandstorm|[upkeep]
|-damage|p2a: Blissey|32/100|[from] Sandstorm
|-heal|p2a: Blissey|38/100|[from] item: Leftovers
|upkeep
|turn|16
|
|t:|1727902847
|move|p2a: Blissey|Seismic Toss|p1a: Tyranitar
|-damage|p1a: Tyranitar|42/100 par
|move|p1a: Tyranitar|Dragon Dance|p1a: Tyranitar
|-boost|p1a: Tyranitar|atk|1
|-boost|p1a: Tyranitar|spe|1
|
|-heal|p2a: Blissey|88/100|[from] move: Wish|[wisher] Blissey
|-weather|Sandstorm|[upkeep]
|-damage|p2a: Blissey|82/100|[from] Sandstorm
|-heal|p2a: Blissey|88/100|[from] item: Leftovers
|upkeep
|turn|17
|
|t:|1727902853
|move|p2a: Blissey|Wish|p2a: Blissey
|move|p1a: Tyranitar|Earthquake|p2a: Blissey
|-damage|p2a: Blissey|44/100
|
|-weather|Sandstorm|[upkeep]
|-damage|p2a: Blissey|38/100|[from] Sandstorm
|-heal|p2a: Blissey|44/100|[from] item: Leftovers
|upkeep
|turn|18
|
|t:|1727902882
|switch|p2a: Skarmory|Skarmory, F|100/100 slp
|move|p1a: Tyranitar|Earthquake|p2a: Skarmory
|-immune|p2a: Skarmory
|
|-weather|Sandstorm|[upkeep]
|upkeep
|turn|19
|
|t:|1727902891
|cant|p2a: Skarmory|slp
|move|p1a: Tyranitar|Rock Slide|p2a: Skarmory|[miss]
|-miss|p1a: Tyranitar|p2a: Skarmory
|
|-weather|Sandstorm|[upkeep]
|upkeep
|turn|20
|
|t:|1727902894
|cant|p2a: Skarmory|slp
|move|p1a: Tyranitar|Rock Slide|p2a: Skarmory
|-damage|p2a: Skarmory|60/100 slp
|
|-weather|Sandstorm|[upkeep]
|-heal|p2a: Skarmory|66/100 slp|[from] item: Leftovers
|upkeep
|turn|21
|
|t:|1727902897
|cant|p2a: Skarmory|slp
|move|p1a: Tyranitar|Rock Slide|p2a: Skarmory
|-damage|p2a: Skarmory|26/100 slp
|
|-weather|Sandstorm|[upkeep]
|-heal|p2a: Skarmory|32/100 slp|[from] item: Leftovers
|upkeep
|turn|22
|
|t:|1727902915
|switch|p1a: Zapdos|Zapdos|76/100
|-curestatus|p2a: Skarmory|slp|[msg]
|move|p2a: Skarmory|Protect||[still]
|-fail|p2a: Skarmory
|
|-weather|Sandstorm|[upkeep]
|-damage|p1a: Zapdos|69/100|[from] Sandstorm
|-heal|p1a: Zapdos|76/100|[from] item: Leftovers
|-heal|p2a: Skarmory|38/100|[from] item: Leftovers
|upkeep
|turn|23
|
|t:|1727902919
|move|p1a: Zapdos|Thunderbolt|p2a: Skarmory
|-supereffective|p2a: Skarmory
|-damage|p2a: Skarmory|0 fnt
|faint|p2a: Skarmory
|
|t:|1727902922
|switch|p2a: Blissey|Blissey, F|44/100
|
|-weather|Sandstorm|[upkeep]
|-damage|p1a: Zapdos|69/100|[from] Sandstorm
|-damage|p2a: Blissey|38/100|[from] Sandstorm
|-heal|p1a: Zapdos|76/100|[from] item: Leftovers
|-heal|p2a: Blissey|44/100|[from] item: Leftovers
|upkeep
|turn|24
|
|t:|1727902928
|move|p1a: Zapdos|Baton Pass|p1a: Zapdos
|
|t:|1727902929
|switch|p1a: Dugtrio|Dugtrio, M|100/100|[from] Baton Pass
|move|p2a: Blissey|Wish|p2a: Blissey
|
|-weather|Sandstorm|[upkeep]
|-damage|p2a: Blissey|38/100|[from] Sandstorm
|-heal|p2a: Blissey|44/100|[from] item: Leftovers
|upkeep
|turn|25
|
|t:|1727902937
|move|p1a: Dugtrio|Earthquake|p2a: Blissey
|-damage|p2a: Blissey|0 fnt
|faint|p2a: Blissey
|
|t:|1727902940
|switch|p2a: Zapdos|Zapdos|100/100
|
|-weather|Sandstorm|[upkeep]
|-damage|p2a: Zapdos|94/100|[from] Sandstorm
|upkeep
|turn|26
|
|t:|1727902950
|switch|p1a: Tyranitar|Tyranitar, F|42/100 par
|move|p2a: Zapdos|Baton Pass|p2a: Zapdos
|
|t:|1727902953
|switch|p2a: Swampert|Swampert, F|7/100|[from] Baton Pass
|
|-weather|Sandstorm|[upkeep]
|-heal|p2a: Swampert|13/100|[from] item: Leftovers
|upkeep
|turn|27
|
|t:|1727902960
|move|p2a: Swampert|Hydro Pump|p1a: Tyranitar
|-supereffective|p1a: Tyranitar
|-damage|p1a: Tyranitar|0 fnt
|faint|p1a: Tyranitar
|
|t:|1727902972
|switch|p1a: Jirachi|Jirachi|100/100
|
|-weather|Sandstorm|[upkeep]
|-heal|p2a: Swampert|19/100|[from] item: Leftovers
|upkeep
|turn|28
|
|t:|1727902975
|move|p1a: Jirachi|Psychic|p2a: Swampert
|-damage|p2a: Swampert|0 fnt
|faint|p2a: Swampert
|
|t:|1727902977
|switch|p2a: Tyranitar|Tyranitar, F|100/100
|
|-weather|Sandstorm|[upkeep]
|upkeep
|turn|29
|
|t:|1727902992
|switch|p1a: Breloom|Breloom, F|100/100
|switch|p2a: Zapdos|Zapdos|94/100
|
|-weather|Sandstorm|[upkeep]
|-damage|p2a: Zapdos|88/100|[from] Sandstorm
|-damage|p1a: Breloom|94/100|[from] Sandstorm
|-heal|p1a: Breloom|100/100|[from] item: Leftovers
|upkeep
|turn|30
|
|t:|1727903000
|switch|p1a: Jolteon|Jolteon, F|75/100 brn
|move|p2a: Zapdos|Baton Pass|p2a: Zapdos
|
|t:|1727903003
|switch|p2a: Gengar|Gengar, M|100/100 par|[from] Baton Pass
|
|-weather|Sandstorm|[upkeep]
|-damage|p1a: Jolteon|69/100 brn|[from] Sandstorm
|-damage|p2a: Gengar|95/100 par|[from] Sandstorm
|-heal|p1a: Jolteon|75/100 brn|[from] item: Leftovers
|-damage|p1a: Jolteon|63/100 brn|[from] brn
|-heal|p2a: Gengar|100/100 par|[from] item: Leftovers
|upkeep
|turn|31
|
|t:|1727903012
|switch|p1a: Jirachi|Jirachi|100/100
|move|p2a: Gengar|Explosion|p1a: Jirachi
|-resisted|p1a: Jirachi
|-damage|p1a: Jirachi|59/100
|faint|p2a: Gengar
|
|t:|1727903015
|switch|p2a: Zapdos|Zapdos|88/100
|
|-weather|Sandstorm|[upkeep]
|-damage|p2a: Zapdos|82/100|[from] Sandstorm
|-heal|p1a: Jirachi|65/100|[from] item: Leftovers
|upkeep
|turn|32
|
|t:|1727903027
|move|p1a: Jirachi|Calm Mind|p1a: Jirachi
|-boost|p1a: Jirachi|spa|1
|-boost|p1a: Jirachi|spd|1
|move|p2a: Zapdos|Thunder|p1a: Jirachi
|-damage|p1a: Jirachi|20/100
|
|-weather|Sandstorm|[upkeep]
|-damage|p2a: Zapdos|76/100|[from] Sandstorm
|-heal|p1a: Jirachi|26/100|[from] item: Leftovers
|upkeep
|turn|33
|
|t:|1727903034
|move|p1a: Jirachi|Psychic|p2a: Zapdos
|-damage|p2a: Zapdos|15/100
|move|p2a: Zapdos|Thunder|p1a: Jirachi
|-damage|p1a: Jirachi|0 fnt
|faint|p1a: Jirachi
|
|t:|1727903043
|switch|p1a: Jolteon|Jolteon, F|63/100 brn
|
|-weather|Sandstorm|[upkeep]
|-damage|p1a: Jolteon|57/100 brn|[from] Sandstorm
|-damage|p2a: Zapdos|9/100|[from] Sandstorm
|-heal|p1a: Jolteon|63/100 brn|[from] item: Leftovers
|-damage|p1a: Jolteon|50/100 brn|[from] brn
|upkeep
|turn|34
|
|t:|1727903051
|move|p1a: Jolteon|Substitute|p1a: Jolteon
|-start|p1a: Jolteon|Substitute
|-damage|p1a: Jolteon|25/100 brn
|move|p2a: Zapdos|Hidden Power|p1a: Jolteon
|-end|p1a: Jolteon|Substitute
|
|-weather|Sandstorm|[upkeep]
|-damage|p1a: Jolteon|19/100 brn|[from] Sandstorm
|-damage|p2a: Zapdos|3/100|[from] Sandstorm
|-heal|p1a: Jolteon|25/100 brn|[from] item: Leftovers
|-damage|p1a: Jolteon|13/100 brn|[from] brn
|upkeep
|turn|35
|
|t:|1727903063
|move|p1a: Jolteon|Substitute|p1a: Jolteon
|-fail|p1a: Jolteon|move: Substitute|[weak]
|move|p2a: Zapdos|Hidden Power|p1a: Jolteon
|-crit|p1a: Jolteon
|-damage|p1a: Jolteon|0 fnt
|faint|p1a: Jolteon
|
|t:|1727903071
|switch|p1a: Breloom|Breloom, F|100/100
|
|-weather|Sandstorm|[upkeep]
|-damage|p2a: Zapdos|0 fnt|[from] Sandstorm
|-damage|p1a: Breloom|94/100|[from] Sandstorm
|faint|p2a: Zapdos
|-heal|p1a: Breloom|100/100|[from] item: Leftovers
|upkeep
|
|t:|1727903074
|switch|p2a: Tyranitar|Tyranitar, F|100/100
|turn|36
|c|☆im at the office|gg
|c|☆SANKE CARP|gg
|
|t:|1727903080
|move|p1a: Breloom|Spore|p2a: Tyranitar
|-status|p2a: Tyranitar|slp|[from] move: Spore
|cant|p2a: Tyranitar|slp
|
|-weather|Sandstorm|[upkeep]
|-damage|p1a: Breloom|94/100|[from] Sandstorm
|-heal|p1a: Breloom|100/100|[from] item: Leftovers
|upkeep
|turn|37
|
|t:|1727903084
|-singleturn|p1a: Breloom|move: Focus Punch
|cant|p2a: Tyranitar|slp
|move|p1a: Breloom|Focus Punch|p2a: Tyranitar
|-supereffective|p2a: Tyranitar
|-damage|p2a: Tyranitar|0 fnt
|faint|p2a: Tyranitar
|
|win|SANKE CARP
|l|☆im at the office
|player|p2|

</script>
<script type="application/json" class="data" id="replaydata-gen3ou-2214586816-2gqymdch165cnj1l9kbetqv8duk817kpw">
{"id":"gen3ou-2214586816","format":"[Gen 3] OU","players":["SANKE CARP","im at the office"],"uploadtime":1727903453,"views":138,"formatid":"gen3ou","rating":null,"private":1,"password":"2gqymdch165cnj1l9kbetqv8duk817k"}
</script>

<script defer src="js/replays.js?9d40a366"></script>
