<!DOCTYPE html>
<meta charset="utf-8" />
<meta name="viewport" content="width=device-width" />

<title>[Gen 3] OU: TyCarter vs. javiercar - Replays - Pok&eacute;mon Showdown!</title>

<meta name="description" content="Watch a replay of a Pok&eacute;mon battle between TyCarter and javiercar! Format: [Gen 3] OU; Date: Oct 6, 2024" />
<!--

Hey, you! Looking in the source for the replay log?

You can find them in JSON format, just add `.json` at the end of a replay URL.

https://replay.pokemonshowdown.com/gen7randomdoublesbattle-865046831.json

Or, if you only need the log itself, add `.log` instead:

https://replay.pokemonshowdown.com/gen7randomdoublesbattle-865046831.log

-->

<link rel="stylesheet" href="//pokemonshowdown.com/style/global.css?0.023195364461161105" />
<link rel="stylesheet" href="//play.pokemonshowdown.com/style/font-awesome.css?0.13261647063804238" />
<link rel="stylesheet" href="//play.pokemonshowdown.com/style/battle.css?0.8753245789963631" />
<link rel="stylesheet" href="//play.pokemonshowdown.com/style/utilichart.css?0.8627959624976733" />

<!-- Global site tag (gtag.js) - Google Analytics -->
<script async src="https://www.googletagmanager.com/gtag/js?id=UA-26211653-1"></script>
<script>
  window.dataLayer = window.dataLayer || [];
  function gtag(){dataLayer.push(arguments);}
  gtag('js', new Date());

  gtag('config', 'UA-26211653-1');
</script>
<!-- End Google Analytics -->
<!-- Venatus Ad Manager - Install in <HEAD> of page -->
	<script src="https://hb.vntsm.com/v3/live/ad-manager.min.js" type="text/javascript" data-site-id="642aba63ec9a7b11c3c9c1be" data-mode="scan" async></script>
<!-- / Venatus Ad Manager -->

<style>
	@media (max-width:820px) {
		.battle {
			margin: 0 auto;
		}
		.battle-log {
			margin: 7px auto 0;
			max-width: 640px;
			height: 300px;
			position: static;
		}
	}
	.optgroup {
		display: inline-block;
		line-height: 22px;
		font-size: 10pt;
	}
	.optgroup .button {
		height: 25px;
		padding-top: 0;
		padding-bottom: 0;
	}
	.optgroup button.button {
		padding-left: 12px;
		padding-right: 12px;
	}
	.linklist {
		list-style: none;
		margin: 0.5em 0;
		padding: 0;
	}
	.linklist li {
		padding: 2px 0;
	}
	.sidebar {
		float: left;
		width: 320px;
	}
	.bar-wrapper {
		max-width: 1100px;
		margin: 0 auto;
	}
	.bar-wrapper.has-sidebar {
		max-width: 1430px;
	}
	.mainbar {
		margin: 0;
		padding-right: 1px;
	}
	.mainbar.has-sidebar {
		margin-left: 330px;
	}
	@media (min-width: 1511px) {
		.sidebar {
			width: 400px;
		}
		.bar-wrapper.has-sidebar {
			max-width: 1510px;
		}
		.mainbar.has-sidebar {
			margin-left: 410px;
		}
	}
	.section.first-section {
		margin-top: 9px;
	}
	.blocklink small {
		white-space: normal;
	}
	.button {
		vertical-align: middle;
	}
	.replay-controls {
		padding-top: 10px;
	}
	.replay-controls h1 {
		font-size: 16pt;
		font-weight: normal;
		color: #CCC;
	}
	.pagelink {
		text-align: center;
	}
	.pagelink a {
		width: 150px;
	}
	.textbox, .button {
		font-size: 11pt;
		vertical-align: middle;
	}
	@media (max-width: 450px) {
		.button {
			font-size: 9pt;
		}
	}
</style>

<div>

	<header>
		<div class="nav-wrapper"><ul class="nav">
			<li><a class="button nav-first" href="//pokemonshowdown.com/"><img src="//pokemonshowdown.com/images/pokemonshowdownbeta.png" srcset="//pokemonshowdown.com/images/pokemonshowdownbeta.png 1x, //pokemonshowdown.com/images/pokemonshowdownbeta@2x.png 2x" alt="Pok&eacute;mon Showdown" width="146" height="44" /> Home</a></li>
			<li><a class="button" href="//pokemonshowdown.com/dex/">Pok&eacute;dex</a></li>
			<li><a class="button cur" href="/">Replays</a></li>
			<li><a class="button" href="//pokemonshowdown.com/ladder/">Ladder</a></li>
			<li><a class="button nav-last" href="//pokemonshowdown.com/forums/">Forum</a></li>
			<li><a class="button greenbutton nav-first nav-last" href="//play.pokemonshowdown.com/">Play</a></li>
		</ul></div>
	</header>

	<div class="main" id="main">

		<noscript><section class="section">You need to enable JavaScript to use this page; sorry!</section></noscript>

	</div>

</div>

<script defer nomodule src="//play.pokemonshowdown.com/js/lib/ps-polyfill.js"></script>
<script defer src="//play.pokemonshowdown.com/js/lib/preact.min.js"></script>

<script defer src="//play.pokemonshowdown.com/config/config.js?2bddbc15"></script>
<script defer src="//play.pokemonshowdown.com/js/lib/jquery-1.11.0.min.js"></script>
<script defer src="//play.pokemonshowdown.com/js/lib/html-sanitizer-minified.js"></script>
<script defer src="//play.pokemonshowdown.com/js/battle-sound.js"></script>
<script defer src="//play.pokemonshowdown.com/js/battledata.js?0.7209276989879541"></script>
<script defer src="//play.pokemonshowdown.com/data/pokedex-mini.js?0.6111056340867951"></script>
<script defer src="//play.pokemonshowdown.com/data/pokedex-mini-bw.js?0.3532142036491459"></script>
<script defer src="//play.pokemonshowdown.com/data/graphics.js?0.24223875632456182"></script>
<script defer src="//play.pokemonshowdown.com/data/pokedex.js?0.38839984266356864"></script>
<script defer src="//play.pokemonshowdown.com/data/moves.js?0.21866028504024015"></script>
<script defer src="//play.pokemonshowdown.com/data/abilities.js?0.2005157953846628"></script>
<script defer src="//play.pokemonshowdown.com/data/items.js?0.9894211263848525"></script>
<script defer src="//play.pokemonshowdown.com/data/teambuilder-tables.js?0.6008791140282215"></script>
<script defer src="//play.pokemonshowdown.com/js/battle-tooltips.js?0.7580118955022959"></script>
<script defer src="//play.pokemonshowdown.com/js/battle.js?0.6057722274234274"></script>

<script defer src="js/utils.js?e31f9a17"></script>
<script defer src="js/replays-battle.js?7008c182"></script>

<!-- don't scrape this data! just add .json or .log after the URL!
Full API docs: https://github.com/smogon/pokemon-showdown-client/blob/master/WEB-API.md -->
<script type="text/plain" class="log" id="replaylog-smogtours-gen3ou-795982">
|inactive|Battle timer is ON: inactive players will automatically lose when time's up.
|t:|1728248447
|gametype|singles
|player|p1|TyCarter|#ptplvjirachis|
|player|p2|javiercar|101|
|teamsize|p1|6
|teamsize|p2|6
|gen|3
|tier|[Gen 3] OU
|rule|Sleep Clause Mod: Limit one foe put to sleep
|rule|Switch Priority Clause Mod: Faster Pokémon switch first
|rule|Species Clause: Limit one of each Pokémon
|rule|OHKO Clause: OHKO moves are banned
|rule|Evasion Items Clause: Evasion items are banned
|rule|Evasion Moves Clause: Evasion moves are banned
|rule|Endless Battle Clause: Forcing endless battles is banned
|rule|HP Percentage Mod: HP is shown in percentages
|rule|One Boost Passer Clause: Limit one Baton Passer that has a way to boost its stats
|rule|Freeze Clause Mod: Limit one foe frozen
|
|t:|1728248447
|start
|switch|p1a: Tyranitar|Tyranitar, F|100/100
|switch|p2a: Shenron|Salamence, M, shiny|100/100
|-ability|p2a: Shenron|Intimidate|boost
|-unboost|p1a: Tyranitar|atk|1
|-weather|Sandstorm|[from] ability: Sand Stream|[of] p1a: Tyranitar
|turn|1
|c|☆TyCarter|hf
|c|☆TyCarter|/log TyCarter made the replay of this battle unlisted.
|
|t:|1728248472
|switch|p1a: Swampert|Swampert, F|100/100
|move|p2a: Shenron|Brick Break|p1a: Swampert
|-damage|p1a: Swampert|86/100
|
|-weather|Sandstorm|[upkeep]
|-damage|p2a: Shenron|94/100|[from] Sandstorm
|-heal|p2a: Shenron|100/100|[from] item: Leftovers
|-heal|p1a: Swampert|93/100|[from] item: Leftovers
|upkeep
|turn|2
|
|t:|1728248486
|move|p2a: Shenron|Hidden Power|p1a: Swampert
|-supereffective|p1a: Swampert
|-damage|p1a: Swampert|4/100
|move|p1a: Swampert|Ice Beam|p2a: Shenron
|-supereffective|p2a: Shenron
|-damage|p2a: Shenron|0 fnt
|faint|p2a: Shenron
|
|t:|1728248503
|switch|p2a: Skarms|Skarmory, M, shiny|100/100
|
|-weather|Sandstorm|[upkeep]
|-heal|p1a: Swampert|10/100|[from] item: Leftovers
|upkeep
|turn|3
|
|t:|1728248509
|move|p2a: Skarms|Spikes|p1a: Swampert
|-sidestart|p1: TyCarter|Spikes
|move|p1a: Swampert|Hydro Pump|p2a: Skarms
|-damage|p2a: Skarms|49/100
|
|-weather|Sandstorm|[upkeep]
|-heal|p2a: Skarms|55/100|[from] item: Leftovers
|-heal|p1a: Swampert|17/100|[from] item: Leftovers
|upkeep
|turn|4
|
|t:|1728248520
|move|p2a: Skarms|Protect|p2a: Skarms
|-singleturn|p2a: Skarms|Protect
|move|p1a: Swampert|Ice Beam|p2a: Skarms
|-activate|p2a: Skarms|Protect
|
|-weather|Sandstorm|[upkeep]
|-heal|p2a: Skarms|61/100|[from] item: Leftovers
|-heal|p1a: Swampert|23/100|[from] item: Leftovers
|upkeep
|turn|5
|
|t:|1728248546
|switch|p2a: Sheer mass|Blissey, F|100/100
|move|p1a: Swampert|Ice Beam|p2a: Sheer mass
|-damage|p2a: Sheer mass|93/100
|
|-weather|Sandstorm|[upkeep]
|-damage|p2a: Sheer mass|86/100|[from] Sandstorm
|-heal|p2a: Sheer mass|93/100|[from] item: Leftovers
|-heal|p1a: Swampert|29/100|[from] item: Leftovers
|upkeep
|turn|6
|
|t:|1728248559
|switch|p1a: Skarmory|Skarmory, F|100/100
|move|p2a: Sheer mass|Ice Beam|p1a: Skarmory
|-damage|p1a: Skarmory|76/100
|
|-weather|Sandstorm|[upkeep]
|-damage|p2a: Sheer mass|86/100|[from] Sandstorm
|-heal|p1a: Skarmory|82/100|[from] item: Leftovers
|-heal|p2a: Sheer mass|93/100|[from] item: Leftovers
|upkeep
|turn|7
|
|t:|1728248569
|move|p1a: Skarmory|Spikes|p2a: Sheer mass
|-sidestart|p2: javiercar|Spikes
|move|p2a: Sheer mass|Sing|p1a: Skarmory
|-status|p1a: Skarmory|slp|[from] move: Sing
|
|-weather|Sandstorm|[upkeep]
|-damage|p2a: Sheer mass|86/100|[from] Sandstorm
|-heal|p1a: Skarmory|88/100 slp|[from] item: Leftovers
|-heal|p2a: Sheer mass|93/100|[from] item: Leftovers
|upkeep
|turn|8
|
|t:|1728248578
|switch|p1a: Tyranitar|Tyranitar, F|100/100
|-damage|p1a: Tyranitar|88/100|[from] Spikes
|move|p2a: Sheer mass|Thunderbolt|p1a: Tyranitar
|-damage|p1a: Tyranitar|66/100
|
|-weather|Sandstorm|[upkeep]
|-damage|p2a: Sheer mass|86/100|[from] Sandstorm
|-heal|p1a: Tyranitar|72/100|[from] item: Leftovers
|-heal|p2a: Sheer mass|93/100|[from] item: Leftovers
|upkeep
|turn|9
|
|t:|1728248596
|switch|p2a: Gree|Claydol|100/100
|move|p1a: Tyranitar|Substitute|p1a: Tyranitar
|-start|p1a: Tyranitar|Substitute
|-damage|p1a: Tyranitar|47/100
|
|-weather|Sandstorm|[upkeep]
|-heal|p1a: Tyranitar|53/100|[from] item: Leftovers
|upkeep
|turn|10
|
|t:|1728248609
|move|p2a: Gree|Earthquake|p1a: Tyranitar
|-supereffective|p1a: Tyranitar
|-end|p1a: Tyranitar|Substitute
|move|p1a: Tyranitar|Crunch|p2a: Gree
|-supereffective|p2a: Gree
|-damage|p2a: Gree|42/100
|-unboost|p2a: Gree|spd|1
|
|-weather|Sandstorm|[upkeep]
|-heal|p2a: Gree|48/100|[from] item: Leftovers
|-heal|p1a: Tyranitar|60/100|[from] item: Leftovers
|upkeep
|turn|11
|
|t:|1728248619
|switch|p1a: Salamence|Salamence, F|100/100
|-ability|p1a: Salamence|Intimidate|boost
|-unboost|p2a: Gree|atk|1
|move|p2a: Gree|Earthquake|p1a: Salamence
|-immune|p1a: Salamence
|
|-weather|Sandstorm|[upkeep]
|-damage|p1a: Salamence|94/100|[from] Sandstorm
|-heal|p1a: Salamence|100/100|[from] item: Leftovers
|-heal|p2a: Gree|54/100|[from] item: Leftovers
|upkeep
|turn|12
|
|t:|1728248641
|switch|p2a: The Meta|Metagross|100/100
|-damage|p2a: The Meta|88/100|[from] Spikes
|move|p1a: Salamence|Hidden Power|p2a: The Meta
|-resisted|p2a: The Meta
|-damage|p2a: The Meta|78/100
|
|-weather|Sandstorm|[upkeep]
|-damage|p1a: Salamence|94/100|[from] Sandstorm
|-heal|p1a: Salamence|100/100|[from] item: Leftovers
|-heal|p2a: The Meta|84/100|[from] item: Leftovers
|upkeep
|turn|13
|
|t:|1728248658
|move|p1a: Salamence|Fire Blast|p2a: The Meta
|-supereffective|p2a: The Meta
|-damage|p2a: The Meta|14/100
|move|p2a: The Meta|Meteor Mash|p1a: Salamence
|-crit|p1a: Salamence
|-damage|p1a: Salamence|0 fnt
|faint|p1a: Salamence
|
|t:|1728248664
|switch|p1a: Celebi|Celebi|100/100
|-damage|p1a: Celebi|88/100|[from] Spikes
|
|-weather|Sandstorm|[upkeep]
|-damage|p1a: Celebi|82/100|[from] Sandstorm
|-heal|p1a: Celebi|88/100|[from] item: Leftovers
|-heal|p2a: The Meta|20/100|[from] item: Leftovers
|upkeep
|turn|14
|
|t:|1728248672
|move|p2a: The Meta|Protect|p2a: The Meta
|-singleturn|p2a: The Meta|Protect
|move|p1a: Celebi|Hidden Power|p2a: The Meta
|-activate|p2a: The Meta|Protect
|
|-weather|Sandstorm|[upkeep]
|-damage|p1a: Celebi|82/100|[from] Sandstorm
|-heal|p1a: Celebi|88/100|[from] item: Leftovers
|-heal|p2a: The Meta|26/100|[from] item: Leftovers
|upkeep
|turn|15
|
|t:|1728248683
|switch|p2a: Sheer mass|Blissey, F|93/100
|-damage|p2a: Sheer mass|80/100|[from] Spikes
|move|p1a: Celebi|Leech Seed|p2a: Sheer mass
|-start|p2a: Sheer mass|move: Leech Seed
|
|-weather|Sandstorm|[upkeep]
|-damage|p1a: Celebi|82/100|[from] Sandstorm
|-damage|p2a: Sheer mass|74/100|[from] Sandstorm
|-heal|p1a: Celebi|88/100|[from] item: Leftovers
|-heal|p2a: Sheer mass|80/100|[from] item: Leftovers
|-damage|p2a: Sheer mass|68/100|[from] Leech Seed|[of] p1a: Celebi
|-heal|p1a: Celebi|100/100|[silent]
|upkeep
|turn|16
|
|t:|1728248697
|switch|p1a: Tyranitar|Tyranitar, F|60/100
|-damage|p1a: Tyranitar|47/100|[from] Spikes
|switch|p2a: Gree|Claydol|54/100
|
|-weather|Sandstorm|[upkeep]
|-heal|p2a: Gree|60/100|[from] item: Leftovers
|-heal|p1a: Tyranitar|53/100|[from] item: Leftovers
|upkeep
|turn|17
|
|t:|1728248723
|switch|p1a: Celebi|Celebi|100/100
|-damage|p1a: Celebi|88/100|[from] Spikes
|move|p2a: Gree|Rapid Spin|p1a: Celebi
|-damage|p1a: Celebi|83/100
|-sideend|p2: javiercar|Spikes|[from] move: Rapid Spin|[of] p2a: Gree
|
|-weather|Sandstorm|[upkeep]
|-damage|p1a: Celebi|77/100|[from] Sandstorm
|-heal|p1a: Celebi|83/100|[from] item: Leftovers
|-heal|p2a: Gree|66/100|[from] item: Leftovers
|upkeep
|turn|18
|
|t:|1728248734
|move|p1a: Celebi|Giga Drain|p2a: Gree
|-supereffective|p2a: Gree
|-damage|p2a: Gree|14/100
|-heal|p1a: Celebi|100/100|[from] drain|[of] p2a: Gree
|move|p2a: Gree|Explosion|p1a: Celebi
|-damage|p1a: Celebi|0 fnt
|faint|p2a: Gree
|faint|p1a: Celebi
|inactive|javiercar has 270 seconds left.
|
|t:|1728248765
|switch|p1a: Aerodactyl|Aerodactyl, F|100/100
|switch|p2a: The Meta|Metagross|26/100
|
|-weather|Sandstorm|[upkeep]
|-heal|p2a: The Meta|32/100|[from] item: Leftovers
|upkeep
|turn|19
|
|t:|1728248783
|switch|p2a: Skarms|Skarmory, M, shiny|61/100
|move|p1a: Aerodactyl|Earthquake|p2a: Skarms
|-immune|p2a: Skarms
|
|-weather|Sandstorm|[upkeep]
|-heal|p2a: Skarms|67/100|[from] item: Leftovers
|upkeep
|turn|20
|
|t:|1728248792
|switch|p1a: Tyranitar|Tyranitar, F|53/100
|-damage|p1a: Tyranitar|41/100|[from] Spikes
|move|p2a: Skarms|Toxic|p1a: Tyranitar
|-status|p1a: Tyranitar|tox
|
|-weather|Sandstorm|[upkeep]
|-heal|p2a: Skarms|74/100|[from] item: Leftovers
|-heal|p1a: Tyranitar|47/100 tox|[from] item: Leftovers
|-damage|p1a: Tyranitar|41/100 tox|[from] psn
|upkeep
|turn|21
|
|t:|1728248804
|move|p2a: Skarms|Protect|p2a: Skarms
|-singleturn|p2a: Skarms|Protect
|move|p1a: Tyranitar|Thunder|p2a: Skarms|[miss]
|-miss|p1a: Tyranitar|p2a: Skarms
|
|-weather|Sandstorm|[upkeep]
|-heal|p2a: Skarms|80/100|[from] item: Leftovers
|-heal|p1a: Tyranitar|47/100 tox|[from] item: Leftovers
|-damage|p1a: Tyranitar|35/100 tox|[from] psn
|upkeep
|turn|22
|
|t:|1728248819
|-singleturn|p1a: Tyranitar|move: Focus Punch
|switch|p2a: Sheer mass|Blissey, F|68/100
|move|p1a: Tyranitar|Focus Punch|p2a: Sheer mass
|-supereffective|p2a: Sheer mass
|-damage|p2a: Sheer mass|0 fnt
|faint|p2a: Sheer mass
|
|t:|1728248836
|switch|p2a: The Meta|Metagross|32/100
|
|-weather|Sandstorm|[upkeep]
|-heal|p1a: Tyranitar|41/100 tox|[from] item: Leftovers
|-damage|p1a: Tyranitar|23/100 tox|[from] psn
|-heal|p2a: The Meta|39/100|[from] item: Leftovers
|upkeep
|turn|23
|
|t:|1728248854
|move|p2a: The Meta|Protect|p2a: The Meta
|-singleturn|p2a: The Meta|Protect
|move|p1a: Tyranitar|Crunch|p2a: The Meta
|-activate|p2a: The Meta|Protect
|
|-weather|Sandstorm|[upkeep]
|-heal|p1a: Tyranitar|29/100 tox|[from] item: Leftovers
|-damage|p1a: Tyranitar|4/100 tox|[from] psn
|-heal|p2a: The Meta|45/100|[from] item: Leftovers
|upkeep
|turn|24
|inactive|javiercar has 240 seconds left.
|
|t:|1728248875
|switch|p2a: TEETARR|Tyranitar, M|100/100
|move|p1a: Tyranitar|Thunder|p2a: TEETARR
|-damage|p2a: TEETARR|71/100
|
|-weather|Sandstorm|[upkeep]
|-heal|p2a: TEETARR|77/100|[from] item: Leftovers
|-heal|p1a: Tyranitar|10/100 tox|[from] item: Leftovers
|-damage|p1a: Tyranitar|0 fnt|[from] psn
|faint|p1a: Tyranitar
|upkeep
|inactive|TyCarter has 270 seconds left.
|
|t:|1728248932
|switch|p1a: Skarmory|Skarmory, F|88/100 slp
|turn|25
|
|t:|1728248937
|move|p2a: TEETARR|Dragon Dance|p2a: TEETARR
|-boost|p2a: TEETARR|atk|1
|-boost|p2a: TEETARR|spe|1
|cant|p1a: Skarmory|slp
|
|-weather|Sandstorm|[upkeep]
|-heal|p2a: TEETARR|84/100|[from] item: Leftovers
|-heal|p1a: Skarmory|94/100 slp|[from] item: Leftovers
|upkeep
|turn|26
|
|t:|1728248945
|move|p2a: TEETARR|Dragon Dance|p2a: TEETARR
|-boost|p2a: TEETARR|atk|1
|-boost|p2a: TEETARR|spe|1
|cant|p1a: Skarmory|slp
|
|-weather|Sandstorm|[upkeep]
|-heal|p2a: TEETARR|90/100|[from] item: Leftovers
|-heal|p1a: Skarmory|99/100 slp|[from] item: Leftovers
|upkeep
|turn|27
|
|t:|1728248953
|move|p2a: TEETARR|Rock Slide|p1a: Skarmory
|-damage|p1a: Skarmory|41/100 slp
|-curestatus|p1a: Skarmory|slp|[msg]
|cant|p1a: Skarmory|flinch
|
|-weather|Sandstorm|[upkeep]
|-heal|p2a: TEETARR|96/100|[from] item: Leftovers
|-heal|p1a: Skarmory|47/100|[from] item: Leftovers
|upkeep
|turn|28
|inactive|javiercar has 270 seconds left.
|
|t:|1728248962
|move|p2a: TEETARR|Rock Slide|p1a: Skarmory
|-damage|p1a: Skarmory|0 fnt
|faint|p1a: Skarmory
|
|t:|1728248966
|switch|p1a: Aerodactyl|Aerodactyl, F|100/100
|
|-weather|Sandstorm|[upkeep]
|-heal|p2a: TEETARR|100/100|[from] item: Leftovers
|upkeep
|turn|29
|
|t:|1728248971
|move|p2a: TEETARR|Rock Slide|p1a: Aerodactyl
|-supereffective|p1a: Aerodactyl
|-damage|p1a: Aerodactyl|0 fnt
|faint|p1a: Aerodactyl
|c|☆TyCarter|gg
|-message|TyCarter forfeited.
|
|win|javiercar
|c|☆javiercar|gg

</script>
<script type="application/json" class="data" id="replaydata-smogtours-gen3ou-795982">
{"id":"smogtours-gen3ou-795982","format":"[Gen 3] OU","players":["TyCarter","javiercar"],"uploadtime":1728248978,"views":90,"formatid":"gen3ou","rating":null,"private":1,"password":null}
</script>

<script defer src="js/replays.js?9d40a366"></script>
