<!DOCTYPE html>
<meta charset="utf-8" />
<meta name="viewport" content="width=device-width" />

<title>[Gen 3] OU: mrsunsmash vs. VZR - Replays - Pok&eacute;mon Showdown!</title>

<meta name="description" content="Watch a replay of a Pok&eacute;mon battle between mrsunsmash and VZR! Format: [Gen 3] OU; Date: Oct 3, 2024" />
<!--

Hey, you! Looking in the source for the replay log?

You can find them in JSON format, just add `.json` at the end of a replay URL.

https://replay.pokemonshowdown.com/gen7randomdoublesbattle-865046831.json

Or, if you only need the log itself, add `.log` instead:

https://replay.pokemonshowdown.com/gen7randomdoublesbattle-865046831.log

-->

<link rel="stylesheet" href="//pokemonshowdown.com/style/global.css?0.023195364461161105" />
<link rel="stylesheet" href="//play.pokemonshowdown.com/style/font-awesome.css?0.13261647063804238" />
<link rel="stylesheet" href="//play.pokemonshowdown.com/style/battle.css?0.8753245789963631" />
<link rel="stylesheet" href="//play.pokemonshowdown.com/style/utilichart.css?0.8627959624976733" />

<!-- Global site tag (gtag.js) - Google Analytics -->
<script async src="https://www.googletagmanager.com/gtag/js?id=UA-26211653-1"></script>
<script>
  window.dataLayer = window.dataLayer || [];
  function gtag(){dataLayer.push(arguments);}
  gtag('js', new Date());

  gtag('config', 'UA-26211653-1');
</script>
<!-- End Google Analytics -->
<!-- Venatus Ad Manager - Install in <HEAD> of page -->
	<script src="https://hb.vntsm.com/v3/live/ad-manager.min.js" type="text/javascript" data-site-id="642aba63ec9a7b11c3c9c1be" data-mode="scan" async></script>
<!-- / Venatus Ad Manager -->

<style>
	@media (max-width:820px) {
		.battle {
			margin: 0 auto;
		}
		.battle-log {
			margin: 7px auto 0;
			max-width: 640px;
			height: 300px;
			position: static;
		}
	}
	.optgroup {
		display: inline-block;
		line-height: 22px;
		font-size: 10pt;
	}
	.optgroup .button {
		height: 25px;
		padding-top: 0;
		padding-bottom: 0;
	}
	.optgroup button.button {
		padding-left: 12px;
		padding-right: 12px;
	}
	.linklist {
		list-style: none;
		margin: 0.5em 0;
		padding: 0;
	}
	.linklist li {
		padding: 2px 0;
	}
	.sidebar {
		float: left;
		width: 320px;
	}
	.bar-wrapper {
		max-width: 1100px;
		margin: 0 auto;
	}
	.bar-wrapper.has-sidebar {
		max-width: 1430px;
	}
	.mainbar {
		margin: 0;
		padding-right: 1px;
	}
	.mainbar.has-sidebar {
		margin-left: 330px;
	}
	@media (min-width: 1511px) {
		.sidebar {
			width: 400px;
		}
		.bar-wrapper.has-sidebar {
			max-width: 1510px;
		}
		.mainbar.has-sidebar {
			margin-left: 410px;
		}
	}
	.section.first-section {
		margin-top: 9px;
	}
	.blocklink small {
		white-space: normal;
	}
	.button {
		vertical-align: middle;
	}
	.replay-controls {
		padding-top: 10px;
	}
	.replay-controls h1 {
		font-size: 16pt;
		font-weight: normal;
		color: #CCC;
	}
	.pagelink {
		text-align: center;
	}
	.pagelink a {
		width: 150px;
	}
	.textbox, .button {
		font-size: 11pt;
		vertical-align: middle;
	}
	@media (max-width: 450px) {
		.button {
			font-size: 9pt;
		}
	}
</style>

<div>

	<header>
		<div class="nav-wrapper"><ul class="nav">
			<li><a class="button nav-first" href="//pokemonshowdown.com/"><img src="//pokemonshowdown.com/images/pokemonshowdownbeta.png" srcset="//pokemonshowdown.com/images/pokemonshowdownbeta.png 1x, //pokemonshowdown.com/images/pokemonshowdownbeta@2x.png 2x" alt="Pok&eacute;mon Showdown" width="146" height="44" /> Home</a></li>
			<li><a class="button" href="//pokemonshowdown.com/dex/">Pok&eacute;dex</a></li>
			<li><a class="button cur" href="/">Replays</a></li>
			<li><a class="button" href="//pokemonshowdown.com/ladder/">Ladder</a></li>
			<li><a class="button nav-last" href="//pokemonshowdown.com/forums/">Forum</a></li>
			<li><a class="button greenbutton nav-first nav-last" href="//play.pokemonshowdown.com/">Play</a></li>
		</ul></div>
	</header>

	<div class="main" id="main">

		<noscript><section class="section">You need to enable JavaScript to use this page; sorry!</section></noscript>

	</div>

</div>

<script defer nomodule src="//play.pokemonshowdown.com/js/lib/ps-polyfill.js"></script>
<script defer src="//play.pokemonshowdown.com/js/lib/preact.min.js"></script>

<script defer src="//play.pokemonshowdown.com/config/config.js?2bddbc15"></script>
<script defer src="//play.pokemonshowdown.com/js/lib/jquery-1.11.0.min.js"></script>
<script defer src="//play.pokemonshowdown.com/js/lib/html-sanitizer-minified.js"></script>
<script defer src="//play.pokemonshowdown.com/js/battle-sound.js"></script>
<script defer src="//play.pokemonshowdown.com/js/battledata.js?0.7209276989879541"></script>
<script defer src="//play.pokemonshowdown.com/data/pokedex-mini.js?0.6111056340867951"></script>
<script defer src="//play.pokemonshowdown.com/data/pokedex-mini-bw.js?0.3532142036491459"></script>
<script defer src="//play.pokemonshowdown.com/data/graphics.js?0.24223875632456182"></script>
<script defer src="//play.pokemonshowdown.com/data/pokedex.js?0.38839984266356864"></script>
<script defer src="//play.pokemonshowdown.com/data/moves.js?0.21866028504024015"></script>
<script defer src="//play.pokemonshowdown.com/data/abilities.js?0.2005157953846628"></script>
<script defer src="//play.pokemonshowdown.com/data/items.js?0.9894211263848525"></script>
<script defer src="//play.pokemonshowdown.com/data/teambuilder-tables.js?0.6008791140282215"></script>
<script defer src="//play.pokemonshowdown.com/js/battle-tooltips.js?0.7580118955022959"></script>
<script defer src="//play.pokemonshowdown.com/js/battle.js?0.6057722274234274"></script>

<script defer src="js/utils.js?e31f9a17"></script>
<script defer src="js/replays-battle.js?7008c182"></script>

<!-- don't scrape this data! just add .json or .log after the URL!
Full API docs: https://github.com/smogon/pokemon-showdown-client/blob/master/WEB-API.md -->
<script type="text/plain" class="log" id="replaylog-smogtours-gen3ou-794390">
|inactive|Battle timer is ON: inactive players will automatically lose when time's up.
|t:|1727990054
|gametype|singles
|player|p1|mrsunsmash|169|
|player|p2|VZR|169|
|teamsize|p1|6
|teamsize|p2|6
|gen|3
|tier|[Gen 3] OU
|rule|Sleep Clause Mod: Limit one foe put to sleep
|rule|Switch Priority Clause Mod: Faster Pokémon switch first
|rule|Species Clause: Limit one of each Pokémon
|rule|OHKO Clause: OHKO moves are banned
|rule|Evasion Items Clause: Evasion items are banned
|rule|Evasion Moves Clause: Evasion moves are banned
|rule|Endless Battle Clause: Forcing endless battles is banned
|rule|HP Percentage Mod: HP is shown in percentages
|rule|One Boost Passer Clause: Limit one Baton Passer that has a way to boost its stats
|rule|Freeze Clause Mod: Limit one foe frozen
|
|t:|1727990054
|start
|switch|p1a: Pikachu|Pikachu, F|100/100
|switch|p2a: 썬더|Zapdos|100/100
|turn|1
|c|☆VZR|hf!
|c|☆mrsunsmash|glhf
|inactive|VZR has 270 seconds left.
|inactive|VZR has 240 seconds left.
|
|t:|1727990121
|move|p1a: Pikachu|Volt Tackle|p2a: 썬더
|-damage|p2a: 썬더|49/100
|-damage|p1a: Pikachu|70/100|[from] Recoil|[of] p2a: 썬더
|move|p2a: 썬더|Light Screen|p2a: 썬더
|-sidestart|p2: VZR|Light Screen
|
|-heal|p2a: 썬더|55/100|[from] item: Leftovers
|upkeep
|turn|2
|
|t:|1727990143
|switch|p2a: 마기라스|Tyranitar, F|100/100
|-weather|Sandstorm|[from] ability: Sand Stream|[of] p2a: 마기라스
|move|p1a: Pikachu|Toxic|p2a: 마기라스
|-status|p2a: 마기라스|tox
|
|-weather|Sandstorm|[upkeep]
|-damage|p1a: Pikachu|64/100|[from] Sandstorm
|-damage|p2a: 마기라스|94/100 tox|[from] psn
|upkeep
|turn|3
|
|t:|1727990161
|switch|p1a: Swampert|Swampert, F|100/100
|move|p2a: 마기라스|Earthquake|p1a: Swampert
|-damage|p1a: Swampert|77/100
|
|-weather|Sandstorm|[upkeep]
|-heal|p2a: 마기라스|100/100 tox|[from] item: Leftovers
|-damage|p2a: 마기라스|88/100 tox|[from] psn
|-heal|p1a: Swampert|84/100|[from] item: Leftovers
|upkeep
|turn|4
|
|t:|1727990173
|move|p2a: 마기라스|Hidden Power|p1a: Swampert
|-supereffective|p1a: Swampert
|-damage|p1a: Swampert|28/100
|move|p1a: Swampert|Hydro Pump|p2a: 마기라스
|-supereffective|p2a: 마기라스
|-damage|p2a: 마기라스|43/100 tox
|
|-weather|Sandstorm|[upkeep]
|-heal|p2a: 마기라스|50/100 tox|[from] item: Leftovers
|-damage|p2a: 마기라스|31/100 tox|[from] psn
|-heal|p1a: Swampert|35/100|[from] item: Leftovers
|upkeep
|turn|5
|
|t:|1727990184
|move|p1a: Swampert|Protect|p1a: Swampert
|-singleturn|p1a: Swampert|Protect
|move|p2a: 마기라스|Hidden Power|p1a: Swampert
|-activate|p1a: Swampert|Protect
|
|-sideend|p2: VZR|Light Screen
|-weather|Sandstorm|[upkeep]
|-heal|p2a: 마기라스|37/100 tox|[from] item: Leftovers
|-damage|p2a: 마기라스|12/100 tox|[from] psn
|-heal|p1a: Swampert|41/100|[from] item: Leftovers
|upkeep
|turn|6
|inactive|mrsunsmash has 270 seconds left.
|inactive|VZR has 270 seconds left.
|
|t:|1727990227
|switch|p1a: Snorlax|Snorlax, F|100/100
|move|p2a: 마기라스|Earthquake|p1a: Snorlax
|-damage|p1a: Snorlax|76/100
|
|-weather|Sandstorm|[upkeep]
|-damage|p1a: Snorlax|69/100|[from] Sandstorm
|-heal|p2a: 마기라스|19/100 tox|[from] item: Leftovers
|-damage|p2a: 마기라스|0 fnt|[from] psn
|faint|p2a: 마기라스
|-heal|p1a: Snorlax|76/100|[from] item: Leftovers
|upkeep
|
|t:|1727990241
|switch|p2a: 무장조|Skarmory, M|100/100
|turn|7
|
|t:|1727990246
|switch|p1a: Pikachu|Pikachu, F|64/100
|move|p2a: 무장조|Spikes|p1a: Pikachu
|-sidestart|p1: mrsunsmash|Spikes
|
|-weather|Sandstorm|[upkeep]
|-damage|p1a: Pikachu|58/100|[from] Sandstorm
|upkeep
|turn|8
|
|t:|1727990252
|move|p2a: 무장조|Protect|p2a: 무장조
|-singleturn|p2a: 무장조|Protect
|move|p1a: Pikachu|Volt Tackle|p2a: 무장조
|-activate|p2a: 무장조|Protect
|
|-weather|Sandstorm|[upkeep]
|-damage|p1a: Pikachu|52/100|[from] Sandstorm
|upkeep
|turn|9
|
|t:|1727990262
|switch|p2a: 대짱이|Swampert, M|100/100
|move|p1a: Pikachu|Volt Tackle|p2a: 대짱이
|-immune|p2a: 대짱이
|
|-weather|Sandstorm|[upkeep]
|-damage|p1a: Pikachu|46/100|[from] Sandstorm
|upkeep
|turn|10
|
|t:|1727990266
|move|p2a: 대짱이|Protect|p2a: 대짱이
|-singleturn|p2a: 대짱이|Protect
|move|p1a: Pikachu|Hidden Power|p2a: 대짱이
|-activate|p2a: 대짱이|Protect
|
|-weather|Sandstorm|[upkeep]
|-damage|p1a: Pikachu|40/100|[from] Sandstorm
|upkeep
|turn|11
|
|t:|1727990283
|switch|p2a: 팬텀|Gengar, F, shiny|100/100
|move|p1a: Pikachu|Volt Tackle|p2a: 팬텀
|-damage|p2a: 팬텀|14/100
|-damage|p1a: Pikachu|0 fnt|[from] Recoil|[of] p2a: 팬텀
|faint|p1a: Pikachu
|inactive|mrsunsmash has 270 seconds left.
|inactive|mrsunsmash has 240 seconds left.
|
|t:|1727990340
|switch|p1a: Tyranitar|Tyranitar, M|100/100
|-damage|p1a: Tyranitar|88/100|[from] Spikes
|
|-weather|Sandstorm|[upkeep]
|-damage|p2a: 팬텀|7/100|[from] Sandstorm
|-heal|p2a: 팬텀|14/100|[from] item: Leftovers
|-heal|p1a: Tyranitar|94/100|[from] item: Leftovers
|upkeep
|turn|12
|
|t:|1727990356
|move|p2a: 팬텀|Explosion|p1a: Tyranitar
|-resisted|p1a: Tyranitar
|-damage|p1a: Tyranitar|62/100
|faint|p2a: 팬텀
|
|t:|1727990363
|switch|p2a: 대짱이|Swampert, M|100/100
|
|-weather|Sandstorm|[upkeep]
|-heal|p1a: Tyranitar|68/100|[from] item: Leftovers
|upkeep
|turn|13
|inactive|mrsunsmash has 240 seconds left.
|
|t:|1727990399
|move|p1a: Tyranitar|Dragon Dance|p1a: Tyranitar
|-boost|p1a: Tyranitar|atk|1
|-boost|p1a: Tyranitar|spe|1
|move|p2a: 대짱이|Surf|p1a: Tyranitar
|-supereffective|p1a: Tyranitar
|-damage|p1a: Tyranitar|16/100
|
|-weather|Sandstorm|[upkeep]
|-heal|p1a: Tyranitar|22/100|[from] item: Leftovers
|upkeep
|turn|14
|
|t:|1727990407
|move|p1a: Tyranitar|Earthquake|p2a: 대짱이
|-damage|p2a: 대짱이|58/100
|move|p2a: 대짱이|Surf|p1a: Tyranitar
|-supereffective|p1a: Tyranitar
|-damage|p1a: Tyranitar|0 fnt
|faint|p1a: Tyranitar
|
|t:|1727990421
|switch|p1a: Swampert|Swampert, F|41/100
|-damage|p1a: Swampert|28/100|[from] Spikes
|
|-weather|Sandstorm|[upkeep]
|-heal|p2a: 대짱이|64/100|[from] item: Leftovers
|-heal|p1a: Swampert|35/100|[from] item: Leftovers
|upkeep
|turn|15
|
|t:|1727990434
|move|p1a: Swampert|Protect|p1a: Swampert
|-singleturn|p1a: Swampert|Protect
|move|p2a: 대짱이|Toxic|p1a: Swampert
|-activate|p1a: Swampert|Protect
|
|-weather|Sandstorm|[upkeep]
|-heal|p2a: 대짱이|70/100|[from] item: Leftovers
|-heal|p1a: Swampert|41/100|[from] item: Leftovers
|upkeep
|turn|16
|
|t:|1727990445
|move|p2a: 대짱이|Toxic|p1a: Swampert
|-status|p1a: Swampert|tox
|move|p1a: Swampert|Hydro Pump|p2a: 대짱이
|-damage|p2a: 대짱이|40/100
|
|-weather|Sandstorm|[upkeep]
|-heal|p2a: 대짱이|46/100|[from] item: Leftovers
|-heal|p1a: Swampert|47/100 tox|[from] item: Leftovers
|-damage|p1a: Swampert|41/100 tox|[from] psn
|upkeep
|turn|17
|
|t:|1727990466
|move|p2a: 대짱이|Protect|p2a: 대짱이
|-singleturn|p2a: 대짱이|Protect
|move|p1a: Swampert|Earthquake|p2a: 대짱이
|-activate|p2a: 대짱이|Protect
|
|-weather|Sandstorm|[upkeep]
|-heal|p2a: 대짱이|53/100|[from] item: Leftovers
|-heal|p1a: Swampert|47/100 tox|[from] item: Leftovers
|-damage|p1a: Swampert|35/100 tox|[from] psn
|upkeep
|turn|18
|
|t:|1727990479
|switch|p2a: 무장조|Skarmory, M|100/100
|move|p1a: Swampert|Hydro Pump|p2a: 무장조
|-damage|p2a: 무장조|66/100
|
|-weather|Sandstorm|[upkeep]
|-heal|p2a: 무장조|72/100|[from] item: Leftovers
|-heal|p1a: Swampert|41/100 tox|[from] item: Leftovers
|-damage|p1a: Swampert|22/100 tox|[from] psn
|upkeep
|turn|19
|
|t:|1727990487
|move|p2a: 무장조|Protect|p2a: 무장조
|-singleturn|p2a: 무장조|Protect
|move|p1a: Swampert|Hydro Pump|p2a: 무장조
|-activate|p2a: 무장조|Protect
|
|-weather|Sandstorm|[upkeep]
|-heal|p2a: 무장조|78/100|[from] item: Leftovers
|-heal|p1a: Swampert|28/100 tox|[from] item: Leftovers
|-damage|p1a: Swampert|4/100 tox|[from] psn
|upkeep
|turn|20
|
|t:|1727990506
|switch|p2a: 썬더|Zapdos|55/100
|move|p1a: Swampert|Hydro Pump|p2a: 썬더
|-damage|p2a: 썬더|21/100
|
|-weather|Sandstorm|[upkeep]
|-damage|p2a: 썬더|14/100|[from] Sandstorm
|-heal|p2a: 썬더|21/100|[from] item: Leftovers
|-heal|p1a: Swampert|10/100 tox|[from] item: Leftovers
|-damage|p1a: Swampert|0 fnt|[from] psn
|faint|p1a: Swampert
|upkeep
|inactive|mrsunsmash has 240 seconds left.
|inactive|mrsunsmash has 210 seconds left.
|
|t:|1727990560
|switch|p1a: Metagross|Metagross|100/100
|-damage|p1a: Metagross|88/100|[from] Spikes
|turn|21
|
|t:|1727990573
|move|p2a: 썬더|Thunderbolt|p1a: Metagross
|-damage|p1a: Metagross|49/100
|move|p1a: Metagross|Agility|p1a: Metagross
|-boost|p1a: Metagross|spe|2
|
|-weather|Sandstorm|[upkeep]
|-damage|p2a: 썬더|14/100|[from] Sandstorm
|-heal|p2a: 썬더|21/100|[from] item: Leftovers
|upkeep
|turn|22
|
|t:|1727990584
|move|p1a: Metagross|Meteor Mash|p2a: 썬더|[miss]
|-miss|p1a: Metagross|p2a: 썬더
|move|p2a: 썬더|Thunderbolt|p1a: Metagross
|-damage|p1a: Metagross|8/100
|
|-weather|Sandstorm|[upkeep]
|-damage|p2a: 썬더|14/100|[from] Sandstorm
|-heal|p2a: 썬더|21/100|[from] item: Leftovers
|upkeep
|turn|23
|
|t:|1727990592
|move|p1a: Metagross|Meteor Mash|p2a: 썬더
|-resisted|p2a: 썬더
|-damage|p2a: 썬더|0 fnt
|-boost|p1a: Metagross|atk|1
|faint|p2a: 썬더
|
|t:|1727990598
|switch|p2a: 무장조|Skarmory, M|78/100
|
|-weather|Sandstorm|[upkeep]
|-heal|p2a: 무장조|84/100|[from] item: Leftovers
|upkeep
|turn|24
|
|t:|1727990609
|move|p2a: 무장조|Protect|p2a: 무장조
|-singleturn|p2a: 무장조|Protect
|move|p1a: Metagross|Meteor Mash|p2a: 무장조
|-activate|p2a: 무장조|Protect
|
|-weather|Sandstorm|[upkeep]
|-heal|p2a: 무장조|90/100|[from] item: Leftovers
|upkeep
|turn|25
|
|t:|1727990618
|move|p1a: Metagross|Explosion|p2a: 무장조
|-resisted|p2a: 무장조
|-crit|p2a: 무장조
|-damage|p2a: 무장조|0 fnt
|faint|p1a: Metagross
|faint|p2a: 무장조
|
|t:|1727990631
|switch|p1a: Charizard|Charizard, M|100/100
|switch|p2a: 대짱이|Swampert, M|53/100
|
|-weather|Sandstorm|[upkeep]
|-damage|p1a: Charizard|94/100|[from] Sandstorm
|-heal|p1a: Charizard|100/100|[from] item: Leftovers
|-heal|p2a: 대짱이|59/100|[from] item: Leftovers
|upkeep
|turn|26
|
|t:|1727990644
|switch|p2a: 프테라|Aerodactyl, M|100/100
|move|p1a: Charizard|Dragon Claw|p2a: 프테라
|-damage|p2a: 프테라|64/100
|
|-weather|Sandstorm|[upkeep]
|-damage|p1a: Charizard|94/100|[from] Sandstorm
|-heal|p1a: Charizard|100/100|[from] item: Leftovers
|upkeep
|turn|27
|inactive|mrsunsmash has 240 seconds left.
|
|t:|1727990651
|move|p2a: 프테라|Rock Slide|p1a: Charizard
|-supereffective|p1a: Charizard
|-damage|p1a: Charizard|0 fnt
|faint|p1a: Charizard
|
|t:|1727990653
|switch|p1a: Snorlax|Snorlax, F|76/100
|-damage|p1a: Snorlax|63/100|[from] Spikes
|
|-weather|Sandstorm|[upkeep]
|-damage|p1a: Snorlax|57/100|[from] Sandstorm
|-heal|p1a: Snorlax|63/100|[from] item: Leftovers
|upkeep
|turn|28
|
|t:|1727990662
|move|p2a: 프테라|Rock Slide|p1a: Snorlax
|-damage|p1a: Snorlax|27/100
|move|p1a: Snorlax|Rest|p1a: Snorlax
|-status|p1a: Snorlax|slp|[from] move: Rest
|-heal|p1a: Snorlax|100/100 slp|[silent]
|
|-weather|Sandstorm|[upkeep]
|-damage|p1a: Snorlax|94/100 slp|[from] Sandstorm
|-heal|p1a: Snorlax|100/100 slp|[from] item: Leftovers
|upkeep
|turn|29
|
|t:|1727990672
|move|p2a: 프테라|Rock Slide|p1a: Snorlax
|-damage|p1a: Snorlax|61/100 slp
|cant|p1a: Snorlax|slp
|
|-weather|Sandstorm|[upkeep]
|-damage|p1a: Snorlax|55/100 slp|[from] Sandstorm
|-heal|p1a: Snorlax|61/100 slp|[from] item: Leftovers
|upkeep
|turn|30
|
|t:|1727990675
|move|p2a: 프테라|Rock Slide|p1a: Snorlax
|-damage|p1a: Snorlax|21/100 slp
|cant|p1a: Snorlax|slp
|
|-weather|Sandstorm|[upkeep]
|-damage|p1a: Snorlax|15/100 slp|[from] Sandstorm
|-heal|p1a: Snorlax|21/100 slp|[from] item: Leftovers
|upkeep
|turn|31
|
|t:|1727990678
|move|p2a: 프테라|Rock Slide|p1a: Snorlax
|-damage|p1a: Snorlax|0 fnt
|faint|p1a: Snorlax
|
|win|VZR
|c|☆mrsunsmash|gg
|c|☆VZR|ggs broski
|c|☆VZR|had fun ^^
|c|☆VZR|thanks for playing

</script>
<script type="application/json" class="data" id="replaydata-smogtours-gen3ou-794390">
{"id":"smogtours-gen3ou-794390","format":"[Gen 3] OU","players":["mrsunsmash","VZR"],"uploadtime":1727990678,"views":127,"formatid":"gen3ou","rating":null,"private":0,"password":null}
</script>

<script defer src="js/replays.js?9d40a366"></script>
