<!DOCTYPE html>
<meta charset="utf-8" />
<meta name="viewport" content="width=device-width" />

<title>[Gen 3] OU: Ragnarocco24 vs. coffeepour - Replays - Pok&eacute;mon Showdown!</title>

<meta name="description" content="Watch a replay of a Pok&eacute;mon battle between Ragnarocco24 and coffeepour! Format: [Gen 3] OU; Date: Oct 9, 2024" />
<!--

Hey, you! Looking in the source for the replay log?

You can find them in JSON format, just add `.json` at the end of a replay URL.

https://replay.pokemonshowdown.com/gen7randomdoublesbattle-865046831.json

Or, if you only need the log itself, add `.log` instead:

https://replay.pokemonshowdown.com/gen7randomdoublesbattle-865046831.log

-->

<link rel="stylesheet" href="//pokemonshowdown.com/style/global.css?0.023195364461161105" />
<link rel="stylesheet" href="//play.pokemonshowdown.com/style/font-awesome.css?0.13261647063804238" />
<link rel="stylesheet" href="//play.pokemonshowdown.com/style/battle.css?0.8753245789963631" />
<link rel="stylesheet" href="//play.pokemonshowdown.com/style/utilichart.css?0.8627959624976733" />

<!-- Global site tag (gtag.js) - Google Analytics -->
<script async src="https://www.googletagmanager.com/gtag/js?id=UA-26211653-1"></script>
<script>
  window.dataLayer = window.dataLayer || [];
  function gtag(){dataLayer.push(arguments);}
  gtag('js', new Date());

  gtag('config', 'UA-26211653-1');
</script>
<!-- End Google Analytics -->
<!-- Venatus Ad Manager - Install in <HEAD> of page -->
	<script src="https://hb.vntsm.com/v3/live/ad-manager.min.js" type="text/javascript" data-site-id="642aba63ec9a7b11c3c9c1be" data-mode="scan" async></script>
<!-- / Venatus Ad Manager -->

<style>
	@media (max-width:820px) {
		.battle {
			margin: 0 auto;
		}
		.battle-log {
			margin: 7px auto 0;
			max-width: 640px;
			height: 300px;
			position: static;
		}
	}
	.optgroup {
		display: inline-block;
		line-height: 22px;
		font-size: 10pt;
	}
	.optgroup .button {
		height: 25px;
		padding-top: 0;
		padding-bottom: 0;
	}
	.optgroup button.button {
		padding-left: 12px;
		padding-right: 12px;
	}
	.linklist {
		list-style: none;
		margin: 0.5em 0;
		padding: 0;
	}
	.linklist li {
		padding: 2px 0;
	}
	.sidebar {
		float: left;
		width: 320px;
	}
	.bar-wrapper {
		max-width: 1100px;
		margin: 0 auto;
	}
	.bar-wrapper.has-sidebar {
		max-width: 1430px;
	}
	.mainbar {
		margin: 0;
		padding-right: 1px;
	}
	.mainbar.has-sidebar {
		margin-left: 330px;
	}
	@media (min-width: 1511px) {
		.sidebar {
			width: 400px;
		}
		.bar-wrapper.has-sidebar {
			max-width: 1510px;
		}
		.mainbar.has-sidebar {
			margin-left: 410px;
		}
	}
	.section.first-section {
		margin-top: 9px;
	}
	.blocklink small {
		white-space: normal;
	}
	.button {
		vertical-align: middle;
	}
	.replay-controls {
		padding-top: 10px;
	}
	.replay-controls h1 {
		font-size: 16pt;
		font-weight: normal;
		color: #CCC;
	}
	.pagelink {
		text-align: center;
	}
	.pagelink a {
		width: 150px;
	}
	.textbox, .button {
		font-size: 11pt;
		vertical-align: middle;
	}
	@media (max-width: 450px) {
		.button {
			font-size: 9pt;
		}
	}
</style>

<div>

	<header>
		<div class="nav-wrapper"><ul class="nav">
			<li><a class="button nav-first" href="//pokemonshowdown.com/"><img src="//pokemonshowdown.com/images/pokemonshowdownbeta.png" srcset="//pokemonshowdown.com/images/pokemonshowdownbeta.png 1x, //pokemonshowdown.com/images/pokemonshowdownbeta@2x.png 2x" alt="Pok&eacute;mon Showdown" width="146" height="44" /> Home</a></li>
			<li><a class="button" href="//pokemonshowdown.com/dex/">Pok&eacute;dex</a></li>
			<li><a class="button cur" href="/">Replays</a></li>
			<li><a class="button" href="//pokemonshowdown.com/ladder/">Ladder</a></li>
			<li><a class="button nav-last" href="//pokemonshowdown.com/forums/">Forum</a></li>
			<li><a class="button greenbutton nav-first nav-last" href="//play.pokemonshowdown.com/">Play</a></li>
		</ul></div>
	</header>

	<div class="main" id="main">

		<noscript><section class="section">You need to enable JavaScript to use this page; sorry!</section></noscript>

	</div>

</div>

<script defer nomodule src="//play.pokemonshowdown.com/js/lib/ps-polyfill.js"></script>
<script defer src="//play.pokemonshowdown.com/js/lib/preact.min.js"></script>

<script defer src="//play.pokemonshowdown.com/config/config.js?2bddbc15"></script>
<script defer src="//play.pokemonshowdown.com/js/lib/jquery-1.11.0.min.js"></script>
<script defer src="//play.pokemonshowdown.com/js/lib/html-sanitizer-minified.js"></script>
<script defer src="//play.pokemonshowdown.com/js/battle-sound.js"></script>
<script defer src="//play.pokemonshowdown.com/js/battledata.js?0.7209276989879541"></script>
<script defer src="//play.pokemonshowdown.com/data/pokedex-mini.js?0.6111056340867951"></script>
<script defer src="//play.pokemonshowdown.com/data/pokedex-mini-bw.js?0.3532142036491459"></script>
<script defer src="//play.pokemonshowdown.com/data/graphics.js?0.24223875632456182"></script>
<script defer src="//play.pokemonshowdown.com/data/pokedex.js?0.38839984266356864"></script>
<script defer src="//play.pokemonshowdown.com/data/moves.js?0.21866028504024015"></script>
<script defer src="//play.pokemonshowdown.com/data/abilities.js?0.2005157953846628"></script>
<script defer src="//play.pokemonshowdown.com/data/items.js?0.9894211263848525"></script>
<script defer src="//play.pokemonshowdown.com/data/teambuilder-tables.js?0.6008791140282215"></script>
<script defer src="//play.pokemonshowdown.com/js/battle-tooltips.js?0.7580118955022959"></script>
<script defer src="//play.pokemonshowdown.com/js/battle.js?0.6057722274234274"></script>

<script defer src="js/utils.js?e31f9a17"></script>
<script defer src="js/replays-battle.js?7008c182"></script>

<!-- don't scrape this data! just add .json or .log after the URL!
Full API docs: https://github.com/smogon/pokemon-showdown-client/blob/master/WEB-API.md -->
<script type="text/plain" class="log" id="replaylog-smogtours-gen3ou-796594">
|inactive|Battle timer is ON: inactive players will automatically lose when time's up.
|t:|1728450997
|gametype|singles
|player|p1|Ragnarocco24|2|
|player|p2|coffeepour|266|
|teamsize|p1|6
|teamsize|p2|6
|gen|3
|tier|[Gen 3] OU
|rule|Sleep Clause Mod: Limit one foe put to sleep
|rule|Switch Priority Clause Mod: Faster Pokémon switch first
|rule|Species Clause: Limit one of each Pokémon
|rule|OHKO Clause: OHKO moves are banned
|rule|Evasion Items Clause: Evasion items are banned
|rule|Evasion Moves Clause: Evasion moves are banned
|rule|Endless Battle Clause: Forcing endless battles is banned
|rule|HP Percentage Mod: HP is shown in percentages
|rule|One Boost Passer Clause: Limit one Baton Passer that has a way to boost its stats
|rule|Freeze Clause Mod: Limit one foe frozen
|
|t:|1728450997
|start
|switch|p1a: Tyranitar|Tyranitar, F|100/100
|switch|p2a: Suicune|Suicune|100/100
|-weather|Sandstorm|[from] ability: Sand Stream|[of] p1a: Tyranitar
|turn|1
|
|t:|1728451006
|switch|p1a: Blissey|Blissey, F|100/100
|move|p2a: Suicune|Surf|p1a: Blissey
|-damage|p1a: Blissey|85/100
|
|-weather|Sandstorm|[upkeep]
|-damage|p2a: Suicune|94/100|[from] Sandstorm
|-damage|p1a: Blissey|79/100|[from] Sandstorm
|-heal|p2a: Suicune|100/100|[from] item: Leftovers
|-heal|p1a: Blissey|85/100|[from] item: Leftovers
|upkeep
|turn|2
|
|t:|1728451011
|switch|p2a: Snorlax|Snorlax, F|100/100
|move|p1a: Blissey|Toxic|p2a: Snorlax
|-immune|p2a: Snorlax|[from] ability: Immunity
|
|-weather|Sandstorm|[upkeep]
|-damage|p1a: Blissey|79/100|[from] Sandstorm
|-damage|p2a: Snorlax|94/100|[from] Sandstorm
|-heal|p1a: Blissey|85/100|[from] item: Leftovers
|-heal|p2a: Snorlax|100/100|[from] item: Leftovers
|upkeep
|turn|3
|
|t:|1728451014
|-singleturn|p2a: Snorlax|move: Focus Punch
|switch|p1a: Skarmory|Skarmory, M|100/100
|move|p2a: Snorlax|Focus Punch|p1a: Skarmory
|-damage|p1a: Skarmory|66/100
|
|-weather|Sandstorm|[upkeep]
|-damage|p2a: Snorlax|94/100|[from] Sandstorm
|-heal|p1a: Skarmory|72/100|[from] item: Leftovers
|-heal|p2a: Snorlax|100/100|[from] item: Leftovers
|upkeep
|turn|4
|
|t:|1728451019
|-singleturn|p2a: Snorlax|move: Focus Punch
|move|p1a: Skarmory|Protect|p1a: Skarmory
|-singleturn|p1a: Skarmory|Protect
|move|p2a: Snorlax|Focus Punch|p1a: Skarmory
|-activate|p1a: Skarmory|Protect
|
|-weather|Sandstorm|[upkeep]
|-damage|p2a: Snorlax|94/100|[from] Sandstorm
|-heal|p1a: Skarmory|78/100|[from] item: Leftovers
|-heal|p2a: Snorlax|100/100|[from] item: Leftovers
|upkeep
|turn|5
|
|t:|1728451023
|-singleturn|p2a: Snorlax|move: Focus Punch
|move|p1a: Skarmory|Spikes|p2a: Snorlax
|-sidestart|p2: coffeepour|Spikes
|move|p2a: Snorlax|Focus Punch|p1a: Skarmory
|-damage|p1a: Skarmory|39/100
|
|-weather|Sandstorm|[upkeep]
|-damage|p2a: Snorlax|94/100|[from] Sandstorm
|-heal|p1a: Skarmory|45/100|[from] item: Leftovers
|-heal|p2a: Snorlax|100/100|[from] item: Leftovers
|upkeep
|turn|6
|
|t:|1728451028
|switch|p2a: Metagross|Metagross|100/100
|-damage|p2a: Metagross|88/100|[from] Spikes
|move|p1a: Skarmory|Protect||[still]
|-fail|p1a: Skarmory
|
|-weather|Sandstorm|[upkeep]
|-heal|p1a: Skarmory|51/100|[from] item: Leftovers
|-heal|p2a: Metagross|94/100|[from] item: Leftovers
|upkeep
|turn|7
|
|t:|1728451030
|move|p1a: Skarmory|Spikes|p2a: Metagross
|-sidestart|p2: coffeepour|Spikes
|move|p2a: Metagross|Hidden Power|p1a: Skarmory
|-supereffective|p1a: Skarmory
|-damage|p1a: Skarmory|8/100
|
|-weather|Sandstorm|[upkeep]
|-heal|p1a: Skarmory|14/100|[from] item: Leftovers
|-heal|p2a: Metagross|99/100|[from] item: Leftovers
|upkeep
|turn|8
|
|t:|1728451035
|move|p1a: Skarmory|Protect|p1a: Skarmory
|-singleturn|p1a: Skarmory|Protect
|move|p2a: Metagross|Hidden Power|p1a: Skarmory
|-activate|p1a: Skarmory|Protect
|
|-weather|Sandstorm|[upkeep]
|-heal|p1a: Skarmory|20/100|[from] item: Leftovers
|-heal|p2a: Metagross|100/100|[from] item: Leftovers
|upkeep
|turn|9
|
|t:|1728451041
|switch|p1a: Blissey|Blissey, F|85/100
|move|p2a: Metagross|Hidden Power|p1a: Blissey
|-damage|p1a: Blissey|76/100
|
|-weather|Sandstorm|[upkeep]
|-damage|p1a: Blissey|70/100|[from] Sandstorm
|-heal|p1a: Blissey|76/100|[from] item: Leftovers
|upkeep
|turn|10
|
|t:|1728451058
|switch|p1a: Swampert|Swampert, M|100/100
|move|p2a: Metagross|Meteor Mash|p1a: Swampert
|-resisted|p1a: Swampert
|-damage|p1a: Swampert|84/100
|-boost|p2a: Metagross|atk|1
|
|-weather|Sandstorm|[upkeep]
|-heal|p1a: Swampert|90/100|[from] item: Leftovers
|upkeep
|turn|11
|
|t:|1728451066
|move|p1a: Swampert|Protect|p1a: Swampert
|-singleturn|p1a: Swampert|Protect
|move|p2a: Metagross|Psychic|p1a: Swampert
|-activate|p1a: Swampert|Protect
|
|-weather|Sandstorm|[upkeep]
|-heal|p1a: Swampert|96/100|[from] item: Leftovers
|upkeep
|turn|12
|
|t:|1728451070
|move|p2a: Metagross|Psychic|p1a: Swampert
|-damage|p1a: Swampert|58/100
|move|p1a: Swampert|Earthquake|p2a: Metagross
|-supereffective|p2a: Metagross
|-crit|p2a: Metagross
|-damage|p2a: Metagross|0 fnt
|faint|p2a: Metagross
|inactive|coffeepour has 270 seconds left.
|
|t:|1728451113
|switch|p2a: Salamence|Salamence, F|100/100
|-ability|p2a: Salamence|Intimidate|boost
|-unboost|p1a: Swampert|atk|1
|
|-weather|Sandstorm|[upkeep]
|-damage|p2a: Salamence|94/100|[from] Sandstorm
|-heal|p2a: Salamence|100/100|[from] item: Leftovers
|-heal|p1a: Swampert|65/100|[from] item: Leftovers
|upkeep
|turn|13
|
|t:|1728451123
|switch|p2a: Suicune|Suicune|100/100
|-damage|p2a: Suicune|84/100|[from] Spikes
|move|p1a: Swampert|Protect||[still]
|-fail|p1a: Swampert
|
|-weather|Sandstorm|[upkeep]
|-damage|p2a: Suicune|78/100|[from] Sandstorm
|-heal|p2a: Suicune|84/100|[from] item: Leftovers
|-heal|p1a: Swampert|71/100|[from] item: Leftovers
|upkeep
|turn|14
|
|t:|1728451131
|move|p2a: Suicune|Rain Dance|p2a: Suicune
|-weather|RainDance
|move|p1a: Swampert|Earthquake|p2a: Suicune
|-crit|p2a: Suicune
|-damage|p2a: Suicune|24/100
|
|-weather|RainDance|[upkeep]
|-heal|p2a: Suicune|30/100|[from] item: Leftovers
|-heal|p1a: Swampert|77/100|[from] item: Leftovers
|upkeep
|turn|15
|
|t:|1728451137
|move|p2a: Suicune|Surf|p1a: Swampert
|-damage|p1a: Swampert|29/100
|move|p1a: Swampert|Earthquake|p2a: Suicune
|-damage|p2a: Suicune|11/100
|
|-weather|RainDance|[upkeep]
|-heal|p2a: Suicune|18/100|[from] item: Leftovers
|-heal|p1a: Swampert|35/100|[from] item: Leftovers
|upkeep
|turn|16
|
|t:|1728451143
|switch|p1a: Blissey|Blissey, F|76/100
|move|p2a: Suicune|Surf|p1a: Blissey
|-damage|p1a: Blissey|55/100
|
|-weather|RainDance|[upkeep]
|-heal|p2a: Suicune|24/100|[from] item: Leftovers
|-heal|p1a: Blissey|61/100|[from] item: Leftovers
|upkeep
|turn|17
|inactive|coffeepour has 270 seconds left.
|
|t:|1728451176
|switch|p2a: Snorlax|Snorlax, F|100/100
|-damage|p2a: Snorlax|84/100|[from] Spikes
|move|p1a: Blissey|Soft-Boiled|p1a: Blissey
|-heal|p1a: Blissey|100/100
|
|-weather|RainDance|[upkeep]
|-heal|p2a: Snorlax|90/100|[from] item: Leftovers
|upkeep
|turn|18
|
|t:|1728451181
|-singleturn|p2a: Snorlax|move: Focus Punch
|move|p1a: Blissey|Seismic Toss|p2a: Snorlax
|-damage|p2a: Snorlax|69/100
|move|p2a: Snorlax|Focus Punch||[still]
|cant|p2a: Snorlax|Focus Punch|Focus Punch
|
|-weather|none
|-heal|p2a: Snorlax|75/100|[from] item: Leftovers
|upkeep
|turn|19
|
|t:|1728451189
|switch|p1a: Tyranitar|Tyranitar, F|100/100
|-weather|Sandstorm|[from] ability: Sand Stream|[of] p1a: Tyranitar
|move|p2a: Snorlax|Shadow Ball|p1a: Tyranitar
|-resisted|p1a: Tyranitar
|-damage|p1a: Tyranitar|91/100
|
|-weather|Sandstorm|[upkeep]
|-damage|p2a: Snorlax|69/100|[from] Sandstorm
|-heal|p1a: Tyranitar|97/100|[from] item: Leftovers
|-heal|p2a: Snorlax|75/100|[from] item: Leftovers
|upkeep
|turn|20
|
|t:|1728451196
|move|p1a: Tyranitar|Rock Slide|p2a: Snorlax
|-damage|p2a: Snorlax|36/100
|cant|p2a: Snorlax|flinch
|
|-weather|Sandstorm|[upkeep]
|-damage|p2a: Snorlax|29/100|[from] Sandstorm
|-heal|p1a: Tyranitar|100/100|[from] item: Leftovers
|-heal|p2a: Snorlax|36/100|[from] item: Leftovers
|upkeep
|turn|21
|
|t:|1728451202
|switch|p2a: Claydol|Claydol|100/100
|move|p1a: Tyranitar|Rock Slide|p2a: Claydol
|-resisted|p2a: Claydol
|-damage|p2a: Claydol|80/100
|
|-weather|Sandstorm|[upkeep]
|upkeep
|turn|22
|
|t:|1728451209
|move|p2a: Claydol|Rock Slide|p1a: Tyranitar
|-damage|p1a: Tyranitar|82/100
|cant|p1a: Tyranitar|flinch
|
|-weather|Sandstorm|[upkeep]
|-heal|p1a: Tyranitar|88/100|[from] item: Leftovers
|upkeep
|turn|23
|
|t:|1728451217
|switch|p2a: Snorlax|Snorlax, F|36/100
|-damage|p2a: Snorlax|19/100|[from] Spikes
|move|p1a: Tyranitar|Hidden Power|p2a: Snorlax
|-damage|p2a: Snorlax|0 fnt
|faint|p2a: Snorlax
|
|t:|1728451219
|switch|p2a: Claydol|Claydol|80/100
|
|-weather|Sandstorm|[upkeep]
|-heal|p1a: Tyranitar|94/100|[from] item: Leftovers
|upkeep
|turn|24
|
|t:|1728451228
|move|p2a: Claydol|Rapid Spin|p1a: Tyranitar
|-resisted|p1a: Tyranitar
|-damage|p1a: Tyranitar|91/100
|-sideend|p2: coffeepour|Spikes|[from] move: Rapid Spin|[of] p2a: Claydol
|move|p1a: Tyranitar|Hidden Power|p2a: Claydol
|-supereffective|p2a: Claydol
|-damage|p2a: Claydol|31/100
|
|-weather|Sandstorm|[upkeep]
|-heal|p1a: Tyranitar|98/100|[from] item: Leftovers
|upkeep
|turn|25
|
|t:|1728451246
|switch|p2a: Suicune|Suicune|24/100
|move|p1a: Tyranitar|Hidden Power|p2a: Suicune
|-damage|p2a: Suicune|4/100
|
|-weather|Sandstorm|[upkeep]
|-damage|p2a: Suicune|0 fnt|[from] Sandstorm
|faint|p2a: Suicune
|-heal|p1a: Tyranitar|100/100|[from] item: Leftovers
|upkeep
|
|t:|1728451247
|switch|p2a: Claydol|Claydol|31/100
|turn|26
|
|t:|1728451257
|move|p2a: Claydol|Explosion|p1a: Tyranitar
|-resisted|p1a: Tyranitar
|-damage|p1a: Tyranitar|37/100
|faint|p2a: Claydol
|
|t:|1728451270
|switch|p2a: Salamence|Salamence, F|100/100
|-ability|p2a: Salamence|Intimidate|boost
|-unboost|p1a: Tyranitar|atk|1
|
|-weather|Sandstorm|[upkeep]
|-damage|p2a: Salamence|94/100|[from] Sandstorm
|-heal|p2a: Salamence|100/100|[from] item: Leftovers
|-heal|p1a: Tyranitar|44/100|[from] item: Leftovers
|upkeep
|turn|27
|
|t:|1728451281
|switch|p1a: Moltres|Moltres|100/100
|move|p2a: Salamence|Dragon Dance|p2a: Salamence
|-boost|p2a: Salamence|atk|1
|-boost|p2a: Salamence|spe|1
|
|-weather|Sandstorm|[upkeep]
|-damage|p2a: Salamence|94/100|[from] Sandstorm
|-damage|p1a: Moltres|94/100|[from] Sandstorm
|-heal|p2a: Salamence|100/100|[from] item: Leftovers
|-heal|p1a: Moltres|100/100|[from] item: Leftovers
|upkeep
|turn|28
|
|t:|1728451283
|move|p2a: Salamence|Dragon Dance|p2a: Salamence
|-boost|p2a: Salamence|atk|1
|-boost|p2a: Salamence|spe|1
|move|p1a: Moltres|Will-O-Wisp|p2a: Salamence|[miss]
|-miss|p1a: Moltres|p2a: Salamence
|
|-weather|Sandstorm|[upkeep]
|-damage|p2a: Salamence|94/100|[from] Sandstorm
|-damage|p1a: Moltres|94/100|[from] Sandstorm
|-heal|p2a: Salamence|100/100|[from] item: Leftovers
|-heal|p1a: Moltres|100/100|[from] item: Leftovers
|upkeep
|turn|29
|
|t:|1728451290
|move|p2a: Salamence|Hidden Power|p1a: Moltres
|-damage|p1a: Moltres|11/100
|move|p1a: Moltres|Will-O-Wisp|p2a: Salamence|[miss]
|-miss|p1a: Moltres|p2a: Salamence
|
|-weather|Sandstorm|[upkeep]
|-damage|p2a: Salamence|94/100|[from] Sandstorm
|-damage|p1a: Moltres|5/100|[from] Sandstorm
|-heal|p2a: Salamence|100/100|[from] item: Leftovers
|-heal|p1a: Moltres|11/100|[from] item: Leftovers
|upkeep
|turn|30
|
|t:|1728451296
|move|p2a: Salamence|Dragon Dance|p2a: Salamence
|-boost|p2a: Salamence|atk|1
|-boost|p2a: Salamence|spe|1
|move|p1a: Moltres|Will-O-Wisp|p2a: Salamence
|-status|p2a: Salamence|brn
|
|-weather|Sandstorm|[upkeep]
|-damage|p2a: Salamence|94/100 brn|[from] Sandstorm
|-damage|p1a: Moltres|5/100|[from] Sandstorm
|-heal|p2a: Salamence|100/100 brn|[from] item: Leftovers
|-damage|p2a: Salamence|88/100 brn|[from] brn
|-heal|p1a: Moltres|11/100|[from] item: Leftovers
|upkeep
|turn|31
|
|t:|1728451299
|move|p2a: Salamence|Refresh|p2a: Salamence
|-curestatus|p2a: Salamence|brn|[msg]
|move|p1a: Moltres|Overheat|p2a: Salamence
|-resisted|p2a: Salamence
|-damage|p2a: Salamence|55/100
|-unboost|p1a: Moltres|spa|2
|
|-weather|Sandstorm|[upkeep]
|-damage|p2a: Salamence|49/100|[from] Sandstorm
|-damage|p1a: Moltres|5/100|[from] Sandstorm
|-heal|p2a: Salamence|55/100|[from] item: Leftovers
|-heal|p1a: Moltres|11/100|[from] item: Leftovers
|upkeep
|turn|32
|
|t:|1728451304
|move|p2a: Salamence|Hidden Power|p1a: Moltres
|-damage|p1a: Moltres|0 fnt
|faint|p1a: Moltres
|
|t:|1728451309
|switch|p1a: Blissey|Blissey, F|100/100
|
|-weather|Sandstorm|[upkeep]
|-damage|p2a: Salamence|49/100|[from] Sandstorm
|-damage|p1a: Blissey|94/100|[from] Sandstorm
|-heal|p2a: Salamence|55/100|[from] item: Leftovers
|-heal|p1a: Blissey|100/100|[from] item: Leftovers
|upkeep
|turn|33
|
|t:|1728451313
|move|p2a: Salamence|Brick Break|p1a: Blissey
|-supereffective|p1a: Blissey
|-damage|p1a: Blissey|0 fnt
|faint|p1a: Blissey
|
|t:|1728451315
|switch|p1a: Swampert|Swampert, M|35/100
|
|-weather|Sandstorm|[upkeep]
|-damage|p2a: Salamence|49/100|[from] Sandstorm
|-heal|p2a: Salamence|55/100|[from] item: Leftovers
|-heal|p1a: Swampert|41/100|[from] item: Leftovers
|upkeep
|turn|34
|
|t:|1728451317
|move|p2a: Salamence|Hidden Power|p1a: Swampert
|-damage|p1a: Swampert|0 fnt
|faint|p1a: Swampert
|
|t:|1728451319
|switch|p1a: Tyranitar|Tyranitar, F|44/100
|
|-weather|Sandstorm|[upkeep]
|-damage|p2a: Salamence|49/100|[from] Sandstorm
|-heal|p2a: Salamence|55/100|[from] item: Leftovers
|-heal|p1a: Tyranitar|50/100|[from] item: Leftovers
|upkeep
|turn|35
|
|t:|1728451322
|move|p2a: Salamence|Brick Break|p1a: Tyranitar
|-supereffective|p1a: Tyranitar
|-crit|p1a: Tyranitar
|-damage|p1a: Tyranitar|0 fnt
|faint|p1a: Tyranitar
|
|t:|1728451323
|switch|p1a: Gengar|Gengar, F|100/100
|
|-weather|Sandstorm|[upkeep]
|-damage|p2a: Salamence|49/100|[from] Sandstorm
|-damage|p1a: Gengar|94/100|[from] Sandstorm
|-heal|p2a: Salamence|55/100|[from] item: Leftovers
|-heal|p1a: Gengar|100/100|[from] item: Leftovers
|upkeep
|turn|36
|
|t:|1728451325
|move|p2a: Salamence|Hidden Power|p1a: Gengar
|-damage|p1a: Gengar|0 fnt
|faint|p1a: Gengar
|
|t:|1728451327
|switch|p1a: Skarmory|Skarmory, M|20/100
|
|-weather|Sandstorm|[upkeep]
|-damage|p2a: Salamence|49/100|[from] Sandstorm
|-heal|p2a: Salamence|55/100|[from] item: Leftovers
|-heal|p1a: Skarmory|26/100|[from] item: Leftovers
|upkeep
|turn|37
|
|t:|1728451329
|move|p2a: Salamence|Brick Break|p1a: Skarmory
|-damage|p1a: Skarmory|0 fnt
|faint|p1a: Skarmory
|
|win|coffeepour
|c|☆coffeepour|gg
|c|☆Ragnarocco24|Gg

</script>
<script type="application/json" class="data" id="replaydata-smogtours-gen3ou-796594">
{"id":"smogtours-gen3ou-796594","format":"[Gen 3] OU","players":["Ragnarocco24","coffeepour"],"uploadtime":1728451329,"views":79,"formatid":"gen3ou","rating":null,"private":0,"password":null}
</script>

<script defer src="js/replays.js?9d40a366"></script>
