<!DOCTYPE html>
<meta charset="utf-8" />
<meta name="viewport" content="width=device-width" />

<title>[Gen 3] OU: UDM31 vs. G3neralR3van - Replays - Pok&eacute;mon Showdown!</title>

<meta name="description" content="Watch a replay of a Pok&eacute;mon battle between UDM31 and G3neralR3van! Format: [Gen 3] OU; Date: Nov 13, 2024" />
<!--

Hey, you! Looking in the source for the replay log?

You can find them in JSON format, just add `.json` at the end of a replay URL.

https://replay.pokemonshowdown.com/gen7randomdoublesbattle-865046831.json

Or, if you only need the log itself, add `.log` instead:

https://replay.pokemonshowdown.com/gen7randomdoublesbattle-865046831.log

-->

<link rel="stylesheet" href="//pokemonshowdown.com/style/global.css?0.767286132409787" />
<link rel="stylesheet" href="//play.pokemonshowdown.com/style/font-awesome.css?0.9266228007934947" />
<link rel="stylesheet" href="//play.pokemonshowdown.com/style/battle.css?0.7924700842790926" />
<link rel="stylesheet" href="//play.pokemonshowdown.com/style/utilichart.css?0.8777417872839479" />

<!-- Global site tag (gtag.js) - Google Analytics -->
<script async src="https://www.googletagmanager.com/gtag/js?id=UA-26211653-1"></script>
<script>
  window.dataLayer = window.dataLayer || [];
  function gtag(){dataLayer.push(arguments);}
  gtag('js', new Date());

  gtag('config', 'UA-26211653-1');
</script>
<!-- End Google Analytics -->
<!-- Venatus Ad Manager - Install in <HEAD> of page -->
	<script src="https://hb.vntsm.com/v3/live/ad-manager.min.js" type="text/javascript" data-site-id="642aba63ec9a7b11c3c9c1be" data-mode="scan" async></script>
<!-- / Venatus Ad Manager -->

<style>
	@media (max-width:820px) {
		.battle {
			margin: 0 auto;
		}
		.battle-log {
			margin: 7px auto 0;
			max-width: 640px;
			height: 300px;
			position: static;
		}
	}
	.optgroup {
		display: inline-block;
		line-height: 22px;
		font-size: 10pt;
	}
	.optgroup .button {
		height: 25px;
		padding-top: 0;
		padding-bottom: 0;
	}
	.optgroup button.button {
		padding-left: 12px;
		padding-right: 12px;
	}
	.linklist {
		list-style: none;
		margin: 0.5em 0;
		padding: 0;
	}
	.linklist li {
		padding: 2px 0;
	}
	.sidebar {
		float: left;
		width: 320px;
	}
	.bar-wrapper {
		max-width: 1100px;
		margin: 0 auto;
	}
	.bar-wrapper.has-sidebar {
		max-width: 1430px;
	}
	.mainbar {
		margin: 0;
		padding-right: 1px;
	}
	.mainbar.has-sidebar {
		margin-left: 330px;
	}
	@media (min-width: 1511px) {
		.sidebar {
			width: 400px;
		}
		.bar-wrapper.has-sidebar {
			max-width: 1510px;
		}
		.mainbar.has-sidebar {
			margin-left: 410px;
		}
	}
	.section.first-section {
		margin-top: 9px;
	}
	.blocklink small {
		white-space: normal;
	}
	.button {
		vertical-align: middle;
	}
	.replay-controls {
		padding-top: 10px;
	}
	.replay-controls h1 {
		font-size: 16pt;
		font-weight: normal;
		color: #CCC;
	}
	.pagelink {
		text-align: center;
	}
	.pagelink a {
		width: 150px;
	}
	.textbox, .button {
		font-size: 11pt;
		vertical-align: middle;
	}
	@media (max-width: 450px) {
		.button {
			font-size: 9pt;
		}
	}
</style>

<div>

	<header>
		<div class="nav-wrapper"><ul class="nav">
			<li><a class="button nav-first" href="//pokemonshowdown.com/"><img src="//pokemonshowdown.com/images/pokemonshowdownbeta.png" srcset="//pokemonshowdown.com/images/pokemonshowdownbeta.png 1x, //pokemonshowdown.com/images/pokemonshowdownbeta@2x.png 2x" alt="Pok&eacute;mon Showdown" width="146" height="44" /> Home</a></li>
			<li><a class="button" href="//pokemonshowdown.com/dex/">Pok&eacute;dex</a></li>
			<li><a class="button cur" href="/">Replays</a></li>
			<li><a class="button" href="//pokemonshowdown.com/ladder/">Ladder</a></li>
			<li><a class="button nav-last" href="//pokemonshowdown.com/forums/">Forum</a></li>
			<li><a class="button greenbutton nav-first nav-last" href="//play.pokemonshowdown.com/">Play</a></li>
		</ul></div>
	</header>

	<div class="main" id="main">

		<noscript><section class="section">You need to enable JavaScript to use this page; sorry!</section></noscript>

	</div>

</div>

<script defer nomodule src="//play.pokemonshowdown.com/js/lib/ps-polyfill.js"></script>
<script defer src="//play.pokemonshowdown.com/js/lib/preact.min.js"></script>

<script defer src="//play.pokemonshowdown.com/config/config.js?6dec07f6"></script>
<script defer src="//play.pokemonshowdown.com/js/lib/jquery-1.11.0.min.js"></script>
<script defer src="//play.pokemonshowdown.com/js/lib/html-sanitizer-minified.js"></script>
<script defer src="//play.pokemonshowdown.com/js/battle-sound.js"></script>
<script defer src="//play.pokemonshowdown.com/js/battledata.js?0.6315294753075389"></script>
<script defer src="//play.pokemonshowdown.com/data/pokedex-mini.js?0.7603743185311358"></script>
<script defer src="//play.pokemonshowdown.com/data/pokedex-mini-bw.js?0.030888842834281283"></script>
<script defer src="//play.pokemonshowdown.com/data/graphics.js?0.05593094747507488"></script>
<script defer src="//play.pokemonshowdown.com/data/pokedex.js?0.47064822249611904"></script>
<script defer src="//play.pokemonshowdown.com/data/moves.js?0.8583693120512459"></script>
<script defer src="//play.pokemonshowdown.com/data/abilities.js?0.16017181182386842"></script>
<script defer src="//play.pokemonshowdown.com/data/items.js?0.4163379185673943"></script>
<script defer src="//play.pokemonshowdown.com/data/teambuilder-tables.js?0.31075597372830477"></script>
<script defer src="//play.pokemonshowdown.com/js/battle-tooltips.js?0.6536193500708172"></script>
<script defer src="//play.pokemonshowdown.com/js/battle.js?0.1916591943277901"></script>

<script defer src="js/utils.js?e31f9a17"></script>
<script defer src="js/replays-battle.js?7008c182"></script>

<!-- don't scrape this data! just add .json or .log after the URL!
Full API docs: https://github.com/smogon/pokemon-showdown-client/blob/master/WEB-API.md -->
<script type="text/plain" class="log" id="replaylog-smogtours-gen3ou-806180">
|inactive|Battle timer is ON: inactive players will automatically lose when time's up.
|t:|1731531818
|gametype|singles
|player|p1|UDM31|lucas|
|player|p2|G3neralR3van|volkner|
|teamsize|p1|6
|teamsize|p2|6
|gen|3
|tier|[Gen 3] OU
|rule|Sleep Clause Mod: Limit one foe put to sleep
|rule|Switch Priority Clause Mod: Faster Pokémon switch first
|rule|Species Clause: Limit one of each Pokémon
|rule|OHKO Clause: OHKO moves are banned
|rule|Evasion Items Clause: Evasion items are banned
|rule|Evasion Moves Clause: Evasion moves are banned
|rule|Endless Battle Clause: Forcing endless battles is banned
|rule|HP Percentage Mod: HP is shown in percentages
|rule|One Boost Passer Clause: Limit one Baton Passer that has a way to boost its stats
|rule|Freeze Clause Mod: Limit one foe frozen
|
|t:|1731531818
|start
|switch|p1a: Metagross|Metagross|100/100
|switch|p2a: Salamence|Salamence, F|100/100
|-ability|p2a: Salamence|Intimidate|boost
|-fail|p1a: Metagross|unboost|[from] ability: Clear Body|[of] p1a: Metagross
|turn|1
|c|☆G3neralR3van|gl hf
|c|☆UDM31|u2
|
|t:|1731531846
|switch|p2a: Metagross|Metagross|100/100
|move|p1a: Metagross|Rock Slide|p2a: Metagross|[miss]
|-miss|p1a: Metagross|p2a: Metagross
|
|upkeep
|turn|2
|
|t:|1731531855
|switch|p1a: Skarmory|Skarmory, F|100/100
|move|p2a: Metagross|Meteor Mash|p1a: Skarmory|[miss]
|-miss|p2a: Metagross|p1a: Skarmory
|
|upkeep
|turn|3
|
|t:|1731531859
|switch|p2a: Zapdos|Zapdos|100/100
|move|p1a: Skarmory|Spikes|p2a: Zapdos
|-sidestart|p2: G3neralR3van|Spikes
|
|upkeep
|turn|4
|
|t:|1731531864
|switch|p1a: Celebi|Celebi|100/100
|move|p2a: Zapdos|Thunderbolt|p1a: Celebi
|-resisted|p1a: Celebi
|-damage|p1a: Celebi|79/100
|
|-heal|p1a: Celebi|85/100|[from] item: Leftovers
|upkeep
|turn|5
|
|t:|1731531871
|move|p1a: Celebi|Leech Seed|p2a: Zapdos
|-start|p2a: Zapdos|move: Leech Seed
|move|p2a: Zapdos|Roar|p1a: Celebi
|drag|p1a: Swampert|Swampert, F|100/100
|
|-damage|p2a: Zapdos|88/100|[from] Leech Seed|[of] p1a: Swampert
|upkeep
|turn|6
|
|t:|1731531886
|switch|p2a: Snorlax|Snorlax, F|100/100
|-damage|p2a: Snorlax|88/100|[from] Spikes
|switch|p1a: Celebi|Celebi|85/100
|
|-heal|p1a: Celebi|91/100|[from] item: Leftovers
|-heal|p2a: Snorlax|94/100|[from] item: Leftovers
|upkeep
|turn|7
|
|t:|1731531895
|switch|p1a: Skarmory|Skarmory, F|100/100
|move|p2a: Snorlax|Shadow Ball|p1a: Skarmory
|-resisted|p1a: Skarmory
|-damage|p1a: Skarmory|92/100
|
|-heal|p1a: Skarmory|98/100|[from] item: Leftovers
|-heal|p2a: Snorlax|100/100|[from] item: Leftovers
|upkeep
|turn|8
|
|t:|1731531899
|-singleturn|p2a: Snorlax|move: Focus Punch
|move|p1a: Skarmory|Spikes|p2a: Snorlax
|-sidestart|p2: G3neralR3van|Spikes
|move|p2a: Snorlax|Focus Punch|p1a: Skarmory
|-damage|p1a: Skarmory|63/100
|
|-heal|p1a: Skarmory|69/100|[from] item: Leftovers
|upkeep
|turn|9
|
|t:|1731531904
|-singleturn|p2a: Snorlax|move: Focus Punch
|move|p1a: Skarmory|Drill Peck|p2a: Snorlax
|-damage|p2a: Snorlax|82/100
|move|p2a: Snorlax|Focus Punch||[still]
|cant|p2a: Snorlax|Focus Punch|Focus Punch
|
|-heal|p1a: Skarmory|75/100|[from] item: Leftovers
|-heal|p2a: Snorlax|88/100|[from] item: Leftovers
|upkeep
|turn|10
|
|t:|1731531912
|switch|p2a: Zapdos|Zapdos|88/100
|move|p1a: Skarmory|Spikes|p2a: Zapdos
|-sidestart|p2: G3neralR3van|Spikes
|
|-heal|p2a: Zapdos|94/100|[from] item: Leftovers
|-heal|p1a: Skarmory|81/100|[from] item: Leftovers
|upkeep
|turn|11
|
|t:|1731531925
|switch|p1a: Celebi|Celebi|91/100
|move|p2a: Zapdos|Thunder Wave|p1a: Celebi
|-status|p1a: Celebi|par
|
|-heal|p2a: Zapdos|100/100|[from] item: Leftovers
|-heal|p1a: Celebi|98/100 par|[from] item: Leftovers
|upkeep
|turn|12
|
|t:|1731531934
|move|p2a: Zapdos|Hidden Power|p1a: Celebi
|-supereffective|p1a: Celebi
|-damage|p1a: Celebi|54/100 par
|move|p1a: Celebi|Leech Seed|p2a: Zapdos
|-start|p2a: Zapdos|move: Leech Seed
|
|-damage|p2a: Zapdos|88/100|[from] Leech Seed|[of] p1a: Celebi
|-heal|p1a: Celebi|65/100 par|[silent]
|-heal|p1a: Celebi|71/100 par|[from] item: Leftovers
|upkeep
|turn|13
|
|t:|1731531944
|switch|p2a: Salamence|Salamence, F|100/100
|-ability|p2a: Salamence|Intimidate|boost
|-unboost|p1a: Celebi|atk|1
|-curestatus|p1a: Celebi|par|[from] ability: Natural Cure
|switch|p1a: Swampert|Swampert, F|100/100
|
|upkeep
|turn|14
|
|t:|1731531950
|switch|p1a: Aerodactyl|Aerodactyl, M|100/100
|move|p2a: Salamence|Hidden Power|p1a: Aerodactyl
|-damage|p1a: Aerodactyl|67/100
|
|upkeep
|turn|15
|
|t:|1731531962
|switch|p2a: Swampert|Swampert, F|100/100
|-damage|p2a: Swampert|76/100|[from] Spikes
|move|p1a: Aerodactyl|Rock Slide|p2a: Swampert
|-resisted|p2a: Swampert
|-damage|p2a: Swampert|50/100
|
|-heal|p2a: Swampert|56/100|[from] item: Leftovers
|upkeep
|turn|16
|
|t:|1731531973
|switch|p1a: Skarmory|Skarmory, F|81/100
|move|p2a: Swampert|Ice Beam|p1a: Skarmory
|-crit|p1a: Skarmory
|-damage|p1a: Skarmory|29/100
|-status|p1a: Skarmory|frz
|
|-heal|p1a: Skarmory|35/100 frz|[from] item: Leftovers
|-heal|p2a: Swampert|62/100|[from] item: Leftovers
|upkeep
|turn|17
|c|☆G3neralR3van|sry
|c|☆UDM31|it's fine it's just zarel
|inactive|UDM31 has 270 seconds left.
|
|t:|1731532012
|-curestatus|p1a: Skarmory|frz|[msg]
|move|p1a: Skarmory|Toxic|p2a: Swampert|[miss]
|-miss|p1a: Skarmory|p2a: Swampert
|move|p2a: Swampert|Ice Beam|p1a: Skarmory
|-damage|p1a: Skarmory|9/100
|
|-heal|p1a: Skarmory|15/100|[from] item: Leftovers
|-heal|p2a: Swampert|68/100|[from] item: Leftovers
|upkeep
|turn|18
|inactive|UDM31 has 270 seconds left.
|
|t:|1731532021
|move|p1a: Skarmory|Toxic|p2a: Swampert
|-status|p2a: Swampert|tox
|move|p2a: Swampert|Ice Beam|p1a: Skarmory
|-damage|p1a: Skarmory|0 fnt
|faint|p1a: Skarmory
|
|t:|1731532026
|switch|p1a: Celebi|Celebi|71/100
|
|-heal|p1a: Celebi|77/100|[from] item: Leftovers
|-heal|p2a: Swampert|74/100 tox|[from] item: Leftovers
|-damage|p2a: Swampert|68/100 tox|[from] psn
|upkeep
|turn|19
|inactive|UDM31 has 270 seconds left.
|
|t:|1731532049
|switch|p2a: Zapdos|Zapdos|88/100
|move|p1a: Celebi|Giga Drain|p2a: Zapdos
|-resisted|p2a: Zapdos
|-damage|p2a: Zapdos|72/100
|-heal|p1a: Celebi|84/100|[from] drain|[of] p2a: Zapdos
|
|-heal|p2a: Zapdos|78/100|[from] item: Leftovers
|-heal|p1a: Celebi|91/100|[from] item: Leftovers
|upkeep
|turn|20
|inactive|UDM31 has 270 seconds left.
|
|t:|1731532064
|switch|p1a: Swampert|Swampert, F|100/100
|move|p2a: Zapdos|Roar|p1a: Swampert
|drag|p1a: Celebi|Celebi|91/100
|
|-heal|p2a: Zapdos|85/100|[from] item: Leftovers
|-heal|p1a: Celebi|97/100|[from] item: Leftovers
|upkeep
|turn|21
|inactive|UDM31 has 270 seconds left.
|
|t:|1731532072
|switch|p1a: Swampert|Swampert, F|100/100
|move|p2a: Zapdos|Hidden Power|p1a: Swampert
|-crit|p1a: Swampert
|-damage|p1a: Swampert|57/100
|
|-heal|p2a: Zapdos|91/100|[from] item: Leftovers
|-heal|p1a: Swampert|63/100|[from] item: Leftovers
|upkeep
|turn|22
|
|t:|1731532081
|switch|p2a: Snorlax|Snorlax, F|88/100
|-damage|p2a: Snorlax|63/100|[from] Spikes
|move|p1a: Swampert|Ice Beam|p2a: Snorlax
|-damage|p2a: Snorlax|47/100
|
|-heal|p1a: Swampert|70/100|[from] item: Leftovers
|-heal|p2a: Snorlax|53/100|[from] item: Leftovers
|upkeep
|turn|23
|inactive|UDM31 has 270 seconds left.
|
|t:|1731532103
|switch|p1a: Metagross|Metagross|100/100
|move|p2a: Snorlax|Body Slam|p1a: Metagross
|-resisted|p1a: Metagross
|-damage|p1a: Metagross|83/100
|
|-heal|p2a: Snorlax|59/100|[from] item: Leftovers
|upkeep
|turn|24
|
|t:|1731532113
|switch|p2a: Zapdos|Zapdos|91/100
|move|p1a: Metagross|Meteor Mash|p2a: Zapdos
|-resisted|p2a: Zapdos
|-damage|p2a: Zapdos|40/100
|
|-heal|p2a: Zapdos|47/100|[from] item: Leftovers
|upkeep
|turn|25
|inactive|UDM31 has 270 seconds left.
|
|t:|1731532139
|switch|p2a: Metagross|Metagross|100/100
|-damage|p2a: Metagross|76/100|[from] Spikes
|switch|p1a: Celebi|Celebi|97/100
|
|-heal|p1a: Celebi|100/100|[from] item: Leftovers
|-heal|p2a: Metagross|82/100|[from] item: Leftovers
|upkeep
|turn|26
|
|t:|1731532156
|move|p2a: Metagross|Protect|p2a: Metagross
|-singleturn|p2a: Metagross|Protect
|move|p1a: Celebi|Hidden Power|p2a: Metagross
|-activate|p2a: Metagross|Protect
|
|-heal|p2a: Metagross|88/100|[from] item: Leftovers
|upkeep
|turn|27
|
|t:|1731532166
|move|p1a: Celebi|Hidden Power|p2a: Metagross
|-supereffective|p2a: Metagross
|-damage|p2a: Metagross|33/100
|move|p2a: Metagross|Explosion|p1a: Celebi
|-damage|p1a: Celebi|0 fnt
|faint|p2a: Metagross
|faint|p1a: Celebi
|inactive|UDM31 has 240 seconds left.
|
|t:|1731532223
|switch|p1a: Aerodactyl|Aerodactyl, M|67/100
|switch|p2a: Salamence|Salamence, F|100/100
|-ability|p2a: Salamence|Intimidate|boost
|-unboost|p1a: Aerodactyl|atk|1
|
|upkeep
|turn|28
|
|t:|1731532234
|switch|p2a: Swampert|Swampert, F|68/100 tox
|-damage|p2a: Swampert|43/100 tox|[from] Spikes
|move|p1a: Aerodactyl|Rock Slide|p2a: Swampert
|-resisted|p2a: Swampert
|-damage|p2a: Swampert|26/100 tox
|
|-heal|p2a: Swampert|32/100 tox|[from] item: Leftovers
|-damage|p2a: Swampert|26/100 tox|[from] psn
|upkeep
|turn|29
|inactive|UDM31 has 210 seconds left.
|
|t:|1731532255
|switch|p1a: Metagross|Metagross|83/100
|move|p2a: Swampert|Hydro Pump|p1a: Metagross
|-damage|p1a: Metagross|0 fnt
|faint|p1a: Metagross
|
|t:|1731532262
|switch|p1a: Aerodactyl|Aerodactyl, M|67/100
|
|-heal|p2a: Swampert|32/100 tox|[from] item: Leftovers
|-damage|p2a: Swampert|20/100 tox|[from] psn
|upkeep
|turn|30
|inactive|UDM31 has 210 seconds left.
|
|t:|1731532272
|switch|p2a: Salamence|Salamence, F|100/100
|-ability|p2a: Salamence|Intimidate|boost
|-unboost|p1a: Aerodactyl|atk|1
|move|p1a: Aerodactyl|Double-Edge|p2a: Salamence
|-damage|p2a: Salamence|55/100
|
|-heal|p2a: Salamence|61/100|[from] item: Leftovers
|upkeep
|turn|31
|inactive|UDM31 has 210 seconds left.
|
|t:|1731532294
|switch|p2a: Tyranitar|Tyranitar, F|100/100
|-damage|p2a: Tyranitar|76/100|[from] Spikes
|-weather|Sandstorm|[from] ability: Sand Stream|[of] p2a: Tyranitar
|move|p1a: Aerodactyl|Double-Edge|p2a: Tyranitar
|-resisted|p2a: Tyranitar
|-damage|p2a: Tyranitar|59/100
|
|-weather|Sandstorm|[upkeep]
|upkeep
|turn|32
|
|t:|1731532321
|switch|p1a: Swampert|Swampert, F|70/100
|move|p2a: Tyranitar|Earthquake|p1a: Swampert
|-damage|p1a: Swampert|34/100
|
|-weather|Sandstorm|[upkeep]
|-heal|p1a: Swampert|40/100|[from] item: Leftovers
|upkeep
|turn|33
|inactive|G3neralR3van has 270 seconds left.
|inactive|UDM31 has 180 seconds left.
|
|t:|1731532355
|move|p2a: Tyranitar|Earthquake|p1a: Swampert
|-damage|p1a: Swampert|5/100
|move|p1a: Swampert|Earthquake|p2a: Tyranitar
|-supereffective|p2a: Tyranitar
|-damage|p2a: Tyranitar|0 fnt
|faint|p2a: Tyranitar
|inactive|G3neralR3van has 270 seconds left.
|
|t:|1731532365
|switch|p2a: Salamence|Salamence, F|61/100
|-ability|p2a: Salamence|Intimidate|boost
|-unboost|p1a: Swampert|atk|1
|
|-weather|Sandstorm|[upkeep]
|-damage|p2a: Salamence|55/100|[from] Sandstorm
|-heal|p2a: Salamence|61/100|[from] item: Leftovers
|-heal|p1a: Swampert|11/100|[from] item: Leftovers
|upkeep
|turn|34
|inactive|UDM31 has 180 seconds left.
|
|t:|1731532391
|move|p2a: Salamence|Dragon Claw|p1a: Swampert
|-damage|p1a: Swampert|0 fnt
|faint|p1a: Swampert
|
|t:|1731532413
|switch|p1a: Aerodactyl|Aerodactyl, M|67/100
|
|-weather|Sandstorm|[upkeep]
|-damage|p2a: Salamence|55/100|[from] Sandstorm
|-heal|p2a: Salamence|61/100|[from] item: Leftovers
|upkeep
|turn|35
|inactive|UDM31 has 150 seconds left.
|inactive|G3neralR3van has 270 seconds left.
|
|t:|1731532459
|move|p1a: Aerodactyl|Double-Edge|p2a: Salamence
|-damage|p2a: Salamence|0 fnt
|faint|p2a: Salamence
|
|t:|1731532462
|switch|p2a: Snorlax|Snorlax, F|59/100
|-damage|p2a: Snorlax|34/100|[from] Spikes
|
|-weather|Sandstorm|[upkeep]
|-damage|p2a: Snorlax|28/100|[from] Sandstorm
|-heal|p2a: Snorlax|34/100|[from] item: Leftovers
|upkeep
|turn|36
|
|t:|1731532466
|move|p1a: Aerodactyl|Double-Edge|p2a: Snorlax
|-damage|p2a: Snorlax|0 fnt
|faint|p2a: Snorlax
|
|t:|1731532468
|switch|p2a: Zapdos|Zapdos|47/100
|
|-weather|Sandstorm|[upkeep]
|-damage|p2a: Zapdos|40/100|[from] Sandstorm
|-heal|p2a: Zapdos|47/100|[from] item: Leftovers
|upkeep
|turn|37
|c|☆G3neralR3van|gg
|
|t:|1731532472
|move|p1a: Aerodactyl|Double-Edge|p2a: Zapdos
|-damage|p2a: Zapdos|0 fnt
|faint|p2a: Zapdos
|
|t:|1731532478
|switch|p2a: Swampert|Swampert, F|20/100 tox
|-damage|p2a: Swampert|0 fnt|[from] Spikes
|faint|p2a: Swampert
|
|win|UDM31
|player|p2|
|c|☆UDM31|gg
|player|p2|G3neralR3van|volkner|
|player|p2|

</script>
<script type="application/json" class="data" id="replaydata-smogtours-gen3ou-806180">
{"id":"smogtours-gen3ou-806180","format":"[Gen 3] OU","players":["UDM31","G3neralR3van"],"uploadtime":1731532478,"views":20,"formatid":"gen3ou","rating":null,"private":1,"password":null}
</script>

<script defer src="js/replays.js?9d40a366"></script>
