<!DOCTYPE html>
<meta charset="utf-8" />
<meta name="viewport" content="width=device-width" />

<title>[Gen 3] OU: Dhrabb vs. ccczzx - Replays - Pok&eacute;mon Showdown!</title>

<meta name="description" content="Watch a replay of a Pok&eacute;mon battle between Dhrabb and ccczzx! Format: [Gen 3] OU; Date: Oct 18, 2024" />
<!--

Hey, you! Looking in the source for the replay log?

You can find them in JSON format, just add `.json` at the end of a replay URL.

https://replay.pokemonshowdown.com/gen7randomdoublesbattle-865046831.json

Or, if you only need the log itself, add `.log` instead:

https://replay.pokemonshowdown.com/gen7randomdoublesbattle-865046831.log

-->

<link rel="stylesheet" href="//pokemonshowdown.com/style/global.css?0.023195364461161105" />
<link rel="stylesheet" href="//play.pokemonshowdown.com/style/font-awesome.css?0.13261647063804238" />
<link rel="stylesheet" href="//play.pokemonshowdown.com/style/battle.css?0.8753245789963631" />
<link rel="stylesheet" href="//play.pokemonshowdown.com/style/utilichart.css?0.8627959624976733" />

<!-- Global site tag (gtag.js) - Google Analytics -->
<script async src="https://www.googletagmanager.com/gtag/js?id=UA-26211653-1"></script>
<script>
  window.dataLayer = window.dataLayer || [];
  function gtag(){dataLayer.push(arguments);}
  gtag('js', new Date());

  gtag('config', 'UA-26211653-1');
</script>
<!-- End Google Analytics -->
<!-- Venatus Ad Manager - Install in <HEAD> of page -->
	<script src="https://hb.vntsm.com/v3/live/ad-manager.min.js" type="text/javascript" data-site-id="642aba63ec9a7b11c3c9c1be" data-mode="scan" async></script>
<!-- / Venatus Ad Manager -->

<style>
	@media (max-width:820px) {
		.battle {
			margin: 0 auto;
		}
		.battle-log {
			margin: 7px auto 0;
			max-width: 640px;
			height: 300px;
			position: static;
		}
	}
	.optgroup {
		display: inline-block;
		line-height: 22px;
		font-size: 10pt;
	}
	.optgroup .button {
		height: 25px;
		padding-top: 0;
		padding-bottom: 0;
	}
	.optgroup button.button {
		padding-left: 12px;
		padding-right: 12px;
	}
	.linklist {
		list-style: none;
		margin: 0.5em 0;
		padding: 0;
	}
	.linklist li {
		padding: 2px 0;
	}
	.sidebar {
		float: left;
		width: 320px;
	}
	.bar-wrapper {
		max-width: 1100px;
		margin: 0 auto;
	}
	.bar-wrapper.has-sidebar {
		max-width: 1430px;
	}
	.mainbar {
		margin: 0;
		padding-right: 1px;
	}
	.mainbar.has-sidebar {
		margin-left: 330px;
	}
	@media (min-width: 1511px) {
		.sidebar {
			width: 400px;
		}
		.bar-wrapper.has-sidebar {
			max-width: 1510px;
		}
		.mainbar.has-sidebar {
			margin-left: 410px;
		}
	}
	.section.first-section {
		margin-top: 9px;
	}
	.blocklink small {
		white-space: normal;
	}
	.button {
		vertical-align: middle;
	}
	.replay-controls {
		padding-top: 10px;
	}
	.replay-controls h1 {
		font-size: 16pt;
		font-weight: normal;
		color: #CCC;
	}
	.pagelink {
		text-align: center;
	}
	.pagelink a {
		width: 150px;
	}
	.textbox, .button {
		font-size: 11pt;
		vertical-align: middle;
	}
	@media (max-width: 450px) {
		.button {
			font-size: 9pt;
		}
	}
</style>

<div>

	<header>
		<div class="nav-wrapper"><ul class="nav">
			<li><a class="button nav-first" href="//pokemonshowdown.com/"><img src="//pokemonshowdown.com/images/pokemonshowdownbeta.png" srcset="//pokemonshowdown.com/images/pokemonshowdownbeta.png 1x, //pokemonshowdown.com/images/pokemonshowdownbeta@2x.png 2x" alt="Pok&eacute;mon Showdown" width="146" height="44" /> Home</a></li>
			<li><a class="button" href="//pokemonshowdown.com/dex/">Pok&eacute;dex</a></li>
			<li><a class="button cur" href="/">Replays</a></li>
			<li><a class="button" href="//pokemonshowdown.com/ladder/">Ladder</a></li>
			<li><a class="button nav-last" href="//pokemonshowdown.com/forums/">Forum</a></li>
			<li><a class="button greenbutton nav-first nav-last" href="//play.pokemonshowdown.com/">Play</a></li>
		</ul></div>
	</header>

	<div class="main" id="main">

		<noscript><section class="section">You need to enable JavaScript to use this page; sorry!</section></noscript>

	</div>

</div>

<script defer nomodule src="//play.pokemonshowdown.com/js/lib/ps-polyfill.js"></script>
<script defer src="//play.pokemonshowdown.com/js/lib/preact.min.js"></script>

<script defer src="//play.pokemonshowdown.com/config/config.js?2bddbc15"></script>
<script defer src="//play.pokemonshowdown.com/js/lib/jquery-1.11.0.min.js"></script>
<script defer src="//play.pokemonshowdown.com/js/lib/html-sanitizer-minified.js"></script>
<script defer src="//play.pokemonshowdown.com/js/battle-sound.js"></script>
<script defer src="//play.pokemonshowdown.com/js/battledata.js?0.7209276989879541"></script>
<script defer src="//play.pokemonshowdown.com/data/pokedex-mini.js?0.6111056340867951"></script>
<script defer src="//play.pokemonshowdown.com/data/pokedex-mini-bw.js?0.3532142036491459"></script>
<script defer src="//play.pokemonshowdown.com/data/graphics.js?0.24223875632456182"></script>
<script defer src="//play.pokemonshowdown.com/data/pokedex.js?0.38839984266356864"></script>
<script defer src="//play.pokemonshowdown.com/data/moves.js?0.21866028504024015"></script>
<script defer src="//play.pokemonshowdown.com/data/abilities.js?0.2005157953846628"></script>
<script defer src="//play.pokemonshowdown.com/data/items.js?0.9894211263848525"></script>
<script defer src="//play.pokemonshowdown.com/data/teambuilder-tables.js?0.6008791140282215"></script>
<script defer src="//play.pokemonshowdown.com/js/battle-tooltips.js?0.7580118955022959"></script>
<script defer src="//play.pokemonshowdown.com/js/battle.js?0.6057722274234274"></script>

<script defer src="js/utils.js?e31f9a17"></script>
<script defer src="js/replays-battle.js?7008c182"></script>

<!-- don't scrape this data! just add .json or .log after the URL!
Full API docs: https://github.com/smogon/pokemon-showdown-client/blob/master/WEB-API.md -->
<script type="text/plain" class="log" id="replaylog-smogtours-gen3ou-799546">
|inactive|Battle timer is ON: inactive players will automatically lose when time's up.
|badge|p1|bronze|gen9ou|100-3
|uhtml|medal-msg|<div class="broadcast-blue">Curious what those medals under the avatar are? PS now has Ladder Seasons! For more information, check out the <a href="https://www.smogon.com/forums/threads/3740067/">thread on Smogon.<\/a><\/div>
|t:|1729268771
|gametype|singles
|player|p1|Dhrabb|#wcop2024bangladesh|
|player|p2|ccczzx|102|
|teamsize|p1|6
|teamsize|p2|6
|gen|3
|tier|[Gen 3] OU
|rule|Sleep Clause Mod: Limit one foe put to sleep
|rule|Switch Priority Clause Mod: Faster Pokémon switch first
|rule|Species Clause: Limit one of each Pokémon
|rule|OHKO Clause: OHKO moves are banned
|rule|Evasion Items Clause: Evasion items are banned
|rule|Evasion Moves Clause: Evasion moves are banned
|rule|Endless Battle Clause: Forcing endless battles is banned
|rule|HP Percentage Mod: HP is shown in percentages
|rule|One Boost Passer Clause: Limit one Baton Passer that has a way to boost its stats
|rule|Freeze Clause Mod: Limit one foe frozen
|
|t:|1729268771
|start
|switch|p1a: Tyranitar|Tyranitar, F|100/100
|switch|p2a: ciffotar|Tyranitar, F|100/100
|-weather|Sandstorm|[from] ability: Sand Stream|[of] p2a: ciffotar
|turn|1
|c|☆Dhrabb|hf
|c|☆ccczzx|glhf
|
|t:|1729268792
|switch|p2a: exswamp|Swampert, F|100/100
|switch|p1a: Flygon|Flygon, F|100/100
|
|-weather|Sandstorm|[upkeep]
|upkeep
|turn|2
|
|t:|1729268800
|switch|p1a: Skarmory|Skarmory, F|100/100
|move|p2a: exswamp|Ice Beam|p1a: Skarmory
|-damage|p1a: Skarmory|84/100
|
|-weather|Sandstorm|[upkeep]
|-heal|p1a: Skarmory|90/100|[from] item: Leftovers
|upkeep
|turn|3
|
|t:|1729268815
|switch|p2a: ciffotar|Tyranitar, F|100/100
|move|p1a: Skarmory|Spikes|p2a: ciffotar
|-sidestart|p2: ccczzx|Spikes
|
|-weather|Sandstorm|[upkeep]
|-heal|p1a: Skarmory|96/100|[from] item: Leftovers
|upkeep
|turn|4
|
|t:|1729268822
|move|p1a: Skarmory|Protect|p1a: Skarmory
|-singleturn|p1a: Skarmory|Protect
|move|p2a: ciffotar|Flamethrower|p1a: Skarmory
|-activate|p1a: Skarmory|Protect
|
|-weather|Sandstorm|[upkeep]
|-heal|p1a: Skarmory|100/100|[from] item: Leftovers
|upkeep
|turn|5
|
|t:|1729268827
|move|p1a: Skarmory|Toxic|p2a: ciffotar|[miss]
|-miss|p1a: Skarmory|p2a: ciffotar
|move|p2a: ciffotar|Flamethrower|p1a: Skarmory
|-supereffective|p1a: Skarmory
|-damage|p1a: Skarmory|46/100
|
|-weather|Sandstorm|[upkeep]
|-heal|p1a: Skarmory|52/100|[from] item: Leftovers
|upkeep
|turn|6
|
|t:|1729268834
|switch|p2a: blossoms|Blissey, F|100/100
|-damage|p2a: blossoms|88/100|[from] Spikes
|move|p1a: Skarmory|Protect||[still]
|-fail|p1a: Skarmory
|
|-weather|Sandstorm|[upkeep]
|-damage|p2a: blossoms|82/100|[from] Sandstorm
|-heal|p1a: Skarmory|58/100|[from] item: Leftovers
|-heal|p2a: blossoms|88/100|[from] item: Leftovers
|upkeep
|turn|7
|
|t:|1729268846
|move|p1a: Skarmory|Toxic|p2a: blossoms
|-status|p2a: blossoms|tox
|move|p2a: blossoms|Calm Mind|p2a: blossoms
|-boost|p2a: blossoms|spa|1
|-boost|p2a: blossoms|spd|1
|
|-weather|Sandstorm|[upkeep]
|-damage|p2a: blossoms|82/100 tox|[from] Sandstorm
|-heal|p1a: Skarmory|64/100|[from] item: Leftovers
|-heal|p2a: blossoms|88/100 tox|[from] item: Leftovers
|-damage|p2a: blossoms|82/100 tox|[from] psn
|upkeep
|turn|8
|
|t:|1729268856
|switch|p1a: Jirachi|Jirachi|100/100
|move|p2a: blossoms|Thunderbolt|p1a: Jirachi
|-damage|p1a: Jirachi|75/100
|
|-weather|Sandstorm|[upkeep]
|-damage|p2a: blossoms|76/100 tox|[from] Sandstorm
|-heal|p1a: Jirachi|82/100|[from] item: Leftovers
|-heal|p2a: blossoms|82/100 tox|[from] item: Leftovers
|-damage|p2a: blossoms|70/100 tox|[from] psn
|upkeep
|turn|9
|
|t:|1729268872
|switch|p1a: Tyranitar|Tyranitar, F|100/100
|-curestatus|p2a: blossoms|tox|[from] ability: Natural Cure
|switch|p2a: ciffotar|Tyranitar, F|100/100
|-damage|p2a: ciffotar|88/100|[from] Spikes
|
|-weather|Sandstorm|[upkeep]
|-heal|p2a: ciffotar|94/100|[from] item: Leftovers
|upkeep
|turn|10
|
|t:|1729268883
|move|p1a: Tyranitar|Earthquake|p2a: ciffotar
|-supereffective|p2a: ciffotar
|-damage|p2a: ciffotar|55/100
|move|p2a: ciffotar|Counter|p1a: Tyranitar
|-damage|p1a: Tyranitar|21/100
|
|-weather|Sandstorm|[upkeep]
|-heal|p2a: ciffotar|61/100|[from] item: Leftovers
|-heal|p1a: Tyranitar|27/100|[from] item: Leftovers
|upkeep
|turn|11
|
|t:|1729268891
|switch|p1a: Flygon|Flygon, F|100/100
|move|p2a: ciffotar|Flamethrower|p1a: Flygon
|-resisted|p1a: Flygon
|-damage|p1a: Flygon|85/100
|
|-weather|Sandstorm|[upkeep]
|-heal|p1a: Flygon|91/100|[from] item: Leftovers
|-heal|p2a: ciffotar|67/100|[from] item: Leftovers
|upkeep
|turn|12
|
|t:|1729268905
|switch|p2a: heya|Moltres|100/100
|move|p1a: Flygon|Toxic|p2a: heya|[miss]
|-miss|p1a: Flygon|p2a: heya
|
|-weather|Sandstorm|[upkeep]
|-damage|p2a: heya|94/100|[from] Sandstorm
|-heal|p2a: heya|100/100|[from] item: Leftovers
|-heal|p1a: Flygon|97/100|[from] item: Leftovers
|upkeep
|turn|13
|
|t:|1729268920
|switch|p1a: Moltres|Moltres|100/100
|move|p2a: heya|Will-O-Wisp|p1a: Moltres
|-immune|p1a: Moltres
|
|-weather|Sandstorm|[upkeep]
|-damage|p2a: heya|94/100|[from] Sandstorm
|-damage|p1a: Moltres|94/100|[from] Sandstorm
|-heal|p2a: heya|100/100|[from] item: Leftovers
|-heal|p1a: Moltres|100/100|[from] item: Leftovers
|upkeep
|turn|14
|
|t:|1729268935
|switch|p2a: blossoms|Blissey, F|70/100
|-damage|p2a: blossoms|57/100|[from] Spikes
|move|p1a: Moltres|Fire Blast|p2a: blossoms
|-damage|p2a: blossoms|30/100
|
|-weather|Sandstorm|[upkeep]
|-damage|p1a: Moltres|94/100|[from] Sandstorm
|-damage|p2a: blossoms|24/100|[from] Sandstorm
|-heal|p1a: Moltres|100/100|[from] item: Leftovers
|-heal|p2a: blossoms|30/100|[from] item: Leftovers
|upkeep
|turn|15
|
|t:|1729268945
|switch|p1a: Jirachi|Jirachi|82/100
|move|p2a: blossoms|Soft-Boiled|p2a: blossoms
|-heal|p2a: blossoms|80/100
|
|-weather|Sandstorm|[upkeep]
|-damage|p2a: blossoms|74/100|[from] Sandstorm
|-heal|p1a: Jirachi|88/100|[from] item: Leftovers
|-heal|p2a: blossoms|80/100|[from] item: Leftovers
|upkeep
|turn|16
|
|t:|1729268960
|move|p1a: Jirachi|Wish|p1a: Jirachi
|move|p2a: blossoms|Calm Mind|p2a: blossoms
|-boost|p2a: blossoms|spa|1
|-boost|p2a: blossoms|spd|1
|
|-weather|Sandstorm|[upkeep]
|-damage|p2a: blossoms|74/100|[from] Sandstorm
|-heal|p1a: Jirachi|94/100|[from] item: Leftovers
|-heal|p2a: blossoms|80/100|[from] item: Leftovers
|upkeep
|turn|17
|
|t:|1729268977
|move|p1a: Jirachi|Body Slam|p2a: blossoms
|-damage|p2a: blossoms|59/100
|move|p2a: blossoms|Thunderbolt|p1a: Jirachi
|-damage|p1a: Jirachi|67/100
|
|-heal|p1a: Jirachi|100/100|[from] move: Wish|[wisher] Jirachi
|-weather|Sandstorm|[upkeep]
|-damage|p2a: blossoms|53/100|[from] Sandstorm
|-heal|p2a: blossoms|59/100|[from] item: Leftovers
|upkeep
|turn|18
|
|t:|1729268985
|move|p1a: Jirachi|Wish|p1a: Jirachi
|move|p2a: blossoms|Soft-Boiled|p2a: blossoms
|-heal|p2a: blossoms|100/100
|
|-weather|Sandstorm|[upkeep]
|-damage|p2a: blossoms|94/100|[from] Sandstorm
|-heal|p2a: blossoms|100/100|[from] item: Leftovers
|upkeep
|turn|19
|
|t:|1729268990
|move|p1a: Jirachi|Body Slam|p2a: blossoms
|-damage|p2a: blossoms|79/100
|move|p2a: blossoms|Thunderbolt|p1a: Jirachi
|-damage|p1a: Jirachi|74/100
|
|-heal|p1a: Jirachi|100/100|[from] move: Wish|[wisher] Jirachi
|-weather|Sandstorm|[upkeep]
|-damage|p2a: blossoms|73/100|[from] Sandstorm
|-heal|p2a: blossoms|79/100|[from] item: Leftovers
|upkeep
|turn|20
|
|t:|1729268995
|move|p1a: Jirachi|Wish|p1a: Jirachi
|move|p2a: blossoms|Calm Mind|p2a: blossoms
|-boost|p2a: blossoms|spa|1
|-boost|p2a: blossoms|spd|1
|
|-weather|Sandstorm|[upkeep]
|-damage|p2a: blossoms|73/100|[from] Sandstorm
|-heal|p2a: blossoms|79/100|[from] item: Leftovers
|upkeep
|turn|21
|
|t:|1729269000
|move|p1a: Jirachi|Fire Punch|p2a: blossoms
|-damage|p2a: blossoms|75/100
|move|p2a: blossoms|Ice Beam|p1a: Jirachi
|-resisted|p1a: Jirachi
|-damage|p1a: Jirachi|83/100
|-status|p1a: Jirachi|frz
|
|-heal|p1a: Jirachi|100/100 frz|[from] move: Wish|[wisher] Jirachi
|-weather|Sandstorm|[upkeep]
|-damage|p2a: blossoms|69/100|[from] Sandstorm
|-heal|p2a: blossoms|75/100|[from] item: Leftovers
|upkeep
|turn|22
|
|t:|1729269030
|switch|p1a: Gengar|Gengar, F|100/100
|switch|p2a: forze|Forretress, M|100/100
|-damage|p2a: forze|88/100|[from] Spikes
|
|-weather|Sandstorm|[upkeep]
|-damage|p1a: Gengar|94/100|[from] Sandstorm
|-heal|p1a: Gengar|100/100|[from] item: Leftovers
|-heal|p2a: forze|94/100|[from] item: Leftovers
|upkeep
|turn|23
|
|t:|1729269052
|switch|p2a: blossoms|Blissey, F|75/100
|-damage|p2a: blossoms|63/100|[from] Spikes
|move|p1a: Gengar|Will-O-Wisp|p2a: blossoms
|-status|p2a: blossoms|brn
|
|-weather|Sandstorm|[upkeep]
|-damage|p1a: Gengar|94/100|[from] Sandstorm
|-damage|p2a: blossoms|57/100 brn|[from] Sandstorm
|-heal|p1a: Gengar|100/100|[from] item: Leftovers
|-heal|p2a: blossoms|63/100 brn|[from] item: Leftovers
|-damage|p2a: blossoms|50/100 brn|[from] brn
|upkeep
|turn|24
|
|t:|1729269060
|move|p1a: Gengar|Taunt|p2a: blossoms
|-start|p2a: blossoms|move: Taunt
|cant|p2a: blossoms|move: Taunt|Soft-Boiled
|
|-weather|Sandstorm|[upkeep]
|-damage|p1a: Gengar|94/100|[from] Sandstorm
|-damage|p2a: blossoms|44/100 brn|[from] Sandstorm
|-heal|p1a: Gengar|100/100|[from] item: Leftovers
|-heal|p2a: blossoms|50/100 brn|[from] item: Leftovers
|-damage|p2a: blossoms|38/100 brn|[from] brn
|upkeep
|turn|25
|
|t:|1729269070
|-curestatus|p2a: blossoms|brn|[from] ability: Natural Cure
|switch|p2a: ciffotar|Tyranitar, F|67/100
|-damage|p2a: ciffotar|55/100|[from] Spikes
|move|p1a: Gengar|Ice Punch|p2a: ciffotar
|-damage|p2a: ciffotar|36/100
|
|-weather|Sandstorm|[upkeep]
|-damage|p1a: Gengar|94/100|[from] Sandstorm
|-heal|p1a: Gengar|100/100|[from] item: Leftovers
|-heal|p2a: ciffotar|42/100|[from] item: Leftovers
|upkeep
|turn|26
|
|t:|1729269083
|-activate|p1a: Gengar|move: Pursuit
|move|p2a: ciffotar|Pursuit|p1a: Gengar|[from]Pursuit
|-supereffective|p1a: Gengar
|-crit|p1a: Gengar
|-damage|p1a: Gengar|0 fnt
|faint|p1a: Gengar
|-hint|Previously chosen switches continue in Gen 2-4 after a Pursuit target faints.
|switch|p1a: Flygon|Flygon, F|97/100
|
|-weather|Sandstorm|[upkeep]
|-heal|p1a: Flygon|100/100|[from] item: Leftovers
|-heal|p2a: ciffotar|48/100|[from] item: Leftovers
|upkeep
|turn|27
|c|☆ccczzx|crit mattered?
|c|☆Dhrabb|Yeah
|c|☆ccczzx|mb
|c|☆Dhrabb|Ah well
|inactive|ccczzx has 270 seconds left.
|c|☆Dhrabb|Rngesus is not favouring me today
|
|t:|1729269117
|switch|p2a: forze|Forretress, M|94/100
|-damage|p2a: forze|82/100|[from] Spikes
|move|p1a: Flygon|Earthquake|p2a: forze
|-crit|p2a: forze
|-damage|p2a: forze|31/100
|
|-weather|Sandstorm|[upkeep]
|-heal|p2a: forze|37/100|[from] item: Leftovers
|upkeep
|turn|28
|inactive|ccczzx has 270 seconds left.
|c|☆Dhrabb|Or is it
|c|☆ccczzx|there ya go
|
|t:|1729269137
|move|p1a: Flygon|Earthquake|p2a: forze
|-damage|p2a: forze|10/100
|move|p2a: forze|Rapid Spin|p1a: Flygon
|-damage|p1a: Flygon|97/100
|-sideend|p2: ccczzx|Spikes|[from] move: Rapid Spin|[of] p2a: forze
|
|-weather|Sandstorm|[upkeep]
|-heal|p1a: Flygon|100/100|[from] item: Leftovers
|-heal|p2a: forze|17/100|[from] item: Leftovers
|upkeep
|turn|29
|
|t:|1729269148
|switch|p2a: heya|Moltres|100/100
|move|p1a: Flygon|Earthquake|p2a: heya
|-immune|p2a: heya
|
|-weather|Sandstorm|[upkeep]
|-damage|p2a: heya|94/100|[from] Sandstorm
|-heal|p2a: heya|100/100|[from] item: Leftovers
|upkeep
|turn|30
|
|t:|1729269155
|move|p2a: heya|Will-O-Wisp|p1a: Flygon
|-status|p1a: Flygon|brn
|move|p1a: Flygon|Rock Slide|p2a: heya
|-supereffective|p2a: heya
|-damage|p2a: heya|61/100
|
|-weather|Sandstorm|[upkeep]
|-damage|p2a: heya|55/100|[from] Sandstorm
|-heal|p2a: heya|61/100|[from] item: Leftovers
|-damage|p1a: Flygon|88/100 brn|[from] brn
|upkeep
|turn|31
|inactive|ccczzx has 270 seconds left.
|
|t:|1729269164
|switch|p2a: exswamp|Swampert, F|100/100
|move|p1a: Flygon|Toxic|p2a: exswamp
|-status|p2a: exswamp|tox
|
|-weather|Sandstorm|[upkeep]
|-heal|p1a: Flygon|94/100 brn|[from] item: Leftovers
|-damage|p1a: Flygon|82/100 brn|[from] brn
|-damage|p2a: exswamp|94/100 tox|[from] psn
|upkeep
|turn|32
|inactive|ccczzx has 270 seconds left.
|
|t:|1729269174
|switch|p1a: Skarmory|Skarmory, F|64/100
|move|p2a: exswamp|Ice Beam|p1a: Skarmory
|-damage|p1a: Skarmory|47/100
|
|-weather|Sandstorm|[upkeep]
|-heal|p1a: Skarmory|53/100|[from] item: Leftovers
|-heal|p2a: exswamp|100/100 tox|[from] item: Leftovers
|-damage|p2a: exswamp|88/100 tox|[from] psn
|upkeep
|turn|33
|
|t:|1729269181
|switch|p2a: forze|Forretress, M|17/100
|move|p1a: Skarmory|Spikes|p2a: forze
|-sidestart|p2: ccczzx|Spikes
|
|-weather|Sandstorm|[upkeep]
|-heal|p1a: Skarmory|59/100|[from] item: Leftovers
|-heal|p2a: forze|23/100|[from] item: Leftovers
|upkeep
|turn|34
|inactive|ccczzx has 270 seconds left.
|
|t:|1729269196
|switch|p1a: Moltres|Moltres|100/100
|move|p2a: forze|Rapid Spin|p1a: Moltres
|-damage|p1a: Moltres|95/100
|-sideend|p2: ccczzx|Spikes|[from] move: Rapid Spin|[of] p2a: forze
|
|-weather|Sandstorm|[upkeep]
|-damage|p1a: Moltres|89/100|[from] Sandstorm
|-heal|p1a: Moltres|95/100|[from] item: Leftovers
|-heal|p2a: forze|29/100|[from] item: Leftovers
|upkeep
|turn|35
|
|t:|1729269206
|switch|p2a: heya|Moltres|61/100
|move|p1a: Moltres|Fire Blast|p2a: heya
|-resisted|p2a: heya
|-damage|p2a: heya|28/100
|
|-weather|Sandstorm|[upkeep]
|-damage|p1a: Moltres|89/100|[from] Sandstorm
|-damage|p2a: heya|21/100|[from] Sandstorm
|-heal|p1a: Moltres|95/100|[from] item: Leftovers
|-heal|p2a: heya|28/100|[from] item: Leftovers
|upkeep
|turn|36
|
|t:|1729269219
|move|p2a: heya|Flamethrower|p1a: Moltres
|-resisted|p1a: Moltres
|-damage|p1a: Moltres|66/100
|move|p1a: Moltres|Fire Blast|p2a: heya
|-resisted|p2a: heya
|-damage|p2a: heya|0 fnt
|faint|p2a: heya
|inactive|ccczzx has 270 seconds left.
|
|t:|1729269248
|switch|p2a: blossoms|Blissey, F|38/100
|
|-weather|Sandstorm|[upkeep]
|-damage|p1a: Moltres|59/100|[from] Sandstorm
|-damage|p2a: blossoms|32/100|[from] Sandstorm
|-heal|p1a: Moltres|66/100|[from] item: Leftovers
|-heal|p2a: blossoms|38/100|[from] item: Leftovers
|upkeep
|turn|37
|
|t:|1729269257
|move|p1a: Moltres|Will-O-Wisp|p2a: blossoms
|-status|p2a: blossoms|brn
|move|p2a: blossoms|Soft-Boiled|p2a: blossoms
|-heal|p2a: blossoms|88/100 brn
|
|-weather|Sandstorm|[upkeep]
|-damage|p1a: Moltres|59/100|[from] Sandstorm
|-damage|p2a: blossoms|82/100 brn|[from] Sandstorm
|-heal|p1a: Moltres|66/100|[from] item: Leftovers
|-heal|p2a: blossoms|88/100 brn|[from] item: Leftovers
|-damage|p2a: blossoms|75/100 brn|[from] brn
|upkeep
|turn|38
|
|t:|1729269264
|switch|p1a: Skarmory|Skarmory, F|59/100
|move|p2a: blossoms|Soft-Boiled|p2a: blossoms
|-heal|p2a: blossoms|100/100 brn
|
|-weather|Sandstorm|[upkeep]
|-damage|p2a: blossoms|94/100 brn|[from] Sandstorm
|-heal|p1a: Skarmory|65/100|[from] item: Leftovers
|-heal|p2a: blossoms|100/100 brn|[from] item: Leftovers
|-damage|p2a: blossoms|88/100 brn|[from] brn
|upkeep
|turn|39
|
|t:|1729269270
|switch|p1a: Moltres|Moltres|66/100
|-curestatus|p2a: blossoms|brn|[from] ability: Natural Cure
|switch|p2a: forze|Forretress, M|29/100
|
|-weather|Sandstorm|[upkeep]
|-damage|p1a: Moltres|59/100|[from] Sandstorm
|-heal|p1a: Moltres|66/100|[from] item: Leftovers
|-heal|p2a: forze|35/100|[from] item: Leftovers
|upkeep
|turn|40
|
|t:|1729269277
|switch|p2a: blossoms|Blissey, F|88/100
|move|p1a: Moltres|Will-O-Wisp|p2a: blossoms
|-status|p2a: blossoms|brn
|
|-weather|Sandstorm|[upkeep]
|-damage|p1a: Moltres|59/100|[from] Sandstorm
|-damage|p2a: blossoms|82/100 brn|[from] Sandstorm
|-heal|p1a: Moltres|66/100|[from] item: Leftovers
|-heal|p2a: blossoms|88/100 brn|[from] item: Leftovers
|-damage|p2a: blossoms|76/100 brn|[from] brn
|upkeep
|turn|41
|
|t:|1729269283
|switch|p1a: Tyranitar|Tyranitar, F|27/100
|move|p2a: blossoms|Thunderbolt|p1a: Tyranitar
|-damage|p1a: Tyranitar|8/100
|
|-weather|Sandstorm|[upkeep]
|-damage|p2a: blossoms|69/100 brn|[from] Sandstorm
|-heal|p1a: Tyranitar|14/100|[from] item: Leftovers
|-heal|p2a: blossoms|76/100 brn|[from] item: Leftovers
|-damage|p2a: blossoms|63/100 brn|[from] brn
|upkeep
|turn|42
|
|t:|1729269299
|move|p1a: Tyranitar|Earthquake|p2a: blossoms
|-damage|p2a: blossoms|34/100 brn
|move|p2a: blossoms|Thunderbolt|p1a: Tyranitar
|-damage|p1a: Tyranitar|0 fnt
|faint|p1a: Tyranitar
|
|t:|1729269310
|switch|p1a: Moltres|Moltres|66/100
|
|-weather|Sandstorm|[upkeep]
|-damage|p1a: Moltres|59/100|[from] Sandstorm
|-damage|p2a: blossoms|28/100 brn|[from] Sandstorm
|-heal|p1a: Moltres|66/100|[from] item: Leftovers
|-heal|p2a: blossoms|34/100 brn|[from] item: Leftovers
|-damage|p2a: blossoms|21/100 brn|[from] brn
|upkeep
|turn|43
|
|t:|1729269327
|-curestatus|p2a: blossoms|brn|[from] ability: Natural Cure
|switch|p2a: ciffotar|Tyranitar, F|48/100
|move|p1a: Moltres|Fire Blast|p2a: ciffotar
|-resisted|p2a: ciffotar
|-damage|p2a: ciffotar|22/100
|
|-weather|Sandstorm|[upkeep]
|-damage|p1a: Moltres|59/100|[from] Sandstorm
|-heal|p1a: Moltres|66/100|[from] item: Leftovers
|-heal|p2a: ciffotar|28/100|[from] item: Leftovers
|upkeep
|turn|44
|
|t:|1729269339
|move|p1a: Moltres|Hidden Power|p2a: ciffotar
|-supereffective|p2a: ciffotar
|-damage|p2a: ciffotar|0 fnt
|faint|p2a: ciffotar
|
|t:|1729269351
|switch|p2a: exswamp|Swampert, F|88/100 tox
|
|-weather|Sandstorm|[upkeep]
|-damage|p1a: Moltres|59/100|[from] Sandstorm
|-heal|p1a: Moltres|66/100|[from] item: Leftovers
|-heal|p2a: exswamp|94/100 tox|[from] item: Leftovers
|-damage|p2a: exswamp|88/100 tox|[from] psn
|upkeep
|turn|45
|
|t:|1729269357
|move|p1a: Moltres|Protect|p1a: Moltres
|-singleturn|p1a: Moltres|Protect
|move|p2a: exswamp|Surf|p1a: Moltres
|-activate|p1a: Moltres|Protect
|
|-weather|Sandstorm|[upkeep]
|-damage|p1a: Moltres|59/100|[from] Sandstorm
|-heal|p1a: Moltres|66/100|[from] item: Leftovers
|-heal|p2a: exswamp|94/100 tox|[from] item: Leftovers
|-damage|p2a: exswamp|82/100 tox|[from] psn
|upkeep
|turn|46
|
|t:|1729269377
|switch|p1a: Jirachi|Jirachi|100/100 frz
|move|p2a: exswamp|Surf|p1a: Jirachi
|-damage|p1a: Jirachi|81/100 frz
|
|-weather|Sandstorm|[upkeep]
|-heal|p1a: Jirachi|87/100 frz|[from] item: Leftovers
|-heal|p2a: exswamp|88/100 tox|[from] item: Leftovers
|-damage|p2a: exswamp|69/100 tox|[from] psn
|upkeep
|turn|47
|
|t:|1729269383
|switch|p1a: Moltres|Moltres|66/100
|switch|p2a: blossoms|Blissey, F|21/100
|
|-weather|Sandstorm|[upkeep]
|-damage|p1a: Moltres|59/100|[from] Sandstorm
|-damage|p2a: blossoms|15/100|[from] Sandstorm
|-heal|p1a: Moltres|66/100|[from] item: Leftovers
|-heal|p2a: blossoms|21/100|[from] item: Leftovers
|upkeep
|turn|48
|
|t:|1729269394
|switch|p2a: exswamp|Swampert, F|69/100 tox
|move|p1a: Moltres|Fire Blast|p2a: exswamp
|-resisted|p2a: exswamp
|-damage|p2a: exswamp|43/100 tox
|
|-weather|Sandstorm|[upkeep]
|-damage|p1a: Moltres|59/100|[from] Sandstorm
|-heal|p1a: Moltres|66/100|[from] item: Leftovers
|-heal|p2a: exswamp|49/100 tox|[from] item: Leftovers
|-damage|p2a: exswamp|43/100 tox|[from] psn
|upkeep
|turn|49
|
|t:|1729269404
|switch|p2a: forze|Forretress, M|35/100
|move|p1a: Moltres|Hidden Power|p2a: forze
|-resisted|p2a: forze
|-damage|p2a: forze|30/100
|
|-weather|Sandstorm|[upkeep]
|-damage|p1a: Moltres|59/100|[from] Sandstorm
|-heal|p1a: Moltres|66/100|[from] item: Leftovers
|-heal|p2a: forze|37/100|[from] item: Leftovers
|upkeep
|turn|50
|
|t:|1729269421
|switch|p2a: exswamp|Swampert, F|43/100 tox
|move|p1a: Moltres|Will-O-Wisp||[still]
|-fail|p1a: Moltres
|
|-weather|Sandstorm|[upkeep]
|-damage|p1a: Moltres|59/100|[from] Sandstorm
|-heal|p1a: Moltres|66/100|[from] item: Leftovers
|-heal|p2a: exswamp|49/100 tox|[from] item: Leftovers
|-damage|p2a: exswamp|43/100 tox|[from] psn
|upkeep
|turn|51
|
|t:|1729269432
|switch|p2a: ratchu|Jirachi|100/100
|move|p1a: Moltres|Hidden Power|p2a: ratchu
|-resisted|p2a: ratchu
|-damage|p2a: ratchu|90/100
|
|-weather|Sandstorm|[upkeep]
|-damage|p1a: Moltres|59/100|[from] Sandstorm
|-heal|p1a: Moltres|66/100|[from] item: Leftovers
|-heal|p2a: ratchu|96/100|[from] item: Leftovers
|upkeep
|turn|52
|
|t:|1729269439
|move|p2a: ratchu|Protect|p2a: ratchu
|-singleturn|p2a: ratchu|Protect
|move|p1a: Moltres|Will-O-Wisp|p2a: ratchu|[miss]
|-miss|p1a: Moltres|p2a: ratchu
|
|-weather|Sandstorm|[upkeep]
|-damage|p1a: Moltres|59/100|[from] Sandstorm
|-heal|p1a: Moltres|66/100|[from] item: Leftovers
|-heal|p2a: ratchu|100/100|[from] item: Leftovers
|upkeep
|turn|53
|
|t:|1729269449
|move|p1a: Moltres|Will-O-Wisp|p2a: ratchu|[miss]
|-miss|p1a: Moltres|p2a: ratchu
|move|p2a: ratchu|Wish|p2a: ratchu
|
|-weather|Sandstorm|[upkeep]
|-damage|p1a: Moltres|59/100|[from] Sandstorm
|-heal|p1a: Moltres|66/100|[from] item: Leftovers
|upkeep
|turn|54
|
|t:|1729269455
|switch|p2a: exswamp|Swampert, F|43/100 tox
|move|p1a: Moltres|Fire Blast|p2a: exswamp
|-resisted|p2a: exswamp
|-damage|p2a: exswamp|14/100 tox
|
|-heal|p2a: exswamp|64/100 tox|[from] move: Wish|[wisher] ratchu
|-weather|Sandstorm|[upkeep]
|-damage|p1a: Moltres|59/100|[from] Sandstorm
|-heal|p1a: Moltres|66/100|[from] item: Leftovers
|-heal|p2a: exswamp|71/100 tox|[from] item: Leftovers
|-damage|p2a: exswamp|64/100 tox|[from] psn
|upkeep
|turn|55
|
|t:|1729269464
|switch|p2a: forze|Forretress, M|37/100
|move|p1a: Moltres|Hidden Power|p2a: forze
|-resisted|p2a: forze
|-damage|p2a: forze|32/100
|
|-weather|Sandstorm|[upkeep]
|-damage|p1a: Moltres|59/100|[from] Sandstorm
|-heal|p1a: Moltres|66/100|[from] item: Leftovers
|-heal|p2a: forze|38/100|[from] item: Leftovers
|upkeep
|turn|56
|
|t:|1729269473
|switch|p2a: blossoms|Blissey, F|21/100
|move|p1a: Moltres|Will-O-Wisp|p2a: blossoms|[miss]
|-miss|p1a: Moltres|p2a: blossoms
|
|-weather|Sandstorm|[upkeep]
|-damage|p1a: Moltres|59/100|[from] Sandstorm
|-damage|p2a: blossoms|15/100|[from] Sandstorm
|-heal|p1a: Moltres|66/100|[from] item: Leftovers
|-heal|p2a: blossoms|21/100|[from] item: Leftovers
|upkeep
|turn|57
|
|t:|1729269478
|move|p1a: Moltres|Will-O-Wisp|p2a: blossoms|[miss]
|-miss|p1a: Moltres|p2a: blossoms
|move|p2a: blossoms|Soft-Boiled|p2a: blossoms
|-heal|p2a: blossoms|71/100
|
|-weather|Sandstorm|[upkeep]
|-damage|p1a: Moltres|59/100|[from] Sandstorm
|-damage|p2a: blossoms|65/100|[from] Sandstorm
|-heal|p1a: Moltres|66/100|[from] item: Leftovers
|-heal|p2a: blossoms|71/100|[from] item: Leftovers
|upkeep
|turn|58
|c|☆ccczzx|again with the status mves
|c|☆ccczzx|moves*
|c|☆ccczzx|this ones didnt matter as much tho, natural cure
|c|☆Dhrabb|It did I think
|inactive|ccczzx has 270 seconds left.
|c|☆Dhrabb|It put you into range of hp grass
|
|t:|1729269517
|switch|p1a: Jirachi|Jirachi|87/100 frz
|switch|p2a: ratchu|Jirachi|100/100
|
|-weather|Sandstorm|[upkeep]
|-heal|p1a: Jirachi|93/100 frz|[from] item: Leftovers
|upkeep
|turn|59
|inactive|ccczzx has 270 seconds left.
|
|t:|1729269531
|move|p2a: ratchu|Fire Punch|p1a: Jirachi
|-supereffective|p1a: Jirachi
|-damage|p1a: Jirachi|67/100 frz
|-curestatus|p1a: Jirachi|frz|[msg]
|move|p1a: Jirachi|Fire Punch|p2a: ratchu
|-supereffective|p2a: ratchu
|-crit|p2a: ratchu
|-damage|p2a: ratchu|39/100
|
|-weather|Sandstorm|[upkeep]
|-heal|p2a: ratchu|45/100|[from] item: Leftovers
|-heal|p1a: Jirachi|73/100|[from] item: Leftovers
|upkeep
|turn|60
|inactive|ccczzx has 270 seconds left.
|c|☆ccczzx|there, to be nice
|c|☆Dhrabb|Lmao thanks
|c|☆Dhrabb|You really didn't have to
|c|☆ccczzx|its pokemon
|c|☆Dhrabb|True
|c|☆ccczzx|ya gotta be nice sometimes
|c|☆ccczzx|if i lose tho, im gonna be pissed
|inactive|ccczzx has 240 seconds left.
|
|t:|1729269568
|switch|p2a: blossoms|Blissey, F|71/100
|move|p1a: Jirachi|Wish|p1a: Jirachi
|
|-weather|Sandstorm|[upkeep]
|-damage|p2a: blossoms|65/100|[from] Sandstorm
|-heal|p1a: Jirachi|79/100|[from] item: Leftovers
|-heal|p2a: blossoms|71/100|[from] item: Leftovers
|upkeep
|turn|61
|
|t:|1729269578
|switch|p1a: Moltres|Moltres|66/100
|move|p2a: blossoms|Calm Mind|p2a: blossoms
|-boost|p2a: blossoms|spa|1
|-boost|p2a: blossoms|spd|1
|
|-heal|p1a: Moltres|100/100|[from] move: Wish|[wisher] Jirachi
|-weather|Sandstorm|[upkeep]
|-damage|p1a: Moltres|94/100|[from] Sandstorm
|-damage|p2a: blossoms|65/100|[from] Sandstorm
|-heal|p1a: Moltres|100/100|[from] item: Leftovers
|-heal|p2a: blossoms|71/100|[from] item: Leftovers
|upkeep
|turn|62
|inactive|ccczzx has 240 seconds left.
|
|t:|1729269595
|move|p1a: Moltres|Will-O-Wisp|p2a: blossoms
|-status|p2a: blossoms|brn
|move|p2a: blossoms|Thunderbolt|p1a: Moltres
|-supereffective|p1a: Moltres
|-damage|p1a: Moltres|15/100
|
|-weather|Sandstorm|[upkeep]
|-damage|p1a: Moltres|9/100|[from] Sandstorm
|-damage|p2a: blossoms|65/100 brn|[from] Sandstorm
|-heal|p1a: Moltres|15/100|[from] item: Leftovers
|-heal|p2a: blossoms|71/100 brn|[from] item: Leftovers
|-damage|p2a: blossoms|59/100 brn|[from] brn
|upkeep
|turn|63
|inactive|ccczzx has 240 seconds left.
|
|t:|1729269605
|switch|p1a: Jirachi|Jirachi|79/100
|move|p2a: blossoms|Soft-Boiled|p2a: blossoms
|-heal|p2a: blossoms|100/100 brn
|
|-weather|Sandstorm|[upkeep]
|-damage|p2a: blossoms|94/100 brn|[from] Sandstorm
|-heal|p1a: Jirachi|85/100|[from] item: Leftovers
|-heal|p2a: blossoms|100/100 brn|[from] item: Leftovers
|-damage|p2a: blossoms|88/100 brn|[from] brn
|upkeep
|turn|64
|
|t:|1729269613
|move|p1a: Jirachi|Wish|p1a: Jirachi
|move|p2a: blossoms|Calm Mind|p2a: blossoms
|-boost|p2a: blossoms|spa|1
|-boost|p2a: blossoms|spd|1
|
|-weather|Sandstorm|[upkeep]
|-damage|p2a: blossoms|82/100 brn|[from] Sandstorm
|-heal|p1a: Jirachi|92/100|[from] item: Leftovers
|-heal|p2a: blossoms|88/100 brn|[from] item: Leftovers
|-damage|p2a: blossoms|76/100 brn|[from] brn
|upkeep
|turn|65
|
|t:|1729269620
|move|p1a: Jirachi|Body Slam|p2a: blossoms
|-damage|p2a: blossoms|55/100 brn
|move|p2a: blossoms|Thunderbolt|p1a: Jirachi
|-damage|p1a: Jirachi|59/100
|-status|p1a: Jirachi|par
|
|-heal|p1a: Jirachi|100/100 par|[from] move: Wish|[wisher] Jirachi
|-weather|Sandstorm|[upkeep]
|-damage|p2a: blossoms|49/100 brn|[from] Sandstorm
|-heal|p2a: blossoms|55/100 brn|[from] item: Leftovers
|-damage|p2a: blossoms|43/100 brn|[from] brn
|upkeep
|turn|66
|
|t:|1729269629
|move|p2a: blossoms|Soft-Boiled|p2a: blossoms
|-heal|p2a: blossoms|93/100 brn
|move|p1a: Jirachi|Wish|p1a: Jirachi
|
|-weather|Sandstorm|[upkeep]
|-damage|p2a: blossoms|87/100 brn|[from] Sandstorm
|-heal|p2a: blossoms|93/100 brn|[from] item: Leftovers
|-damage|p2a: blossoms|80/100 brn|[from] brn
|upkeep
|turn|67
|
|t:|1729269640
|move|p2a: blossoms|Ice Beam|p1a: Jirachi
|-resisted|p1a: Jirachi
|-damage|p1a: Jirachi|83/100 par
|move|p1a: Jirachi|Body Slam|p2a: blossoms
|-damage|p2a: blossoms|60/100 brn
|
|-heal|p1a: Jirachi|100/100 par|[from] move: Wish|[wisher] Jirachi
|-weather|Sandstorm|[upkeep]
|-damage|p2a: blossoms|54/100 brn|[from] Sandstorm
|-heal|p2a: blossoms|60/100 brn|[from] item: Leftovers
|-damage|p2a: blossoms|48/100 brn|[from] brn
|upkeep
|turn|68
|
|t:|1729269648
|move|p2a: blossoms|Soft-Boiled|p2a: blossoms
|-heal|p2a: blossoms|98/100 brn
|move|p1a: Jirachi|Wish|p1a: Jirachi
|
|-weather|Sandstorm|[upkeep]
|-damage|p2a: blossoms|92/100 brn|[from] Sandstorm
|-heal|p2a: blossoms|98/100 brn|[from] item: Leftovers
|-damage|p2a: blossoms|85/100 brn|[from] brn
|upkeep
|turn|69
|
|t:|1729269652
|-curestatus|p2a: blossoms|brn|[from] ability: Natural Cure
|switch|p2a: ratchu|Jirachi|45/100
|move|p1a: Jirachi|Body Slam|p2a: ratchu
|-resisted|p2a: ratchu
|-damage|p2a: ratchu|39/100
|-status|p2a: ratchu|par
|
|-weather|Sandstorm|[upkeep]
|-heal|p2a: ratchu|45/100 par|[from] item: Leftovers
|upkeep
|turn|70
|
|t:|1729269667
|switch|p2a: blossoms|Blissey, F|85/100
|move|p1a: Jirachi|Fire Punch|p2a: blossoms
|-crit|p2a: blossoms
|-damage|p2a: blossoms|71/100
|
|-weather|Sandstorm|[upkeep]
|-damage|p2a: blossoms|65/100|[from] Sandstorm
|-heal|p2a: blossoms|71/100|[from] item: Leftovers
|upkeep
|turn|71
|inactive|ccczzx has 270 seconds left.
|c|☆ccczzx|this is gonna be a pp stall
|
|t:|1729269697
|switch|p1a: Moltres|Moltres|15/100
|move|p2a: blossoms|Calm Mind|p2a: blossoms
|-boost|p2a: blossoms|spa|1
|-boost|p2a: blossoms|spd|1
|
|-weather|Sandstorm|[upkeep]
|-damage|p1a: Moltres|9/100|[from] Sandstorm
|-damage|p2a: blossoms|65/100|[from] Sandstorm
|-heal|p1a: Moltres|15/100|[from] item: Leftovers
|-heal|p2a: blossoms|71/100|[from] item: Leftovers
|upkeep
|turn|72
|
|t:|1729269719
|switch|p2a: ratchu|Jirachi|45/100 par
|move|p1a: Moltres|Protect||[still]
|-fail|p1a: Moltres
|
|-weather|Sandstorm|[upkeep]
|-damage|p1a: Moltres|9/100|[from] Sandstorm
|-heal|p1a: Moltres|15/100|[from] item: Leftovers
|-heal|p2a: ratchu|51/100 par|[from] item: Leftovers
|upkeep
|turn|73
|
|t:|1729269725
|switch|p1a: Jirachi|Jirachi|100/100 par
|move|p2a: ratchu|Wish|p2a: ratchu
|
|-weather|Sandstorm|[upkeep]
|-heal|p2a: ratchu|58/100 par|[from] item: Leftovers
|upkeep
|turn|74
|
|t:|1729269739
|switch|p2a: exswamp|Swampert, F|64/100 tox
|move|p1a: Jirachi|Fire Punch|p2a: exswamp
|-resisted|p2a: exswamp
|-damage|p2a: exswamp|57/100 tox
|
|-heal|p2a: exswamp|100/100 tox|[from] move: Wish|[wisher] ratchu
|-weather|Sandstorm|[upkeep]
|-damage|p2a: exswamp|94/100 tox|[from] psn
|upkeep
|turn|75
|
|t:|1729269747
|switch|p2a: blossoms|Blissey, F|71/100
|move|p1a: Jirachi|Wish|p1a: Jirachi
|
|-weather|Sandstorm|[upkeep]
|-damage|p2a: blossoms|65/100|[from] Sandstorm
|-heal|p2a: blossoms|71/100|[from] item: Leftovers
|upkeep
|turn|76
|
|t:|1729269754
|switch|p1a: Skarmory|Skarmory, F|65/100
|move|p2a: blossoms|Thunderbolt|p1a: Skarmory
|-supereffective|p1a: Skarmory
|-damage|p1a: Skarmory|15/100
|
|-heal|p1a: Skarmory|65/100|[from] move: Wish|[wisher] Jirachi
|-weather|Sandstorm|[upkeep]
|-damage|p2a: blossoms|65/100|[from] Sandstorm
|-heal|p1a: Skarmory|71/100|[from] item: Leftovers
|-heal|p2a: blossoms|71/100|[from] item: Leftovers
|upkeep
|turn|77
|inactive|ccczzx has 270 seconds left.
|
|t:|1729269767
|switch|p2a: forze|Forretress, M|38/100
|move|p1a: Skarmory|Spikes|p2a: forze
|-sidestart|p2: ccczzx|Spikes
|
|-weather|Sandstorm|[upkeep]
|-heal|p1a: Skarmory|77/100|[from] item: Leftovers
|-heal|p2a: forze|44/100|[from] item: Leftovers
|upkeep
|turn|78
|inactive|ccczzx has 270 seconds left.
|
|t:|1729269775
|switch|p1a: Jirachi|Jirachi|100/100 par
|move|p2a: forze|Rapid Spin|p1a: Jirachi
|-resisted|p1a: Jirachi
|-damage|p1a: Jirachi|99/100 par
|-sideend|p2: ccczzx|Spikes|[from] move: Rapid Spin|[of] p2a: forze
|
|-weather|Sandstorm|[upkeep]
|-heal|p2a: forze|50/100|[from] item: Leftovers
|-heal|p1a: Jirachi|100/100 par|[from] item: Leftovers
|upkeep
|turn|79
|
|t:|1729269784
|switch|p2a: blossoms|Blissey, F|71/100
|switch|p1a: Skarmory|Skarmory, F|77/100
|
|-weather|Sandstorm|[upkeep]
|-damage|p2a: blossoms|65/100|[from] Sandstorm
|-heal|p1a: Skarmory|83/100|[from] item: Leftovers
|-heal|p2a: blossoms|71/100|[from] item: Leftovers
|upkeep
|turn|80
|
|t:|1729269790
|move|p1a: Skarmory|Spikes|p2a: blossoms
|-sidestart|p2: ccczzx|Spikes
|move|p2a: blossoms|Thunderbolt|p1a: Skarmory
|-supereffective|p1a: Skarmory
|-damage|p1a: Skarmory|37/100
|
|-weather|Sandstorm|[upkeep]
|-damage|p2a: blossoms|65/100|[from] Sandstorm
|-heal|p1a: Skarmory|43/100|[from] item: Leftovers
|-heal|p2a: blossoms|71/100|[from] item: Leftovers
|upkeep
|turn|81
|
|t:|1729269797
|move|p1a: Skarmory|Toxic|p2a: blossoms
|-status|p2a: blossoms|tox
|move|p2a: blossoms|Thunderbolt|p1a: Skarmory
|-supereffective|p1a: Skarmory
|-damage|p1a: Skarmory|0 fnt
|faint|p1a: Skarmory
|
|t:|1729269802
|switch|p1a: Jirachi|Jirachi|100/100 par
|
|-weather|Sandstorm|[upkeep]
|-damage|p2a: blossoms|65/100 tox|[from] Sandstorm
|-heal|p2a: blossoms|71/100 tox|[from] item: Leftovers
|-damage|p2a: blossoms|65/100 tox|[from] psn
|upkeep
|turn|82
|
|t:|1729269810
|-curestatus|p2a: blossoms|tox|[from] ability: Natural Cure
|switch|p2a: exswamp|Swampert, F|94/100 tox
|-damage|p2a: exswamp|82/100 tox|[from] Spikes
|switch|p1a: Moltres|Moltres|15/100
|
|-weather|Sandstorm|[upkeep]
|-damage|p1a: Moltres|9/100|[from] Sandstorm
|-heal|p1a: Moltres|15/100|[from] item: Leftovers
|-heal|p2a: exswamp|88/100 tox|[from] item: Leftovers
|-damage|p2a: exswamp|82/100 tox|[from] psn
|upkeep
|turn|83
|
|t:|1729269822
|switch|p1a: Jirachi|Jirachi|100/100 par
|switch|p2a: blossoms|Blissey, F|65/100
|-damage|p2a: blossoms|53/100|[from] Spikes
|
|-weather|Sandstorm|[upkeep]
|-damage|p2a: blossoms|46/100|[from] Sandstorm
|-heal|p2a: blossoms|53/100|[from] item: Leftovers
|upkeep
|turn|84
|
|t:|1729269829
|move|p2a: blossoms|Soft-Boiled|p2a: blossoms
|-heal|p2a: blossoms|100/100
|move|p1a: Jirachi|Fire Punch|p2a: blossoms
|-damage|p2a: blossoms|93/100
|
|-weather|Sandstorm|[upkeep]
|-damage|p2a: blossoms|87/100|[from] Sandstorm
|-heal|p2a: blossoms|93/100|[from] item: Leftovers
|upkeep
|turn|85
|c|☆ccczzx|youre making good plays
|
|t:|1729269844
|switch|p2a: exswamp|Swampert, F|82/100 tox
|-damage|p2a: exswamp|69/100 tox|[from] Spikes
|cant|p1a: Jirachi|par
|
|-weather|Sandstorm|[upkeep]
|-heal|p2a: exswamp|76/100 tox|[from] item: Leftovers
|-damage|p2a: exswamp|69/100 tox|[from] psn
|upkeep
|turn|86
|c|☆Dhrabb|Whatever to stay in the game ig lol
|
|t:|1729269854
|move|p2a: exswamp|Earthquake|p1a: Jirachi
|-supereffective|p1a: Jirachi
|-damage|p1a: Jirachi|46/100 par
|move|p1a: Jirachi|Wish|p1a: Jirachi
|
|-weather|Sandstorm|[upkeep]
|-heal|p2a: exswamp|76/100 tox|[from] item: Leftovers
|-damage|p2a: exswamp|63/100 tox|[from] psn
|-heal|p1a: Jirachi|52/100 par|[from] item: Leftovers
|upkeep
|turn|87
|
|t:|1729269861
|switch|p2a: forze|Forretress, M|50/100
|-damage|p2a: forze|38/100|[from] Spikes
|cant|p1a: Jirachi|par
|
|-heal|p1a: Jirachi|100/100 par|[from] move: Wish|[wisher] Jirachi
|-weather|Sandstorm|[upkeep]
|-heal|p2a: forze|44/100|[from] item: Leftovers
|upkeep
|turn|88
|
|t:|1729269869
|move|p2a: forze|Rapid Spin|p1a: Jirachi
|-resisted|p1a: Jirachi
|-damage|p1a: Jirachi|99/100 par
|-sideend|p2: ccczzx|Spikes|[from] move: Rapid Spin|[of] p2a: forze
|move|p1a: Jirachi|Fire Punch|p2a: forze
|-supereffective|p2a: forze
|-damage|p2a: forze|0 fnt
|faint|p2a: forze
|
|t:|1729269881
|switch|p2a: blossoms|Blissey, F|93/100
|
|-weather|Sandstorm|[upkeep]
|-damage|p2a: blossoms|87/100|[from] Sandstorm
|-heal|p2a: blossoms|93/100|[from] item: Leftovers
|-heal|p1a: Jirachi|100/100 par|[from] item: Leftovers
|upkeep
|turn|89
|
|t:|1729269886
|move|p2a: blossoms|Calm Mind|p2a: blossoms
|-boost|p2a: blossoms|spa|1
|-boost|p2a: blossoms|spd|1
|move|p1a: Jirachi|Wish|p1a: Jirachi
|
|-weather|Sandstorm|[upkeep]
|-damage|p2a: blossoms|87/100|[from] Sandstorm
|-heal|p2a: blossoms|93/100|[from] item: Leftovers
|upkeep
|turn|90
|
|t:|1729269895
|move|p2a: blossoms|Ice Beam|p1a: Jirachi
|-resisted|p1a: Jirachi
|-damage|p1a: Jirachi|87/100 par
|move|p1a: Jirachi|Fire Punch|p2a: blossoms
|-damage|p2a: blossoms|89/100
|
|-heal|p1a: Jirachi|100/100 par|[from] move: Wish|[wisher] Jirachi
|-weather|Sandstorm|[upkeep]
|-damage|p2a: blossoms|82/100|[from] Sandstorm
|-heal|p2a: blossoms|89/100|[from] item: Leftovers
|upkeep
|turn|91
|
|t:|1729269903
|move|p2a: blossoms|Calm Mind|p2a: blossoms
|-boost|p2a: blossoms|spa|1
|-boost|p2a: blossoms|spd|1
|cant|p1a: Jirachi|par
|
|-weather|Sandstorm|[upkeep]
|-damage|p2a: blossoms|82/100|[from] Sandstorm
|-heal|p2a: blossoms|89/100|[from] item: Leftovers
|upkeep
|turn|92
|
|t:|1729269909
|move|p2a: blossoms|Calm Mind|p2a: blossoms
|-boost|p2a: blossoms|spa|1
|-boost|p2a: blossoms|spd|1
|move|p1a: Jirachi|Wish|p1a: Jirachi
|
|-weather|Sandstorm|[upkeep]
|-damage|p2a: blossoms|82/100|[from] Sandstorm
|-heal|p2a: blossoms|89/100|[from] item: Leftovers
|upkeep
|turn|93
|
|t:|1729269912
|move|p2a: blossoms|Calm Mind|p2a: blossoms
|-boost|p2a: blossoms|spa|1
|-boost|p2a: blossoms|spd|1
|move|p1a: Jirachi|Fire Punch|p2a: blossoms
|-damage|p2a: blossoms|86/100
|
|-weather|Sandstorm|[upkeep]
|-damage|p2a: blossoms|80/100|[from] Sandstorm
|-heal|p2a: blossoms|86/100|[from] item: Leftovers
|upkeep
|turn|94
|
|t:|1729269920
|move|p2a: blossoms|Calm Mind|p2a: blossoms
|-boost|p2a: blossoms|spa|1
|-boost|p2a: blossoms|spd|1
|move|p1a: Jirachi|Wish|p1a: Jirachi
|
|-weather|Sandstorm|[upkeep]
|-damage|p2a: blossoms|80/100|[from] Sandstorm
|-heal|p2a: blossoms|86/100|[from] item: Leftovers
|upkeep
|turn|95
|
|t:|1729269925
|move|p2a: blossoms|Calm Mind|p2a: blossoms
|-boost|p2a: blossoms|spa|1
|-boost|p2a: blossoms|spd|1
|move|p1a: Jirachi|Fire Punch|p2a: blossoms
|-damage|p2a: blossoms|84/100
|
|-weather|Sandstorm|[upkeep]
|-damage|p2a: blossoms|78/100|[from] Sandstorm
|-heal|p2a: blossoms|84/100|[from] item: Leftovers
|upkeep
|turn|96
|
|t:|1729269929
|move|p2a: blossoms|Thunderbolt|p1a: Jirachi
|-crit|p1a: Jirachi
|-damage|p1a: Jirachi|0 fnt
|faint|p1a: Jirachi
|
|t:|1729269932
|switch|p1a: Flygon|Flygon, F|82/100 brn
|
|-weather|Sandstorm|[upkeep]
|-damage|p2a: blossoms|78/100|[from] Sandstorm
|-heal|p1a: Flygon|88/100 brn|[from] item: Leftovers
|-damage|p1a: Flygon|75/100 brn|[from] brn
|-heal|p2a: blossoms|84/100|[from] item: Leftovers
|upkeep
|turn|97
|c|☆Dhrabb|gg
|c|☆ccczzx|gg
|c|☆ccczzx|wp
|
|t:|1729269940
|move|p1a: Flygon|Toxic|p2a: blossoms
|-status|p2a: blossoms|tox
|move|p2a: blossoms|Ice Beam|p1a: Flygon
|-supereffective|p1a: Flygon
|-damage|p1a: Flygon|0 fnt
|faint|p1a: Flygon
|c|☆Dhrabb|ty u2
|
|t:|1729269944
|switch|p1a: Moltres|Moltres|15/100
|
|-weather|Sandstorm|[upkeep]
|-damage|p1a: Moltres|9/100|[from] Sandstorm
|-damage|p2a: blossoms|78/100 tox|[from] Sandstorm
|-heal|p1a: Moltres|15/100|[from] item: Leftovers
|-heal|p2a: blossoms|84/100 tox|[from] item: Leftovers
|-damage|p2a: blossoms|78/100 tox|[from] psn
|upkeep
|turn|98
|
|t:|1729269947
|move|p1a: Moltres|Protect|p1a: Moltres
|-singleturn|p1a: Moltres|Protect
|move|p2a: blossoms|Thunderbolt|p1a: Moltres
|-activate|p1a: Moltres|Protect
|
|-weather|Sandstorm|[upkeep]
|-damage|p1a: Moltres|9/100|[from] Sandstorm
|-damage|p2a: blossoms|72/100 tox|[from] Sandstorm
|-heal|p1a: Moltres|15/100|[from] item: Leftovers
|-heal|p2a: blossoms|78/100 tox|[from] item: Leftovers
|-damage|p2a: blossoms|66/100 tox|[from] psn
|upkeep
|turn|99
|
|t:|1729269951
|move|p1a: Moltres|Hidden Power|p2a: blossoms
|-crit|p2a: blossoms
|-damage|p2a: blossoms|47/100 tox
|move|p2a: blossoms|Thunderbolt|p1a: Moltres
|-supereffective|p1a: Moltres
|-damage|p1a: Moltres|0 fnt
|faint|p1a: Moltres
|
|win|ccczzx
|player|p1|

</script>
<script type="application/json" class="data" id="replaydata-smogtours-gen3ou-799546">
{"id":"smogtours-gen3ou-799546","format":"[Gen 3] OU","players":["Dhrabb","ccczzx"],"uploadtime":1729269951,"views":90,"formatid":"gen3ou","rating":null,"private":0,"password":null}
</script>

<script defer src="js/replays.js?9d40a366"></script>
