<!DOCTYPE html>
<meta charset="utf-8" />
<meta name="viewport" content="width=device-width" />

<title>[Gen 3] OU: Ivoire vs. luisin - Replays - Pok&eacute;mon Showdown!</title>

<meta name="description" content="Watch a replay of a Pok&eacute;mon battle between Ivoire and luisin! Format: [Gen 3] OU; Date: Nov 3, 2024" />
<!--

Hey, you! Looking in the source for the replay log?

You can find them in JSON format, just add `.json` at the end of a replay URL.

https://replay.pokemonshowdown.com/gen7randomdoublesbattle-865046831.json

Or, if you only need the log itself, add `.log` instead:

https://replay.pokemonshowdown.com/gen7randomdoublesbattle-865046831.log

-->

<link rel="stylesheet" href="//pokemonshowdown.com/style/global.css?0.023195364461161105" />
<link rel="stylesheet" href="//play.pokemonshowdown.com/style/font-awesome.css?0.13261647063804238" />
<link rel="stylesheet" href="//play.pokemonshowdown.com/style/battle.css?0.8753245789963631" />
<link rel="stylesheet" href="//play.pokemonshowdown.com/style/utilichart.css?0.8627959624976733" />

<!-- Global site tag (gtag.js) - Google Analytics -->
<script async src="https://www.googletagmanager.com/gtag/js?id=UA-26211653-1"></script>
<script>
  window.dataLayer = window.dataLayer || [];
  function gtag(){dataLayer.push(arguments);}
  gtag('js', new Date());

  gtag('config', 'UA-26211653-1');
</script>
<!-- End Google Analytics -->
<!-- Venatus Ad Manager - Install in <HEAD> of page -->
	<script src="https://hb.vntsm.com/v3/live/ad-manager.min.js" type="text/javascript" data-site-id="642aba63ec9a7b11c3c9c1be" data-mode="scan" async></script>
<!-- / Venatus Ad Manager -->

<style>
	@media (max-width:820px) {
		.battle {
			margin: 0 auto;
		}
		.battle-log {
			margin: 7px auto 0;
			max-width: 640px;
			height: 300px;
			position: static;
		}
	}
	.optgroup {
		display: inline-block;
		line-height: 22px;
		font-size: 10pt;
	}
	.optgroup .button {
		height: 25px;
		padding-top: 0;
		padding-bottom: 0;
	}
	.optgroup button.button {
		padding-left: 12px;
		padding-right: 12px;
	}
	.linklist {
		list-style: none;
		margin: 0.5em 0;
		padding: 0;
	}
	.linklist li {
		padding: 2px 0;
	}
	.sidebar {
		float: left;
		width: 320px;
	}
	.bar-wrapper {
		max-width: 1100px;
		margin: 0 auto;
	}
	.bar-wrapper.has-sidebar {
		max-width: 1430px;
	}
	.mainbar {
		margin: 0;
		padding-right: 1px;
	}
	.mainbar.has-sidebar {
		margin-left: 330px;
	}
	@media (min-width: 1511px) {
		.sidebar {
			width: 400px;
		}
		.bar-wrapper.has-sidebar {
			max-width: 1510px;
		}
		.mainbar.has-sidebar {
			margin-left: 410px;
		}
	}
	.section.first-section {
		margin-top: 9px;
	}
	.blocklink small {
		white-space: normal;
	}
	.button {
		vertical-align: middle;
	}
	.replay-controls {
		padding-top: 10px;
	}
	.replay-controls h1 {
		font-size: 16pt;
		font-weight: normal;
		color: #CCC;
	}
	.pagelink {
		text-align: center;
	}
	.pagelink a {
		width: 150px;
	}
	.textbox, .button {
		font-size: 11pt;
		vertical-align: middle;
	}
	@media (max-width: 450px) {
		.button {
			font-size: 9pt;
		}
	}
</style>

<div>

	<header>
		<div class="nav-wrapper"><ul class="nav">
			<li><a class="button nav-first" href="//pokemonshowdown.com/"><img src="//pokemonshowdown.com/images/pokemonshowdownbeta.png" srcset="//pokemonshowdown.com/images/pokemonshowdownbeta.png 1x, //pokemonshowdown.com/images/pokemonshowdownbeta@2x.png 2x" alt="Pok&eacute;mon Showdown" width="146" height="44" /> Home</a></li>
			<li><a class="button" href="//pokemonshowdown.com/dex/">Pok&eacute;dex</a></li>
			<li><a class="button cur" href="/">Replays</a></li>
			<li><a class="button" href="//pokemonshowdown.com/ladder/">Ladder</a></li>
			<li><a class="button nav-last" href="//pokemonshowdown.com/forums/">Forum</a></li>
			<li><a class="button greenbutton nav-first nav-last" href="//play.pokemonshowdown.com/">Play</a></li>
		</ul></div>
	</header>

	<div class="main" id="main">

		<noscript><section class="section">You need to enable JavaScript to use this page; sorry!</section></noscript>

	</div>

</div>

<script defer nomodule src="//play.pokemonshowdown.com/js/lib/ps-polyfill.js"></script>
<script defer src="//play.pokemonshowdown.com/js/lib/preact.min.js"></script>

<script defer src="//play.pokemonshowdown.com/config/config.js?2bddbc15"></script>
<script defer src="//play.pokemonshowdown.com/js/lib/jquery-1.11.0.min.js"></script>
<script defer src="//play.pokemonshowdown.com/js/lib/html-sanitizer-minified.js"></script>
<script defer src="//play.pokemonshowdown.com/js/battle-sound.js"></script>
<script defer src="//play.pokemonshowdown.com/js/battledata.js?0.7209276989879541"></script>
<script defer src="//play.pokemonshowdown.com/data/pokedex-mini.js?0.6111056340867951"></script>
<script defer src="//play.pokemonshowdown.com/data/pokedex-mini-bw.js?0.3532142036491459"></script>
<script defer src="//play.pokemonshowdown.com/data/graphics.js?0.24223875632456182"></script>
<script defer src="//play.pokemonshowdown.com/data/pokedex.js?0.38839984266356864"></script>
<script defer src="//play.pokemonshowdown.com/data/moves.js?0.21866028504024015"></script>
<script defer src="//play.pokemonshowdown.com/data/abilities.js?0.2005157953846628"></script>
<script defer src="//play.pokemonshowdown.com/data/items.js?0.9894211263848525"></script>
<script defer src="//play.pokemonshowdown.com/data/teambuilder-tables.js?0.6008791140282215"></script>
<script defer src="//play.pokemonshowdown.com/js/battle-tooltips.js?0.7580118955022959"></script>
<script defer src="//play.pokemonshowdown.com/js/battle.js?0.6057722274234274"></script>

<script defer src="js/utils.js?e31f9a17"></script>
<script defer src="js/replays-battle.js?7008c182"></script>

<!-- don't scrape this data! just add .json or .log after the URL!
Full API docs: https://github.com/smogon/pokemon-showdown-client/blob/master/WEB-API.md -->
<script type="text/plain" class="log" id="replaylog-smogtours-gen3ou-804388">
|inactive|Battle timer is ON: inactive players will automatically lose when time's up.
|badge|p2|bronze|gen9doublesou|100-3
|uhtml|medal-msg|<div class="broadcast-blue">Curious what those medals under the avatar are? PS now has Ladder Seasons! For more information, check out the <a href="https://www.smogon.com/forums/threads/3740067/">thread on Smogon.<\/a><\/div>
|t:|1730651983
|gametype|singles
|player|p1|Ivoire|volkner-masters|
|player|p2|luisin|#luisin|
|teamsize|p1|6
|teamsize|p2|6
|gen|3
|tier|[Gen 3] OU
|rule|Sleep Clause Mod: Limit one foe put to sleep
|rule|Switch Priority Clause Mod: Faster Pokémon switch first
|rule|Species Clause: Limit one of each Pokémon
|rule|OHKO Clause: OHKO moves are banned
|rule|Evasion Items Clause: Evasion items are banned
|rule|Evasion Moves Clause: Evasion moves are banned
|rule|Endless Battle Clause: Forcing endless battles is banned
|rule|HP Percentage Mod: HP is shown in percentages
|rule|One Boost Passer Clause: Limit one Baton Passer that has a way to boost its stats
|rule|Freeze Clause Mod: Limit one foe frozen
|
|t:|1730651983
|start
|switch|p1a: Metagross|Metagross|100/100
|switch|p2a: killer queen|Salamence, F|100/100
|-ability|p2a: killer queen|Intimidate|boost
|-fail|p1a: Metagross|unboost|[from] ability: Clear Body|[of] p1a: Metagross
|turn|1
|c|☆Ivoire|hf 
|c|☆luisin|hf
|
|t:|1730651999
|switch|p2a: under pressure|Skarmory, M|100/100
|move|p1a: Metagross|Meteor Mash|p2a: under pressure|[miss]
|-miss|p1a: Metagross|p2a: under pressure
|
|upkeep
|turn|2
|
|t:|1730652006
|switch|p1a: Magneton|Magneton|100/100
|move|p2a: under pressure|Spikes|p1a: Magneton
|-sidestart|p1: Ivoire|Spikes
|
|upkeep
|turn|3
|
|t:|1730652008
|move|p1a: Magneton|Thunderbolt|p2a: under pressure
|-supereffective|p2a: under pressure
|-damage|p2a: under pressure|2/100
|-status|p2a: under pressure|par
|move|p2a: under pressure|Roar|p1a: Magneton
|drag|p1a: Celebi|Celebi|100/100
|-damage|p1a: Celebi|88/100|[from] Spikes
|
|-heal|p1a: Celebi|94/100|[from] item: Leftovers
|-heal|p2a: under pressure|8/100 par|[from] item: Leftovers
|upkeep
|turn|4
|
|t:|1730652016
|switch|p2a: somebody to love|Tyranitar, F|100/100
|-weather|Sandstorm|[from] ability: Sand Stream|[of] p2a: somebody to love
|move|p1a: Celebi|Psychic|p2a: somebody to love
|-immune|p2a: somebody to love
|
|-weather|Sandstorm|[upkeep]
|-damage|p1a: Celebi|88/100|[from] Sandstorm
|-heal|p1a: Celebi|94/100|[from] item: Leftovers
|upkeep
|turn|5
|
|t:|1730652021
|-activate|p1a: Celebi|move: Pursuit
|move|p2a: somebody to love|Pursuit|p1a: Celebi|[from]Pursuit
|-supereffective|p1a: Celebi
|-damage|p1a: Celebi|25/100
|switch|p1a: Magneton|Magneton|100/100
|-damage|p1a: Magneton|88/100|[from] Spikes
|
|-weather|Sandstorm|[upkeep]
|upkeep
|turn|6
|
|t:|1730652027
|move|p1a: Magneton|Thunder Wave|p2a: somebody to love
|-status|p2a: somebody to love|par
|move|p2a: somebody to love|Flamethrower|p1a: Magneton
|-supereffective|p1a: Magneton
|-crit|p1a: Magneton
|-damage|p1a: Magneton|0 fnt
|faint|p1a: Magneton
|
|t:|1730652032
|switch|p1a: Metagross|Metagross|100/100
|-damage|p1a: Metagross|88/100|[from] Spikes
|
|-weather|Sandstorm|[upkeep]
|upkeep
|turn|7
|
|t:|1730652039
|switch|p2a: dont stop me now|Starmie|100/100
|move|p1a: Metagross|Meteor Mash|p2a: dont stop me now|[miss]
|-miss|p1a: Metagross|p2a: dont stop me now
|
|-weather|Sandstorm|[upkeep]
|-damage|p2a: dont stop me now|94/100|[from] Sandstorm
|-heal|p2a: dont stop me now|100/100|[from] item: Leftovers
|upkeep
|turn|8
|
|t:|1730652043
|move|p2a: dont stop me now|Surf|p1a: Metagross
|-damage|p1a: Metagross|51/100
|move|p1a: Metagross|Meteor Mash|p2a: dont stop me now|[miss]
|-miss|p1a: Metagross|p2a: dont stop me now
|
|-weather|Sandstorm|[upkeep]
|-damage|p2a: dont stop me now|94/100|[from] Sandstorm
|-heal|p2a: dont stop me now|100/100|[from] item: Leftovers
|upkeep
|turn|9
|
|t:|1730652046
|switch|p1a: Snorlax|Snorlax, F|100/100
|-damage|p1a: Snorlax|88/100|[from] Spikes
|move|p2a: dont stop me now|Surf|p1a: Snorlax
|-damage|p1a: Snorlax|70/100
|
|-weather|Sandstorm|[upkeep]
|-damage|p2a: dont stop me now|94/100|[from] Sandstorm
|-damage|p1a: Snorlax|63/100|[from] Sandstorm
|-heal|p2a: dont stop me now|100/100|[from] item: Leftovers
|-heal|p1a: Snorlax|70/100|[from] item: Leftovers
|upkeep
|turn|10
|
|t:|1730652054
|switch|p2a: under pressure|Skarmory, M|8/100 par
|move|p1a: Snorlax|Body Slam|p2a: under pressure
|-resisted|p2a: under pressure
|-damage|p2a: under pressure|0 fnt
|faint|p2a: under pressure
|
|t:|1730652064
|switch|p2a: whoWants2Live4ever|Metagross|100/100
|
|-weather|Sandstorm|[upkeep]
|-damage|p1a: Snorlax|63/100|[from] Sandstorm
|-heal|p1a: Snorlax|70/100|[from] item: Leftovers
|upkeep
|turn|11
|
|t:|1730652069
|switch|p1a: Metagross|Metagross|51/100
|-damage|p1a: Metagross|39/100|[from] Spikes
|move|p2a: whoWants2Live4ever|Meteor Mash|p1a: Metagross
|-resisted|p1a: Metagross
|-damage|p1a: Metagross|17/100
|
|-weather|Sandstorm|[upkeep]
|upkeep
|turn|12
|
|t:|1730652078
|move|p2a: whoWants2Live4ever|Protect|p2a: whoWants2Live4ever
|-singleturn|p2a: whoWants2Live4ever|Protect
|move|p1a: Metagross|Explosion|p2a: whoWants2Live4ever
|-activate|p2a: whoWants2Live4ever|Protect
|faint|p1a: Metagross
|
|t:|1730652094
|switch|p1a: Regirock|Regirock|100/100
|-damage|p1a: Regirock|88/100|[from] Spikes
|
|-weather|Sandstorm|[upkeep]
|-heal|p1a: Regirock|94/100|[from] item: Leftovers
|upkeep
|turn|13
|
|t:|1730652103
|move|p2a: whoWants2Live4ever|Meteor Mash|p1a: Regirock|[miss]
|-miss|p2a: whoWants2Live4ever|p1a: Regirock
|move|p1a: Regirock|Thunder Wave|p2a: whoWants2Live4ever
|-status|p2a: whoWants2Live4ever|par
|
|-weather|Sandstorm|[upkeep]
|-heal|p1a: Regirock|99/100|[from] item: Leftovers
|upkeep
|turn|14
|
|t:|1730652110
|move|p1a: Regirock|Rock Slide|p2a: whoWants2Live4ever|[miss]
|-miss|p1a: Regirock|p2a: whoWants2Live4ever
|move|p2a: whoWants2Live4ever|Meteor Mash|p1a: Regirock
|-supereffective|p1a: Regirock
|-damage|p1a: Regirock|37/100
|
|-weather|Sandstorm|[upkeep]
|-heal|p1a: Regirock|43/100|[from] item: Leftovers
|upkeep
|turn|15
|
|t:|1730652113
|move|p1a: Regirock|Explosion|p2a: whoWants2Live4ever
|-resisted|p2a: whoWants2Live4ever
|-damage|p2a: whoWants2Live4ever|46/100 par
|faint|p1a: Regirock
|
|t:|1730652116
|switch|p1a: Snorlax|Snorlax, F|70/100
|-damage|p1a: Snorlax|57/100|[from] Spikes
|
|-weather|Sandstorm|[upkeep]
|-damage|p1a: Snorlax|51/100|[from] Sandstorm
|-heal|p1a: Snorlax|57/100|[from] item: Leftovers
|-heal|p2a: whoWants2Live4ever|52/100 par|[from] item: Leftovers
|upkeep
|turn|16
|
|t:|1730652120
|switch|p2a: dont stop me now|Starmie|100/100
|move|p1a: Snorlax|Earthquake|p2a: dont stop me now
|-damage|p2a: dont stop me now|68/100
|
|-weather|Sandstorm|[upkeep]
|-damage|p2a: dont stop me now|62/100|[from] Sandstorm
|-damage|p1a: Snorlax|51/100|[from] Sandstorm
|-heal|p2a: dont stop me now|68/100|[from] item: Leftovers
|-heal|p1a: Snorlax|57/100|[from] item: Leftovers
|upkeep
|turn|17
|
|t:|1730652122
|move|p2a: dont stop me now|Thunder Wave|p1a: Snorlax
|-status|p1a: Snorlax|par
|move|p1a: Snorlax|Shadow Ball|p2a: dont stop me now
|-supereffective|p2a: dont stop me now
|-damage|p2a: dont stop me now|8/100
|
|-weather|Sandstorm|[upkeep]
|-damage|p2a: dont stop me now|2/100|[from] Sandstorm
|-damage|p1a: Snorlax|51/100 par|[from] Sandstorm
|-heal|p2a: dont stop me now|8/100|[from] item: Leftovers
|-heal|p1a: Snorlax|57/100 par|[from] item: Leftovers
|upkeep
|turn|18
|
|t:|1730652126
|switch|p2a: whoWants2Live4ever|Metagross|52/100 par
|move|p1a: Snorlax|Shadow Ball|p2a: whoWants2Live4ever
|-damage|p2a: whoWants2Live4ever|34/100 par
|
|-weather|Sandstorm|[upkeep]
|-damage|p1a: Snorlax|51/100 par|[from] Sandstorm
|-heal|p2a: whoWants2Live4ever|40/100 par|[from] item: Leftovers
|-heal|p1a: Snorlax|57/100 par|[from] item: Leftovers
|upkeep
|turn|19
|
|t:|1730652129
|cant|p2a: whoWants2Live4ever|par
|cant|p1a: Snorlax|par
|
|-weather|Sandstorm|[upkeep]
|-damage|p1a: Snorlax|51/100 par|[from] Sandstorm
|-heal|p2a: whoWants2Live4ever|46/100 par|[from] item: Leftovers
|-heal|p1a: Snorlax|57/100 par|[from] item: Leftovers
|upkeep
|turn|20
|
|t:|1730652131
|move|p2a: whoWants2Live4ever|Explosion|p1a: Snorlax
|-damage|p1a: Snorlax|0 fnt
|faint|p2a: whoWants2Live4ever
|faint|p1a: Snorlax
|
|t:|1730652135
|switch|p2a: killer queen|Salamence, F|100/100
|switch|p1a: Slaking|Slaking, F|100/100
|-ability|p2a: killer queen|Intimidate|boost
|-unboost|p1a: Slaking|atk|1
|-damage|p1a: Slaking|88/100|[from] Spikes
|
|-weather|Sandstorm|[upkeep]
|-damage|p2a: killer queen|94/100|[from] Sandstorm
|-damage|p1a: Slaking|82/100|[from] Sandstorm
|-heal|p2a: killer queen|100/100|[from] item: Leftovers
|upkeep
|turn|21
|
|t:|1730652140
|switch|p2a: somebody to love|Tyranitar, F|100/100 par
|move|p1a: Slaking|Return|p2a: somebody to love
|-resisted|p2a: somebody to love
|-crit|p2a: somebody to love
|-damage|p2a: somebody to love|19/100 par
|
|-weather|Sandstorm|[upkeep]
|-damage|p1a: Slaking|76/100|[from] Sandstorm
|-heal|p2a: somebody to love|25/100 par|[from] item: Leftovers
|upkeep
|turn|22
|
|t:|1730652146
|cant|p1a: Slaking|ability: Truant
|cant|p2a: somebody to love|par
|
|-weather|Sandstorm|[upkeep]
|-damage|p1a: Slaking|70/100|[from] Sandstorm
|-heal|p2a: somebody to love|31/100 par|[from] item: Leftovers
|upkeep
|turn|23
|
|t:|1730652151
|move|p1a: Slaking|Return|p2a: somebody to love
|-resisted|p2a: somebody to love
|-damage|p2a: somebody to love|5/100 par
|cant|p2a: somebody to love|par
|
|-weather|Sandstorm|[upkeep]
|-damage|p1a: Slaking|64/100|[from] Sandstorm
|-heal|p2a: somebody to love|12/100 par|[from] item: Leftovers
|upkeep
|turn|24
|
|t:|1730652155
|cant|p1a: Slaking|ability: Truant
|move|p2a: somebody to love|Crunch|p1a: Slaking
|-damage|p1a: Slaking|25/100
|
|-weather|Sandstorm|[upkeep]
|-damage|p1a: Slaking|19/100|[from] Sandstorm
|-heal|p2a: somebody to love|18/100 par|[from] item: Leftovers
|upkeep
|turn|25
|
|t:|1730652161
|move|p1a: Slaking|Return|p2a: somebody to love
|-resisted|p2a: somebody to love
|-damage|p2a: somebody to love|0 fnt
|faint|p2a: somebody to love
|
|t:|1730652163
|switch|p2a: killer queen|Salamence, F|100/100
|-ability|p2a: killer queen|Intimidate|boost
|-unboost|p1a: Slaking|atk|1
|
|-weather|Sandstorm|[upkeep]
|-damage|p2a: killer queen|94/100|[from] Sandstorm
|-damage|p1a: Slaking|13/100|[from] Sandstorm
|-heal|p2a: killer queen|100/100|[from] item: Leftovers
|upkeep
|turn|26
|
|t:|1730652167
|move|p2a: killer queen|Dragon Claw|p1a: Slaking
|-damage|p1a: Slaking|0 fnt
|faint|p1a: Slaking
|
|t:|1730652168
|switch|p1a: Celebi|Celebi|25/100
|-damage|p1a: Celebi|13/100|[from] Spikes
|
|-weather|Sandstorm|[upkeep]
|-damage|p1a: Celebi|7/100|[from] Sandstorm
|-damage|p2a: killer queen|94/100|[from] Sandstorm
|-heal|p1a: Celebi|13/100|[from] item: Leftovers
|-heal|p2a: killer queen|100/100|[from] item: Leftovers
|upkeep
|turn|27
|
|t:|1730652176
|move|p1a: Celebi|Psychic|p2a: killer queen
|-damage|p2a: killer queen|53/100
|move|p2a: killer queen|Dragon Claw|p1a: Celebi
|-damage|p1a: Celebi|0 fnt
|faint|p1a: Celebi
|
|win|luisin

</script>
<script type="application/json" class="data" id="replaydata-smogtours-gen3ou-804388">
{"id":"smogtours-gen3ou-804388","format":"[Gen 3] OU","players":["Ivoire","luisin"],"uploadtime":1730652176,"views":37,"formatid":"gen3ou","rating":null,"private":1,"password":null}
</script>

<script defer src="js/replays.js?9d40a366"></script>
