<!DOCTYPE html>
<meta charset="utf-8" />
<meta name="viewport" content="width=device-width" />

<title>[Gen 3] OU: metwally vs. allmovingshadows - Replays - Pok&eacute;mon Showdown!</title>

<meta name="description" content="Watch a replay of a Pok&eacute;mon battle between metwally and allmovingshadows! Format: [Gen 3] OU; Date: Oct 20, 2024" />
<!--

Hey, you! Looking in the source for the replay log?

You can find them in JSON format, just add `.json` at the end of a replay URL.

https://replay.pokemonshowdown.com/gen7randomdoublesbattle-865046831.json

Or, if you only need the log itself, add `.log` instead:

https://replay.pokemonshowdown.com/gen7randomdoublesbattle-865046831.log

-->

<link rel="stylesheet" href="//pokemonshowdown.com/style/global.css?0.023195364461161105" />
<link rel="stylesheet" href="//play.pokemonshowdown.com/style/font-awesome.css?0.13261647063804238" />
<link rel="stylesheet" href="//play.pokemonshowdown.com/style/battle.css?0.8753245789963631" />
<link rel="stylesheet" href="//play.pokemonshowdown.com/style/utilichart.css?0.8627959624976733" />

<!-- Global site tag (gtag.js) - Google Analytics -->
<script async src="https://www.googletagmanager.com/gtag/js?id=UA-26211653-1"></script>
<script>
  window.dataLayer = window.dataLayer || [];
  function gtag(){dataLayer.push(arguments);}
  gtag('js', new Date());

  gtag('config', 'UA-26211653-1');
</script>
<!-- End Google Analytics -->
<!-- Venatus Ad Manager - Install in <HEAD> of page -->
	<script src="https://hb.vntsm.com/v3/live/ad-manager.min.js" type="text/javascript" data-site-id="642aba63ec9a7b11c3c9c1be" data-mode="scan" async></script>
<!-- / Venatus Ad Manager -->

<style>
	@media (max-width:820px) {
		.battle {
			margin: 0 auto;
		}
		.battle-log {
			margin: 7px auto 0;
			max-width: 640px;
			height: 300px;
			position: static;
		}
	}
	.optgroup {
		display: inline-block;
		line-height: 22px;
		font-size: 10pt;
	}
	.optgroup .button {
		height: 25px;
		padding-top: 0;
		padding-bottom: 0;
	}
	.optgroup button.button {
		padding-left: 12px;
		padding-right: 12px;
	}
	.linklist {
		list-style: none;
		margin: 0.5em 0;
		padding: 0;
	}
	.linklist li {
		padding: 2px 0;
	}
	.sidebar {
		float: left;
		width: 320px;
	}
	.bar-wrapper {
		max-width: 1100px;
		margin: 0 auto;
	}
	.bar-wrapper.has-sidebar {
		max-width: 1430px;
	}
	.mainbar {
		margin: 0;
		padding-right: 1px;
	}
	.mainbar.has-sidebar {
		margin-left: 330px;
	}
	@media (min-width: 1511px) {
		.sidebar {
			width: 400px;
		}
		.bar-wrapper.has-sidebar {
			max-width: 1510px;
		}
		.mainbar.has-sidebar {
			margin-left: 410px;
		}
	}
	.section.first-section {
		margin-top: 9px;
	}
	.blocklink small {
		white-space: normal;
	}
	.button {
		vertical-align: middle;
	}
	.replay-controls {
		padding-top: 10px;
	}
	.replay-controls h1 {
		font-size: 16pt;
		font-weight: normal;
		color: #CCC;
	}
	.pagelink {
		text-align: center;
	}
	.pagelink a {
		width: 150px;
	}
	.textbox, .button {
		font-size: 11pt;
		vertical-align: middle;
	}
	@media (max-width: 450px) {
		.button {
			font-size: 9pt;
		}
	}
</style>

<div>

	<header>
		<div class="nav-wrapper"><ul class="nav">
			<li><a class="button nav-first" href="//pokemonshowdown.com/"><img src="//pokemonshowdown.com/images/pokemonshowdownbeta.png" srcset="//pokemonshowdown.com/images/pokemonshowdownbeta.png 1x, //pokemonshowdown.com/images/pokemonshowdownbeta@2x.png 2x" alt="Pok&eacute;mon Showdown" width="146" height="44" /> Home</a></li>
			<li><a class="button" href="//pokemonshowdown.com/dex/">Pok&eacute;dex</a></li>
			<li><a class="button cur" href="/">Replays</a></li>
			<li><a class="button" href="//pokemonshowdown.com/ladder/">Ladder</a></li>
			<li><a class="button nav-last" href="//pokemonshowdown.com/forums/">Forum</a></li>
			<li><a class="button greenbutton nav-first nav-last" href="//play.pokemonshowdown.com/">Play</a></li>
		</ul></div>
	</header>

	<div class="main" id="main">

		<noscript><section class="section">You need to enable JavaScript to use this page; sorry!</section></noscript>

	</div>

</div>

<script defer nomodule src="//play.pokemonshowdown.com/js/lib/ps-polyfill.js"></script>
<script defer src="//play.pokemonshowdown.com/js/lib/preact.min.js"></script>

<script defer src="//play.pokemonshowdown.com/config/config.js?2bddbc15"></script>
<script defer src="//play.pokemonshowdown.com/js/lib/jquery-1.11.0.min.js"></script>
<script defer src="//play.pokemonshowdown.com/js/lib/html-sanitizer-minified.js"></script>
<script defer src="//play.pokemonshowdown.com/js/battle-sound.js"></script>
<script defer src="//play.pokemonshowdown.com/js/battledata.js?0.7209276989879541"></script>
<script defer src="//play.pokemonshowdown.com/data/pokedex-mini.js?0.6111056340867951"></script>
<script defer src="//play.pokemonshowdown.com/data/pokedex-mini-bw.js?0.3532142036491459"></script>
<script defer src="//play.pokemonshowdown.com/data/graphics.js?0.24223875632456182"></script>
<script defer src="//play.pokemonshowdown.com/data/pokedex.js?0.38839984266356864"></script>
<script defer src="//play.pokemonshowdown.com/data/moves.js?0.21866028504024015"></script>
<script defer src="//play.pokemonshowdown.com/data/abilities.js?0.2005157953846628"></script>
<script defer src="//play.pokemonshowdown.com/data/items.js?0.9894211263848525"></script>
<script defer src="//play.pokemonshowdown.com/data/teambuilder-tables.js?0.6008791140282215"></script>
<script defer src="//play.pokemonshowdown.com/js/battle-tooltips.js?0.7580118955022959"></script>
<script defer src="//play.pokemonshowdown.com/js/battle.js?0.6057722274234274"></script>

<script defer src="js/utils.js?e31f9a17"></script>
<script defer src="js/replays-battle.js?7008c182"></script>

<!-- don't scrape this data! just add .json or .log after the URL!
Full API docs: https://github.com/smogon/pokemon-showdown-client/blob/master/WEB-API.md -->
<script type="text/plain" class="log" id="replaylog-smogtours-gen3ou-800196">
|inactive|Battle timer is ON: inactive players will automatically lose when time's up.
|t:|1729384382
|gametype|singles
|player|p1|metwally|clown|
|player|p2|allmovingshadows|unknown|
|teamsize|p1|6
|teamsize|p2|6
|gen|3
|tier|[Gen 3] OU
|rule|Sleep Clause Mod: Limit one foe put to sleep
|rule|Switch Priority Clause Mod: Faster Pokémon switch first
|rule|Species Clause: Limit one of each Pokémon
|rule|OHKO Clause: OHKO moves are banned
|rule|Evasion Items Clause: Evasion items are banned
|rule|Evasion Moves Clause: Evasion moves are banned
|rule|Endless Battle Clause: Forcing endless battles is banned
|rule|HP Percentage Mod: HP is shown in percentages
|rule|One Boost Passer Clause: Limit one Baton Passer that has a way to boost its stats
|rule|Freeze Clause Mod: Limit one foe frozen
|
|t:|1729384382
|start
|switch|p1a: Alex|Skarmory, F|100/100
|switch|p2a: Tyranitar|Tyranitar, M|100/100
|-weather|Sandstorm|[from] ability: Sand Stream|[of] p2a: Tyranitar
|turn|1
|inactive|allmovingshadows has 270 seconds left.
|
|t:|1729384434
|move|p2a: Tyranitar|Rock Slide|p1a: Alex
|-damage|p1a: Alex|73/100
|move|p1a: Alex|Spikes|p2a: Tyranitar
|-sidestart|p2: allmovingshadows|Spikes
|
|-weather|Sandstorm|[upkeep]
|-heal|p1a: Alex|79/100|[from] item: Leftovers
|upkeep
|turn|2
|
|t:|1729384445
|switch|p2a: Zapdos|Zapdos|100/100
|move|p1a: Alex|Toxic|p2a: Zapdos
|-status|p2a: Zapdos|tox
|
|-weather|Sandstorm|[upkeep]
|-damage|p2a: Zapdos|94/100 tox|[from] Sandstorm
|-heal|p2a: Zapdos|100/100 tox|[from] item: Leftovers
|-damage|p2a: Zapdos|94/100 tox|[from] psn
|-heal|p1a: Alex|85/100|[from] item: Leftovers
|upkeep
|turn|3
|
|t:|1729384450
|move|p1a: Alex|Protect|p1a: Alex
|-singleturn|p1a: Alex|Protect
|move|p2a: Zapdos|Thunderbolt|p1a: Alex
|-activate|p1a: Alex|Protect
|
|-weather|Sandstorm|[upkeep]
|-damage|p2a: Zapdos|88/100 tox|[from] Sandstorm
|-heal|p2a: Zapdos|94/100 tox|[from] item: Leftovers
|-damage|p2a: Zapdos|82/100 tox|[from] psn
|-heal|p1a: Alex|91/100|[from] item: Leftovers
|upkeep
|turn|4
|
|t:|1729384476
|switch|p1a: Claydol|Claydol|100/100
|move|p2a: Zapdos|Hidden Power|p1a: Claydol
|-supereffective|p1a: Claydol
|-crit|p1a: Claydol
|-damage|p1a: Claydol|9/100
|
|-weather|Sandstorm|[upkeep]
|-damage|p2a: Zapdos|76/100 tox|[from] Sandstorm
|-heal|p2a: Zapdos|82/100 tox|[from] item: Leftovers
|-damage|p2a: Zapdos|64/100 tox|[from] psn
|-heal|p1a: Claydol|15/100|[from] item: Leftovers
|upkeep
|turn|5
|inactive|metwally has 270 seconds left.
|
|t:|1729384495
|switch|p2a: Skarmory|Skarmory, F|100/100
|switch|p1a: UNUNUNUN|Registeel|100/100
|
|-weather|Sandstorm|[upkeep]
|upkeep
|turn|6
|inactive|metwally has 270 seconds left.
|inactive|allmovingshadows has 270 seconds left.
|
|t:|1729384523
|switch|p1a: Claydol|Claydol|15/100
|move|p2a: Skarmory|Spikes|p1a: Claydol
|-sidestart|p1: metwally|Spikes
|
|-weather|Sandstorm|[upkeep]
|-heal|p1a: Claydol|21/100|[from] item: Leftovers
|upkeep
|turn|7
|
|t:|1729384532
|switch|p1a: Alex|Skarmory, F|91/100
|move|p2a: Skarmory|Toxic|p1a: Alex
|-immune|p1a: Alex
|
|-weather|Sandstorm|[upkeep]
|-heal|p1a: Alex|97/100|[from] item: Leftovers
|upkeep
|turn|8
|
|t:|1729384536
|switch|p2a: Blissey|Blissey, F|100/100
|-damage|p2a: Blissey|88/100|[from] Spikes
|move|p1a: Alex|Spikes|p2a: Blissey
|-sidestart|p2: allmovingshadows|Spikes
|
|-weather|Sandstorm|[upkeep]
|-damage|p2a: Blissey|82/100|[from] Sandstorm
|-heal|p1a: Alex|100/100|[from] item: Leftovers
|-heal|p2a: Blissey|88/100|[from] item: Leftovers
|upkeep
|turn|9
|
|t:|1729384544
|move|p1a: Alex|Toxic|p2a: Blissey
|-status|p2a: Blissey|tox
|move|p2a: Blissey|Ice Beam|p1a: Alex
|-crit|p1a: Alex
|-damage|p1a: Alex|54/100
|
|-weather|Sandstorm|[upkeep]
|-damage|p2a: Blissey|82/100 tox|[from] Sandstorm
|-heal|p1a: Alex|60/100|[from] item: Leftovers
|-heal|p2a: Blissey|88/100 tox|[from] item: Leftovers
|-damage|p2a: Blissey|82/100 tox|[from] psn
|upkeep
|turn|10
|
|t:|1729384552
|-curestatus|p2a: Blissey|tox|[from] ability: Natural Cure
|switch|p2a: Skarmory|Skarmory, F|100/100
|move|p1a: Alex|Spikes|p2a: Skarmory
|-sidestart|p2: allmovingshadows|Spikes
|
|-weather|Sandstorm|[upkeep]
|-heal|p1a: Alex|66/100|[from] item: Leftovers
|upkeep
|turn|11
|
|t:|1729384558
|move|p2a: Skarmory|Spikes|p1a: Alex
|-sidestart|p1: metwally|Spikes
|move|p1a: Alex|Roar|p2a: Skarmory
|drag|p2a: Tyranitar|Tyranitar, M|100/100
|-damage|p2a: Tyranitar|76/100|[from] Spikes
|
|-weather|Sandstorm|[upkeep]
|-heal|p2a: Tyranitar|82/100|[from] item: Leftovers
|-heal|p1a: Alex|72/100|[from] item: Leftovers
|upkeep
|turn|12
|
|t:|1729384565
|move|p2a: Tyranitar|Rock Slide|p1a: Alex
|-damage|p1a: Alex|41/100
|move|p1a: Alex|Toxic|p2a: Tyranitar
|-status|p2a: Tyranitar|tox
|
|-weather|Sandstorm|[upkeep]
|-heal|p2a: Tyranitar|88/100 tox|[from] item: Leftovers
|-damage|p2a: Tyranitar|82/100 tox|[from] psn
|-heal|p1a: Alex|47/100|[from] item: Leftovers
|upkeep
|turn|13
|
|t:|1729384574
|switch|p2a: Blissey|Blissey, F|82/100
|-damage|p2a: Blissey|57/100|[from] Spikes
|move|p1a: Alex|Protect||[still]
|-fail|p1a: Alex
|
|-weather|Sandstorm|[upkeep]
|-damage|p2a: Blissey|51/100|[from] Sandstorm
|-heal|p1a: Alex|53/100|[from] item: Leftovers
|-heal|p2a: Blissey|57/100|[from] item: Leftovers
|upkeep
|turn|14
|
|t:|1729384582
|move|p1a: Alex|Protect|p1a: Alex
|-singleturn|p1a: Alex|Protect
|move|p2a: Blissey|Flamethrower|p1a: Alex
|-activate|p1a: Alex|Protect
|
|-weather|Sandstorm|[upkeep]
|-damage|p2a: Blissey|51/100|[from] Sandstorm
|-heal|p1a: Alex|59/100|[from] item: Leftovers
|-heal|p2a: Blissey|57/100|[from] item: Leftovers
|upkeep
|turn|15
|
|t:|1729384609
|move|p1a: Alex|Toxic|p2a: Blissey
|-status|p2a: Blissey|tox
|move|p2a: Blissey|Ice Beam|p1a: Alex
|-damage|p1a: Alex|34/100
|
|-weather|Sandstorm|[upkeep]
|-damage|p2a: Blissey|51/100 tox|[from] Sandstorm
|-heal|p1a: Alex|40/100|[from] item: Leftovers
|-heal|p2a: Blissey|57/100 tox|[from] item: Leftovers
|-damage|p2a: Blissey|51/100 tox|[from] psn
|upkeep
|turn|16
|
|t:|1729384614
|move|p1a: Alex|Protect|p1a: Alex
|-singleturn|p1a: Alex|Protect
|move|p2a: Blissey|Soft-Boiled|p2a: Blissey
|-heal|p2a: Blissey|100/100 tox
|
|-weather|Sandstorm|[upkeep]
|-damage|p2a: Blissey|94/100 tox|[from] Sandstorm
|-heal|p1a: Alex|46/100|[from] item: Leftovers
|-heal|p2a: Blissey|100/100 tox|[from] item: Leftovers
|-damage|p2a: Blissey|88/100 tox|[from] psn
|upkeep
|turn|17
|
|t:|1729384624
|switch|p1a: Greg Jennings|Suicune, shiny|100/100
|-damage|p1a: Greg Jennings|84/100|[from] Spikes
|-curestatus|p2a: Blissey|tox|[from] ability: Natural Cure
|switch|p2a: Skarmory|Skarmory, F|100/100
|
|-weather|Sandstorm|[upkeep]
|-damage|p1a: Greg Jennings|78/100|[from] Sandstorm
|-heal|p1a: Greg Jennings|84/100|[from] item: Leftovers
|upkeep
|turn|18
|c|☆allmovingshadows|holy shit
|c|☆allmovingshadows|he carried the team on his back
|inactive|metwally has 270 seconds left.
|c|☆metwally|WITH A BROKEN LEG
|inactive|allmovingshadows has 270 seconds left.
|
|t:|1729384659
|move|p2a: Skarmory|Toxic|p1a: Greg Jennings|[miss]
|-miss|p2a: Skarmory|p1a: Greg Jennings
|move|p1a: Greg Jennings|Roar|p2a: Skarmory
|drag|p2a: Blissey|Blissey, F|88/100
|-damage|p2a: Blissey|63/100|[from] Spikes
|
|-weather|Sandstorm|[upkeep]
|-damage|p1a: Greg Jennings|78/100|[from] Sandstorm
|-damage|p2a: Blissey|57/100|[from] Sandstorm
|-heal|p1a: Greg Jennings|84/100|[from] item: Leftovers
|-heal|p2a: Blissey|63/100|[from] item: Leftovers
|upkeep
|turn|19
|
|t:|1729384670
|move|p2a: Blissey|Toxic|p1a: Greg Jennings
|-status|p1a: Greg Jennings|tox
|move|p1a: Greg Jennings|Roar|p2a: Blissey
|drag|p2a: Swampert|Swampert, M|100/100
|-damage|p2a: Swampert|76/100|[from] Spikes
|
|-weather|Sandstorm|[upkeep]
|-damage|p1a: Greg Jennings|78/100 tox|[from] Sandstorm
|-heal|p1a: Greg Jennings|84/100 tox|[from] item: Leftovers
|-damage|p1a: Greg Jennings|78/100 tox|[from] psn
|-heal|p2a: Swampert|82/100|[from] item: Leftovers
|upkeep
|turn|20
|
|t:|1729384678
|move|p2a: Swampert|Protect|p2a: Swampert
|-singleturn|p2a: Swampert|Protect
|move|p1a: Greg Jennings|Surf|p2a: Swampert
|-activate|p2a: Swampert|Protect
|
|-weather|Sandstorm|[upkeep]
|-damage|p1a: Greg Jennings|72/100 tox|[from] Sandstorm
|-heal|p1a: Greg Jennings|78/100 tox|[from] item: Leftovers
|-damage|p1a: Greg Jennings|65/100 tox|[from] psn
|-heal|p2a: Swampert|88/100|[from] item: Leftovers
|upkeep
|turn|21
|
|t:|1729384694
|move|p1a: Greg Jennings|Rest|p1a: Greg Jennings
|-status|p1a: Greg Jennings|slp|[from] move: Rest
|-heal|p1a: Greg Jennings|100/100 slp|[silent]
|move|p2a: Swampert|Earthquake|p1a: Greg Jennings
|-damage|p1a: Greg Jennings|81/100 slp
|
|-weather|Sandstorm|[upkeep]
|-damage|p1a: Greg Jennings|74/100 slp|[from] Sandstorm
|-heal|p1a: Greg Jennings|81/100 slp|[from] item: Leftovers
|-heal|p2a: Swampert|94/100|[from] item: Leftovers
|upkeep
|turn|22
|
|t:|1729384714
|switch|p2a: Gengar|Gengar, F|100/100
|cant|p1a: Greg Jennings|slp
|
|-weather|Sandstorm|[upkeep]
|-damage|p2a: Gengar|94/100|[from] Sandstorm
|-damage|p1a: Greg Jennings|74/100 slp|[from] Sandstorm
|-heal|p2a: Gengar|100/100|[from] item: Leftovers
|-heal|p1a: Greg Jennings|81/100 slp|[from] item: Leftovers
|upkeep
|turn|23
|
|t:|1729384724
|switch|p1a: UNUNUNUN|Registeel|100/100
|-damage|p1a: UNUNUNUN|84/100|[from] Spikes
|move|p2a: Gengar|Thunderbolt|p1a: UNUNUNUN
|-damage|p1a: UNUNUNUN|64/100
|
|-weather|Sandstorm|[upkeep]
|-damage|p2a: Gengar|94/100|[from] Sandstorm
|-heal|p2a: Gengar|100/100|[from] item: Leftovers
|-heal|p1a: UNUNUNUN|70/100|[from] item: Leftovers
|upkeep
|turn|24
|
|t:|1729384748
|switch|p2a: Skarmory|Skarmory, F|100/100
|move|p1a: UNUNUNUN|Curse|p1a: UNUNUNUN
|-unboost|p1a: UNUNUNUN|spe|1
|-boost|p1a: UNUNUNUN|atk|1
|-boost|p1a: UNUNUNUN|def|1
|
|-weather|Sandstorm|[upkeep]
|-heal|p1a: UNUNUNUN|76/100|[from] item: Leftovers
|upkeep
|turn|25
|
|t:|1729384759
|switch|p1a: Alex|Skarmory, F|46/100
|move|p2a: Skarmory|Spikes|p1a: Alex
|-sidestart|p1: metwally|Spikes
|
|-weather|Sandstorm|[upkeep]
|-heal|p1a: Alex|52/100|[from] item: Leftovers
|upkeep
|turn|26
|
|t:|1729384762
|move|p2a: Skarmory|Roar|p1a: Alex
|drag|p1a: Greg Jennings|Suicune, shiny|81/100 slp
|-damage|p1a: Greg Jennings|56/100 slp|[from] Spikes
|
|-weather|Sandstorm|[upkeep]
|-damage|p1a: Greg Jennings|49/100 slp|[from] Sandstorm
|-heal|p1a: Greg Jennings|56/100 slp|[from] item: Leftovers
|upkeep
|turn|27
|
|t:|1729384766
|cant|p1a: Greg Jennings|slp
|move|p2a: Skarmory|Roar|p1a: Greg Jennings
|drag|p1a: Wuddha|Exeggutor, M, shiny|100/100
|-damage|p1a: Wuddha|76/100|[from] Spikes
|
|-weather|Sandstorm|[upkeep]
|-damage|p1a: Wuddha|70/100|[from] Sandstorm
|-heal|p1a: Wuddha|76/100|[from] item: Leftovers
|upkeep
|turn|28
|
|t:|1729384770
|move|p1a: Wuddha|Hidden Power|p2a: Skarmory
|-supereffective|p2a: Skarmory
|-damage|p2a: Skarmory|55/100
|move|p2a: Skarmory|Roar|p1a: Wuddha
|drag|p1a: Claydol|Claydol|21/100
|
|-weather|Sandstorm|[upkeep]
|-heal|p1a: Claydol|27/100|[from] item: Leftovers
|-heal|p2a: Skarmory|61/100|[from] item: Leftovers
|upkeep
|turn|29
|
|t:|1729384774
|move|p1a: Claydol|Rapid Spin|p2a: Skarmory
|-resisted|p2a: Skarmory
|-damage|p2a: Skarmory|59/100
|-sideend|p1: metwally|Spikes|[from] move: Rapid Spin|[of] p1a: Claydol
|move|p2a: Skarmory|Toxic|p1a: Claydol
|-status|p1a: Claydol|tox
|
|-weather|Sandstorm|[upkeep]
|-heal|p1a: Claydol|33/100 tox|[from] item: Leftovers
|-damage|p1a: Claydol|27/100 tox|[from] psn
|-heal|p2a: Skarmory|65/100|[from] item: Leftovers
|upkeep
|turn|30
|
|t:|1729384784
|switch|p1a: Wuddha|Exeggutor, M, shiny|76/100
|move|p2a: Skarmory|Spikes|p1a: Wuddha
|-sidestart|p1: metwally|Spikes
|
|-weather|Sandstorm|[upkeep]
|-damage|p1a: Wuddha|70/100|[from] Sandstorm
|-heal|p1a: Wuddha|76/100|[from] item: Leftovers
|-heal|p2a: Skarmory|71/100|[from] item: Leftovers
|upkeep
|turn|31
|
|t:|1729384788
|move|p2a: Skarmory|Protect|p2a: Skarmory
|-singleturn|p2a: Skarmory|Protect
|move|p1a: Wuddha|Sunny Day|p1a: Wuddha
|-weather|SunnyDay
|
|-weather|SunnyDay|[upkeep]
|-heal|p1a: Wuddha|82/100|[from] item: Leftovers
|-heal|p2a: Skarmory|77/100|[from] item: Leftovers
|upkeep
|turn|32
|
|t:|1729384794
|switch|p2a: Blissey|Blissey, F|63/100
|-damage|p2a: Blissey|38/100|[from] Spikes
|move|p1a: Wuddha|Hidden Power|p2a: Blissey
|-damage|p2a: Blissey|24/100
|
|-weather|SunnyDay|[upkeep]
|-heal|p1a: Wuddha|88/100|[from] item: Leftovers
|-heal|p2a: Blissey|30/100|[from] item: Leftovers
|upkeep
|turn|33
|inactive|metwally has 270 seconds left.
|
|t:|1729384837
|switch|p1a: Diglet|Dugtrio, M, shiny|100/100
|-damage|p1a: Diglet|88/100|[from] Spikes
|move|p2a: Blissey|Soft-Boiled|p2a: Blissey
|-heal|p2a: Blissey|80/100
|
|-weather|SunnyDay|[upkeep]
|-heal|p2a: Blissey|86/100|[from] item: Leftovers
|upkeep
|turn|34
|
|t:|1729384840
|move|p1a: Diglet|Earthquake|p2a: Blissey
|-damage|p2a: Blissey|28/100
|move|p2a: Blissey|Ice Beam|p1a: Diglet
|-supereffective|p1a: Diglet
|-damage|p1a: Diglet|0 fnt
|faint|p1a: Diglet
|inactive|metwally has 270 seconds left.
|
|t:|1729384855
|switch|p1a: Claydol|Claydol|27/100 tox
|
|-weather|SunnyDay|[upkeep]
|-heal|p1a: Claydol|33/100 tox|[from] item: Leftovers
|-damage|p1a: Claydol|27/100 tox|[from] psn
|-heal|p2a: Blissey|34/100|[from] item: Leftovers
|upkeep
|turn|35
|
|t:|1729384881
|move|p1a: Claydol|Psychic|p2a: Blissey
|-damage|p2a: Blissey|24/100
|move|p2a: Blissey|Flamethrower|p1a: Claydol
|-damage|p1a: Claydol|0 fnt
|faint|p1a: Claydol
|inactive|metwally has 270 seconds left.
|
|t:|1729384888
|switch|p1a: Greg Jennings|Suicune, shiny|56/100 slp
|-damage|p1a: Greg Jennings|43/100 slp|[from] Spikes
|
|-weather|none
|-heal|p1a: Greg Jennings|49/100 slp|[from] item: Leftovers
|-heal|p2a: Blissey|30/100|[from] item: Leftovers
|upkeep
|turn|36
|
|t:|1729384903
|switch|p2a: Tyranitar|Tyranitar, M|82/100 tox
|-damage|p2a: Tyranitar|57/100 tox|[from] Spikes
|-weather|Sandstorm|[from] ability: Sand Stream|[of] p2a: Tyranitar
|-curestatus|p1a: Greg Jennings|slp|[msg]
|move|p1a: Greg Jennings|Roar|p2a: Tyranitar
|drag|p2a: Zapdos|Zapdos|64/100 tox
|
|-weather|Sandstorm|[upkeep]
|-damage|p2a: Zapdos|57/100 tox|[from] Sandstorm
|-damage|p1a: Greg Jennings|43/100|[from] Sandstorm
|-heal|p2a: Zapdos|64/100 tox|[from] item: Leftovers
|-damage|p2a: Zapdos|57/100 tox|[from] psn
|-heal|p1a: Greg Jennings|49/100|[from] item: Leftovers
|upkeep
|turn|37
|
|t:|1729384919
|switch|p1a: Wuddha|Exeggutor, M, shiny|88/100
|-damage|p1a: Wuddha|75/100|[from] Spikes
|move|p2a: Zapdos|Thunderbolt|p1a: Wuddha
|-resisted|p1a: Wuddha
|-damage|p1a: Wuddha|40/100
|
|-weather|Sandstorm|[upkeep]
|-damage|p2a: Zapdos|51/100 tox|[from] Sandstorm
|-damage|p1a: Wuddha|34/100|[from] Sandstorm
|-heal|p2a: Zapdos|57/100 tox|[from] item: Leftovers
|-damage|p2a: Zapdos|45/100 tox|[from] psn
|-heal|p1a: Wuddha|40/100|[from] item: Leftovers
|upkeep
|turn|38
|inactive|allmovingshadows has 270 seconds left.
|inactive|allmovingshadows has 240 seconds left.
|
|t:|1729384994
|switch|p2a: Gengar|Gengar, F|100/100
|move|p1a: Wuddha|Psychic|p2a: Gengar
|-supereffective|p2a: Gengar
|-damage|p2a: Gengar|0 fnt
|faint|p2a: Gengar
|
|t:|1729384997
|switch|p2a: Swampert|Swampert, M|94/100
|-damage|p2a: Swampert|69/100|[from] Spikes
|
|-weather|Sandstorm|[upkeep]
|-damage|p1a: Wuddha|34/100|[from] Sandstorm
|-heal|p1a: Wuddha|40/100|[from] item: Leftovers
|-heal|p2a: Swampert|76/100|[from] item: Leftovers
|upkeep
|turn|39
|
|t:|1729385015
|move|p1a: Wuddha|Psychic|p2a: Swampert
|-damage|p2a: Swampert|34/100
|move|p2a: Swampert|Ice Beam|p1a: Wuddha
|-supereffective|p1a: Wuddha
|-damage|p1a: Wuddha|0 fnt
|faint|p1a: Wuddha
|
|t:|1729385018
|switch|p1a: Greg Jennings|Suicune, shiny|49/100
|-damage|p1a: Greg Jennings|37/100|[from] Spikes
|
|-weather|Sandstorm|[upkeep]
|-damage|p1a: Greg Jennings|31/100|[from] Sandstorm
|-heal|p1a: Greg Jennings|37/100|[from] item: Leftovers
|-heal|p2a: Swampert|40/100|[from] item: Leftovers
|upkeep
|turn|40
|inactive|allmovingshadows has 240 seconds left.
|
|t:|1729385030
|move|p1a: Greg Jennings|Calm Mind|p1a: Greg Jennings
|-boost|p1a: Greg Jennings|spa|1
|-boost|p1a: Greg Jennings|spd|1
|move|p2a: Swampert|Earthquake|p1a: Greg Jennings
|-damage|p1a: Greg Jennings|16/100
|
|-weather|Sandstorm|[upkeep]
|-damage|p1a: Greg Jennings|10/100|[from] Sandstorm
|-heal|p1a: Greg Jennings|16/100|[from] item: Leftovers
|-heal|p2a: Swampert|46/100|[from] item: Leftovers
|upkeep
|turn|41
|
|t:|1729385036
|move|p1a: Greg Jennings|Rest|p1a: Greg Jennings
|-status|p1a: Greg Jennings|slp|[from] move: Rest
|-heal|p1a: Greg Jennings|100/100 slp|[silent]
|move|p2a: Swampert|Earthquake|p1a: Greg Jennings
|-damage|p1a: Greg Jennings|80/100 slp
|
|-weather|Sandstorm|[upkeep]
|-damage|p1a: Greg Jennings|73/100 slp|[from] Sandstorm
|-heal|p1a: Greg Jennings|80/100 slp|[from] item: Leftovers
|-heal|p2a: Swampert|52/100|[from] item: Leftovers
|upkeep
|turn|42
|
|t:|1729385040
|switch|p2a: Skarmory|Skarmory, F|77/100
|cant|p1a: Greg Jennings|slp
|
|-weather|Sandstorm|[upkeep]
|-damage|p1a: Greg Jennings|73/100 slp|[from] Sandstorm
|-heal|p1a: Greg Jennings|80/100 slp|[from] item: Leftovers
|-heal|p2a: Skarmory|83/100|[from] item: Leftovers
|upkeep
|turn|43
|
|t:|1729385043
|cant|p1a: Greg Jennings|slp
|move|p2a: Skarmory|Roar|p1a: Greg Jennings
|drag|p1a: UNUNUNUN|Registeel|76/100
|-damage|p1a: UNUNUNUN|64/100|[from] Spikes
|
|-weather|Sandstorm|[upkeep]
|-heal|p2a: Skarmory|89/100|[from] item: Leftovers
|-heal|p1a: UNUNUNUN|70/100|[from] item: Leftovers
|upkeep
|turn|44
|
|t:|1729385048
|switch|p1a: Alex|Skarmory, F|52/100
|move|p2a: Skarmory|Spikes|p1a: Alex
|-sidestart|p1: metwally|Spikes
|
|-weather|Sandstorm|[upkeep]
|-heal|p2a: Skarmory|95/100|[from] item: Leftovers
|-heal|p1a: Alex|58/100|[from] item: Leftovers
|upkeep
|turn|45
|
|t:|1729385052
|move|p2a: Skarmory|Spikes|p1a: Alex
|-sidestart|p1: metwally|Spikes
|move|p1a: Alex|Roar|p2a: Skarmory
|drag|p2a: Blissey|Blissey, F|30/100
|-damage|p2a: Blissey|5/100|[from] Spikes
|
|-weather|Sandstorm|[upkeep]
|-damage|p2a: Blissey|0 fnt|[from] Sandstorm
|faint|p2a: Blissey
|-heal|p1a: Alex|64/100|[from] item: Leftovers
|upkeep
|
|t:|1729385060
|switch|p2a: Swampert|Swampert, M|52/100
|-damage|p2a: Swampert|28/100|[from] Spikes
|turn|46
|
|t:|1729385070
|move|p1a: Alex|Protect|p1a: Alex
|-singleturn|p1a: Alex|Protect
|move|p2a: Swampert|Hydro Pump|p1a: Alex
|-activate|p1a: Alex|Protect
|
|-weather|Sandstorm|[upkeep]
|-heal|p1a: Alex|70/100|[from] item: Leftovers
|-heal|p2a: Swampert|34/100|[from] item: Leftovers
|upkeep
|turn|47
|
|t:|1729385072
|move|p2a: Swampert|Hydro Pump|p1a: Alex
|-crit|p1a: Alex
|-damage|p1a: Alex|0 fnt
|faint|p1a: Alex
|
|t:|1729385076
|switch|p1a: Greg Jennings|Suicune, shiny|80/100 slp
|-damage|p1a: Greg Jennings|55/100 slp|[from] Spikes
|
|-weather|Sandstorm|[upkeep]
|-damage|p1a: Greg Jennings|48/100 slp|[from] Sandstorm
|-heal|p1a: Greg Jennings|55/100 slp|[from] item: Leftovers
|-heal|p2a: Swampert|40/100|[from] item: Leftovers
|upkeep
|turn|48
|c|☆allmovingshadows|whoa
|
|t:|1729385081
|-curestatus|p1a: Greg Jennings|slp|[msg]
|move|p1a: Greg Jennings|Calm Mind|p1a: Greg Jennings
|-boost|p1a: Greg Jennings|spa|1
|-boost|p1a: Greg Jennings|spd|1
|move|p2a: Swampert|Earthquake|p1a: Greg Jennings
|-damage|p1a: Greg Jennings|34/100
|
|-weather|Sandstorm|[upkeep]
|-damage|p1a: Greg Jennings|28/100|[from] Sandstorm
|-heal|p1a: Greg Jennings|34/100|[from] item: Leftovers
|-heal|p2a: Swampert|46/100|[from] item: Leftovers
|upkeep
|turn|49
|
|t:|1729385085
|move|p1a: Greg Jennings|Surf|p2a: Swampert
|-damage|p2a: Swampert|10/100
|move|p2a: Swampert|Earthquake|p1a: Greg Jennings
|-damage|p1a: Greg Jennings|12/100
|
|-weather|Sandstorm|[upkeep]
|-damage|p1a: Greg Jennings|5/100|[from] Sandstorm
|-heal|p1a: Greg Jennings|12/100|[from] item: Leftovers
|-heal|p2a: Swampert|16/100|[from] item: Leftovers
|upkeep
|turn|50
|
|t:|1729385088
|move|p1a: Greg Jennings|Rest|p1a: Greg Jennings
|-status|p1a: Greg Jennings|slp|[from] move: Rest
|-heal|p1a: Greg Jennings|100/100 slp|[silent]
|move|p2a: Swampert|Earthquake|p1a: Greg Jennings
|-damage|p1a: Greg Jennings|80/100 slp
|
|-weather|Sandstorm|[upkeep]
|-damage|p1a: Greg Jennings|74/100 slp|[from] Sandstorm
|-heal|p1a: Greg Jennings|80/100 slp|[from] item: Leftovers
|-heal|p2a: Swampert|22/100|[from] item: Leftovers
|upkeep
|turn|51
|
|t:|1729385090
|switch|p2a: Skarmory|Skarmory, F|95/100
|cant|p1a: Greg Jennings|slp
|
|-weather|Sandstorm|[upkeep]
|-damage|p1a: Greg Jennings|74/100 slp|[from] Sandstorm
|-heal|p1a: Greg Jennings|80/100 slp|[from] item: Leftovers
|-heal|p2a: Skarmory|100/100|[from] item: Leftovers
|upkeep
|turn|52
|
|t:|1729385094
|cant|p1a: Greg Jennings|slp
|move|p2a: Skarmory|Roar|p1a: Greg Jennings
|drag|p1a: UNUNUNUN|Registeel|70/100
|-damage|p1a: UNUNUNUN|45/100|[from] Spikes
|
|-weather|Sandstorm|[upkeep]
|-heal|p1a: UNUNUNUN|51/100|[from] item: Leftovers
|upkeep
|turn|53
|
|t:|1729385100
|move|p1a: UNUNUNUN|Rest|p1a: UNUNUNUN
|-status|p1a: UNUNUNUN|slp|[from] move: Rest
|-heal|p1a: UNUNUNUN|100/100 slp|[silent]
|move|p2a: Skarmory|Roar|p1a: UNUNUNUN
|drag|p1a: Greg Jennings|Suicune, shiny|80/100 slp
|-damage|p1a: Greg Jennings|55/100 slp|[from] Spikes
|
|-weather|Sandstorm|[upkeep]
|-damage|p1a: Greg Jennings|49/100 slp|[from] Sandstorm
|-heal|p1a: Greg Jennings|55/100 slp|[from] item: Leftovers
|upkeep
|turn|54
|
|t:|1729385113
|-curestatus|p1a: Greg Jennings|slp|[msg]
|move|p1a: Greg Jennings|Surf|p2a: Skarmory
|-damage|p2a: Skarmory|73/100
|move|p2a: Skarmory|Roar|p1a: Greg Jennings
|drag|p1a: UNUNUNUN|Registeel|100/100 slp
|-damage|p1a: UNUNUNUN|75/100 slp|[from] Spikes
|
|-weather|Sandstorm|[upkeep]
|-heal|p2a: Skarmory|79/100|[from] item: Leftovers
|-heal|p1a: UNUNUNUN|82/100 slp|[from] item: Leftovers
|upkeep
|turn|55
|
|t:|1729385117
|cant|p1a: UNUNUNUN|slp
|move|p2a: Skarmory|Roar|p1a: UNUNUNUN
|drag|p1a: Greg Jennings|Suicune, shiny|55/100
|-damage|p1a: Greg Jennings|30/100|[from] Spikes
|
|-weather|Sandstorm|[upkeep]
|-damage|p1a: Greg Jennings|24/100|[from] Sandstorm
|-heal|p1a: Greg Jennings|30/100|[from] item: Leftovers
|-heal|p2a: Skarmory|85/100|[from] item: Leftovers
|upkeep
|turn|56
|
|t:|1729385125
|move|p1a: Greg Jennings|Rest|p1a: Greg Jennings
|-status|p1a: Greg Jennings|slp|[from] move: Rest
|-heal|p1a: Greg Jennings|100/100 slp|[silent]
|move|p2a: Skarmory|Roar|p1a: Greg Jennings
|drag|p1a: UNUNUNUN|Registeel|82/100 slp
|-damage|p1a: UNUNUNUN|57/100 slp|[from] Spikes
|
|-weather|Sandstorm|[upkeep]
|-heal|p2a: Skarmory|91/100|[from] item: Leftovers
|-heal|p1a: UNUNUNUN|63/100 slp|[from] item: Leftovers
|upkeep
|turn|57
|
|t:|1729385146
|cant|p1a: UNUNUNUN|slp
|move|p2a: Skarmory|Roar|p1a: UNUNUNUN
|drag|p1a: Greg Jennings|Suicune, shiny|100/100 slp
|-damage|p1a: Greg Jennings|76/100 slp|[from] Spikes
|
|-weather|Sandstorm|[upkeep]
|-damage|p1a: Greg Jennings|69/100 slp|[from] Sandstorm
|-heal|p1a: Greg Jennings|76/100 slp|[from] item: Leftovers
|-heal|p2a: Skarmory|97/100|[from] item: Leftovers
|upkeep
|turn|58
|inactive|allmovingshadows has 270 seconds left.
|
|t:|1729385170
|cant|p1a: Greg Jennings|slp
|move|p2a: Skarmory|Roar|p1a: Greg Jennings
|drag|p1a: UNUNUNUN|Registeel|63/100 slp
|-damage|p1a: UNUNUNUN|38/100 slp|[from] Spikes
|
|-weather|Sandstorm|[upkeep]
|-heal|p2a: Skarmory|100/100|[from] item: Leftovers
|-heal|p1a: UNUNUNUN|44/100 slp|[from] item: Leftovers
|upkeep
|turn|59
|
|t:|1729385177
|-curestatus|p1a: UNUNUNUN|slp|[msg]
|move|p1a: UNUNUNUN|Rest|p1a: UNUNUNUN
|-status|p1a: UNUNUNUN|slp|[from] move: Rest
|-heal|p1a: UNUNUNUN|100/100 slp|[silent]
|move|p2a: Skarmory|Roar|p1a: UNUNUNUN
|drag|p1a: Greg Jennings|Suicune, shiny|76/100 slp
|-damage|p1a: Greg Jennings|51/100 slp|[from] Spikes
|
|-weather|Sandstorm|[upkeep]
|-damage|p1a: Greg Jennings|44/100 slp|[from] Sandstorm
|-heal|p1a: Greg Jennings|51/100 slp|[from] item: Leftovers
|upkeep
|turn|60
|
|t:|1729385184
|cant|p1a: Greg Jennings|slp
|move|p2a: Skarmory|Roar|p1a: Greg Jennings
|drag|p1a: UNUNUNUN|Registeel|100/100 slp
|-damage|p1a: UNUNUNUN|75/100 slp|[from] Spikes
|
|-weather|Sandstorm|[upkeep]
|-heal|p1a: UNUNUNUN|82/100 slp|[from] item: Leftovers
|upkeep
|turn|61
|
|t:|1729385190
|cant|p1a: UNUNUNUN|slp
|move|p2a: Skarmory|Roar|p1a: UNUNUNUN
|drag|p1a: Greg Jennings|Suicune, shiny|51/100 slp
|-damage|p1a: Greg Jennings|26/100 slp|[from] Spikes
|
|-weather|Sandstorm|[upkeep]
|-damage|p1a: Greg Jennings|19/100 slp|[from] Sandstorm
|-heal|p1a: Greg Jennings|26/100 slp|[from] item: Leftovers
|upkeep
|turn|62
|
|t:|1729385196
|switch|p2a: Zapdos|Zapdos|45/100 tox
|-curestatus|p1a: Greg Jennings|slp|[msg]
|move|p1a: Greg Jennings|Surf|p2a: Zapdos
|-damage|p2a: Zapdos|11/100 tox
|
|-weather|Sandstorm|[upkeep]
|-damage|p2a: Zapdos|5/100 tox|[from] Sandstorm
|-damage|p1a: Greg Jennings|19/100|[from] Sandstorm
|-heal|p2a: Zapdos|11/100 tox|[from] item: Leftovers
|-damage|p2a: Zapdos|5/100 tox|[from] psn
|-heal|p1a: Greg Jennings|26/100|[from] item: Leftovers
|upkeep
|turn|63
|
|t:|1729385202
|move|p2a: Zapdos|Thunderbolt|p1a: Greg Jennings
|-supereffective|p1a: Greg Jennings
|-damage|p1a: Greg Jennings|0 fnt
|faint|p1a: Greg Jennings
|
|t:|1729385204
|switch|p1a: UNUNUNUN|Registeel|82/100 slp
|-damage|p1a: UNUNUNUN|57/100 slp|[from] Spikes
|
|-weather|Sandstorm|[upkeep]
|-damage|p2a: Zapdos|0 fnt|[from] Sandstorm
|faint|p2a: Zapdos
|-heal|p1a: UNUNUNUN|63/100 slp|[from] item: Leftovers
|upkeep
|inactive|allmovingshadows has 270 seconds left.
|c|☆allmovingshadows|wow this comes down to chance
|inactive|allmovingshadows has 240 seconds left.
|
|t:|1729385287
|switch|p2a: Tyranitar|Tyranitar, M|57/100 tox
|-damage|p2a: Tyranitar|32/100 tox|[from] Spikes
|turn|64
|
|t:|1729385294
|move|p2a: Tyranitar|Dragon Dance|p2a: Tyranitar
|-boost|p2a: Tyranitar|atk|1
|-boost|p2a: Tyranitar|spe|1
|cant|p1a: UNUNUNUN|slp
|
|-weather|Sandstorm|[upkeep]
|-heal|p2a: Tyranitar|38/100 tox|[from] item: Leftovers
|-damage|p2a: Tyranitar|32/100 tox|[from] psn
|-heal|p1a: UNUNUNUN|69/100 slp|[from] item: Leftovers
|upkeep
|turn|65
|c|☆allmovingshadows|37%
|
|t:|1729385301
|move|p2a: Tyranitar|Earthquake|p1a: UNUNUNUN
|-supereffective|p1a: UNUNUNUN
|-crit|p1a: UNUNUNUN
|-damage|p1a: UNUNUNUN|0 fnt
|faint|p1a: UNUNUNUN
|
|win|allmovingshadows
|c|☆allmovingshadows|omg
|c|☆metwally|damn
|c|☆metwally|GG
|c|☆allmovingshadows|gg 
|c|☆allmovingshadows|this deserves to be on revival tournaments
|c|☆metwally|the odds were not in my favour
|c|☆metwally|im saying
|c|☆allmovingshadows|indeed
|c|☆metwally|this was the first game i was actually havin a great time for
|c|☆metwally|tyty : )
|c|☆allmovingshadows|npnp
|c|☆metwally|and good luck!
|c|☆metwally|submit these for the roundup i beg
|c|☆allmovingshadows|i name every suicune from now on greg jennings in your honor
|c|☆allmovingshadows|i will
|c|☆metwally|LFG
|c|☆metwally|my work here is done
|c|☆allmovingshadows|peace
|c|☆metwally|pce
|player|p1|
|player|p1|metwally|clown|

</script>
<script type="application/json" class="data" id="replaydata-smogtours-gen3ou-800196">
{"id":"smogtours-gen3ou-800196","format":"[Gen 3] OU","players":["metwally","allmovingshadows"],"uploadtime":1729385301,"views":95,"formatid":"gen3ou","rating":null,"private":0,"password":null}
</script>

<script defer src="js/replays.js?9d40a366"></script>
