<!DOCTYPE html>
<meta charset="utf-8" />
<meta name="viewport" content="width=device-width" />

<title>[Gen 3] OU: DimmyJean vs. dig boshi - Replays - Pok&eacute;mon Showdown!</title>

<meta name="description" content="Watch a replay of a Pok&eacute;mon battle between DimmyJean and dig boshi! Format: [Gen 3] OU; Date: Oct 24, 2024" />
<!--

Hey, you! Looking in the source for the replay log?

You can find them in JSON format, just add `.json` at the end of a replay URL.

https://replay.pokemonshowdown.com/gen7randomdoublesbattle-865046831.json

Or, if you only need the log itself, add `.log` instead:

https://replay.pokemonshowdown.com/gen7randomdoublesbattle-865046831.log

-->

<link rel="stylesheet" href="//pokemonshowdown.com/style/global.css?0.767286132409787" />
<link rel="stylesheet" href="//play.pokemonshowdown.com/style/font-awesome.css?0.9266228007934947" />
<link rel="stylesheet" href="//play.pokemonshowdown.com/style/battle.css?0.7924700842790926" />
<link rel="stylesheet" href="//play.pokemonshowdown.com/style/utilichart.css?0.8777417872839479" />

<!-- Global site tag (gtag.js) - Google Analytics -->
<script async src="https://www.googletagmanager.com/gtag/js?id=UA-26211653-1"></script>
<script>
  window.dataLayer = window.dataLayer || [];
  function gtag(){dataLayer.push(arguments);}
  gtag('js', new Date());

  gtag('config', 'UA-26211653-1');
</script>
<!-- End Google Analytics -->
<!-- Venatus Ad Manager - Install in <HEAD> of page -->
	<script src="https://hb.vntsm.com/v3/live/ad-manager.min.js" type="text/javascript" data-site-id="642aba63ec9a7b11c3c9c1be" data-mode="scan" async></script>
<!-- / Venatus Ad Manager -->

<style>
	@media (max-width:820px) {
		.battle {
			margin: 0 auto;
		}
		.battle-log {
			margin: 7px auto 0;
			max-width: 640px;
			height: 300px;
			position: static;
		}
	}
	.optgroup {
		display: inline-block;
		line-height: 22px;
		font-size: 10pt;
	}
	.optgroup .button {
		height: 25px;
		padding-top: 0;
		padding-bottom: 0;
	}
	.optgroup button.button {
		padding-left: 12px;
		padding-right: 12px;
	}
	.linklist {
		list-style: none;
		margin: 0.5em 0;
		padding: 0;
	}
	.linklist li {
		padding: 2px 0;
	}
	.sidebar {
		float: left;
		width: 320px;
	}
	.bar-wrapper {
		max-width: 1100px;
		margin: 0 auto;
	}
	.bar-wrapper.has-sidebar {
		max-width: 1430px;
	}
	.mainbar {
		margin: 0;
		padding-right: 1px;
	}
	.mainbar.has-sidebar {
		margin-left: 330px;
	}
	@media (min-width: 1511px) {
		.sidebar {
			width: 400px;
		}
		.bar-wrapper.has-sidebar {
			max-width: 1510px;
		}
		.mainbar.has-sidebar {
			margin-left: 410px;
		}
	}
	.section.first-section {
		margin-top: 9px;
	}
	.blocklink small {
		white-space: normal;
	}
	.button {
		vertical-align: middle;
	}
	.replay-controls {
		padding-top: 10px;
	}
	.replay-controls h1 {
		font-size: 16pt;
		font-weight: normal;
		color: #CCC;
	}
	.pagelink {
		text-align: center;
	}
	.pagelink a {
		width: 150px;
	}
	.textbox, .button {
		font-size: 11pt;
		vertical-align: middle;
	}
	@media (max-width: 450px) {
		.button {
			font-size: 9pt;
		}
	}
</style>

<div>

	<header>
		<div class="nav-wrapper"><ul class="nav">
			<li><a class="button nav-first" href="//pokemonshowdown.com/"><img src="//pokemonshowdown.com/images/pokemonshowdownbeta.png" srcset="//pokemonshowdown.com/images/pokemonshowdownbeta.png 1x, //pokemonshowdown.com/images/pokemonshowdownbeta@2x.png 2x" alt="Pok&eacute;mon Showdown" width="146" height="44" /> Home</a></li>
			<li><a class="button" href="//pokemonshowdown.com/dex/">Pok&eacute;dex</a></li>
			<li><a class="button cur" href="/">Replays</a></li>
			<li><a class="button" href="//pokemonshowdown.com/ladder/">Ladder</a></li>
			<li><a class="button nav-last" href="//pokemonshowdown.com/forums/">Forum</a></li>
			<li><a class="button greenbutton nav-first nav-last" href="//play.pokemonshowdown.com/">Play</a></li>
		</ul></div>
	</header>

	<div class="main" id="main">

		<noscript><section class="section">You need to enable JavaScript to use this page; sorry!</section></noscript>

	</div>

</div>

<script defer nomodule src="//play.pokemonshowdown.com/js/lib/ps-polyfill.js"></script>
<script defer src="//play.pokemonshowdown.com/js/lib/preact.min.js"></script>

<script defer src="//play.pokemonshowdown.com/config/config.js?6dec07f6"></script>
<script defer src="//play.pokemonshowdown.com/js/lib/jquery-1.11.0.min.js"></script>
<script defer src="//play.pokemonshowdown.com/js/lib/html-sanitizer-minified.js"></script>
<script defer src="//play.pokemonshowdown.com/js/battle-sound.js"></script>
<script defer src="//play.pokemonshowdown.com/js/battledata.js?0.6315294753075389"></script>
<script defer src="//play.pokemonshowdown.com/data/pokedex-mini.js?0.7603743185311358"></script>
<script defer src="//play.pokemonshowdown.com/data/pokedex-mini-bw.js?0.030888842834281283"></script>
<script defer src="//play.pokemonshowdown.com/data/graphics.js?0.05593094747507488"></script>
<script defer src="//play.pokemonshowdown.com/data/pokedex.js?0.47064822249611904"></script>
<script defer src="//play.pokemonshowdown.com/data/moves.js?0.8583693120512459"></script>
<script defer src="//play.pokemonshowdown.com/data/abilities.js?0.16017181182386842"></script>
<script defer src="//play.pokemonshowdown.com/data/items.js?0.4163379185673943"></script>
<script defer src="//play.pokemonshowdown.com/data/teambuilder-tables.js?0.31075597372830477"></script>
<script defer src="//play.pokemonshowdown.com/js/battle-tooltips.js?0.6536193500708172"></script>
<script defer src="//play.pokemonshowdown.com/js/battle.js?0.1916591943277901"></script>

<script defer src="js/utils.js?e31f9a17"></script>
<script defer src="js/replays-battle.js?7008c182"></script>

<!-- don't scrape this data! just add .json or .log after the URL!
Full API docs: https://github.com/smogon/pokemon-showdown-client/blob/master/WEB-API.md -->
<script type="text/plain" class="log" id="replaylog-smogtours-gen3ou-801496">
|inactive|Battle timer is ON: inactive players will automatically lose when time's up.
|t:|1729734461
|gametype|singles
|player|p1|DimmyJean|2|
|player|p2|dig boshi|266|
|teamsize|p1|6
|teamsize|p2|6
|gen|3
|tier|[Gen 3] OU
|rule|Sleep Clause Mod: Limit one foe put to sleep
|rule|Switch Priority Clause Mod: Faster Pokémon switch first
|rule|Species Clause: Limit one of each Pokémon
|rule|OHKO Clause: OHKO moves are banned
|rule|Evasion Items Clause: Evasion items are banned
|rule|Evasion Moves Clause: Evasion moves are banned
|rule|Endless Battle Clause: Forcing endless battles is banned
|rule|HP Percentage Mod: HP is shown in percentages
|rule|One Boost Passer Clause: Limit one Baton Passer that has a way to boost its stats
|rule|Freeze Clause Mod: Limit one foe frozen
|
|t:|1729734461
|start
|switch|p1a: Zapdos|Zapdos|100/100
|switch|p2a: Blaziken|Blaziken, M|100/100
|turn|1
|
|t:|1729734474
|move|p2a: Blaziken|Fire Blast|p1a: Zapdos|[miss]
|-miss|p2a: Blaziken|p1a: Zapdos
|move|p1a: Zapdos|Thunder Wave|p2a: Blaziken
|-status|p2a: Blaziken|par
|
|upkeep
|turn|2
|
|t:|1729734480
|move|p1a: Zapdos|Thunderbolt|p2a: Blaziken
|-damage|p2a: Blaziken|40/100 par
|move|p2a: Blaziken|Fire Blast|p1a: Zapdos
|-damage|p1a: Zapdos|54/100
|
|-heal|p1a: Zapdos|60/100|[from] item: Leftovers
|upkeep
|turn|3
|
|t:|1729734498
|switch|p2a: Regice|Regice|100/100
|move|p1a: Zapdos|Thunderbolt|p2a: Regice
|-damage|p2a: Regice|79/100
|
|-heal|p1a: Zapdos|67/100|[from] item: Leftovers
|-heal|p2a: Regice|85/100|[from] item: Leftovers
|upkeep
|turn|4
|
|t:|1729734511
|switch|p1a: Jirachi|Jirachi|100/100
|move|p2a: Regice|Ice Beam|p1a: Jirachi
|-resisted|p1a: Jirachi
|-damage|p1a: Jirachi|85/100
|
|-heal|p1a: Jirachi|91/100|[from] item: Leftovers
|-heal|p2a: Regice|91/100|[from] item: Leftovers
|upkeep
|turn|5
|
|t:|1729734519
|move|p1a: Jirachi|Wish|p1a: Jirachi
|move|p2a: Regice|Thunder Wave|p1a: Jirachi
|-status|p1a: Jirachi|par
|
|-heal|p2a: Regice|97/100|[from] item: Leftovers
|-heal|p1a: Jirachi|97/100 par|[from] item: Leftovers
|upkeep
|turn|6
|
|t:|1729734533
|switch|p2a: Blaziken|Blaziken, M|40/100 par
|move|p1a: Jirachi|Fire Punch|p2a: Blaziken
|-resisted|p2a: Blaziken
|-damage|p2a: Blaziken|27/100 par
|
|-heal|p1a: Jirachi|100/100 par|[from] move: Wish|[wisher] Jirachi
|upkeep
|turn|7
|
|t:|1729734547
|switch|p1a: Flygon|Flygon, M|100/100
|move|p2a: Blaziken|Fire Blast|p1a: Flygon
|-resisted|p1a: Flygon
|-damage|p1a: Flygon|43/100
|
|-heal|p1a: Flygon|49/100|[from] item: Leftovers
|upkeep
|turn|8
|
|t:|1729734562
|switch|p2a: Salamence|Salamence, F|100/100
|-ability|p2a: Salamence|Intimidate|boost
|-unboost|p1a: Flygon|atk|1
|move|p1a: Flygon|Earthquake|p2a: Salamence
|-immune|p2a: Salamence
|
|-heal|p1a: Flygon|55/100|[from] item: Leftovers
|upkeep
|turn|9
|
|t:|1729734580
|switch|p1a: Zapdos|Zapdos|67/100
|move|p2a: Salamence|Dragon Claw|p1a: Zapdos
|-damage|p1a: Zapdos|39/100
|
|-heal|p1a: Zapdos|45/100|[from] item: Leftovers
|upkeep
|turn|10
|
|t:|1729734601
|switch|p2a: Regice|Regice|97/100
|switch|p1a: Tyranitar|Tyranitar, F|100/100
|-weather|Sandstorm|[from] ability: Sand Stream|[of] p1a: Tyranitar
|
|-weather|Sandstorm|[upkeep]
|-damage|p2a: Regice|91/100|[from] Sandstorm
|-heal|p2a: Regice|97/100|[from] item: Leftovers
|upkeep
|turn|11
|
|t:|1729734613
|switch|p2a: Swampert|Swampert, F|100/100
|move|p1a: Tyranitar|Dragon Dance|p1a: Tyranitar
|-boost|p1a: Tyranitar|atk|1
|-boost|p1a: Tyranitar|spe|1
|
|-weather|Sandstorm|[upkeep]
|upkeep
|turn|12
|
|t:|1729734619
|switch|p1a: Skarmory|Skarmory, F|100/100
|move|p2a: Swampert|Hydro Pump|p1a: Skarmory
|-damage|p1a: Skarmory|57/100
|
|-weather|Sandstorm|[upkeep]
|-heal|p1a: Skarmory|63/100|[from] item: Leftovers
|upkeep
|turn|13
|
|t:|1729734630
|switch|p2a: Blaziken|Blaziken, M|27/100 par
|move|p1a: Skarmory|Spikes|p2a: Blaziken
|-sidestart|p2: dig boshi|Spikes
|
|-weather|Sandstorm|[upkeep]
|-damage|p2a: Blaziken|21/100 par|[from] Sandstorm
|-heal|p1a: Skarmory|69/100|[from] item: Leftovers
|upkeep
|turn|14
|
|t:|1729734637
|move|p1a: Skarmory|Protect|p1a: Skarmory
|-singleturn|p1a: Skarmory|Protect
|move|p2a: Blaziken|Fire Blast|p1a: Skarmory|[miss]
|-miss|p2a: Blaziken|p1a: Skarmory
|
|-weather|Sandstorm|[upkeep]
|-damage|p2a: Blaziken|15/100 par|[from] Sandstorm
|-heal|p1a: Skarmory|75/100|[from] item: Leftovers
|upkeep
|turn|15
|
|t:|1729734655
|switch|p1a: Tyranitar|Tyranitar, F|100/100
|cant|p2a: Blaziken|par
|
|-weather|Sandstorm|[upkeep]
|-damage|p2a: Blaziken|9/100 par|[from] Sandstorm
|upkeep
|turn|16
|
|t:|1729734662
|move|p1a: Tyranitar|Rock Slide|p2a: Blaziken
|-crit|p2a: Blaziken
|-damage|p2a: Blaziken|0 fnt
|faint|p2a: Blaziken
|
|t:|1729734667
|switch|p2a: Swampert|Swampert, F|100/100
|-damage|p2a: Swampert|88/100|[from] Spikes
|
|-weather|Sandstorm|[upkeep]
|-heal|p2a: Swampert|94/100|[from] item: Leftovers
|upkeep
|turn|17
|
|t:|1729734672
|switch|p1a: Zapdos|Zapdos|45/100
|move|p2a: Swampert|Hydro Pump|p1a: Zapdos
|-damage|p1a: Zapdos|11/100
|
|-weather|Sandstorm|[upkeep]
|-damage|p1a: Zapdos|5/100|[from] Sandstorm
|-heal|p1a: Zapdos|11/100|[from] item: Leftovers
|-heal|p2a: Swampert|100/100|[from] item: Leftovers
|upkeep
|turn|18
|
|t:|1729734706
|switch|p1a: Jirachi|Jirachi|100/100 par
|switch|p2a: Salamence|Salamence, F|100/100
|-ability|p2a: Salamence|Intimidate|boost
|-unboost|p1a: Jirachi|atk|1
|
|-weather|Sandstorm|[upkeep]
|-damage|p2a: Salamence|94/100|[from] Sandstorm
|upkeep
|turn|19
|
|t:|1729734714
|move|p2a: Salamence|Fire Blast|p1a: Jirachi|[miss]
|-miss|p2a: Salamence|p1a: Jirachi
|move|p1a: Jirachi|Body Slam|p2a: Salamence
|-damage|p2a: Salamence|77/100
|
|-weather|Sandstorm|[upkeep]
|-damage|p2a: Salamence|71/100|[from] Sandstorm
|upkeep
|turn|20
|
|t:|1729734723
|switch|p2a: Tyranitar|Tyranitar, M|100/100
|-damage|p2a: Tyranitar|88/100|[from] Spikes
|move|p1a: Jirachi|Body Slam|p2a: Tyranitar
|-resisted|p2a: Tyranitar
|-damage|p2a: Tyranitar|83/100
|-status|p2a: Tyranitar|par
|
|-weather|Sandstorm|[upkeep]
|-heal|p2a: Tyranitar|89/100 par|[from] item: Leftovers
|upkeep
|turn|21
|
|t:|1729734746
|cant|p1a: Jirachi|par
|move|p2a: Tyranitar|Thunder|p1a: Jirachi|[miss]
|-miss|p2a: Tyranitar|p1a: Jirachi
|
|-weather|Sandstorm|[upkeep]
|-heal|p2a: Tyranitar|96/100 par|[from] item: Leftovers
|upkeep
|turn|22
|
|t:|1729734753
|move|p1a: Jirachi|Wish|p1a: Jirachi
|move|p2a: Tyranitar|Earthquake|p1a: Jirachi
|-supereffective|p1a: Jirachi
|-damage|p1a: Jirachi|50/100 par
|
|-weather|Sandstorm|[upkeep]
|-heal|p1a: Jirachi|56/100 par|[from] item: Leftovers
|-heal|p2a: Tyranitar|100/100 par|[from] item: Leftovers
|upkeep
|turn|23
|
|t:|1729734766
|switch|p1a: Flygon|Flygon, M|55/100
|cant|p2a: Tyranitar|par
|
|-heal|p1a: Flygon|100/100|[from] move: Wish|[wisher] Jirachi
|-weather|Sandstorm|[upkeep]
|upkeep
|turn|24
|
|t:|1729734786
|switch|p2a: Salamence|Salamence, F|71/100
|-ability|p2a: Salamence|Intimidate|boost
|-unboost|p1a: Flygon|atk|1
|move|p1a: Flygon|Toxic|p2a: Salamence
|-status|p2a: Salamence|tox
|
|-weather|Sandstorm|[upkeep]
|-damage|p2a: Salamence|65/100 tox|[from] Sandstorm
|-damage|p2a: Salamence|59/100 tox|[from] psn
|upkeep
|turn|25
|
|t:|1729734796
|move|p1a: Flygon|Protect|p1a: Flygon
|-singleturn|p1a: Flygon|Protect
|move|p2a: Salamence|Dragon Claw|p1a: Flygon
|-activate|p1a: Flygon|Protect
|
|-weather|Sandstorm|[upkeep]
|-damage|p2a: Salamence|53/100 tox|[from] Sandstorm
|-damage|p2a: Salamence|40/100 tox|[from] psn
|upkeep
|turn|26
|
|t:|1729734818
|switch|p1a: Jirachi|Jirachi|56/100 par
|move|p2a: Salamence|Hydro Pump|p1a: Jirachi
|-damage|p1a: Jirachi|33/100 par
|
|-weather|Sandstorm|[upkeep]
|-damage|p2a: Salamence|34/100 tox|[from] Sandstorm
|-damage|p2a: Salamence|16/100 tox|[from] psn
|-heal|p1a: Jirachi|39/100 par|[from] item: Leftovers
|upkeep
|turn|27
|inactive|dig boshi has 270 seconds left.
|
|t:|1729734835
|move|p2a: Salamence|Fire Blast|p1a: Jirachi
|-supereffective|p1a: Jirachi
|-damage|p1a: Jirachi|0 fnt
|faint|p1a: Jirachi
|
|t:|1729734850
|switch|p1a: Skarmory|Skarmory, F|75/100
|
|-weather|Sandstorm|[upkeep]
|-damage|p2a: Salamence|10/100 tox|[from] Sandstorm
|-damage|p2a: Salamence|0 fnt|[from] psn
|faint|p2a: Salamence
|-heal|p1a: Skarmory|81/100|[from] item: Leftovers
|upkeep
|inactive|dig boshi has 270 seconds left.
|
|t:|1729734866
|switch|p2a: Regice|Regice|97/100
|-damage|p2a: Regice|85/100|[from] Spikes
|turn|28
|inactive|dig boshi has 270 seconds left.
|
|t:|1729734876
|move|p1a: Skarmory|Toxic|p2a: Regice
|-status|p2a: Regice|tox
|move|p2a: Regice|Thunder|p1a: Skarmory
|-supereffective|p1a: Skarmory
|-damage|p1a: Skarmory|5/100
|
|-weather|Sandstorm|[upkeep]
|-damage|p2a: Regice|79/100 tox|[from] Sandstorm
|-heal|p1a: Skarmory|11/100|[from] item: Leftovers
|-heal|p2a: Regice|85/100 tox|[from] item: Leftovers
|-damage|p2a: Regice|79/100 tox|[from] psn
|upkeep
|turn|29
|inactive|dig boshi has 270 seconds left.
|
|t:|1729734893
|switch|p2a: Zapdos|Zapdos|100/100
|move|p1a: Skarmory|Protect||[still]
|-fail|p1a: Skarmory
|
|-weather|Sandstorm|[upkeep]
|-damage|p2a: Zapdos|94/100|[from] Sandstorm
|-heal|p2a: Zapdos|100/100|[from] item: Leftovers
|-heal|p1a: Skarmory|17/100|[from] item: Leftovers
|upkeep
|turn|30
|inactive|dig boshi has 270 seconds left.
|
|t:|1729734905
|switch|p1a: Zapdos|Zapdos|11/100
|move|p2a: Zapdos|Thunderbolt|p1a: Zapdos
|-damage|p1a: Zapdos|0 fnt
|faint|p1a: Zapdos
|
|t:|1729734910
|switch|p1a: Tyranitar|Tyranitar, F|100/100
|
|-weather|Sandstorm|[upkeep]
|-damage|p2a: Zapdos|94/100|[from] Sandstorm
|-heal|p2a: Zapdos|100/100|[from] item: Leftovers
|upkeep
|turn|31
|inactive|dig boshi has 270 seconds left.
|
|t:|1729734938
|switch|p2a: Swampert|Swampert, F|100/100
|-damage|p2a: Swampert|88/100|[from] Spikes
|move|p1a: Tyranitar|Dragon Dance|p1a: Tyranitar
|-boost|p1a: Tyranitar|atk|1
|-boost|p1a: Tyranitar|spe|1
|
|-weather|Sandstorm|[upkeep]
|-heal|p2a: Swampert|94/100|[from] item: Leftovers
|upkeep
|turn|32
|inactive|dig boshi has 270 seconds left.
|inactive|DimmyJean has 270 seconds left.
|
|t:|1729734973
|switch|p1a: Flygon|Flygon, M|100/100
|move|p2a: Swampert|Hydro Pump|p1a: Flygon
|-damage|p1a: Flygon|41/100
|
|-weather|Sandstorm|[upkeep]
|-heal|p1a: Flygon|47/100|[from] item: Leftovers
|-heal|p2a: Swampert|100/100|[from] item: Leftovers
|upkeep
|turn|33
|inactive|dig boshi has 270 seconds left.
|
|t:|1729734992
|switch|p2a: Regice|Regice|79/100 tox
|-damage|p2a: Regice|67/100 tox|[from] Spikes
|move|p1a: Flygon|Toxic|p2a: Regice
|-fail|p2a: Regice|tox
|
|-weather|Sandstorm|[upkeep]
|-damage|p2a: Regice|61/100 tox|[from] Sandstorm
|-heal|p1a: Flygon|53/100|[from] item: Leftovers
|-heal|p2a: Regice|67/100 tox|[from] item: Leftovers
|-damage|p2a: Regice|61/100 tox|[from] psn
|upkeep
|turn|34
|inactive|dig boshi has 270 seconds left.
|
|t:|1729735002
|move|p1a: Flygon|Protect|p1a: Flygon
|-singleturn|p1a: Flygon|Protect
|move|p2a: Regice|Ice Beam|p1a: Flygon
|-activate|p1a: Flygon|Protect
|
|-weather|Sandstorm|[upkeep]
|-damage|p2a: Regice|55/100 tox|[from] Sandstorm
|-heal|p1a: Flygon|59/100|[from] item: Leftovers
|-heal|p2a: Regice|61/100 tox|[from] item: Leftovers
|-damage|p2a: Regice|49/100 tox|[from] psn
|upkeep
|turn|35
|inactive|DimmyJean has 270 seconds left.
|inactive|dig boshi has 270 seconds left.
|
|t:|1729735016
|switch|p1a: Tyranitar|Tyranitar, F|100/100
|move|p2a: Regice|Thunder Wave|p1a: Tyranitar
|-status|p1a: Tyranitar|par
|-enditem|p1a: Tyranitar|Lum Berry|[eat]
|-curestatus|p1a: Tyranitar|par|[msg]
|
|-weather|Sandstorm|[upkeep]
|-damage|p2a: Regice|43/100 tox|[from] Sandstorm
|-heal|p2a: Regice|49/100 tox|[from] item: Leftovers
|-damage|p2a: Regice|30/100 tox|[from] psn
|upkeep
|turn|36
|inactive|DimmyJean has 270 seconds left.
|inactive|dig boshi has 270 seconds left.
|
|t:|1729735038
|switch|p2a: Swampert|Swampert, F|100/100
|-damage|p2a: Swampert|88/100|[from] Spikes
|move|p1a: Tyranitar|Earthquake|p2a: Swampert
|-damage|p2a: Swampert|52/100
|
|-weather|Sandstorm|[upkeep]
|-heal|p2a: Swampert|58/100|[from] item: Leftovers
|upkeep
|turn|37
|inactive|DimmyJean has 270 seconds left.
|
|t:|1729735059
|-singleturn|p2a: Swampert|move: Focus Punch
|switch|p1a: Flygon|Flygon, M|59/100
|move|p2a: Swampert|Focus Punch|p1a: Flygon
|-damage|p1a: Flygon|31/100
|
|-weather|Sandstorm|[upkeep]
|-heal|p1a: Flygon|37/100|[from] item: Leftovers
|-heal|p2a: Swampert|64/100|[from] item: Leftovers
|upkeep
|turn|38
|
|t:|1729735078
|switch|p2a: Regice|Regice|30/100 tox
|-damage|p2a: Regice|18/100 tox|[from] Spikes
|move|p1a: Flygon|Toxic|p2a: Regice
|-fail|p2a: Regice|tox
|
|-weather|Sandstorm|[upkeep]
|-damage|p2a: Regice|12/100 tox|[from] Sandstorm
|-heal|p1a: Flygon|43/100|[from] item: Leftovers
|-heal|p2a: Regice|18/100 tox|[from] item: Leftovers
|-damage|p2a: Regice|12/100 tox|[from] psn
|upkeep
|turn|39
|
|t:|1729735088
|move|p1a: Flygon|Protect|p1a: Flygon
|-singleturn|p1a: Flygon|Protect
|move|p2a: Regice|Ice Beam|p1a: Flygon
|-activate|p1a: Flygon|Protect
|
|-weather|Sandstorm|[upkeep]
|-damage|p2a: Regice|6/100 tox|[from] Sandstorm
|-heal|p1a: Flygon|49/100|[from] item: Leftovers
|-heal|p2a: Regice|12/100 tox|[from] item: Leftovers
|-damage|p2a: Regice|0 fnt|[from] psn
|faint|p2a: Regice
|upkeep
|inactive|dig boshi has 240 seconds left.
|
|t:|1729735112
|switch|p2a: Swampert|Swampert, F|64/100
|-damage|p2a: Swampert|52/100|[from] Spikes
|turn|40
|inactive|DimmyJean has 270 seconds left.
|
|t:|1729735134
|move|p1a: Flygon|Earthquake|p2a: Swampert
|-damage|p2a: Swampert|21/100
|move|p2a: Swampert|Ice Beam|p1a: Flygon
|-supereffective|p1a: Flygon
|-damage|p1a: Flygon|0 fnt
|faint|p1a: Flygon
|inactive|DimmyJean has 240 seconds left.
|
|t:|1729735161
|switch|p1a: Tyranitar|Tyranitar, F|100/100
|
|-weather|Sandstorm|[upkeep]
|-heal|p2a: Swampert|27/100|[from] item: Leftovers
|upkeep
|turn|41
|
|t:|1729735165
|move|p1a: Tyranitar|Earthquake|p2a: Swampert
|-crit|p2a: Swampert
|-damage|p2a: Swampert|0 fnt
|faint|p2a: Swampert
|
|t:|1729735175
|switch|p2a: Tyranitar|Tyranitar, M|100/100 par
|-damage|p2a: Tyranitar|88/100 par|[from] Spikes
|
|-weather|Sandstorm|[upkeep]
|-heal|p2a: Tyranitar|94/100 par|[from] item: Leftovers
|upkeep
|turn|42
|
|t:|1729735182
|move|p1a: Tyranitar|Earthquake|p2a: Tyranitar
|-supereffective|p2a: Tyranitar
|-damage|p2a: Tyranitar|43/100 par
|cant|p2a: Tyranitar|par
|
|-weather|Sandstorm|[upkeep]
|-heal|p2a: Tyranitar|49/100 par|[from] item: Leftovers
|upkeep
|turn|43
|inactive|dig boshi has 270 seconds left.
|
|t:|1729735189
|move|p1a: Tyranitar|Earthquake|p2a: Tyranitar
|-supereffective|p2a: Tyranitar
|-damage|p2a: Tyranitar|0 fnt
|faint|p2a: Tyranitar
|
|t:|1729735193
|switch|p2a: Zapdos|Zapdos|100/100
|
|-weather|Sandstorm|[upkeep]
|-damage|p2a: Zapdos|94/100|[from] Sandstorm
|-heal|p2a: Zapdos|100/100|[from] item: Leftovers
|upkeep
|turn|44
|
|t:|1729735202
|move|p2a: Zapdos|Thunderbolt|p1a: Tyranitar
|-damage|p1a: Tyranitar|43/100
|-status|p1a: Tyranitar|par
|move|p1a: Tyranitar|Rock Slide|p2a: Zapdos
|-supereffective|p2a: Zapdos
|-damage|p2a: Zapdos|0 fnt
|faint|p2a: Zapdos
|
|win|DimmyJean
|c|☆dig boshi|gg
|c|☆DimmyJean|gg
|player|p2|

</script>
<script type="application/json" class="data" id="replaydata-smogtours-gen3ou-801496">
{"id":"smogtours-gen3ou-801496","format":"[Gen 3] OU","players":["DimmyJean","dig boshi"],"uploadtime":1729735202,"views":76,"formatid":"gen3ou","rating":null,"private":0,"password":null}
</script>

<script defer src="js/replays.js?9d40a366"></script>
