<!DOCTYPE html>
<meta charset="utf-8" />
<meta name="viewport" content="width=device-width" />

<title>[Gen 3] OU: mint yerb vs. Void - Replays - Pok&eacute;mon Showdown!</title>

<meta name="description" content="Watch a replay of a Pok&eacute;mon battle between mint yerb and Void! Format: [Gen 3] OU; Date: Nov 13, 2024" />
<!--

Hey, you! Looking in the source for the replay log?

You can find them in JSON format, just add `.json` at the end of a replay URL.

https://replay.pokemonshowdown.com/gen7randomdoublesbattle-865046831.json

Or, if you only need the log itself, add `.log` instead:

https://replay.pokemonshowdown.com/gen7randomdoublesbattle-865046831.log

-->

<link rel="stylesheet" href="//pokemonshowdown.com/style/global.css?0.767286132409787" />
<link rel="stylesheet" href="//play.pokemonshowdown.com/style/font-awesome.css?0.9266228007934947" />
<link rel="stylesheet" href="//play.pokemonshowdown.com/style/battle.css?0.7924700842790926" />
<link rel="stylesheet" href="//play.pokemonshowdown.com/style/utilichart.css?0.8777417872839479" />

<!-- Global site tag (gtag.js) - Google Analytics -->
<script async src="https://www.googletagmanager.com/gtag/js?id=UA-26211653-1"></script>
<script>
  window.dataLayer = window.dataLayer || [];
  function gtag(){dataLayer.push(arguments);}
  gtag('js', new Date());

  gtag('config', 'UA-26211653-1');
</script>
<!-- End Google Analytics -->
<!-- Venatus Ad Manager - Install in <HEAD> of page -->
	<script src="https://hb.vntsm.com/v3/live/ad-manager.min.js" type="text/javascript" data-site-id="642aba63ec9a7b11c3c9c1be" data-mode="scan" async></script>
<!-- / Venatus Ad Manager -->

<style>
	@media (max-width:820px) {
		.battle {
			margin: 0 auto;
		}
		.battle-log {
			margin: 7px auto 0;
			max-width: 640px;
			height: 300px;
			position: static;
		}
	}
	.optgroup {
		display: inline-block;
		line-height: 22px;
		font-size: 10pt;
	}
	.optgroup .button {
		height: 25px;
		padding-top: 0;
		padding-bottom: 0;
	}
	.optgroup button.button {
		padding-left: 12px;
		padding-right: 12px;
	}
	.linklist {
		list-style: none;
		margin: 0.5em 0;
		padding: 0;
	}
	.linklist li {
		padding: 2px 0;
	}
	.sidebar {
		float: left;
		width: 320px;
	}
	.bar-wrapper {
		max-width: 1100px;
		margin: 0 auto;
	}
	.bar-wrapper.has-sidebar {
		max-width: 1430px;
	}
	.mainbar {
		margin: 0;
		padding-right: 1px;
	}
	.mainbar.has-sidebar {
		margin-left: 330px;
	}
	@media (min-width: 1511px) {
		.sidebar {
			width: 400px;
		}
		.bar-wrapper.has-sidebar {
			max-width: 1510px;
		}
		.mainbar.has-sidebar {
			margin-left: 410px;
		}
	}
	.section.first-section {
		margin-top: 9px;
	}
	.blocklink small {
		white-space: normal;
	}
	.button {
		vertical-align: middle;
	}
	.replay-controls {
		padding-top: 10px;
	}
	.replay-controls h1 {
		font-size: 16pt;
		font-weight: normal;
		color: #CCC;
	}
	.pagelink {
		text-align: center;
	}
	.pagelink a {
		width: 150px;
	}
	.textbox, .button {
		font-size: 11pt;
		vertical-align: middle;
	}
	@media (max-width: 450px) {
		.button {
			font-size: 9pt;
		}
	}
</style>

<div>

	<header>
		<div class="nav-wrapper"><ul class="nav">
			<li><a class="button nav-first" href="//pokemonshowdown.com/"><img src="//pokemonshowdown.com/images/pokemonshowdownbeta.png" srcset="//pokemonshowdown.com/images/pokemonshowdownbeta.png 1x, //pokemonshowdown.com/images/pokemonshowdownbeta@2x.png 2x" alt="Pok&eacute;mon Showdown" width="146" height="44" /> Home</a></li>
			<li><a class="button" href="//pokemonshowdown.com/dex/">Pok&eacute;dex</a></li>
			<li><a class="button cur" href="/">Replays</a></li>
			<li><a class="button" href="//pokemonshowdown.com/ladder/">Ladder</a></li>
			<li><a class="button nav-last" href="//pokemonshowdown.com/forums/">Forum</a></li>
			<li><a class="button greenbutton nav-first nav-last" href="//play.pokemonshowdown.com/">Play</a></li>
		</ul></div>
	</header>

	<div class="main" id="main">

		<noscript><section class="section">You need to enable JavaScript to use this page; sorry!</section></noscript>

	</div>

</div>

<script defer nomodule src="//play.pokemonshowdown.com/js/lib/ps-polyfill.js"></script>
<script defer src="//play.pokemonshowdown.com/js/lib/preact.min.js"></script>

<script defer src="//play.pokemonshowdown.com/config/config.js?6dec07f6"></script>
<script defer src="//play.pokemonshowdown.com/js/lib/jquery-1.11.0.min.js"></script>
<script defer src="//play.pokemonshowdown.com/js/lib/html-sanitizer-minified.js"></script>
<script defer src="//play.pokemonshowdown.com/js/battle-sound.js"></script>
<script defer src="//play.pokemonshowdown.com/js/battledata.js?0.6315294753075389"></script>
<script defer src="//play.pokemonshowdown.com/data/pokedex-mini.js?0.7603743185311358"></script>
<script defer src="//play.pokemonshowdown.com/data/pokedex-mini-bw.js?0.030888842834281283"></script>
<script defer src="//play.pokemonshowdown.com/data/graphics.js?0.05593094747507488"></script>
<script defer src="//play.pokemonshowdown.com/data/pokedex.js?0.47064822249611904"></script>
<script defer src="//play.pokemonshowdown.com/data/moves.js?0.8583693120512459"></script>
<script defer src="//play.pokemonshowdown.com/data/abilities.js?0.16017181182386842"></script>
<script defer src="//play.pokemonshowdown.com/data/items.js?0.4163379185673943"></script>
<script defer src="//play.pokemonshowdown.com/data/teambuilder-tables.js?0.31075597372830477"></script>
<script defer src="//play.pokemonshowdown.com/js/battle-tooltips.js?0.6536193500708172"></script>
<script defer src="//play.pokemonshowdown.com/js/battle.js?0.1916591943277901"></script>

<script defer src="js/utils.js?e31f9a17"></script>
<script defer src="js/replays-battle.js?7008c182"></script>

<!-- don't scrape this data! just add .json or .log after the URL!
Full API docs: https://github.com/smogon/pokemon-showdown-client/blob/master/WEB-API.md -->
<script type="text/plain" class="log" id="replaylog-smogtours-gen3ou-806145">
|inactive|Battle timer is ON: inactive players will automatically lose when time's up.
|t:|1731511770
|gametype|singles
|player|p1|mint yerb|flannery|
|player|p2|Void|#splxvwolfpack|
|teamsize|p1|6
|teamsize|p2|6
|gen|3
|tier|[Gen 3] OU
|rule|Sleep Clause Mod: Limit one foe put to sleep
|rule|Switch Priority Clause Mod: Faster Pokémon switch first
|rule|Species Clause: Limit one of each Pokémon
|rule|OHKO Clause: OHKO moves are banned
|rule|Evasion Items Clause: Evasion items are banned
|rule|Evasion Moves Clause: Evasion moves are banned
|rule|Endless Battle Clause: Forcing endless battles is banned
|rule|HP Percentage Mod: HP is shown in percentages
|rule|One Boost Passer Clause: Limit one Baton Passer that has a way to boost its stats
|rule|Freeze Clause Mod: Limit one foe frozen
|
|t:|1731511770
|start
|switch|p1a: Milotic|Milotic, M|100/100
|switch|p2a: Salamence|Salamence, F|100/100
|-ability|p2a: Salamence|Intimidate|boost
|-unboost|p1a: Milotic|atk|1
|turn|1
|inactive|mint yerb has 270 seconds left.
|inactive|Void has 270 seconds left.
|c|☆mint yerb|glhf
|c|☆Void|u2
|inactive|Void has 240 seconds left.
|
|t:|1731511836
|switch|p2a: Snorlax|Snorlax, M|100/100
|move|p1a: Milotic|Ice Beam|p2a: Snorlax
|-damage|p2a: Snorlax|83/100
|
|-heal|p2a: Snorlax|89/100|[from] item: Leftovers
|upkeep
|turn|2
|
|t:|1731511855
|move|p1a: Milotic|Hypnosis|p2a: Snorlax|[miss]
|-miss|p1a: Milotic|p2a: Snorlax
|move|p2a: Snorlax|Curse|p2a: Snorlax
|-unboost|p2a: Snorlax|spe|1
|-boost|p2a: Snorlax|atk|1
|-boost|p2a: Snorlax|def|1
|
|-heal|p2a: Snorlax|96/100|[from] item: Leftovers
|upkeep
|turn|3
|inactive|mint yerb has 270 seconds left.
|
|t:|1731511886
|switch|p1a: Gengar|Gengar, F|100/100
|move|p2a: Snorlax|Body Slam|p1a: Gengar
|-immune|p1a: Gengar
|
|-heal|p2a: Snorlax|100/100|[from] item: Leftovers
|upkeep
|turn|4
|inactive|mint yerb has 270 seconds left.
|
|t:|1731511892
|switch|p1a: Swampert|Swampert, M|100/100
|switch|p2a: Tyranitar|Tyranitar, M|100/100
|-weather|Sandstorm|[from] ability: Sand Stream|[of] p2a: Tyranitar
|
|-weather|Sandstorm|[upkeep]
|upkeep
|turn|5
|inactive|mint yerb has 270 seconds left.
|
|t:|1731511919
|switch|p2a: Suicune|Suicune|100/100
|move|p1a: Swampert|Counter|p2a: Suicune
|
|-weather|Sandstorm|[upkeep]
|-damage|p2a: Suicune|94/100|[from] Sandstorm
|-heal|p2a: Suicune|100/100|[from] item: Leftovers
|upkeep
|turn|6
|
|t:|1731511926
|move|p2a: Suicune|Surf|p1a: Swampert
|-damage|p1a: Swampert|72/100
|move|p1a: Swampert|Toxic|p2a: Suicune|[miss]
|-miss|p1a: Swampert|p2a: Suicune
|
|-weather|Sandstorm|[upkeep]
|-damage|p2a: Suicune|94/100|[from] Sandstorm
|-heal|p2a: Suicune|100/100|[from] item: Leftovers
|-heal|p1a: Swampert|78/100|[from] item: Leftovers
|upkeep
|turn|7
|
|t:|1731511930
|move|p2a: Suicune|Surf|p1a: Swampert
|-damage|p1a: Swampert|49/100
|move|p1a: Swampert|Earthquake|p2a: Suicune
|-damage|p2a: Suicune|69/100
|
|-weather|Sandstorm|[upkeep]
|-damage|p2a: Suicune|63/100|[from] Sandstorm
|-heal|p2a: Suicune|69/100|[from] item: Leftovers
|-heal|p1a: Swampert|55/100|[from] item: Leftovers
|upkeep
|turn|8
|
|t:|1731511941
|move|p2a: Suicune|Surf|p1a: Swampert
|-damage|p1a: Swampert|29/100
|move|p1a: Swampert|Mirror Coat|p2a: Suicune
|-damage|p2a: Suicune|16/100
|
|-weather|Sandstorm|[upkeep]
|-damage|p2a: Suicune|9/100|[from] Sandstorm
|-heal|p2a: Suicune|16/100|[from] item: Leftovers
|-heal|p1a: Swampert|35/100|[from] item: Leftovers
|upkeep
|turn|9
|
|t:|1731511947
|move|p2a: Suicune|Rest|p2a: Suicune
|-status|p2a: Suicune|slp|[from] move: Rest
|-heal|p2a: Suicune|100/100 slp|[silent]
|move|p1a: Swampert|Earthquake|p2a: Suicune
|-damage|p2a: Suicune|71/100 slp
|
|-weather|Sandstorm|[upkeep]
|-damage|p2a: Suicune|65/100 slp|[from] Sandstorm
|-heal|p2a: Suicune|71/100 slp|[from] item: Leftovers
|-heal|p1a: Swampert|41/100|[from] item: Leftovers
|upkeep
|turn|10
|
|t:|1731511952
|cant|p2a: Suicune|slp
|move|p2a: Suicune|Sleep Talk|p2a: Suicune
|move|p2a: Suicune|Calm Mind|p2a: Suicune|[from]Sleep Talk
|-boost|p2a: Suicune|spa|1
|-boost|p2a: Suicune|spd|1
|move|p1a: Swampert|Earthquake|p2a: Suicune
|-damage|p2a: Suicune|39/100 slp
|
|-weather|Sandstorm|[upkeep]
|-damage|p2a: Suicune|33/100 slp|[from] Sandstorm
|-heal|p2a: Suicune|39/100 slp|[from] item: Leftovers
|-heal|p1a: Swampert|48/100|[from] item: Leftovers
|upkeep
|turn|11
|
|t:|1731511961
|switch|p2a: Salamence|Salamence, F|100/100
|-ability|p2a: Salamence|Intimidate|boost
|-unboost|p1a: Swampert|atk|1
|move|p1a: Swampert|Mirror Coat|p2a: Salamence
|
|-weather|Sandstorm|[upkeep]
|-damage|p2a: Salamence|94/100|[from] Sandstorm
|-heal|p2a: Salamence|100/100|[from] item: Leftovers
|-heal|p1a: Swampert|54/100|[from] item: Leftovers
|upkeep
|turn|12
|
|t:|1731511974
|switch|p1a: Gengar|Gengar, F|100/100
|move|p2a: Salamence|Hidden Power|p1a: Gengar
|-resisted|p1a: Gengar
|-damage|p1a: Gengar|83/100
|
|-weather|Sandstorm|[upkeep]
|-damage|p1a: Gengar|77/100|[from] Sandstorm
|-damage|p2a: Salamence|94/100|[from] Sandstorm
|-heal|p1a: Gengar|83/100|[from] item: Leftovers
|-heal|p2a: Salamence|100/100|[from] item: Leftovers
|upkeep
|turn|13
|
|t:|1731511983
|switch|p1a: Milotic|Milotic, M|100/100
|switch|p2a: Tyranitar|Tyranitar, M|100/100
|
|-weather|Sandstorm|[upkeep]
|-damage|p1a: Milotic|94/100|[from] Sandstorm
|upkeep
|turn|14
|
|t:|1731511988
|switch|p2a: Jirachi|Jirachi|100/100
|move|p1a: Milotic|Hydro Pump|p2a: Jirachi
|-damage|p2a: Jirachi|67/100
|
|-weather|Sandstorm|[upkeep]
|-damage|p1a: Milotic|88/100|[from] Sandstorm
|-heal|p2a: Jirachi|74/100|[from] item: Leftovers
|upkeep
|turn|15
|
|t:|1731512005
|move|p2a: Jirachi|Protect|p2a: Jirachi
|-singleturn|p2a: Jirachi|Protect
|move|p1a: Milotic|Hypnosis|p2a: Jirachi
|-activate|p2a: Jirachi|Protect
|
|-weather|Sandstorm|[upkeep]
|-damage|p1a: Milotic|82/100|[from] Sandstorm
|-heal|p2a: Jirachi|80/100|[from] item: Leftovers
|upkeep
|turn|16
|
|t:|1731512009
|switch|p2a: Suicune|Suicune|39/100 slp
|move|p1a: Milotic|Hydro Pump|p2a: Suicune
|-resisted|p2a: Suicune
|-damage|p2a: Suicune|19/100 slp
|
|-weather|Sandstorm|[upkeep]
|-damage|p1a: Milotic|76/100|[from] Sandstorm
|-damage|p2a: Suicune|13/100 slp|[from] Sandstorm
|-heal|p2a: Suicune|19/100 slp|[from] item: Leftovers
|upkeep
|turn|17
|
|t:|1731512024
|move|p1a: Milotic|Hypnosis|p2a: Suicune|[miss]
|-miss|p1a: Milotic|p2a: Suicune
|cant|p2a: Suicune|slp
|move|p2a: Suicune|Sleep Talk|p2a: Suicune
|move|p2a: Suicune|Calm Mind|p2a: Suicune|[from]Sleep Talk
|-boost|p2a: Suicune|spa|1
|-boost|p2a: Suicune|spd|1
|
|-weather|Sandstorm|[upkeep]
|-damage|p1a: Milotic|70/100|[from] Sandstorm
|-damage|p2a: Suicune|13/100 slp|[from] Sandstorm
|-heal|p2a: Suicune|19/100 slp|[from] item: Leftovers
|upkeep
|turn|18
|
|t:|1731512036
|move|p1a: Milotic|Hidden Power|p2a: Suicune
|-supereffective|p2a: Suicune
|-damage|p2a: Suicune|0 fnt
|faint|p2a: Suicune
|inactive|Void has 270 seconds left.
|
|t:|1731512065
|switch|p2a: Snorlax|Snorlax, M|100/100
|
|-weather|Sandstorm|[upkeep]
|-damage|p1a: Milotic|64/100|[from] Sandstorm
|-damage|p2a: Snorlax|94/100|[from] Sandstorm
|-heal|p2a: Snorlax|100/100|[from] item: Leftovers
|upkeep
|turn|19
|inactive|mint yerb has 270 seconds left.
|
|t:|1731512105
|switch|p1a: Swampert|Swampert, M|54/100
|switch|p2a: Claydol|Claydol|100/100
|
|-weather|Sandstorm|[upkeep]
|-heal|p1a: Swampert|60/100|[from] item: Leftovers
|upkeep
|turn|20
|
|t:|1731512122
|move|p2a: Claydol|Earthquake|p1a: Swampert
|-damage|p1a: Swampert|26/100
|move|p1a: Swampert|Toxic|p2a: Claydol
|-status|p2a: Claydol|tox
|
|-weather|Sandstorm|[upkeep]
|-damage|p2a: Claydol|94/100 tox|[from] psn
|-heal|p1a: Swampert|33/100|[from] item: Leftovers
|upkeep
|turn|21
|inactive|mint yerb has 270 seconds left.
|
|t:|1731512128
|switch|p1a: Celebi|Celebi|100/100
|move|p2a: Claydol|Ice Beam|p1a: Celebi
|-supereffective|p1a: Celebi
|-damage|p1a: Celebi|73/100
|
|-weather|Sandstorm|[upkeep]
|-damage|p1a: Celebi|67/100|[from] Sandstorm
|-heal|p1a: Celebi|73/100|[from] item: Leftovers
|-heal|p2a: Claydol|100/100 tox|[from] item: Leftovers
|-damage|p2a: Claydol|88/100 tox|[from] psn
|upkeep
|turn|22
|inactive|mint yerb has 270 seconds left.
|
|t:|1731512142
|move|p1a: Celebi|Baton Pass|p1a: Celebi
|inactive|mint yerb has 270 seconds left.
|
|t:|1731512157
|switch|p1a: Tyranitar|Tyranitar, M|100/100|[from] Baton Pass
|move|p2a: Claydol|Explosion|p1a: Tyranitar
|-resisted|p1a: Tyranitar
|-damage|p1a: Tyranitar|49/100
|faint|p2a: Claydol
|
|t:|1731512165
|switch|p2a: Salamence|Salamence, F|100/100
|-ability|p2a: Salamence|Intimidate|boost
|-unboost|p1a: Tyranitar|atk|1
|
|-weather|Sandstorm|[upkeep]
|-damage|p2a: Salamence|94/100|[from] Sandstorm
|-heal|p2a: Salamence|100/100|[from] item: Leftovers
|upkeep
|turn|23
|inactive|mint yerb has 270 seconds left.
|inactive|mint yerb has 240 seconds left.
|
|t:|1731512212
|switch|p1a: Swampert|Swampert, M|33/100
|move|p2a: Salamence|Brick Break|p1a: Swampert
|-crit|p1a: Swampert
|-damage|p1a: Swampert|0 fnt
|faint|p1a: Swampert
|
|t:|1731512221
|switch|p1a: Milotic|Milotic, M|64/100
|
|-weather|Sandstorm|[upkeep]
|-damage|p2a: Salamence|94/100|[from] Sandstorm
|-damage|p1a: Milotic|58/100|[from] Sandstorm
|-heal|p2a: Salamence|100/100|[from] item: Leftovers
|upkeep
|turn|24
|
|t:|1731512233
|switch|p2a: Snorlax|Snorlax, M|100/100
|move|p1a: Milotic|Ice Beam|p2a: Snorlax
|-damage|p2a: Snorlax|86/100
|
|-weather|Sandstorm|[upkeep]
|-damage|p1a: Milotic|52/100|[from] Sandstorm
|-damage|p2a: Snorlax|80/100|[from] Sandstorm
|-heal|p2a: Snorlax|86/100|[from] item: Leftovers
|upkeep
|turn|25
|inactive|mint yerb has 210 seconds left.
|
|t:|1731512271
|move|p1a: Milotic|Hypnosis|p2a: Snorlax
|-status|p2a: Snorlax|slp|[from] move: Hypnosis
|cant|p2a: Snorlax|slp
|
|-weather|Sandstorm|[upkeep]
|-damage|p1a: Milotic|45/100|[from] Sandstorm
|-damage|p2a: Snorlax|80/100 slp|[from] Sandstorm
|-heal|p2a: Snorlax|86/100 slp|[from] item: Leftovers
|upkeep
|turn|26
|inactive|mint yerb has 210 seconds left.
|
|t:|1731512278
|switch|p1a: Gengar|Gengar, F|83/100
|switch|p2a: Jirachi|Jirachi|80/100
|
|-weather|Sandstorm|[upkeep]
|-damage|p1a: Gengar|77/100|[from] Sandstorm
|-heal|p1a: Gengar|83/100|[from] item: Leftovers
|-heal|p2a: Jirachi|86/100|[from] item: Leftovers
|upkeep
|turn|27
|inactive|mint yerb has 210 seconds left.
|
|t:|1731512290
|switch|p1a: Tyranitar|Tyranitar, M|49/100
|move|p2a: Jirachi|Protect||[still]
|-fail|p2a: Jirachi
|
|-weather|Sandstorm|[upkeep]
|-heal|p2a: Jirachi|92/100|[from] item: Leftovers
|upkeep
|turn|28
|
|t:|1731512298
|move|p2a: Jirachi|Body Slam|p1a: Tyranitar
|-resisted|p1a: Tyranitar
|-crit|p1a: Tyranitar
|-damage|p1a: Tyranitar|30/100
|-status|p1a: Tyranitar|par
|move|p1a: Tyranitar|Dragon Dance|p1a: Tyranitar
|-boost|p1a: Tyranitar|atk|1
|-boost|p1a: Tyranitar|spe|1
|
|-weather|Sandstorm|[upkeep]
|-heal|p2a: Jirachi|98/100|[from] item: Leftovers
|upkeep
|turn|29
|inactive|mint yerb has 210 seconds left.
|
|t:|1731512314
|switch|p2a: Salamence|Salamence, F|100/100
|-ability|p2a: Salamence|Intimidate|boost
|-unboost|p1a: Tyranitar|atk|1
|move|p1a: Tyranitar|Dragon Dance|p1a: Tyranitar
|-boost|p1a: Tyranitar|atk|1
|-boost|p1a: Tyranitar|spe|1
|
|-weather|Sandstorm|[upkeep]
|-damage|p2a: Salamence|94/100|[from] Sandstorm
|-heal|p2a: Salamence|100/100|[from] item: Leftovers
|upkeep
|turn|30
|
|t:|1731512324
|move|p2a: Salamence|Dragon Claw|p1a: Tyranitar
|-damage|p1a: Tyranitar|0 fnt
|faint|p1a: Tyranitar
|
|t:|1731512328
|switch|p1a: Milotic|Milotic, M|45/100
|
|-weather|Sandstorm|[upkeep]
|-damage|p2a: Salamence|94/100|[from] Sandstorm
|-damage|p1a: Milotic|39/100|[from] Sandstorm
|-heal|p2a: Salamence|100/100|[from] item: Leftovers
|upkeep
|turn|31
|
|t:|1731512336
|switch|p2a: Jirachi|Jirachi|98/100
|switch|p1a: Celebi|Celebi|73/100
|
|-weather|Sandstorm|[upkeep]
|-damage|p1a: Celebi|67/100|[from] Sandstorm
|-heal|p1a: Celebi|73/100|[from] item: Leftovers
|-heal|p2a: Jirachi|100/100|[from] item: Leftovers
|upkeep
|turn|32
|
|t:|1731512342
|move|p1a: Celebi|Calm Mind|p1a: Celebi
|-boost|p1a: Celebi|spa|1
|-boost|p1a: Celebi|spd|1
|move|p2a: Jirachi|Fire Punch|p1a: Celebi
|-supereffective|p1a: Celebi
|-damage|p1a: Celebi|53/100
|
|-weather|Sandstorm|[upkeep]
|-damage|p1a: Celebi|47/100|[from] Sandstorm
|-heal|p1a: Celebi|53/100|[from] item: Leftovers
|upkeep
|turn|33
|inactive|mint yerb has 210 seconds left.
|
|t:|1731512394
|move|p1a: Celebi|Calm Mind|p1a: Celebi
|-boost|p1a: Celebi|spa|1
|-boost|p1a: Celebi|spd|1
|move|p2a: Jirachi|Body Slam|p1a: Celebi
|-damage|p1a: Celebi|38/100
|
|-weather|Sandstorm|[upkeep]
|-damage|p1a: Celebi|32/100|[from] Sandstorm
|-heal|p1a: Celebi|38/100|[from] item: Leftovers
|upkeep
|turn|34
|
|t:|1731512409
|move|p1a: Celebi|Hidden Power|p2a: Jirachi
|-resisted|p2a: Jirachi
|-damage|p2a: Jirachi|84/100
|move|p2a: Jirachi|Body Slam|p1a: Celebi
|-damage|p1a: Celebi|25/100
|
|-weather|Sandstorm|[upkeep]
|-damage|p1a: Celebi|19/100|[from] Sandstorm
|-heal|p1a: Celebi|25/100|[from] item: Leftovers
|-heal|p2a: Jirachi|90/100|[from] item: Leftovers
|upkeep
|turn|35
|
|t:|1731512417
|move|p1a: Celebi|Calm Mind|p1a: Celebi
|-boost|p1a: Celebi|spa|1
|-boost|p1a: Celebi|spd|1
|move|p2a: Jirachi|Body Slam|p1a: Celebi
|-damage|p1a: Celebi|10/100
|
|-weather|Sandstorm|[upkeep]
|-damage|p1a: Celebi|3/100|[from] Sandstorm
|-heal|p1a: Celebi|10/100|[from] item: Leftovers
|-heal|p2a: Jirachi|96/100|[from] item: Leftovers
|upkeep
|turn|36
|
|t:|1731512427
|move|p1a: Celebi|Hidden Power|p2a: Jirachi
|-resisted|p2a: Jirachi
|-damage|p2a: Jirachi|75/100
|move|p2a: Jirachi|Body Slam|p1a: Celebi
|-damage|p1a: Celebi|0 fnt
|faint|p1a: Celebi
|
|t:|1731512435
|switch|p1a: Dugtrio|Dugtrio, M|100/100
|
|-weather|Sandstorm|[upkeep]
|-heal|p2a: Jirachi|81/100|[from] item: Leftovers
|upkeep
|turn|37
|
|t:|1731512444
|move|p2a: Jirachi|Protect|p2a: Jirachi
|-singleturn|p2a: Jirachi|Protect
|move|p1a: Dugtrio|Earthquake|p2a: Jirachi
|-activate|p2a: Jirachi|Protect
|
|-weather|Sandstorm|[upkeep]
|-heal|p2a: Jirachi|87/100|[from] item: Leftovers
|upkeep
|turn|38
|
|t:|1731512448
|move|p1a: Dugtrio|Earthquake|p2a: Jirachi
|-supereffective|p2a: Jirachi
|-damage|p2a: Jirachi|5/100
|move|p2a: Jirachi|Body Slam|p1a: Dugtrio
|-damage|p1a: Dugtrio|42/100
|-status|p1a: Dugtrio|par
|
|-weather|Sandstorm|[upkeep]
|-heal|p2a: Jirachi|11/100|[from] item: Leftovers
|upkeep
|turn|39
|
|t:|1731512453
|move|p2a: Jirachi|Body Slam|p1a: Dugtrio
|-damage|p1a: Dugtrio|0 fnt
|faint|p1a: Dugtrio
|
|t:|1731512456
|switch|p1a: Milotic|Milotic, M|39/100
|
|-weather|Sandstorm|[upkeep]
|-damage|p1a: Milotic|33/100|[from] Sandstorm
|-heal|p2a: Jirachi|18/100|[from] item: Leftovers
|upkeep
|turn|40
|
|t:|1731512465
|move|p2a: Jirachi|Protect|p2a: Jirachi
|-singleturn|p2a: Jirachi|Protect
|move|p1a: Milotic|Hydro Pump|p2a: Jirachi
|-activate|p2a: Jirachi|Protect
|
|-weather|Sandstorm|[upkeep]
|-damage|p1a: Milotic|27/100|[from] Sandstorm
|-heal|p2a: Jirachi|24/100|[from] item: Leftovers
|upkeep
|turn|41
|
|t:|1731512469
|move|p1a: Milotic|Hydro Pump|p2a: Jirachi|[miss]
|-miss|p1a: Milotic|p2a: Jirachi
|move|p2a: Jirachi|Body Slam|p1a: Milotic
|-damage|p1a: Milotic|1/100
|-status|p1a: Milotic|par
|
|-weather|Sandstorm|[upkeep]
|-damage|p1a: Milotic|0 fnt|[from] Sandstorm
|faint|p1a: Milotic
|-heal|p2a: Jirachi|30/100|[from] item: Leftovers
|upkeep
|
|t:|1731512472
|switch|p1a: Gengar|Gengar, F|83/100
|turn|42
|
|t:|1731512475
|move|p2a: Jirachi|Protect|p2a: Jirachi
|-singleturn|p2a: Jirachi|Protect
|move|p1a: Gengar|Taunt|p2a: Jirachi
|-activate|p2a: Jirachi|Protect
|
|-weather|Sandstorm|[upkeep]
|-damage|p1a: Gengar|77/100|[from] Sandstorm
|-heal|p1a: Gengar|83/100|[from] item: Leftovers
|-heal|p2a: Jirachi|36/100|[from] item: Leftovers
|upkeep
|turn|43
|
|t:|1731512479
|move|p1a: Gengar|Thunderbolt|p2a: Jirachi
|-damage|p2a: Jirachi|15/100
|move|p2a: Jirachi|Fire Punch|p1a: Gengar
|-damage|p1a: Gengar|56/100
|
|-weather|Sandstorm|[upkeep]
|-damage|p1a: Gengar|50/100|[from] Sandstorm
|-heal|p1a: Gengar|56/100|[from] item: Leftovers
|-heal|p2a: Jirachi|21/100|[from] item: Leftovers
|upkeep
|turn|44
|
|t:|1731512482
|move|p1a: Gengar|Thunderbolt|p2a: Jirachi
|-damage|p2a: Jirachi|0 fnt
|faint|p2a: Jirachi
|
|t:|1731512485
|switch|p2a: Tyranitar|Tyranitar, M|100/100
|
|-weather|Sandstorm|[upkeep]
|-damage|p1a: Gengar|50/100|[from] Sandstorm
|-heal|p1a: Gengar|56/100|[from] item: Leftovers
|upkeep
|turn|45
|
|t:|1731512490
|move|p1a: Gengar|Destiny Bond|p1a: Gengar
|-singlemove|p1a: Gengar|Destiny Bond
|move|p2a: Tyranitar|Crunch|p1a: Gengar
|-supereffective|p1a: Gengar
|-damage|p1a: Gengar|0 fnt
|faint|p1a: Gengar
|-activate|p1a: Gengar|move: Destiny Bond
|faint|p2a: Tyranitar
|
|win|Void
|c|☆mint yerb|gg
|c|☆Void|Ggs
|c|☆mint yerb|gl w the rest of the tour! 
|c|☆Void|Thanks
|player|p2|
|player|p1|
|player|p2|Void|#splxvwolfpack|

</script>
<script type="application/json" class="data" id="replaydata-smogtours-gen3ou-806145">
{"id":"smogtours-gen3ou-806145","format":"[Gen 3] OU","players":["mint yerb","Void"],"uploadtime":1731512490,"views":32,"formatid":"gen3ou","rating":null,"private":0,"password":null}
</script>

<script defer src="js/replays.js?9d40a366"></script>
