<!DOCTYPE html>
<meta charset="utf-8" />
<meta name="viewport" content="width=device-width" />

<title>[Gen 3] OU: mkizzy vs. Spreek - Replays - Pok&eacute;mon Showdown!</title>

<meta name="description" content="Watch a replay of a Pok&eacute;mon battle between mkizzy and Spreek! Format: [Gen 3] OU; Date: Oct 9, 2024" />
<!--

Hey, you! Looking in the source for the replay log?

You can find them in JSON format, just add `.json` at the end of a replay URL.

https://replay.pokemonshowdown.com/gen7randomdoublesbattle-865046831.json

Or, if you only need the log itself, add `.log` instead:

https://replay.pokemonshowdown.com/gen7randomdoublesbattle-865046831.log

-->

<link rel="stylesheet" href="//pokemonshowdown.com/style/global.css?0.023195364461161105" />
<link rel="stylesheet" href="//play.pokemonshowdown.com/style/font-awesome.css?0.13261647063804238" />
<link rel="stylesheet" href="//play.pokemonshowdown.com/style/battle.css?0.8753245789963631" />
<link rel="stylesheet" href="//play.pokemonshowdown.com/style/utilichart.css?0.8627959624976733" />

<!-- Global site tag (gtag.js) - Google Analytics -->
<script async src="https://www.googletagmanager.com/gtag/js?id=UA-26211653-1"></script>
<script>
  window.dataLayer = window.dataLayer || [];
  function gtag(){dataLayer.push(arguments);}
  gtag('js', new Date());

  gtag('config', 'UA-26211653-1');
</script>
<!-- End Google Analytics -->
<!-- Venatus Ad Manager - Install in <HEAD> of page -->
	<script src="https://hb.vntsm.com/v3/live/ad-manager.min.js" type="text/javascript" data-site-id="642aba63ec9a7b11c3c9c1be" data-mode="scan" async></script>
<!-- / Venatus Ad Manager -->

<style>
	@media (max-width:820px) {
		.battle {
			margin: 0 auto;
		}
		.battle-log {
			margin: 7px auto 0;
			max-width: 640px;
			height: 300px;
			position: static;
		}
	}
	.optgroup {
		display: inline-block;
		line-height: 22px;
		font-size: 10pt;
	}
	.optgroup .button {
		height: 25px;
		padding-top: 0;
		padding-bottom: 0;
	}
	.optgroup button.button {
		padding-left: 12px;
		padding-right: 12px;
	}
	.linklist {
		list-style: none;
		margin: 0.5em 0;
		padding: 0;
	}
	.linklist li {
		padding: 2px 0;
	}
	.sidebar {
		float: left;
		width: 320px;
	}
	.bar-wrapper {
		max-width: 1100px;
		margin: 0 auto;
	}
	.bar-wrapper.has-sidebar {
		max-width: 1430px;
	}
	.mainbar {
		margin: 0;
		padding-right: 1px;
	}
	.mainbar.has-sidebar {
		margin-left: 330px;
	}
	@media (min-width: 1511px) {
		.sidebar {
			width: 400px;
		}
		.bar-wrapper.has-sidebar {
			max-width: 1510px;
		}
		.mainbar.has-sidebar {
			margin-left: 410px;
		}
	}
	.section.first-section {
		margin-top: 9px;
	}
	.blocklink small {
		white-space: normal;
	}
	.button {
		vertical-align: middle;
	}
	.replay-controls {
		padding-top: 10px;
	}
	.replay-controls h1 {
		font-size: 16pt;
		font-weight: normal;
		color: #CCC;
	}
	.pagelink {
		text-align: center;
	}
	.pagelink a {
		width: 150px;
	}
	.textbox, .button {
		font-size: 11pt;
		vertical-align: middle;
	}
	@media (max-width: 450px) {
		.button {
			font-size: 9pt;
		}
	}
</style>

<div>

	<header>
		<div class="nav-wrapper"><ul class="nav">
			<li><a class="button nav-first" href="//pokemonshowdown.com/"><img src="//pokemonshowdown.com/images/pokemonshowdownbeta.png" srcset="//pokemonshowdown.com/images/pokemonshowdownbeta.png 1x, //pokemonshowdown.com/images/pokemonshowdownbeta@2x.png 2x" alt="Pok&eacute;mon Showdown" width="146" height="44" /> Home</a></li>
			<li><a class="button" href="//pokemonshowdown.com/dex/">Pok&eacute;dex</a></li>
			<li><a class="button cur" href="/">Replays</a></li>
			<li><a class="button" href="//pokemonshowdown.com/ladder/">Ladder</a></li>
			<li><a class="button nav-last" href="//pokemonshowdown.com/forums/">Forum</a></li>
			<li><a class="button greenbutton nav-first nav-last" href="//play.pokemonshowdown.com/">Play</a></li>
		</ul></div>
	</header>

	<div class="main" id="main">

		<noscript><section class="section">You need to enable JavaScript to use this page; sorry!</section></noscript>

	</div>

</div>

<script defer nomodule src="//play.pokemonshowdown.com/js/lib/ps-polyfill.js"></script>
<script defer src="//play.pokemonshowdown.com/js/lib/preact.min.js"></script>

<script defer src="//play.pokemonshowdown.com/config/config.js?2bddbc15"></script>
<script defer src="//play.pokemonshowdown.com/js/lib/jquery-1.11.0.min.js"></script>
<script defer src="//play.pokemonshowdown.com/js/lib/html-sanitizer-minified.js"></script>
<script defer src="//play.pokemonshowdown.com/js/battle-sound.js"></script>
<script defer src="//play.pokemonshowdown.com/js/battledata.js?0.7209276989879541"></script>
<script defer src="//play.pokemonshowdown.com/data/pokedex-mini.js?0.6111056340867951"></script>
<script defer src="//play.pokemonshowdown.com/data/pokedex-mini-bw.js?0.3532142036491459"></script>
<script defer src="//play.pokemonshowdown.com/data/graphics.js?0.24223875632456182"></script>
<script defer src="//play.pokemonshowdown.com/data/pokedex.js?0.38839984266356864"></script>
<script defer src="//play.pokemonshowdown.com/data/moves.js?0.21866028504024015"></script>
<script defer src="//play.pokemonshowdown.com/data/abilities.js?0.2005157953846628"></script>
<script defer src="//play.pokemonshowdown.com/data/items.js?0.9894211263848525"></script>
<script defer src="//play.pokemonshowdown.com/data/teambuilder-tables.js?0.6008791140282215"></script>
<script defer src="//play.pokemonshowdown.com/js/battle-tooltips.js?0.7580118955022959"></script>
<script defer src="//play.pokemonshowdown.com/js/battle.js?0.6057722274234274"></script>

<script defer src="js/utils.js?e31f9a17"></script>
<script defer src="js/replays-battle.js?7008c182"></script>

<!-- don't scrape this data! just add .json or .log after the URL!
Full API docs: https://github.com/smogon/pokemon-showdown-client/blob/master/WEB-API.md -->
<script type="text/plain" class="log" id="replaylog-smogtours-gen3ou-796565">
|inactive|Battle timer is ON: inactive players will automatically lose when time's up.
|t:|1728435959
|gametype|singles
|player|p1|mkizzy|brock-gen2|
|player|p2|Spreek|265|
|teamsize|p1|6
|teamsize|p2|6
|gen|3
|tier|[Gen 3] OU
|rule|Sleep Clause Mod: Limit one foe put to sleep
|rule|Switch Priority Clause Mod: Faster Pokémon switch first
|rule|Species Clause: Limit one of each Pokémon
|rule|OHKO Clause: OHKO moves are banned
|rule|Evasion Items Clause: Evasion items are banned
|rule|Evasion Moves Clause: Evasion moves are banned
|rule|Endless Battle Clause: Forcing endless battles is banned
|rule|HP Percentage Mod: HP is shown in percentages
|rule|One Boost Passer Clause: Limit one Baton Passer that has a way to boost its stats
|rule|Freeze Clause Mod: Limit one foe frozen
|
|t:|1728435959
|start
|switch|p1a: If it aint gang|Zapdos|100/100
|switch|p2a: Aerodactyl|Aerodactyl, F|100/100
|turn|1
|c|☆mkizzy|hf
|c|☆Spreek|hf
|
|t:|1728435977
|switch|p1a: I'll risk it|Swampert, F|100/100
|move|p2a: Aerodactyl|Rock Slide|p1a: I'll risk it
|-resisted|p1a: I'll risk it
|-damage|p1a: I'll risk it|79/100
|
|-heal|p1a: I'll risk it|85/100|[from] item: Leftovers
|upkeep
|turn|2
|
|t:|1728435985
|switch|p2a: Skarmory|Skarmory, F|100/100
|move|p1a: I'll risk it|Hydro Pump|p2a: Skarmory
|-damage|p2a: Skarmory|62/100
|
|-heal|p2a: Skarmory|68/100|[from] item: Leftovers
|-heal|p1a: I'll risk it|91/100|[from] item: Leftovers
|upkeep
|turn|3
|
|t:|1728435990
|switch|p1a: If it aint gang|Zapdos|100/100
|move|p2a: Skarmory|Protect||[still]
|-fail|p2a: Skarmory
|
|-heal|p2a: Skarmory|74/100|[from] item: Leftovers
|upkeep
|turn|4
|
|t:|1728435994
|switch|p2a: Blissey|Blissey, F|100/100
|move|p1a: If it aint gang|Thunderbolt|p2a: Blissey
|-damage|p2a: Blissey|83/100
|
|-heal|p2a: Blissey|90/100|[from] item: Leftovers
|upkeep
|turn|5
|
|t:|1728436012
|move|p1a: If it aint gang|Baton Pass|p1a: If it aint gang
|
|t:|1728436014
|switch|p1a: Violent siblings|Dugtrio, M|100/100|[from] Baton Pass
|move|p2a: Blissey|Seismic Toss|p1a: Violent siblings
|-damage|p1a: Violent siblings|55/100
|
|-heal|p2a: Blissey|96/100|[from] item: Leftovers
|upkeep
|turn|6
|
|t:|1728436022
|move|p1a: Violent siblings|Beat Up|p2a: Blissey
|-damage|p2a: Blissey|87/100
|-damage|p2a: Blissey|76/100
|-damage|p2a: Blissey|65/100
|-damage|p2a: Blissey|56/100
|-damage|p2a: Blissey|43/100
|-damage|p2a: Blissey|28/100
|-hitcount|p2a: Blissey|6
|move|p2a: Blissey|Skill Swap|p1a: Violent siblings
|-activate|p2a: Blissey|move: Skill Swap
|-endability|p2a: Blissey|Natural Cure|[from] move: Skill Swap
|-endability|p1a: Violent siblings|Arena Trap|[from] move: Skill Swap
|
|-heal|p2a: Blissey|34/100|[from] item: Leftovers
|upkeep
|turn|7
|
|t:|1728436037
|switch|p2a: Aerodactyl|Aerodactyl, F|100/100
|move|p1a: Violent siblings|Beat Up|p2a: Aerodactyl
|-damage|p2a: Aerodactyl|97/100
|-damage|p2a: Aerodactyl|93/100
|-damage|p2a: Aerodactyl|89/100
|-damage|p2a: Aerodactyl|86/100
|-damage|p2a: Aerodactyl|81/100
|-damage|p2a: Aerodactyl|75/100
|-hitcount|p2a: Aerodactyl|6
|
|upkeep
|turn|8
|inactive|mkizzy has 270 seconds left.
|inactive|Spreek has 270 seconds left.
|
|t:|1728436074
|switch|p1a: If it aint gang|Zapdos|100/100
|move|p2a: Aerodactyl|Earthquake|p1a: If it aint gang
|-immune|p1a: If it aint gang
|
|upkeep
|turn|9
|inactive|Spreek has 270 seconds left.
|
|t:|1728436081
|switch|p2a: Swampert|Swampert, M|100/100
|move|p1a: If it aint gang|Baton Pass|p1a: If it aint gang
|
|t:|1728436087
|switch|p1a: Do it & dash|Jirachi|100/100|[from] Baton Pass
|
|upkeep
|turn|10
|inactive|Spreek has 270 seconds left.
|
|t:|1728436106
|switch|p2a: Tyranitar|Tyranitar, F|100/100
|-weather|Sandstorm|[from] ability: Sand Stream|[of] p2a: Tyranitar
|move|p1a: Do it & dash|Substitute|p1a: Do it & dash
|-start|p1a: Do it & dash|Substitute
|-damage|p1a: Do it & dash|75/100
|
|-weather|Sandstorm|[upkeep]
|-heal|p1a: Do it & dash|82/100|[from] item: Leftovers
|upkeep
|turn|11
|
|t:|1728436112
|move|p1a: Do it & dash|Hidden Power|p2a: Tyranitar
|-supereffective|p2a: Tyranitar
|-damage|p2a: Tyranitar|64/100
|move|p2a: Tyranitar|Flamethrower|p1a: Do it & dash
|-supereffective|p1a: Do it & dash
|-end|p1a: Do it & dash|Substitute
|
|-weather|Sandstorm|[upkeep]
|-heal|p1a: Do it & dash|88/100|[from] item: Leftovers
|-heal|p2a: Tyranitar|70/100|[from] item: Leftovers
|upkeep
|turn|12
|
|t:|1728436120
|switch|p1a: If it aint gang|Zapdos|100/100
|move|p2a: Tyranitar|Flamethrower|p1a: If it aint gang
|-damage|p1a: If it aint gang|67/100
|
|-weather|Sandstorm|[upkeep]
|-damage|p1a: If it aint gang|61/100|[from] Sandstorm
|-heal|p1a: If it aint gang|67/100|[from] item: Leftovers
|-heal|p2a: Tyranitar|76/100|[from] item: Leftovers
|upkeep
|turn|13
|
|t:|1728436139
|switch|p2a: Gengar|Gengar, M|100/100
|move|p1a: If it aint gang|Baton Pass|p1a: If it aint gang
|
|t:|1728436159
|switch|p1a: I'll risk it|Swampert, F|91/100|[from] Baton Pass
|
|-weather|Sandstorm|[upkeep]
|-damage|p2a: Gengar|95/100|[from] Sandstorm
|-heal|p2a: Gengar|100/100|[from] item: Leftovers
|-heal|p1a: I'll risk it|97/100|[from] item: Leftovers
|upkeep
|turn|14
|
|t:|1728436165
|move|p2a: Gengar|Hidden Power|p1a: I'll risk it
|-supereffective|p1a: I'll risk it
|-damage|p1a: I'll risk it|26/100
|move|p1a: I'll risk it|Hydro Pump|p2a: Gengar
|-damage|p2a: Gengar|24/100
|
|-weather|Sandstorm|[upkeep]
|-damage|p2a: Gengar|18/100|[from] Sandstorm
|-heal|p2a: Gengar|24/100|[from] item: Leftovers
|-heal|p1a: I'll risk it|32/100|[from] item: Leftovers
|upkeep
|turn|15
|
|t:|1728436176
|switch|p1a: Do it & dash|Jirachi|88/100
|move|p2a: Gengar|Hidden Power|p1a: Do it & dash
|-resisted|p1a: Do it & dash
|-damage|p1a: Do it & dash|80/100
|
|-weather|Sandstorm|[upkeep]
|-damage|p2a: Gengar|18/100|[from] Sandstorm
|-heal|p2a: Gengar|24/100|[from] item: Leftovers
|-heal|p1a: Do it & dash|86/100|[from] item: Leftovers
|upkeep
|turn|16
|
|t:|1728436200
|move|p2a: Gengar|Thunderbolt|p1a: Do it & dash
|-damage|p1a: Do it & dash|64/100
|move|p1a: Do it & dash|Thunderbolt|p2a: Gengar
|-damage|p2a: Gengar|0 fnt
|faint|p2a: Gengar
|
|t:|1728436205
|switch|p2a: Aerodactyl|Aerodactyl, F|75/100
|
|-weather|Sandstorm|[upkeep]
|-heal|p1a: Do it & dash|70/100|[from] item: Leftovers
|upkeep
|turn|17
|
|t:|1728436210
|move|p2a: Aerodactyl|Earthquake|p1a: Do it & dash
|-supereffective|p1a: Do it & dash
|-crit|p1a: Do it & dash
|-damage|p1a: Do it & dash|0 fnt
|faint|p1a: Do it & dash
|
|t:|1728436213
|switch|p1a: If it aint gang|Zapdos|67/100
|
|-weather|Sandstorm|[upkeep]
|-damage|p1a: If it aint gang|61/100|[from] Sandstorm
|-heal|p1a: If it aint gang|67/100|[from] item: Leftovers
|upkeep
|turn|18
|
|t:|1728436230
|switch|p2a: Blissey|Blissey, F|34/100
|move|p1a: If it aint gang|Hidden Power|p2a: Blissey
|-damage|p2a: Blissey|25/100
|
|-weather|Sandstorm|[upkeep]
|-damage|p1a: If it aint gang|61/100|[from] Sandstorm
|-damage|p2a: Blissey|19/100|[from] Sandstorm
|-heal|p1a: If it aint gang|67/100|[from] item: Leftovers
|-heal|p2a: Blissey|25/100|[from] item: Leftovers
|upkeep
|turn|19
|
|t:|1728436235
|move|p1a: If it aint gang|Drill Peck|p2a: Blissey
|-damage|p2a: Blissey|6/100
|move|p2a: Blissey|Soft-Boiled|p2a: Blissey
|-heal|p2a: Blissey|56/100
|
|-weather|Sandstorm|[upkeep]
|-damage|p1a: If it aint gang|61/100|[from] Sandstorm
|-damage|p2a: Blissey|50/100|[from] Sandstorm
|-heal|p1a: If it aint gang|67/100|[from] item: Leftovers
|-heal|p2a: Blissey|56/100|[from] item: Leftovers
|upkeep
|turn|20
|
|t:|1728436239
|move|p1a: If it aint gang|Baton Pass|p1a: If it aint gang
|
|t:|1728436240
|switch|p1a: Violent siblings|Dugtrio, M|55/100|[from] Baton Pass
|move|p2a: Blissey|Soft-Boiled|p2a: Blissey
|-heal|p2a: Blissey|100/100
|
|-weather|Sandstorm|[upkeep]
|-damage|p2a: Blissey|94/100|[from] Sandstorm
|-heal|p2a: Blissey|100/100|[from] item: Leftovers
|upkeep
|turn|21
|
|t:|1728436245
|move|p1a: Violent siblings|Earthquake|p2a: Blissey
|-damage|p2a: Blissey|52/100
|move|p2a: Blissey|Skill Swap|p1a: Violent siblings
|-activate|p2a: Blissey|move: Skill Swap
|-endability|p2a: Blissey|Natural Cure|[from] move: Skill Swap
|-endability|p1a: Violent siblings|Arena Trap|[from] move: Skill Swap
|
|-weather|Sandstorm|[upkeep]
|-damage|p2a: Blissey|46/100|[from] Sandstorm
|-heal|p2a: Blissey|52/100|[from] item: Leftovers
|upkeep
|turn|22
|
|t:|1728436251
|switch|p2a: Aerodactyl|Aerodactyl, F|75/100
|move|p1a: Violent siblings|Earthquake|p2a: Aerodactyl
|-immune|p2a: Aerodactyl
|
|-weather|Sandstorm|[upkeep]
|upkeep
|turn|23
|
|t:|1728436259
|switch|p1a: I'll risk it|Swampert, F|32/100
|move|p2a: Aerodactyl|Hidden Power|p1a: I'll risk it
|-damage|p1a: I'll risk it|6/100
|
|-weather|Sandstorm|[upkeep]
|-heal|p1a: I'll risk it|12/100|[from] item: Leftovers
|upkeep
|turn|24
|
|t:|1728436265
|move|p2a: Aerodactyl|Hidden Power|p1a: I'll risk it
|-damage|p1a: I'll risk it|0 fnt
|faint|p1a: I'll risk it
|
|t:|1728436271
|switch|p1a: If it aint gang|Zapdos|67/100
|
|-weather|Sandstorm|[upkeep]
|-damage|p1a: If it aint gang|61/100|[from] Sandstorm
|-heal|p1a: If it aint gang|67/100|[from] item: Leftovers
|upkeep
|turn|25
|
|t:|1728436288
|switch|p2a: Tyranitar|Tyranitar, F|76/100
|move|p1a: If it aint gang|Baton Pass|p1a: If it aint gang
|
|t:|1728436292
|switch|p1a: Violent siblings|Dugtrio, M|55/100|[from] Baton Pass
|
|-weather|Sandstorm|[upkeep]
|-heal|p2a: Tyranitar|82/100|[from] item: Leftovers
|upkeep
|turn|26
|
|t:|1728436296
|move|p1a: Violent siblings|Earthquake|p2a: Tyranitar
|-supereffective|p2a: Tyranitar
|-crit|p2a: Tyranitar
|-damage|p2a: Tyranitar|0 fnt
|faint|p2a: Tyranitar
|
|t:|1728436319
|switch|p2a: Aerodactyl|Aerodactyl, F|75/100
|
|-weather|Sandstorm|[upkeep]
|upkeep
|turn|27
|
|t:|1728436332
|switch|p1a: Burn them bridges|Suicune|100/100
|move|p2a: Aerodactyl|Hidden Power|p1a: Burn them bridges
|-damage|p1a: Burn them bridges|72/100
|
|-weather|Sandstorm|[upkeep]
|-damage|p1a: Burn them bridges|66/100|[from] Sandstorm
|-heal|p1a: Burn them bridges|72/100|[from] item: Leftovers
|upkeep
|turn|28
|
|t:|1728436340
|switch|p2a: Blissey|Blissey, F|52/100
|switch|p1a: Violent siblings|Dugtrio, M|55/100
|
|-weather|Sandstorm|[upkeep]
|-damage|p2a: Blissey|46/100|[from] Sandstorm
|-heal|p2a: Blissey|52/100|[from] item: Leftovers
|upkeep
|turn|29
|
|t:|1728436344
|move|p1a: Violent siblings|Earthquake|p2a: Blissey
|-damage|p2a: Blissey|0 fnt
|faint|p2a: Blissey
|
|t:|1728436347
|switch|p2a: Aerodactyl|Aerodactyl, F|75/100
|
|-weather|Sandstorm|[upkeep]
|upkeep
|turn|30
|
|t:|1728436351
|move|p2a: Aerodactyl|Hidden Power|p1a: Violent siblings
|-damage|p1a: Violent siblings|0 fnt
|faint|p1a: Violent siblings
|
|t:|1728436380
|switch|p1a: If it aint gang|Zapdos|67/100
|
|-weather|Sandstorm|[upkeep]
|-damage|p1a: If it aint gang|61/100|[from] Sandstorm
|-heal|p1a: If it aint gang|67/100|[from] item: Leftovers
|upkeep
|turn|31
|
|t:|1728436390
|switch|p2a: Skarmory|Skarmory, F|74/100
|move|p1a: If it aint gang|Thunderbolt|p2a: Skarmory
|-supereffective|p2a: Skarmory
|-damage|p2a: Skarmory|0 fnt
|faint|p2a: Skarmory
|
|t:|1728436391
|switch|p2a: Aerodactyl|Aerodactyl, F|75/100
|
|-weather|Sandstorm|[upkeep]
|-damage|p1a: If it aint gang|61/100|[from] Sandstorm
|-heal|p1a: If it aint gang|67/100|[from] item: Leftovers
|upkeep
|turn|32
|
|t:|1728436401
|switch|p1a: Get me a drop|Tyranitar, F|100/100
|move|p2a: Aerodactyl|Rock Slide|p1a: Get me a drop
|-damage|p1a: Get me a drop|54/100
|
|-weather|Sandstorm|[upkeep]
|-heal|p1a: Get me a drop|61/100|[from] item: Leftovers
|upkeep
|turn|33
|
|t:|1728436406
|switch|p2a: Swampert|Swampert, M|100/100
|move|p1a: Get me a drop|Rock Slide|p2a: Swampert
|-resisted|p2a: Swampert
|-damage|p2a: Swampert|88/100
|
|-weather|Sandstorm|[upkeep]
|-heal|p1a: Get me a drop|67/100|[from] item: Leftovers
|-heal|p2a: Swampert|94/100|[from] item: Leftovers
|upkeep
|turn|34
|
|t:|1728436426
|switch|p1a: Burn them bridges|Suicune|72/100
|switch|p2a: Aerodactyl|Aerodactyl, F|75/100
|
|-weather|Sandstorm|[upkeep]
|-damage|p1a: Burn them bridges|66/100|[from] Sandstorm
|-heal|p1a: Burn them bridges|72/100|[from] item: Leftovers
|upkeep
|turn|35
|inactive|Spreek has 270 seconds left.
|inactive|Spreek has 240 seconds left.
|
|t:|1728436478
|move|p2a: Aerodactyl|Rock Slide|p1a: Burn them bridges
|-damage|p1a: Burn them bridges|23/100
|cant|p1a: Burn them bridges|flinch
|
|-weather|Sandstorm|[upkeep]
|-damage|p1a: Burn them bridges|17/100|[from] Sandstorm
|-heal|p1a: Burn them bridges|23/100|[from] item: Leftovers
|upkeep
|turn|36
|
|t:|1728436485
|move|p2a: Aerodactyl|Rock Slide|p1a: Burn them bridges
|-damage|p1a: Burn them bridges|0 fnt
|faint|p1a: Burn them bridges
|
|t:|1728436489
|switch|p1a: Get me a drop|Tyranitar, F|67/100
|
|-weather|Sandstorm|[upkeep]
|-heal|p1a: Get me a drop|73/100|[from] item: Leftovers
|upkeep
|turn|37
|
|t:|1728436494
|switch|p2a: Swampert|Swampert, M|94/100
|move|p1a: Get me a drop|Rock Slide|p2a: Swampert
|-resisted|p2a: Swampert
|-damage|p2a: Swampert|80/100
|
|-weather|Sandstorm|[upkeep]
|-heal|p1a: Get me a drop|79/100|[from] item: Leftovers
|-heal|p2a: Swampert|86/100|[from] item: Leftovers
|upkeep
|turn|38
|
|t:|1728436497
|switch|p1a: If it aint gang|Zapdos|67/100
|move|p2a: Swampert|Surf|p1a: If it aint gang
|-damage|p1a: If it aint gang|32/100
|
|-weather|Sandstorm|[upkeep]
|-damage|p1a: If it aint gang|25/100|[from] Sandstorm
|-heal|p1a: If it aint gang|32/100|[from] item: Leftovers
|-heal|p2a: Swampert|92/100|[from] item: Leftovers
|upkeep
|turn|39
|
|t:|1728436505
|move|p2a: Swampert|Protect|p2a: Swampert
|-singleturn|p2a: Swampert|Protect
|move|p1a: If it aint gang|Thunderbolt|p2a: Swampert
|-activate|p2a: Swampert|Protect
|
|-weather|Sandstorm|[upkeep]
|-damage|p1a: If it aint gang|25/100|[from] Sandstorm
|-heal|p1a: If it aint gang|32/100|[from] item: Leftovers
|-heal|p2a: Swampert|98/100|[from] item: Leftovers
|upkeep
|turn|40
|
|t:|1728436508
|move|p1a: If it aint gang|Hidden Power|p2a: Swampert
|-supereffective|p2a: Swampert
|-damage|p2a: Swampert|15/100
|move|p2a: Swampert|Surf|p1a: If it aint gang
|-damage|p1a: If it aint gang|0 fnt
|faint|p1a: If it aint gang
|
|t:|1728436513
|switch|p1a: Get me a drop|Tyranitar, F|79/100
|
|-weather|Sandstorm|[upkeep]
|-heal|p1a: Get me a drop|85/100|[from] item: Leftovers
|-heal|p2a: Swampert|21/100|[from] item: Leftovers
|upkeep
|turn|41
|
|t:|1728436515
|move|p1a: Get me a drop|Earthquake|p2a: Swampert
|-damage|p2a: Swampert|0 fnt
|faint|p2a: Swampert
|
|t:|1728436517
|switch|p2a: Aerodactyl|Aerodactyl, F|75/100
|
|-weather|Sandstorm|[upkeep]
|-heal|p1a: Get me a drop|92/100|[from] item: Leftovers
|upkeep
|turn|42
|
|t:|1728436520
|move|p2a: Aerodactyl|Hidden Power|p1a: Get me a drop
|-supereffective|p1a: Get me a drop
|-crit|p1a: Get me a drop
|-damage|p1a: Get me a drop|0 fnt
|faint|p1a: Get me a drop
|
|win|Spreek
|c|☆mkizzy|gg
|c|☆Spreek|gg
|player|p1|

</script>
<script type="application/json" class="data" id="replaydata-smogtours-gen3ou-796565">
{"id":"smogtours-gen3ou-796565","format":"[Gen 3] OU","players":["mkizzy","Spreek"],"uploadtime":1728436520,"views":113,"formatid":"gen3ou","rating":null,"private":0,"password":null}
</script>

<script defer src="js/replays.js?9d40a366"></script>
