<!DOCTYPE html>
<meta charset="utf-8" />
<meta name="viewport" content="width=device-width" />

<title>[Gen 3] OU: Dhgss vs. yyyyyfyyyyy - Replays - Pok&eacute;mon Showdown!</title>

<meta name="description" content="Watch a replay of a Pok&eacute;mon battle between Dhgss and yyyyyfyyyyy! Format: [Gen 3] OU; Date: Oct 15, 2024" />
<!--

Hey, you! Looking in the source for the replay log?

You can find them in JSON format, just add `.json` at the end of a replay URL.

https://replay.pokemonshowdown.com/gen7randomdoublesbattle-865046831.json

Or, if you only need the log itself, add `.log` instead:

https://replay.pokemonshowdown.com/gen7randomdoublesbattle-865046831.log

-->

<link rel="stylesheet" href="//pokemonshowdown.com/style/global.css?0.023195364461161105" />
<link rel="stylesheet" href="//play.pokemonshowdown.com/style/font-awesome.css?0.13261647063804238" />
<link rel="stylesheet" href="//play.pokemonshowdown.com/style/battle.css?0.8753245789963631" />
<link rel="stylesheet" href="//play.pokemonshowdown.com/style/utilichart.css?0.8627959624976733" />

<!-- Global site tag (gtag.js) - Google Analytics -->
<script async src="https://www.googletagmanager.com/gtag/js?id=UA-26211653-1"></script>
<script>
  window.dataLayer = window.dataLayer || [];
  function gtag(){dataLayer.push(arguments);}
  gtag('js', new Date());

  gtag('config', 'UA-26211653-1');
</script>
<!-- End Google Analytics -->
<!-- Venatus Ad Manager - Install in <HEAD> of page -->
	<script src="https://hb.vntsm.com/v3/live/ad-manager.min.js" type="text/javascript" data-site-id="642aba63ec9a7b11c3c9c1be" data-mode="scan" async></script>
<!-- / Venatus Ad Manager -->

<style>
	@media (max-width:820px) {
		.battle {
			margin: 0 auto;
		}
		.battle-log {
			margin: 7px auto 0;
			max-width: 640px;
			height: 300px;
			position: static;
		}
	}
	.optgroup {
		display: inline-block;
		line-height: 22px;
		font-size: 10pt;
	}
	.optgroup .button {
		height: 25px;
		padding-top: 0;
		padding-bottom: 0;
	}
	.optgroup button.button {
		padding-left: 12px;
		padding-right: 12px;
	}
	.linklist {
		list-style: none;
		margin: 0.5em 0;
		padding: 0;
	}
	.linklist li {
		padding: 2px 0;
	}
	.sidebar {
		float: left;
		width: 320px;
	}
	.bar-wrapper {
		max-width: 1100px;
		margin: 0 auto;
	}
	.bar-wrapper.has-sidebar {
		max-width: 1430px;
	}
	.mainbar {
		margin: 0;
		padding-right: 1px;
	}
	.mainbar.has-sidebar {
		margin-left: 330px;
	}
	@media (min-width: 1511px) {
		.sidebar {
			width: 400px;
		}
		.bar-wrapper.has-sidebar {
			max-width: 1510px;
		}
		.mainbar.has-sidebar {
			margin-left: 410px;
		}
	}
	.section.first-section {
		margin-top: 9px;
	}
	.blocklink small {
		white-space: normal;
	}
	.button {
		vertical-align: middle;
	}
	.replay-controls {
		padding-top: 10px;
	}
	.replay-controls h1 {
		font-size: 16pt;
		font-weight: normal;
		color: #CCC;
	}
	.pagelink {
		text-align: center;
	}
	.pagelink a {
		width: 150px;
	}
	.textbox, .button {
		font-size: 11pt;
		vertical-align: middle;
	}
	@media (max-width: 450px) {
		.button {
			font-size: 9pt;
		}
	}
</style>

<div>

	<header>
		<div class="nav-wrapper"><ul class="nav">
			<li><a class="button nav-first" href="//pokemonshowdown.com/"><img src="//pokemonshowdown.com/images/pokemonshowdownbeta.png" srcset="//pokemonshowdown.com/images/pokemonshowdownbeta.png 1x, //pokemonshowdown.com/images/pokemonshowdownbeta@2x.png 2x" alt="Pok&eacute;mon Showdown" width="146" height="44" /> Home</a></li>
			<li><a class="button" href="//pokemonshowdown.com/dex/">Pok&eacute;dex</a></li>
			<li><a class="button cur" href="/">Replays</a></li>
			<li><a class="button" href="//pokemonshowdown.com/ladder/">Ladder</a></li>
			<li><a class="button nav-last" href="//pokemonshowdown.com/forums/">Forum</a></li>
			<li><a class="button greenbutton nav-first nav-last" href="//play.pokemonshowdown.com/">Play</a></li>
		</ul></div>
	</header>

	<div class="main" id="main">

		<noscript><section class="section">You need to enable JavaScript to use this page; sorry!</section></noscript>

	</div>

</div>

<script defer nomodule src="//play.pokemonshowdown.com/js/lib/ps-polyfill.js"></script>
<script defer src="//play.pokemonshowdown.com/js/lib/preact.min.js"></script>

<script defer src="//play.pokemonshowdown.com/config/config.js?2bddbc15"></script>
<script defer src="//play.pokemonshowdown.com/js/lib/jquery-1.11.0.min.js"></script>
<script defer src="//play.pokemonshowdown.com/js/lib/html-sanitizer-minified.js"></script>
<script defer src="//play.pokemonshowdown.com/js/battle-sound.js"></script>
<script defer src="//play.pokemonshowdown.com/js/battledata.js?0.7209276989879541"></script>
<script defer src="//play.pokemonshowdown.com/data/pokedex-mini.js?0.6111056340867951"></script>
<script defer src="//play.pokemonshowdown.com/data/pokedex-mini-bw.js?0.3532142036491459"></script>
<script defer src="//play.pokemonshowdown.com/data/graphics.js?0.24223875632456182"></script>
<script defer src="//play.pokemonshowdown.com/data/pokedex.js?0.38839984266356864"></script>
<script defer src="//play.pokemonshowdown.com/data/moves.js?0.21866028504024015"></script>
<script defer src="//play.pokemonshowdown.com/data/abilities.js?0.2005157953846628"></script>
<script defer src="//play.pokemonshowdown.com/data/items.js?0.9894211263848525"></script>
<script defer src="//play.pokemonshowdown.com/data/teambuilder-tables.js?0.6008791140282215"></script>
<script defer src="//play.pokemonshowdown.com/js/battle-tooltips.js?0.7580118955022959"></script>
<script defer src="//play.pokemonshowdown.com/js/battle.js?0.6057722274234274"></script>

<script defer src="js/utils.js?e31f9a17"></script>
<script defer src="js/replays-battle.js?7008c182"></script>

<!-- don't scrape this data! just add .json or .log after the URL!
Full API docs: https://github.com/smogon/pokemon-showdown-client/blob/master/WEB-API.md -->
<script type="text/plain" class="log" id="replaylog-smogtours-gen3ou-798903">
|inactive|Battle timer is ON: inactive players will automatically lose when time's up.
|t:|1729004611
|gametype|singles
|player|p1|Dhgss|ethan|
|player|p2|yyyyyfyyyyy|265|
|teamsize|p1|6
|teamsize|p2|6
|gen|3
|tier|[Gen 3] OU
|rule|Sleep Clause Mod: Limit one foe put to sleep
|rule|Switch Priority Clause Mod: Faster Pokémon switch first
|rule|Species Clause: Limit one of each Pokémon
|rule|OHKO Clause: OHKO moves are banned
|rule|Evasion Items Clause: Evasion items are banned
|rule|Evasion Moves Clause: Evasion moves are banned
|rule|Endless Battle Clause: Forcing endless battles is banned
|rule|HP Percentage Mod: HP is shown in percentages
|rule|One Boost Passer Clause: Limit one Baton Passer that has a way to boost its stats
|rule|Freeze Clause Mod: Limit one foe frozen
|
|t:|1729004611
|start
|switch|p1a: Skarmory|Skarmory, F|100/100
|switch|p2a: Zapdos|Zapdos|100/100
|turn|1
|c|☆yyyyyfyyyyy|glhf
|c|☆Dhgss|GL
|
|t:|1729004622
|switch|p1a: Blissey|Blissey, F, shiny|100/100
|move|p2a: Zapdos|Thunderbolt|p1a: Blissey
|-damage|p1a: Blissey|81/100
|
|-heal|p1a: Blissey|87/100|[from] item: Leftovers
|upkeep
|turn|2
|
|t:|1729004644
|switch|p2a: Blissey|Blissey, F, shiny|100/100
|move|p1a: Blissey|Ice Beam|p2a: Blissey
|-crit|p2a: Blissey
|-damage|p2a: Blissey|81/100
|
|-heal|p2a: Blissey|87/100|[from] item: Leftovers
|-heal|p1a: Blissey|94/100|[from] item: Leftovers
|upkeep
|turn|3
|
|t:|1729004653
|move|p2a: Blissey|Toxic|p1a: Blissey
|-status|p1a: Blissey|tox
|move|p1a: Blissey|Toxic|p2a: Blissey
|-status|p2a: Blissey|tox
|
|-heal|p2a: Blissey|93/100 tox|[from] item: Leftovers
|-damage|p2a: Blissey|87/100 tox|[from] psn
|-heal|p1a: Blissey|99/100 tox|[from] item: Leftovers
|-damage|p1a: Blissey|94/100 tox|[from] psn
|upkeep
|turn|4
|
|t:|1729004665
|-curestatus|p2a: Blissey|tox|[from] ability: Natural Cure
|switch|p2a: Skarmory|Skarmory, F|100/100
|-curestatus|p1a: Blissey|tox|[from] ability: Natural Cure
|switch|p1a: Skarmory|Skarmory, F|100/100
|
|upkeep
|turn|5
|
|t:|1729004673
|move|p1a: Skarmory|Spikes|p2a: Skarmory
|-sidestart|p2: yyyyyfyyyyy|Spikes
|move|p2a: Skarmory|Spikes|p1a: Skarmory
|-sidestart|p1: Dhgss|Spikes
|
|upkeep
|turn|6
|
|t:|1729004678
|move|p2a: Skarmory|Spikes|p1a: Skarmory
|-sidestart|p1: Dhgss|Spikes
|move|p1a: Skarmory|Roar|p2a: Skarmory
|drag|p2a: Blissey|Blissey, F, shiny|87/100
|-damage|p2a: Blissey|74/100|[from] Spikes
|
|-heal|p2a: Blissey|81/100|[from] item: Leftovers
|upkeep
|turn|7
|
|t:|1729004689
|move|p2a: Blissey|Fire Blast|p1a: Skarmory
|-supereffective|p1a: Skarmory
|-damage|p1a: Skarmory|50/100
|-status|p1a: Skarmory|brn
|move|p1a: Skarmory|Spikes|p2a: Blissey
|-sidestart|p2: yyyyyfyyyyy|Spikes
|
|-heal|p2a: Blissey|87/100|[from] item: Leftovers
|-heal|p1a: Skarmory|56/100 brn|[from] item: Leftovers
|-damage|p1a: Skarmory|44/100 brn|[from] brn
|upkeep
|turn|8
|
|t:|1729004700
|switch|p1a: Blissey|Blissey, F, shiny|94/100
|-damage|p1a: Blissey|77/100|[from] Spikes
|move|p2a: Blissey|Fire Blast|p1a: Blissey
|-damage|p1a: Blissey|66/100
|
|-heal|p2a: Blissey|93/100|[from] item: Leftovers
|-heal|p1a: Blissey|72/100|[from] item: Leftovers
|upkeep
|turn|9
|
|t:|1729004709
|move|p2a: Blissey|Toxic|p1a: Blissey
|-status|p1a: Blissey|tox
|move|p1a: Blissey|Toxic|p2a: Blissey
|-status|p2a: Blissey|tox
|
|-heal|p2a: Blissey|99/100 tox|[from] item: Leftovers
|-damage|p2a: Blissey|93/100 tox|[from] psn
|-heal|p1a: Blissey|78/100 tox|[from] item: Leftovers
|-damage|p1a: Blissey|72/100 tox|[from] psn
|upkeep
|turn|10
|
|t:|1729004718
|move|p2a: Blissey|Ice Beam|p1a: Blissey
|-damage|p1a: Blissey|63/100 tox
|move|p1a: Blissey|Soft-Boiled|p1a: Blissey
|-heal|p1a: Blissey|100/100 tox
|
|-heal|p2a: Blissey|99/100 tox|[from] item: Leftovers
|-damage|p2a: Blissey|87/100 tox|[from] psn
|-damage|p1a: Blissey|88/100 tox|[from] psn
|upkeep
|turn|11
|
|t:|1729004733
|-curestatus|p2a: Blissey|tox|[from] ability: Natural Cure
|switch|p2a: Skarmory|Skarmory, F|100/100
|-curestatus|p1a: Blissey|tox|[from] ability: Natural Cure
|switch|p1a: Starmie|Starmie|100/100
|-damage|p1a: Starmie|84/100|[from] Spikes
|
|-heal|p1a: Starmie|90/100|[from] item: Leftovers
|upkeep
|turn|12
|
|t:|1729004743
|move|p2a: Skarmory|Protect|p2a: Skarmory
|-singleturn|p2a: Skarmory|Protect
|move|p1a: Starmie|Rapid Spin|p2a: Skarmory
|-activate|p2a: Skarmory|Protect
|
|-heal|p1a: Starmie|96/100|[from] item: Leftovers
|upkeep
|turn|13
|
|t:|1729004760
|switch|p2a: Zapdos|Zapdos|100/100
|move|p1a: Starmie|Surf|p2a: Zapdos
|-damage|p2a: Zapdos|61/100
|
|-heal|p1a: Starmie|100/100|[from] item: Leftovers
|-heal|p2a: Zapdos|67/100|[from] item: Leftovers
|upkeep
|turn|14
|
|t:|1729004769
|switch|p1a: Blissey|Blissey, F, shiny|88/100
|-damage|p1a: Blissey|72/100|[from] Spikes
|move|p2a: Zapdos|Roar|p1a: Blissey
|drag|p1a: Gengar|Gengar, M, shiny|100/100
|
|-heal|p2a: Zapdos|73/100|[from] item: Leftovers
|upkeep
|turn|15
|
|t:|1729004779
|move|p1a: Gengar|Ice Punch|p2a: Zapdos
|-supereffective|p2a: Zapdos
|-damage|p2a: Zapdos|17/100
|move|p2a: Zapdos|Thunderbolt|p1a: Gengar
|-damage|p1a: Gengar|39/100
|
|-heal|p1a: Gengar|45/100|[from] item: Leftovers
|-heal|p2a: Zapdos|23/100|[from] item: Leftovers
|upkeep
|turn|16
|
|t:|1729004789
|switch|p2a: Blissey|Blissey, F, shiny|87/100
|-damage|p2a: Blissey|70/100|[from] Spikes
|move|p1a: Gengar|Ice Punch|p2a: Blissey
|-damage|p2a: Blissey|61/100
|
|-heal|p1a: Gengar|51/100|[from] item: Leftovers
|-heal|p2a: Blissey|67/100|[from] item: Leftovers
|upkeep
|turn|17
|
|t:|1729004801
|switch|p1a: Starmie|Starmie|100/100
|-damage|p1a: Starmie|84/100|[from] Spikes
|switch|p2a: Gengar|Gengar, F|100/100
|
|-heal|p1a: Starmie|90/100|[from] item: Leftovers
|upkeep
|turn|18
|
|t:|1729004810
|move|p1a: Starmie|Psychic|p2a: Gengar
|-supereffective|p2a: Gengar
|-damage|p2a: Gengar|23/100
|-unboost|p2a: Gengar|spd|1
|move|p2a: Gengar|Thunderbolt|p1a: Starmie
|-supereffective|p1a: Starmie
|-damage|p1a: Starmie|25/100
|
|-heal|p1a: Starmie|31/100|[from] item: Leftovers
|-heal|p2a: Gengar|29/100|[from] item: Leftovers
|upkeep
|turn|19
|
|t:|1729004835
|switch|p2a: Skarmory|Skarmory, F|100/100
|move|p1a: Starmie|Psychic|p2a: Skarmory
|-resisted|p2a: Skarmory
|-damage|p2a: Skarmory|86/100
|
|-heal|p1a: Starmie|38/100|[from] item: Leftovers
|-heal|p2a: Skarmory|92/100|[from] item: Leftovers
|upkeep
|turn|20
|
|t:|1729004843
|move|p1a: Starmie|Recover|p1a: Starmie
|-heal|p1a: Starmie|88/100
|move|p2a: Skarmory|Toxic|p1a: Starmie
|-status|p1a: Starmie|tox
|
|-heal|p1a: Starmie|94/100 tox|[from] item: Leftovers
|-damage|p1a: Starmie|88/100 tox|[from] psn
|-heal|p2a: Skarmory|98/100|[from] item: Leftovers
|upkeep
|turn|21
|
|t:|1729004855
|-curestatus|p1a: Starmie|tox|[from] ability: Natural Cure
|switch|p1a: Skarmory|Skarmory, F|44/100 brn
|move|p2a: Skarmory|Protect||[still]
|-fail|p2a: Skarmory
|
|-heal|p1a: Skarmory|50/100 brn|[from] item: Leftovers
|-damage|p1a: Skarmory|37/100 brn|[from] brn
|-heal|p2a: Skarmory|100/100|[from] item: Leftovers
|upkeep
|turn|22
|
|t:|1729004860
|move|p1a: Skarmory|Spikes|p2a: Skarmory
|-sidestart|p2: yyyyyfyyyyy|Spikes
|move|p2a: Skarmory|Whirlwind|p1a: Skarmory
|drag|p1a: Blissey|Blissey, F, shiny|72/100
|-damage|p1a: Blissey|55/100|[from] Spikes
|
|-heal|p1a: Blissey|61/100|[from] item: Leftovers
|upkeep
|turn|23
|
|t:|1729004870
|move|p2a: Skarmory|Toxic|p1a: Blissey
|-status|p1a: Blissey|tox
|move|p1a: Blissey|Fire Blast|p2a: Skarmory
|-supereffective|p2a: Skarmory
|-damage|p2a: Skarmory|39/100
|-status|p2a: Skarmory|brn
|
|-heal|p2a: Skarmory|45/100 brn|[from] item: Leftovers
|-damage|p2a: Skarmory|32/100 brn|[from] brn
|-heal|p1a: Blissey|67/100 tox|[from] item: Leftovers
|-damage|p1a: Blissey|61/100 tox|[from] psn
|upkeep
|turn|24
|
|t:|1729004881
|move|p2a: Skarmory|Spikes|p1a: Blissey
|-sidestart|p1: Dhgss|Spikes
|move|p1a: Blissey|Soft-Boiled|p1a: Blissey
|-heal|p1a: Blissey|100/100 tox
|
|-heal|p2a: Skarmory|38/100 brn|[from] item: Leftovers
|-damage|p2a: Skarmory|26/100 brn|[from] brn
|-damage|p1a: Blissey|88/100 tox|[from] psn
|upkeep
|turn|25
|
|t:|1729004902
|move|p1a: Blissey|Fire Blast|p2a: Skarmory|[miss]
|-miss|p1a: Blissey|p2a: Skarmory
|move|p2a: Skarmory|Whirlwind|p1a: Blissey
|-curestatus|p1a: Blissey|tox|[from] ability: Natural Cure
|drag|p1a: Tyranitar|Tyranitar, M|100/100
|-damage|p1a: Tyranitar|76/100|[from] Spikes
|-weather|Sandstorm|[from] ability: Sand Stream|[of] p1a: Tyranitar
|
|-weather|Sandstorm|[upkeep]
|-heal|p2a: Skarmory|32/100 brn|[from] item: Leftovers
|-damage|p2a: Skarmory|20/100 brn|[from] brn
|upkeep
|turn|26
|
|t:|1729004915
|move|p1a: Tyranitar|Rock Slide|p2a: Skarmory
|-damage|p2a: Skarmory|0 fnt
|faint|p2a: Skarmory
|
|t:|1729004945
|switch|p2a: Swampert|Swampert, F|100/100
|-damage|p2a: Swampert|76/100|[from] Spikes
|
|-weather|Sandstorm|[upkeep]
|-heal|p2a: Swampert|82/100|[from] item: Leftovers
|upkeep
|turn|27
|
|t:|1729004967
|switch|p1a: Skarmory|Skarmory, F|37/100 brn
|move|p2a: Swampert|Earthquake|p1a: Skarmory
|-immune|p1a: Skarmory
|
|-weather|Sandstorm|[upkeep]
|-heal|p1a: Skarmory|43/100 brn|[from] item: Leftovers
|-damage|p1a: Skarmory|31/100 brn|[from] brn
|-heal|p2a: Swampert|88/100|[from] item: Leftovers
|upkeep
|turn|28
|
|t:|1729004974
|move|p1a: Skarmory|Toxic|p2a: Swampert
|-status|p2a: Swampert|tox
|move|p2a: Swampert|Hydro Pump|p1a: Skarmory
|-damage|p1a: Skarmory|0 fnt
|faint|p1a: Skarmory
|
|t:|1729004983
|switch|p1a: Starmie|Starmie|88/100
|-damage|p1a: Starmie|63/100|[from] Spikes
|
|-weather|Sandstorm|[upkeep]
|-damage|p1a: Starmie|56/100|[from] Sandstorm
|-heal|p1a: Starmie|63/100|[from] item: Leftovers
|-heal|p2a: Swampert|94/100 tox|[from] item: Leftovers
|-damage|p2a: Swampert|88/100 tox|[from] psn
|upkeep
|turn|29
|
|t:|1729005000
|move|p1a: Starmie|Rapid Spin|p2a: Swampert
|-damage|p2a: Swampert|86/100 tox
|-sideend|p1: Dhgss|Spikes|[from] move: Rapid Spin|[of] p1a: Starmie
|move|p2a: Swampert|Earthquake|p1a: Starmie
|-damage|p1a: Starmie|15/100
|
|-weather|Sandstorm|[upkeep]
|-damage|p1a: Starmie|9/100|[from] Sandstorm
|-heal|p1a: Starmie|15/100|[from] item: Leftovers
|-heal|p2a: Swampert|92/100 tox|[from] item: Leftovers
|-damage|p2a: Swampert|80/100 tox|[from] psn
|upkeep
|turn|30
|
|t:|1729005014
|switch|p2a: Blissey|Blissey, F, shiny|67/100
|-damage|p2a: Blissey|42/100|[from] Spikes
|move|p1a: Starmie|Recover|p1a: Starmie
|-heal|p1a: Starmie|65/100
|
|-weather|Sandstorm|[upkeep]
|-damage|p1a: Starmie|59/100|[from] Sandstorm
|-damage|p2a: Blissey|36/100|[from] Sandstorm
|-heal|p1a: Starmie|65/100|[from] item: Leftovers
|-heal|p2a: Blissey|42/100|[from] item: Leftovers
|upkeep
|turn|31
|
|t:|1729005027
|switch|p1a: Tyranitar|Tyranitar, M|76/100
|move|p2a: Blissey|Toxic|p1a: Tyranitar
|-status|p1a: Tyranitar|tox
|
|-weather|Sandstorm|[upkeep]
|-damage|p2a: Blissey|36/100|[from] Sandstorm
|-damage|p1a: Tyranitar|69/100 tox|[from] psn
|-heal|p2a: Blissey|42/100|[from] item: Leftovers
|upkeep
|turn|32
|
|t:|1729005036
|move|p1a: Tyranitar|Rock Slide|p2a: Blissey|[miss]
|-miss|p1a: Tyranitar|p2a: Blissey
|move|p2a: Blissey|Ice Beam|p1a: Tyranitar
|-damage|p1a: Tyranitar|46/100 tox
|
|-weather|Sandstorm|[upkeep]
|-damage|p2a: Blissey|36/100|[from] Sandstorm
|-damage|p1a: Tyranitar|33/100 tox|[from] psn
|-heal|p2a: Blissey|42/100|[from] item: Leftovers
|upkeep
|turn|33
|
|t:|1729005050
|switch|p2a: Swampert|Swampert, F|80/100 tox
|-damage|p2a: Swampert|55/100 tox|[from] Spikes
|move|p1a: Tyranitar|Rock Slide|p2a: Swampert
|-resisted|p2a: Swampert
|-damage|p2a: Swampert|33/100 tox
|
|-weather|Sandstorm|[upkeep]
|-damage|p1a: Tyranitar|15/100 tox|[from] psn
|-heal|p2a: Swampert|39/100 tox|[from] item: Leftovers
|-damage|p2a: Swampert|33/100 tox|[from] psn
|upkeep
|turn|34
|inactive|Dhgss has 270 seconds left.
|
|t:|1729005088
|switch|p1a: Swampert|Swampert, F|100/100
|move|p2a: Swampert|Earthquake|p1a: Swampert
|-damage|p1a: Swampert|75/100
|
|-weather|Sandstorm|[upkeep]
|-heal|p1a: Swampert|81/100|[from] item: Leftovers
|-heal|p2a: Swampert|39/100 tox|[from] item: Leftovers
|-damage|p2a: Swampert|27/100 tox|[from] psn
|upkeep
|turn|35
|inactive|Dhgss has 270 seconds left.
|
|t:|1729005100
|move|p1a: Swampert|Ice Beam|p2a: Swampert
|-damage|p2a: Swampert|10/100 tox
|move|p2a: Swampert|Hydro Pump|p1a: Swampert
|-damage|p1a: Swampert|33/100
|
|-weather|Sandstorm|[upkeep]
|-heal|p1a: Swampert|39/100|[from] item: Leftovers
|-heal|p2a: Swampert|16/100 tox|[from] item: Leftovers
|-damage|p2a: Swampert|0 fnt|[from] psn
|faint|p2a: Swampert
|upkeep
|inactive|yyyyyfyyyyy has 270 seconds left.
|
|t:|1729005143
|switch|p2a: Blissey|Blissey, F, shiny|42/100
|-damage|p2a: Blissey|17/100|[from] Spikes
|turn|36
|
|t:|1729005148
|move|p2a: Blissey|Soft-Boiled|p2a: Blissey
|-heal|p2a: Blissey|67/100
|move|p1a: Swampert|Earthquake|p2a: Blissey
|-crit|p2a: Blissey
|-damage|p2a: Blissey|0 fnt
|faint|p2a: Blissey
|inactive|yyyyyfyyyyy has 270 seconds left.
|
|t:|1729005165
|switch|p2a: Zapdos|Zapdos|23/100
|
|-weather|Sandstorm|[upkeep]
|-damage|p2a: Zapdos|17/100|[from] Sandstorm
|-heal|p2a: Zapdos|23/100|[from] item: Leftovers
|-heal|p1a: Swampert|45/100|[from] item: Leftovers
|upkeep
|turn|37
|inactive|Dhgss has 270 seconds left.
|
|t:|1729005201
|switch|p1a: Blissey|Blissey, F, shiny|88/100
|move|p2a: Zapdos|Hidden Power|p1a: Blissey
|-damage|p1a: Blissey|78/100
|
|-weather|Sandstorm|[upkeep]
|-damage|p2a: Zapdos|17/100|[from] Sandstorm
|-damage|p1a: Blissey|72/100|[from] Sandstorm
|-heal|p2a: Zapdos|23/100|[from] item: Leftovers
|-heal|p1a: Blissey|78/100|[from] item: Leftovers
|upkeep
|turn|38
|
|t:|1729005211
|move|p2a: Zapdos|Thunder Wave|p1a: Blissey
|-status|p1a: Blissey|par
|move|p1a: Blissey|Ice Beam|p2a: Zapdos
|-supereffective|p2a: Zapdos
|-damage|p2a: Zapdos|0 fnt
|faint|p2a: Zapdos
|
|t:|1729005217
|switch|p2a: Tyranitar|Tyranitar, F|100/100
|-damage|p2a: Tyranitar|76/100|[from] Spikes
|
|-weather|Sandstorm|[upkeep]
|-damage|p1a: Blissey|72/100 par|[from] Sandstorm
|-heal|p2a: Tyranitar|82/100|[from] item: Leftovers
|-heal|p1a: Blissey|78/100 par|[from] item: Leftovers
|upkeep
|turn|39
|inactive|Dhgss has 270 seconds left.
|
|t:|1729005239
|-curestatus|p1a: Blissey|par|[from] ability: Natural Cure
|switch|p1a: Gengar|Gengar, M, shiny|51/100
|move|p2a: Tyranitar|Dragon Dance|p2a: Tyranitar
|-boost|p2a: Tyranitar|atk|1
|-boost|p2a: Tyranitar|spe|1
|
|-weather|Sandstorm|[upkeep]
|-damage|p1a: Gengar|45/100|[from] Sandstorm
|-heal|p1a: Gengar|51/100|[from] item: Leftovers
|-heal|p2a: Tyranitar|88/100|[from] item: Leftovers
|upkeep
|turn|40
|inactive|yyyyyfyyyyy has 270 seconds left.
|
|t:|1729005260
|move|p1a: Gengar|Explosion|p2a: Tyranitar
|-resisted|p2a: Tyranitar
|-damage|p2a: Tyranitar|60/100
|faint|p1a: Gengar
|inactive|Dhgss has 240 seconds left.
|inactive|Dhgss has 210 seconds left.
|
|t:|1729005325
|switch|p1a: Swampert|Swampert, F|45/100
|
|-weather|Sandstorm|[upkeep]
|-heal|p2a: Tyranitar|66/100|[from] item: Leftovers
|-heal|p1a: Swampert|51/100|[from] item: Leftovers
|upkeep
|turn|41
|inactive|Dhgss has 210 seconds left.
|inactive|yyyyyfyyyyy has 270 seconds left.
|
|t:|1729005368
|move|p2a: Tyranitar|Earthquake|p1a: Swampert
|-damage|p1a: Swampert|10/100
|move|p1a: Swampert|Hydro Pump|p2a: Tyranitar
|-supereffective|p2a: Tyranitar
|-damage|p2a: Tyranitar|0 fnt
|faint|p2a: Tyranitar
|inactive|yyyyyfyyyyy has 240 seconds left.
|
|t:|1729005381
|switch|p2a: Gengar|Gengar, F|29/100
|
|-weather|Sandstorm|[upkeep]
|-damage|p2a: Gengar|23/100|[from] Sandstorm
|-heal|p2a: Gengar|29/100|[from] item: Leftovers
|-heal|p1a: Swampert|17/100|[from] item: Leftovers
|upkeep
|turn|42
|
|t:|1729005388
|move|p2a: Gengar|Ice Punch|p1a: Swampert
|-damage|p1a: Swampert|0 fnt
|faint|p1a: Swampert
|
|t:|1729005391
|switch|p1a: Starmie|Starmie|65/100
|
|-weather|Sandstorm|[upkeep]
|-damage|p1a: Starmie|59/100|[from] Sandstorm
|-damage|p2a: Gengar|23/100|[from] Sandstorm
|-heal|p1a: Starmie|65/100|[from] item: Leftovers
|-heal|p2a: Gengar|29/100|[from] item: Leftovers
|upkeep
|turn|43
|
|t:|1729005398
|move|p1a: Starmie|Psychic|p2a: Gengar
|-supereffective|p2a: Gengar
|-damage|p2a: Gengar|0 fnt
|faint|p2a: Gengar
|
|win|Dhgss
|c|☆Dhgss|GG
|c|☆yyyyyfyyyyy|gg
|player|p2|

</script>
<script type="application/json" class="data" id="replaydata-smogtours-gen3ou-798903">
{"id":"smogtours-gen3ou-798903","format":"[Gen 3] OU","players":["Dhgss","yyyyyfyyyyy"],"uploadtime":1729005398,"views":102,"formatid":"gen3ou","rating":null,"private":0,"password":null}
</script>

<script defer src="js/replays.js?9d40a366"></script>
