<!DOCTYPE html>
<meta charset="utf-8" />
<meta name="viewport" content="width=device-width" />

<title>[Gen 3] OU: Larkindred vs. monchooo - Replays - Pok&eacute;mon Showdown!</title>

<meta name="description" content="Watch a replay of a Pok&eacute;mon battle between Larkindred and monchooo! Format: [Gen 3] OU; Date: Oct 8, 2024" />
<!--

Hey, you! Looking in the source for the replay log?

You can find them in JSON format, just add `.json` at the end of a replay URL.

https://replay.pokemonshowdown.com/gen7randomdoublesbattle-865046831.json

Or, if you only need the log itself, add `.log` instead:

https://replay.pokemonshowdown.com/gen7randomdoublesbattle-865046831.log

-->

<link rel="stylesheet" href="//pokemonshowdown.com/style/global.css?0.023195364461161105" />
<link rel="stylesheet" href="//play.pokemonshowdown.com/style/font-awesome.css?0.13261647063804238" />
<link rel="stylesheet" href="//play.pokemonshowdown.com/style/battle.css?0.8753245789963631" />
<link rel="stylesheet" href="//play.pokemonshowdown.com/style/utilichart.css?0.8627959624976733" />

<!-- Global site tag (gtag.js) - Google Analytics -->
<script async src="https://www.googletagmanager.com/gtag/js?id=UA-26211653-1"></script>
<script>
  window.dataLayer = window.dataLayer || [];
  function gtag(){dataLayer.push(arguments);}
  gtag('js', new Date());

  gtag('config', 'UA-26211653-1');
</script>
<!-- End Google Analytics -->
<!-- Venatus Ad Manager - Install in <HEAD> of page -->
	<script src="https://hb.vntsm.com/v3/live/ad-manager.min.js" type="text/javascript" data-site-id="642aba63ec9a7b11c3c9c1be" data-mode="scan" async></script>
<!-- / Venatus Ad Manager -->

<style>
	@media (max-width:820px) {
		.battle {
			margin: 0 auto;
		}
		.battle-log {
			margin: 7px auto 0;
			max-width: 640px;
			height: 300px;
			position: static;
		}
	}
	.optgroup {
		display: inline-block;
		line-height: 22px;
		font-size: 10pt;
	}
	.optgroup .button {
		height: 25px;
		padding-top: 0;
		padding-bottom: 0;
	}
	.optgroup button.button {
		padding-left: 12px;
		padding-right: 12px;
	}
	.linklist {
		list-style: none;
		margin: 0.5em 0;
		padding: 0;
	}
	.linklist li {
		padding: 2px 0;
	}
	.sidebar {
		float: left;
		width: 320px;
	}
	.bar-wrapper {
		max-width: 1100px;
		margin: 0 auto;
	}
	.bar-wrapper.has-sidebar {
		max-width: 1430px;
	}
	.mainbar {
		margin: 0;
		padding-right: 1px;
	}
	.mainbar.has-sidebar {
		margin-left: 330px;
	}
	@media (min-width: 1511px) {
		.sidebar {
			width: 400px;
		}
		.bar-wrapper.has-sidebar {
			max-width: 1510px;
		}
		.mainbar.has-sidebar {
			margin-left: 410px;
		}
	}
	.section.first-section {
		margin-top: 9px;
	}
	.blocklink small {
		white-space: normal;
	}
	.button {
		vertical-align: middle;
	}
	.replay-controls {
		padding-top: 10px;
	}
	.replay-controls h1 {
		font-size: 16pt;
		font-weight: normal;
		color: #CCC;
	}
	.pagelink {
		text-align: center;
	}
	.pagelink a {
		width: 150px;
	}
	.textbox, .button {
		font-size: 11pt;
		vertical-align: middle;
	}
	@media (max-width: 450px) {
		.button {
			font-size: 9pt;
		}
	}
</style>

<div>

	<header>
		<div class="nav-wrapper"><ul class="nav">
			<li><a class="button nav-first" href="//pokemonshowdown.com/"><img src="//pokemonshowdown.com/images/pokemonshowdownbeta.png" srcset="//pokemonshowdown.com/images/pokemonshowdownbeta.png 1x, //pokemonshowdown.com/images/pokemonshowdownbeta@2x.png 2x" alt="Pok&eacute;mon Showdown" width="146" height="44" /> Home</a></li>
			<li><a class="button" href="//pokemonshowdown.com/dex/">Pok&eacute;dex</a></li>
			<li><a class="button cur" href="/">Replays</a></li>
			<li><a class="button" href="//pokemonshowdown.com/ladder/">Ladder</a></li>
			<li><a class="button nav-last" href="//pokemonshowdown.com/forums/">Forum</a></li>
			<li><a class="button greenbutton nav-first nav-last" href="//play.pokemonshowdown.com/">Play</a></li>
		</ul></div>
	</header>

	<div class="main" id="main">

		<noscript><section class="section">You need to enable JavaScript to use this page; sorry!</section></noscript>

	</div>

</div>

<script defer nomodule src="//play.pokemonshowdown.com/js/lib/ps-polyfill.js"></script>
<script defer src="//play.pokemonshowdown.com/js/lib/preact.min.js"></script>

<script defer src="//play.pokemonshowdown.com/config/config.js?2bddbc15"></script>
<script defer src="//play.pokemonshowdown.com/js/lib/jquery-1.11.0.min.js"></script>
<script defer src="//play.pokemonshowdown.com/js/lib/html-sanitizer-minified.js"></script>
<script defer src="//play.pokemonshowdown.com/js/battle-sound.js"></script>
<script defer src="//play.pokemonshowdown.com/js/battledata.js?0.7209276989879541"></script>
<script defer src="//play.pokemonshowdown.com/data/pokedex-mini.js?0.6111056340867951"></script>
<script defer src="//play.pokemonshowdown.com/data/pokedex-mini-bw.js?0.3532142036491459"></script>
<script defer src="//play.pokemonshowdown.com/data/graphics.js?0.24223875632456182"></script>
<script defer src="//play.pokemonshowdown.com/data/pokedex.js?0.38839984266356864"></script>
<script defer src="//play.pokemonshowdown.com/data/moves.js?0.21866028504024015"></script>
<script defer src="//play.pokemonshowdown.com/data/abilities.js?0.2005157953846628"></script>
<script defer src="//play.pokemonshowdown.com/data/items.js?0.9894211263848525"></script>
<script defer src="//play.pokemonshowdown.com/data/teambuilder-tables.js?0.6008791140282215"></script>
<script defer src="//play.pokemonshowdown.com/js/battle-tooltips.js?0.7580118955022959"></script>
<script defer src="//play.pokemonshowdown.com/js/battle.js?0.6057722274234274"></script>

<script defer src="js/utils.js?e31f9a17"></script>
<script defer src="js/replays-battle.js?7008c182"></script>

<!-- don't scrape this data! just add .json or .log after the URL!
Full API docs: https://github.com/smogon/pokemon-showdown-client/blob/master/WEB-API.md -->
<script type="text/plain" class="log" id="replaylog-smogtours-gen3ou-796340">
|inactive|Battle timer is ON: inactive players will automatically lose when time's up.
|t:|1728385251
|gametype|singles
|player|p1|Larkindred|iris-gen5bw2|
|player|p2|monchooo|pryce-gen2|
|teamsize|p1|6
|teamsize|p2|6
|gen|3
|tier|[Gen 3] OU
|rule|Sleep Clause Mod: Limit one foe put to sleep
|rule|Switch Priority Clause Mod: Faster Pokémon switch first
|rule|Species Clause: Limit one of each Pokémon
|rule|OHKO Clause: OHKO moves are banned
|rule|Evasion Items Clause: Evasion items are banned
|rule|Evasion Moves Clause: Evasion moves are banned
|rule|Endless Battle Clause: Forcing endless battles is banned
|rule|HP Percentage Mod: HP is shown in percentages
|rule|One Boost Passer Clause: Limit one Baton Passer that has a way to boost its stats
|rule|Freeze Clause Mod: Limit one foe frozen
|
|t:|1728385251
|start
|switch|p1a: Zapdos|Zapdos|100/100
|switch|p2a: Jirachi|Jirachi|100/100
|turn|1
|c|☆monchooo|hf
|c|☆Larkindred|u2
|inactive|monchooo has 270 seconds left.
|
|t:|1728385300
|move|p1a: Zapdos|Thunderbolt|p2a: Jirachi
|-damage|p2a: Jirachi|54/100
|move|p2a: Jirachi|Toxic|p1a: Zapdos
|-status|p1a: Zapdos|tox
|
|-damage|p1a: Zapdos|94/100 tox|[from] psn
|-heal|p2a: Jirachi|60/100|[from] item: Leftovers
|upkeep
|turn|2
|
|t:|1728385311
|move|p1a: Zapdos|Thunderbolt|p2a: Jirachi
|-damage|p2a: Jirachi|16/100
|move|p2a: Jirachi|Wish|p2a: Jirachi
|
|-heal|p1a: Zapdos|100/100 tox|[from] item: Leftovers
|-damage|p1a: Zapdos|88/100 tox|[from] psn
|-heal|p2a: Jirachi|22/100|[from] item: Leftovers
|upkeep
|turn|3
|
|t:|1728385317
|switch|p1a: Breloom|Breloom, F|100/100
|move|p2a: Jirachi|Protect||[still]
|-fail|p2a: Jirachi
|
|-heal|p2a: Jirachi|72/100|[from] move: Wish|[wisher] Jirachi
|-heal|p2a: Jirachi|78/100|[from] item: Leftovers
|upkeep
|turn|4
|
|t:|1728385325
|switch|p2a: Starmie|Starmie|100/100
|move|p1a: Breloom|Substitute|p1a: Breloom
|-start|p1a: Breloom|Substitute
|-damage|p1a: Breloom|76/100
|
|-heal|p1a: Breloom|82/100|[from] item: Leftovers
|upkeep
|turn|5
|
|t:|1728385329
|move|p2a: Starmie|Psychic|p1a: Breloom
|-supereffective|p1a: Breloom
|-end|p1a: Breloom|Substitute
|move|p1a: Breloom|Spore|p2a: Starmie
|-status|p2a: Starmie|slp|[from] move: Spore
|
|-heal|p1a: Breloom|88/100|[from] item: Leftovers
|upkeep
|turn|6
|
|t:|1728385336
|-curestatus|p2a: Starmie|slp|[from] ability: Natural Cure
|switch|p2a: Flygon|Flygon, F|100/100
|move|p1a: Breloom|Substitute|p1a: Breloom
|-start|p1a: Breloom|Substitute
|-damage|p1a: Breloom|63/100
|
|-heal|p1a: Breloom|69/100|[from] item: Leftovers
|upkeep
|turn|7
|
|t:|1728385344
|switch|p2a: Starmie|Starmie|100/100
|move|p1a: Breloom|Spore|p2a: Starmie
|-status|p2a: Starmie|slp|[from] move: Spore
|
|-heal|p1a: Breloom|75/100|[from] item: Leftovers
|upkeep
|turn|8
|
|t:|1728385350
|-curestatus|p2a: Starmie|slp|[from] ability: Natural Cure
|switch|p2a: Sableye|Sableye, M|100/100
|move|p1a: Breloom|Leech Seed|p2a: Sableye
|-start|p2a: Sableye|move: Leech Seed
|
|-heal|p1a: Breloom|81/100|[from] item: Leftovers
|-damage|p2a: Sableye|88/100|[from] Leech Seed|[of] p1a: Breloom
|-heal|p1a: Breloom|96/100|[silent]
|upkeep
|turn|9
|
|t:|1728385357
|switch|p2a: Starmie|Starmie|100/100
|move|p1a: Breloom|Spore|p2a: Starmie
|-status|p2a: Starmie|slp|[from] move: Spore
|
|-heal|p1a: Breloom|100/100|[from] item: Leftovers
|upkeep
|turn|10
|
|t:|1728385361
|cant|p2a: Starmie|slp
|move|p1a: Breloom|Leech Seed|p2a: Starmie|[miss]
|-miss|p1a: Breloom|p2a: Starmie
|
|upkeep
|turn|11
|
|t:|1728385375
|-curestatus|p2a: Starmie|slp|[from] ability: Natural Cure
|switch|p2a: Flygon|Flygon, F|100/100
|move|p1a: Breloom|Leech Seed|p2a: Flygon
|-start|p2a: Flygon|move: Leech Seed
|
|-damage|p2a: Flygon|88/100|[from] Leech Seed|[of] p1a: Breloom
|upkeep
|turn|12
|
|t:|1728385380
|-singleturn|p1a: Breloom|move: Focus Punch
|move|p2a: Flygon|Gust|p1a: Breloom
|-supereffective|p1a: Breloom
|-end|p1a: Breloom|Substitute
|move|p1a: Breloom|Focus Punch|p2a: Flygon
|-damage|p2a: Flygon|0 fnt
|faint|p2a: Flygon
|
|t:|1728385383
|switch|p2a: Starmie|Starmie|100/100
|
|upkeep
|turn|13
|
|t:|1728385398
|switch|p2a: Skarmory|Skarmory, M|100/100
|move|p1a: Breloom|Spore|p2a: Skarmory
|-status|p2a: Skarmory|slp|[from] move: Spore
|
|upkeep
|turn|14
|
|t:|1728385402
|switch|p2a: Starmie|Starmie|100/100
|move|p1a: Breloom|Substitute|p1a: Breloom
|-start|p1a: Breloom|Substitute
|-damage|p1a: Breloom|76/100
|
|-heal|p1a: Breloom|82/100|[from] item: Leftovers
|upkeep
|turn|15
|
|t:|1728385409
|move|p2a: Starmie|Psychic|p1a: Breloom
|-supereffective|p1a: Breloom
|-end|p1a: Breloom|Substitute
|move|p1a: Breloom|Spore|p2a: Starmie
|-message|Sleep Clause Mod activated.
|-hint|Sleep Clause Mod prevents players from putting more than one of their opponent's Pokémon to sleep at a time
|
|-heal|p1a: Breloom|88/100|[from] item: Leftovers
|upkeep
|turn|16
|
|t:|1728385416
|switch|p1a: Jirachi|Jirachi|100/100
|move|p2a: Starmie|Psychic|p1a: Jirachi
|-resisted|p1a: Jirachi
|-damage|p1a: Jirachi|93/100
|
|-heal|p1a: Jirachi|99/100|[from] item: Leftovers
|upkeep
|turn|17
|
|t:|1728385424
|switch|p2a: Sableye|Sableye, M|88/100
|move|p1a: Jirachi|Calm Mind|p1a: Jirachi
|-boost|p1a: Jirachi|spa|1
|-boost|p1a: Jirachi|spd|1
|
|-heal|p1a: Jirachi|100/100|[from] item: Leftovers
|-heal|p2a: Sableye|94/100|[from] item: Leftovers
|upkeep
|turn|18
|
|t:|1728385429
|move|p1a: Jirachi|Fire Punch|p2a: Sableye
|-damage|p2a: Sableye|45/100
|-status|p2a: Sableye|brn
|move|p2a: Sableye|Psych Up|p1a: Jirachi
|-copyboost|p2a: Sableye|p1a: Jirachi|[from] move: Psych Up
|
|-heal|p2a: Sableye|51/100 brn|[from] item: Leftovers
|-damage|p2a: Sableye|39/100 brn|[from] brn
|upkeep
|turn|19
|
|t:|1728385435
|move|p1a: Jirachi|Fire Punch|p2a: Sableye
|-damage|p2a: Sableye|2/100 brn
|move|p2a: Sableye|Knock Off|p1a: Jirachi
|-damage|p1a: Jirachi|96/100
|-enditem|p1a: Jirachi|Leftovers|[from] move: Knock Off|[of] p2a: Sableye
|-hint|In Gens 3-4, Knock Off only makes the target's item unusable; it cannot obtain a new item.
|
|-heal|p2a: Sableye|8/100 brn|[from] item: Leftovers
|-damage|p2a: Sableye|0 fnt|[from] brn
|faint|p2a: Sableye
|upkeep
|
|t:|1728385438
|switch|p2a: Blissey|Blissey, F|100/100
|turn|20
|
|t:|1728385445
|switch|p1a: Skarmory|Skarmory, F|100/100
|move|p2a: Blissey|Calm Mind|p2a: Blissey
|-boost|p2a: Blissey|spa|1
|-boost|p2a: Blissey|spd|1
|
|upkeep
|turn|21
|
|t:|1728385449
|move|p2a: Blissey|Thunderbolt|p1a: Skarmory
|-supereffective|p1a: Skarmory
|-damage|p1a: Skarmory|28/100
|move|p1a: Skarmory|Roar|p2a: Blissey
|drag|p2a: Starmie|Starmie|100/100
|
|-heal|p1a: Skarmory|34/100|[from] item: Leftovers
|upkeep
|turn|22
|
|t:|1728385452
|move|p1a: Skarmory|Protect|p1a: Skarmory
|-singleturn|p1a: Skarmory|Protect
|move|p2a: Starmie|Surf|p1a: Skarmory
|-activate|p1a: Skarmory|Protect
|
|-heal|p1a: Skarmory|40/100|[from] item: Leftovers
|upkeep
|turn|23
|
|t:|1728385466
|switch|p1a: Starmie|Starmie|100/100
|move|p2a: Starmie|Surf|p1a: Starmie
|-resisted|p1a: Starmie
|-damage|p1a: Starmie|76/100
|
|-heal|p1a: Starmie|82/100|[from] item: Leftovers
|upkeep
|turn|24
|
|t:|1728385470
|switch|p2a: Blissey|Blissey, F|100/100
|move|p1a: Starmie|Thunderbolt|p2a: Blissey
|-damage|p2a: Blissey|89/100
|
|-heal|p1a: Starmie|88/100|[from] item: Leftovers
|-heal|p2a: Blissey|95/100|[from] item: Leftovers
|upkeep
|turn|25
|
|t:|1728385474
|switch|p1a: Breloom|Breloom, F|88/100
|move|p2a: Blissey|Calm Mind|p2a: Blissey
|-boost|p2a: Blissey|spa|1
|-boost|p2a: Blissey|spd|1
|
|-heal|p1a: Breloom|94/100|[from] item: Leftovers
|-heal|p2a: Blissey|100/100|[from] item: Leftovers
|upkeep
|turn|26
|
|t:|1728385478
|move|p1a: Breloom|Leech Seed|p2a: Blissey
|-start|p2a: Blissey|move: Leech Seed
|move|p2a: Blissey|Ice Beam|p1a: Breloom
|-supereffective|p1a: Breloom
|-damage|p1a: Breloom|0 fnt
|faint|p1a: Breloom
|
|t:|1728385494
|switch|p1a: Jirachi|Jirachi|96/100
|
|-damage|p2a: Blissey|88/100|[from] Leech Seed|[of] p1a: Jirachi
|-heal|p1a: Jirachi|100/100|[silent]
|upkeep
|turn|27
|
|t:|1728385498
|switch|p2a: Jirachi|Jirachi|78/100
|move|p1a: Jirachi|Calm Mind|p1a: Jirachi
|-boost|p1a: Jirachi|spa|1
|-boost|p1a: Jirachi|spd|1
|
|-heal|p2a: Jirachi|85/100|[from] item: Leftovers
|upkeep
|turn|28
|
|t:|1728385501
|switch|p2a: Blissey|Blissey, F|88/100
|move|p1a: Jirachi|Fire Punch|p2a: Blissey
|-damage|p2a: Blissey|74/100
|
|-heal|p2a: Blissey|80/100|[from] item: Leftovers
|upkeep
|turn|29
|
|t:|1728385504
|move|p1a: Jirachi|Calm Mind|p1a: Jirachi
|-boost|p1a: Jirachi|spa|1
|-boost|p1a: Jirachi|spd|1
|move|p2a: Blissey|Calm Mind|p2a: Blissey
|-boost|p2a: Blissey|spa|1
|-boost|p2a: Blissey|spd|1
|
|-heal|p2a: Blissey|87/100|[from] item: Leftovers
|upkeep
|turn|30
|
|t:|1728385506
|move|p1a: Jirachi|Calm Mind|p1a: Jirachi
|-boost|p1a: Jirachi|spa|1
|-boost|p1a: Jirachi|spd|1
|move|p2a: Blissey|Calm Mind|p2a: Blissey
|-boost|p2a: Blissey|spa|1
|-boost|p2a: Blissey|spd|1
|
|-heal|p2a: Blissey|93/100|[from] item: Leftovers
|upkeep
|turn|31
|
|t:|1728385507
|move|p1a: Jirachi|Psychic|p2a: Blissey
|-damage|p2a: Blissey|72/100
|move|p2a: Blissey|Calm Mind|p2a: Blissey
|-boost|p2a: Blissey|spa|1
|-boost|p2a: Blissey|spd|1
|
|-heal|p2a: Blissey|78/100|[from] item: Leftovers
|upkeep
|turn|32
|
|t:|1728385511
|move|p1a: Jirachi|Calm Mind|p1a: Jirachi
|-boost|p1a: Jirachi|spa|1
|-boost|p1a: Jirachi|spd|1
|move|p2a: Blissey|Calm Mind|p2a: Blissey
|-boost|p2a: Blissey|spa|1
|-boost|p2a: Blissey|spd|1
|
|-heal|p2a: Blissey|85/100|[from] item: Leftovers
|upkeep
|turn|33
|
|t:|1728385514
|move|p1a: Jirachi|Fire Punch|p2a: Blissey
|-damage|p2a: Blissey|75/100
|move|p2a: Blissey|Calm Mind|p2a: Blissey
|-boost|p2a: Blissey|spa|1
|-boost|p2a: Blissey|spd|1
|
|-heal|p2a: Blissey|81/100|[from] item: Leftovers
|upkeep
|turn|34
|
|t:|1728385518
|move|p1a: Jirachi|Calm Mind|p1a: Jirachi
|-boost|p1a: Jirachi|spa|1
|-boost|p1a: Jirachi|spd|1
|move|p2a: Blissey|Thunderbolt|p1a: Jirachi
|-damage|p1a: Jirachi|76/100
|
|-heal|p2a: Blissey|87/100|[from] item: Leftovers
|upkeep
|turn|35
|
|t:|1728385520
|move|p1a: Jirachi|Calm Mind|p1a: Jirachi
|-boost|p1a: Jirachi|spa|1
|-boost|p1a: Jirachi|spd|1
|move|p2a: Blissey|Thunderbolt|p1a: Jirachi
|-damage|p1a: Jirachi|52/100
|
|-heal|p2a: Blissey|93/100|[from] item: Leftovers
|upkeep
|turn|36
|
|t:|1728385522
|move|p1a: Jirachi|Psychic|p2a: Blissey
|-damage|p2a: Blissey|75/100
|move|p2a: Blissey|Thunderbolt|p1a: Jirachi
|-damage|p1a: Jirachi|31/100
|
|-heal|p2a: Blissey|81/100|[from] item: Leftovers
|upkeep
|turn|37
|
|t:|1728385525
|move|p1a: Jirachi|Psychic|p2a: Blissey
|-damage|p2a: Blissey|64/100
|move|p2a: Blissey|Thunderbolt|p1a: Jirachi
|-damage|p1a: Jirachi|10/100
|
|-heal|p2a: Blissey|70/100|[from] item: Leftovers
|upkeep
|turn|38
|
|t:|1728385528
|move|p1a: Jirachi|Psychic|p2a: Blissey
|-damage|p2a: Blissey|53/100
|move|p2a: Blissey|Thunderbolt|p1a: Jirachi
|-damage|p1a: Jirachi|0 fnt
|faint|p1a: Jirachi
|
|t:|1728385537
|switch|p1a: Skarmory|Skarmory, F|40/100
|
|-heal|p1a: Skarmory|46/100|[from] item: Leftovers
|-heal|p2a: Blissey|59/100|[from] item: Leftovers
|upkeep
|turn|39
|
|t:|1728385540
|move|p1a: Skarmory|Toxic|p2a: Blissey|[miss]
|-miss|p1a: Skarmory|p2a: Blissey
|move|p2a: Blissey|Thunderbolt|p1a: Skarmory
|-supereffective|p1a: Skarmory
|-damage|p1a: Skarmory|0 fnt
|faint|p1a: Skarmory
|
|t:|1728385546
|switch|p1a: Zapdos|Zapdos|88/100 tox
|
|-heal|p1a: Zapdos|94/100 tox|[from] item: Leftovers
|-damage|p1a: Zapdos|88/100 tox|[from] psn
|-heal|p2a: Blissey|65/100|[from] item: Leftovers
|upkeep
|turn|40
|
|t:|1728385550
|move|p1a: Zapdos|Thunderbolt|p2a: Blissey
|-damage|p2a: Blissey|59/100
|move|p2a: Blissey|Ice Beam|p1a: Zapdos
|-supereffective|p1a: Zapdos
|-damage|p1a: Zapdos|0 fnt
|faint|p1a: Zapdos
|
|t:|1728385553
|switch|p1a: Jolteon|Jolteon, F|100/100
|
|-heal|p2a: Blissey|66/100|[from] item: Leftovers
|upkeep
|turn|41
|
|t:|1728385556
|move|p1a: Jolteon|Thunderbolt|p2a: Blissey
|-damage|p2a: Blissey|60/100
|move|p2a: Blissey|Ice Beam|p1a: Jolteon
|-damage|p1a: Jolteon|0 fnt
|faint|p1a: Jolteon
|
|t:|1728385558
|switch|p1a: Starmie|Starmie|88/100
|
|-heal|p1a: Starmie|94/100|[from] item: Leftovers
|-heal|p2a: Blissey|67/100|[from] item: Leftovers
|upkeep
|turn|42
|c|☆monchooo|gg
|
|t:|1728385564
|move|p1a: Starmie|Hydro Pump|p2a: Blissey
|-damage|p2a: Blissey|60/100
|move|p2a: Blissey|Thunderbolt|p1a: Starmie
|-supereffective|p1a: Starmie
|-damage|p1a: Starmie|0 fnt
|faint|p1a: Starmie
|
|win|monchooo
|c|☆Larkindred|gg

</script>
<script type="application/json" class="data" id="replaydata-smogtours-gen3ou-796340">
{"id":"smogtours-gen3ou-796340","format":"[Gen 3] OU","players":["Larkindred","monchooo"],"uploadtime":1728385564,"views":121,"formatid":"gen3ou","rating":null,"private":1,"password":null}
</script>

<script defer src="js/replays.js?9d40a366"></script>
