<!DOCTYPE html>
<meta charset="utf-8" />
<meta name="viewport" content="width=device-width" />

<title>[Gen 3] OU: no more bad dreams vs. Bhol - Replays - Pok&eacute;mon Showdown!</title>

<meta name="description" content="Watch a replay of a Pok&eacute;mon battle between no more bad dreams and Bhol! Format: [Gen 3] OU; Date: Oct 18, 2024" />
<!--

Hey, you! Looking in the source for the replay log?

You can find them in JSON format, just add `.json` at the end of a replay URL.

https://replay.pokemonshowdown.com/gen7randomdoublesbattle-865046831.json

Or, if you only need the log itself, add `.log` instead:

https://replay.pokemonshowdown.com/gen7randomdoublesbattle-865046831.log

-->

<link rel="stylesheet" href="//pokemonshowdown.com/style/global.css?0.023195364461161105" />
<link rel="stylesheet" href="//play.pokemonshowdown.com/style/font-awesome.css?0.13261647063804238" />
<link rel="stylesheet" href="//play.pokemonshowdown.com/style/battle.css?0.8753245789963631" />
<link rel="stylesheet" href="//play.pokemonshowdown.com/style/utilichart.css?0.8627959624976733" />

<!-- Global site tag (gtag.js) - Google Analytics -->
<script async src="https://www.googletagmanager.com/gtag/js?id=UA-26211653-1"></script>
<script>
  window.dataLayer = window.dataLayer || [];
  function gtag(){dataLayer.push(arguments);}
  gtag('js', new Date());

  gtag('config', 'UA-26211653-1');
</script>
<!-- End Google Analytics -->
<!-- Venatus Ad Manager - Install in <HEAD> of page -->
	<script src="https://hb.vntsm.com/v3/live/ad-manager.min.js" type="text/javascript" data-site-id="642aba63ec9a7b11c3c9c1be" data-mode="scan" async></script>
<!-- / Venatus Ad Manager -->

<style>
	@media (max-width:820px) {
		.battle {
			margin: 0 auto;
		}
		.battle-log {
			margin: 7px auto 0;
			max-width: 640px;
			height: 300px;
			position: static;
		}
	}
	.optgroup {
		display: inline-block;
		line-height: 22px;
		font-size: 10pt;
	}
	.optgroup .button {
		height: 25px;
		padding-top: 0;
		padding-bottom: 0;
	}
	.optgroup button.button {
		padding-left: 12px;
		padding-right: 12px;
	}
	.linklist {
		list-style: none;
		margin: 0.5em 0;
		padding: 0;
	}
	.linklist li {
		padding: 2px 0;
	}
	.sidebar {
		float: left;
		width: 320px;
	}
	.bar-wrapper {
		max-width: 1100px;
		margin: 0 auto;
	}
	.bar-wrapper.has-sidebar {
		max-width: 1430px;
	}
	.mainbar {
		margin: 0;
		padding-right: 1px;
	}
	.mainbar.has-sidebar {
		margin-left: 330px;
	}
	@media (min-width: 1511px) {
		.sidebar {
			width: 400px;
		}
		.bar-wrapper.has-sidebar {
			max-width: 1510px;
		}
		.mainbar.has-sidebar {
			margin-left: 410px;
		}
	}
	.section.first-section {
		margin-top: 9px;
	}
	.blocklink small {
		white-space: normal;
	}
	.button {
		vertical-align: middle;
	}
	.replay-controls {
		padding-top: 10px;
	}
	.replay-controls h1 {
		font-size: 16pt;
		font-weight: normal;
		color: #CCC;
	}
	.pagelink {
		text-align: center;
	}
	.pagelink a {
		width: 150px;
	}
	.textbox, .button {
		font-size: 11pt;
		vertical-align: middle;
	}
	@media (max-width: 450px) {
		.button {
			font-size: 9pt;
		}
	}
</style>

<div>

	<header>
		<div class="nav-wrapper"><ul class="nav">
			<li><a class="button nav-first" href="//pokemonshowdown.com/"><img src="//pokemonshowdown.com/images/pokemonshowdownbeta.png" srcset="//pokemonshowdown.com/images/pokemonshowdownbeta.png 1x, //pokemonshowdown.com/images/pokemonshowdownbeta@2x.png 2x" alt="Pok&eacute;mon Showdown" width="146" height="44" /> Home</a></li>
			<li><a class="button" href="//pokemonshowdown.com/dex/">Pok&eacute;dex</a></li>
			<li><a class="button cur" href="/">Replays</a></li>
			<li><a class="button" href="//pokemonshowdown.com/ladder/">Ladder</a></li>
			<li><a class="button nav-last" href="//pokemonshowdown.com/forums/">Forum</a></li>
			<li><a class="button greenbutton nav-first nav-last" href="//play.pokemonshowdown.com/">Play</a></li>
		</ul></div>
	</header>

	<div class="main" id="main">

		<noscript><section class="section">You need to enable JavaScript to use this page; sorry!</section></noscript>

	</div>

</div>

<script defer nomodule src="//play.pokemonshowdown.com/js/lib/ps-polyfill.js"></script>
<script defer src="//play.pokemonshowdown.com/js/lib/preact.min.js"></script>

<script defer src="//play.pokemonshowdown.com/config/config.js?2bddbc15"></script>
<script defer src="//play.pokemonshowdown.com/js/lib/jquery-1.11.0.min.js"></script>
<script defer src="//play.pokemonshowdown.com/js/lib/html-sanitizer-minified.js"></script>
<script defer src="//play.pokemonshowdown.com/js/battle-sound.js"></script>
<script defer src="//play.pokemonshowdown.com/js/battledata.js?0.7209276989879541"></script>
<script defer src="//play.pokemonshowdown.com/data/pokedex-mini.js?0.6111056340867951"></script>
<script defer src="//play.pokemonshowdown.com/data/pokedex-mini-bw.js?0.3532142036491459"></script>
<script defer src="//play.pokemonshowdown.com/data/graphics.js?0.24223875632456182"></script>
<script defer src="//play.pokemonshowdown.com/data/pokedex.js?0.38839984266356864"></script>
<script defer src="//play.pokemonshowdown.com/data/moves.js?0.21866028504024015"></script>
<script defer src="//play.pokemonshowdown.com/data/abilities.js?0.2005157953846628"></script>
<script defer src="//play.pokemonshowdown.com/data/items.js?0.9894211263848525"></script>
<script defer src="//play.pokemonshowdown.com/data/teambuilder-tables.js?0.6008791140282215"></script>
<script defer src="//play.pokemonshowdown.com/js/battle-tooltips.js?0.7580118955022959"></script>
<script defer src="//play.pokemonshowdown.com/js/battle.js?0.6057722274234274"></script>

<script defer src="js/utils.js?e31f9a17"></script>
<script defer src="js/replays-battle.js?7008c182"></script>

<!-- don't scrape this data! just add .json or .log after the URL!
Full API docs: https://github.com/smogon/pokemon-showdown-client/blob/master/WEB-API.md -->
<script type="text/plain" class="log" id="replaylog-gen3ou-2225768040">
|j|☆no more bad dreams
|j|☆Bhol
|t:|1729267916
|gametype|singles
|player|p1|no more bad dreams|skullgruntf|
|player|p2|Bhol|sabrina|
|teamsize|p1|6
|teamsize|p2|6
|gen|3
|tier|[Gen 3] OU
|rule|Sleep Clause Mod: Limit one foe put to sleep
|rule|Switch Priority Clause Mod: Faster Pokémon switch first
|rule|Species Clause: Limit one of each Pokémon
|rule|OHKO Clause: OHKO moves are banned
|rule|Evasion Items Clause: Evasion items are banned
|rule|Evasion Moves Clause: Evasion moves are banned
|rule|Endless Battle Clause: Forcing endless battles is banned
|rule|HP Percentage Mod: HP is shown in percentages
|rule|One Boost Passer Clause: Limit one Baton Passer that has a way to boost its stats
|rule|Freeze Clause Mod: Limit one foe frozen
|
|t:|1729267916
|start
|switch|p1a: Zapdos|Zapdos|100/100
|switch|p2a: Salamence|Salamence, F|100/100
|-ability|p2a: Salamence|Intimidate|boost
|-unboost|p1a: Zapdos|atk|1
|turn|1
|inactive|Battle timer is ON: inactive players will automatically lose when time's up. (requested by no more bad dreams)
|
|t:|1729267937
|switch|p1a: Metagross|Metagross|100/100
|switch|p2a: Claydol|Claydol|100/100
|
|upkeep
|turn|2
|
|t:|1729267946
|switch|p1a: Suicune|Suicune|100/100
|move|p2a: Claydol|Earthquake|p1a: Suicune
|-damage|p1a: Suicune|80/100
|
|-heal|p1a: Suicune|86/100|[from] item: Leftovers
|upkeep
|turn|3
|
|t:|1729267952
|switch|p2a: Celebi|Celebi|100/100
|move|p1a: Suicune|Surf|p2a: Celebi
|-resisted|p2a: Celebi
|-damage|p2a: Celebi|88/100
|
|-heal|p2a: Celebi|94/100|[from] item: Leftovers
|-heal|p1a: Suicune|92/100|[from] item: Leftovers
|upkeep
|turn|4
|
|t:|1729267963
|move|p2a: Celebi|Swords Dance|p2a: Celebi
|-boost|p2a: Celebi|atk|2
|move|p1a: Suicune|Surf|p2a: Celebi
|-resisted|p2a: Celebi
|-damage|p2a: Celebi|83/100
|
|-heal|p2a: Celebi|89/100|[from] item: Leftovers
|-heal|p1a: Suicune|99/100|[from] item: Leftovers
|upkeep
|turn|5
|
|t:|1729267975
|move|p2a: Celebi|Ancient Power|p1a: Suicune
|-damage|p1a: Suicune|82/100
|move|p1a: Suicune|Roar|p2a: Celebi
|drag|p2a: Metagross|Metagross|100/100
|
|-heal|p1a: Suicune|88/100|[from] item: Leftovers
|upkeep
|turn|6
|
|t:|1729267985
|switch|p2a: Snorlax|Snorlax, M|100/100
|move|p1a: Suicune|Surf|p2a: Snorlax
|-damage|p2a: Snorlax|83/100
|
|-heal|p1a: Suicune|95/100|[from] item: Leftovers
|-heal|p2a: Snorlax|89/100|[from] item: Leftovers
|upkeep
|turn|7
|
|t:|1729267993
|switch|p1a: Metagross|Metagross|100/100
|move|p2a: Snorlax|Earthquake|p1a: Metagross
|-supereffective|p1a: Metagross
|-damage|p1a: Metagross|55/100
|
|-heal|p1a: Metagross|61/100|[from] item: Leftovers
|-heal|p2a: Snorlax|96/100|[from] item: Leftovers
|upkeep
|turn|8
|
|t:|1729268007
|switch|p2a: Metagross|Metagross|100/100
|move|p1a: Metagross|Meteor Mash|p2a: Metagross
|-resisted|p2a: Metagross
|-damage|p2a: Metagross|83/100
|-boost|p1a: Metagross|atk|1
|
|-heal|p2a: Metagross|90/100|[from] item: Leftovers
|-heal|p1a: Metagross|67/100|[from] item: Leftovers
|upkeep
|turn|9
|
|t:|1729268017
|switch|p1a: Suicune|Suicune|95/100
|move|p2a: Metagross|Earthquake|p1a: Suicune
|-damage|p1a: Suicune|72/100
|
|-heal|p2a: Metagross|96/100|[from] item: Leftovers
|-heal|p1a: Suicune|79/100|[from] item: Leftovers
|upkeep
|turn|10
|
|t:|1729268023
|switch|p2a: Snorlax|Snorlax, M|96/100
|switch|p1a: Claydol|Claydol|100/100
|
|-heal|p2a: Snorlax|100/100|[from] item: Leftovers
|upkeep
|turn|11
|
|t:|1729268040
|move|p1a: Claydol|Earthquake|p2a: Snorlax
|-crit|p2a: Snorlax
|-damage|p2a: Snorlax|33/100
|move|p2a: Snorlax|Shadow Ball|p1a: Claydol
|-supereffective|p1a: Claydol
|-damage|p1a: Claydol|44/100
|
|-heal|p1a: Claydol|50/100|[from] item: Leftovers
|-heal|p2a: Snorlax|39/100|[from] item: Leftovers
|upkeep
|turn|12
|
|t:|1729268056
|move|p1a: Claydol|Earthquake|p2a: Snorlax
|-damage|p2a: Snorlax|6/100
|move|p2a: Snorlax|Shadow Ball|p1a: Claydol
|-supereffective|p1a: Claydol
|-damage|p1a: Claydol|0 fnt
|faint|p1a: Claydol
|
|t:|1729268060
|switch|p1a: Metagross|Metagross|67/100
|
|-heal|p1a: Metagross|73/100|[from] item: Leftovers
|-heal|p2a: Snorlax|12/100|[from] item: Leftovers
|upkeep
|turn|13
|
|t:|1729268073
|move|p1a: Metagross|Psychic|p2a: Snorlax
|-damage|p2a: Snorlax|0 fnt
|faint|p2a: Snorlax
|
|t:|1729268075
|switch|p2a: Magneton|Magneton|100/100
|
|-heal|p1a: Metagross|79/100|[from] item: Leftovers
|upkeep
|turn|14
|
|t:|1729268080
|move|p2a: Magneton|Thunderbolt|p1a: Metagross
|-damage|p1a: Metagross|28/100
|move|p1a: Metagross|Explosion|p2a: Magneton
|-resisted|p2a: Magneton
|-damage|p2a: Magneton|0 fnt
|faint|p1a: Metagross
|faint|p2a: Magneton
|
|t:|1729268095
|switch|p2a: Celebi|Celebi|89/100
|switch|p1a: Suicune|Suicune|79/100
|
|-heal|p2a: Celebi|95/100|[from] item: Leftovers
|-heal|p1a: Suicune|85/100|[from] item: Leftovers
|upkeep
|turn|15
|
|t:|1729268112
|move|p2a: Celebi|Swords Dance|p2a: Celebi
|-boost|p2a: Celebi|atk|2
|move|p1a: Suicune|Calm Mind|p1a: Suicune
|-boost|p1a: Suicune|spa|1
|-boost|p1a: Suicune|spd|1
|
|-heal|p2a: Celebi|100/100|[from] item: Leftovers
|-heal|p1a: Suicune|91/100|[from] item: Leftovers
|upkeep
|turn|16
|
|t:|1729268123
|move|p2a: Celebi|Ancient Power|p1a: Suicune
|-damage|p1a: Suicune|75/100
|move|p1a: Suicune|Roar|p2a: Celebi
|drag|p2a: Salamence|Salamence, F|100/100
|-ability|p2a: Salamence|Intimidate|boost
|-unboost|p1a: Suicune|atk|1
|
|-heal|p1a: Suicune|81/100|[from] item: Leftovers
|upkeep
|turn|17
|
|t:|1729268133
|move|p2a: Salamence|Dragon Dance|p2a: Salamence
|-boost|p2a: Salamence|atk|1
|-boost|p2a: Salamence|spe|1
|move|p1a: Suicune|Surf|p2a: Salamence
|-resisted|p2a: Salamence
|-damage|p2a: Salamence|74/100
|
|-heal|p2a: Salamence|80/100|[from] item: Leftovers
|-heal|p1a: Suicune|88/100|[from] item: Leftovers
|upkeep
|turn|18
|
|t:|1729268142
|move|p2a: Salamence|Hidden Power|p1a: Suicune
|-damage|p1a: Suicune|52/100
|move|p1a: Suicune|Roar|p2a: Salamence
|drag|p2a: Celebi|Celebi|100/100
|
|-heal|p1a: Suicune|58/100|[from] item: Leftovers
|upkeep
|turn|19
|
|t:|1729268150
|switch|p2a: Salamence|Salamence, F|80/100
|-ability|p2a: Salamence|Intimidate|boost
|-unboost|p1a: Suicune|atk|1
|move|p1a: Suicune|Calm Mind|p1a: Suicune
|-boost|p1a: Suicune|spa|1
|-boost|p1a: Suicune|spd|1
|
|-heal|p2a: Salamence|86/100|[from] item: Leftovers
|-heal|p1a: Suicune|65/100|[from] item: Leftovers
|upkeep
|turn|20
|
|t:|1729268159
|move|p2a: Salamence|Dragon Dance|p2a: Salamence
|-boost|p2a: Salamence|atk|1
|-boost|p2a: Salamence|spe|1
|move|p1a: Suicune|Roar|p2a: Salamence
|drag|p2a: Celebi|Celebi|100/100
|
|-heal|p1a: Suicune|71/100|[from] item: Leftovers
|upkeep
|turn|21
|
|t:|1729268167
|switch|p2a: Salamence|Salamence, F|86/100
|-ability|p2a: Salamence|Intimidate|boost
|-unboost|p1a: Suicune|atk|1
|move|p1a: Suicune|Calm Mind|p1a: Suicune
|-boost|p1a: Suicune|spa|1
|-boost|p1a: Suicune|spd|1
|
|-heal|p2a: Salamence|92/100|[from] item: Leftovers
|-heal|p1a: Suicune|77/100|[from] item: Leftovers
|upkeep
|turn|22
|
|t:|1729268175
|move|p2a: Salamence|Dragon Dance|p2a: Salamence
|-boost|p2a: Salamence|atk|1
|-boost|p2a: Salamence|spe|1
|move|p1a: Suicune|Surf|p2a: Salamence
|-resisted|p2a: Salamence
|-damage|p2a: Salamence|49/100
|
|-heal|p2a: Salamence|55/100|[from] item: Leftovers
|-heal|p1a: Suicune|83/100|[from] item: Leftovers
|upkeep
|turn|23
|
|t:|1729268180
|move|p2a: Salamence|Hidden Power|p1a: Suicune
|-damage|p1a: Suicune|47/100
|move|p1a: Suicune|Surf|p2a: Salamence
|-resisted|p2a: Salamence
|-damage|p2a: Salamence|6/100
|
|-heal|p2a: Salamence|12/100|[from] item: Leftovers
|-heal|p1a: Suicune|53/100|[from] item: Leftovers
|upkeep
|turn|24
|
|t:|1729268204
|move|p2a: Salamence|Rock Slide|p1a: Suicune
|-damage|p1a: Suicune|29/100
|move|p1a: Suicune|Surf|p2a: Salamence
|-resisted|p2a: Salamence
|-damage|p2a: Salamence|0 fnt
|faint|p2a: Salamence
|
|t:|1729268213
|switch|p2a: Metagross|Metagross|96/100
|
|-heal|p2a: Metagross|100/100|[from] item: Leftovers
|-heal|p1a: Suicune|35/100|[from] item: Leftovers
|upkeep
|turn|25
|
|t:|1729268231
|move|p2a: Metagross|Explosion|p1a: Suicune
|-damage|p1a: Suicune|0 fnt
|faint|p2a: Metagross
|faint|p1a: Suicune
|
|t:|1729268236
|switch|p2a: Celebi|Celebi|100/100
|switch|p1a: Celebi|Celebi|100/100
|
|upkeep
|turn|26
|
|t:|1729268243
|move|p2a: Celebi|Swords Dance|p2a: Celebi
|-boost|p2a: Celebi|atk|2
|move|p1a: Celebi|Calm Mind|p1a: Celebi
|-boost|p1a: Celebi|spa|1
|-boost|p1a: Celebi|spd|1
|
|upkeep
|turn|27
|
|t:|1729268252
|move|p2a: Celebi|Swords Dance|p2a: Celebi
|-boost|p2a: Celebi|atk|2
|move|p1a: Celebi|Hidden Power|p2a: Celebi
|-supereffective|p2a: Celebi
|-damage|p2a: Celebi|51/100
|
|-heal|p2a: Celebi|58/100|[from] item: Leftovers
|upkeep
|turn|28
|inactive|Bhol has 270 seconds left.
|
|t:|1729268283
|move|p2a: Celebi|Ancient Power|p1a: Celebi
|-crit|p1a: Celebi
|-damage|p1a: Celebi|23/100
|move|p1a: Celebi|Hidden Power|p2a: Celebi
|-supereffective|p2a: Celebi
|-damage|p2a: Celebi|8/100
|
|-heal|p2a: Celebi|15/100|[from] item: Leftovers
|-heal|p1a: Celebi|29/100|[from] item: Leftovers
|upkeep
|turn|29
|inactive|Bhol has 270 seconds left.
|
|t:|1729268296
|move|p2a: Celebi|Ancient Power|p1a: Celebi
|-damage|p1a: Celebi|0 fnt
|faint|p1a: Celebi
|
|t:|1729268298
|switch|p1a: Dugtrio|Dugtrio, M|100/100
|
|-heal|p2a: Celebi|21/100|[from] item: Leftovers
|upkeep
|turn|30
|
|t:|1729268310
|move|p1a: Dugtrio|Hidden Power|p2a: Celebi
|-supereffective|p2a: Celebi
|-damage|p2a: Celebi|0 fnt
|faint|p2a: Celebi
|
|t:|1729268314
|switch|p2a: Claydol|Claydol|100/100
|
|upkeep
|turn|31
|
|t:|1729268323
|move|p1a: Dugtrio|Hidden Power|p2a: Claydol
|-supereffective|p2a: Claydol
|-damage|p2a: Claydol|37/100
|move|p2a: Claydol|Earthquake|p1a: Dugtrio
|-damage|p1a: Dugtrio|7/100
|
|-heal|p2a: Claydol|43/100|[from] item: Leftovers
|upkeep
|turn|32
|
|t:|1729268327
|move|p1a: Dugtrio|Hidden Power|p2a: Claydol
|-supereffective|p2a: Claydol
|-damage|p2a: Claydol|0 fnt
|faint|p2a: Claydol
|
|win|no more bad dreams
|c|☆Bhol|gg
|c|☆no more bad dreams|g
|c|☆no more bad dreams|gg*
|l|☆no more bad dreams
|player|p1|

</script>
<script type="application/json" class="data" id="replaydata-gen3ou-2225768040">
{"id":"gen3ou-2225768040","format":"[Gen 3] OU","players":["no more bad dreams","Bhol"],"uploadtime":1729268328,"views":147,"formatid":"gen3ou","rating":null,"private":0,"password":null}
</script>

<script defer src="js/replays.js?9d40a366"></script>
