<!DOCTYPE html>
<meta charset="utf-8" />
<meta name="viewport" content="width=device-width" />

<title>[Gen 3] OU: yellow yamada vs. Mulikki - Replays - Pok&eacute;mon Showdown!</title>

<meta name="description" content="Watch a replay of a Pok&eacute;mon battle between yellow yamada and Mulikki! Format: [Gen 3] OU; Date: Oct 25, 2024" />
<!--

Hey, you! Looking in the source for the replay log?

You can find them in JSON format, just add `.json` at the end of a replay URL.

https://replay.pokemonshowdown.com/gen7randomdoublesbattle-865046831.json

Or, if you only need the log itself, add `.log` instead:

https://replay.pokemonshowdown.com/gen7randomdoublesbattle-865046831.log

-->

<link rel="stylesheet" href="//pokemonshowdown.com/style/global.css?0.023195364461161105" />
<link rel="stylesheet" href="//play.pokemonshowdown.com/style/font-awesome.css?0.13261647063804238" />
<link rel="stylesheet" href="//play.pokemonshowdown.com/style/battle.css?0.8753245789963631" />
<link rel="stylesheet" href="//play.pokemonshowdown.com/style/utilichart.css?0.8627959624976733" />

<!-- Global site tag (gtag.js) - Google Analytics -->
<script async src="https://www.googletagmanager.com/gtag/js?id=UA-26211653-1"></script>
<script>
  window.dataLayer = window.dataLayer || [];
  function gtag(){dataLayer.push(arguments);}
  gtag('js', new Date());

  gtag('config', 'UA-26211653-1');
</script>
<!-- End Google Analytics -->
<!-- Venatus Ad Manager - Install in <HEAD> of page -->
	<script src="https://hb.vntsm.com/v3/live/ad-manager.min.js" type="text/javascript" data-site-id="642aba63ec9a7b11c3c9c1be" data-mode="scan" async></script>
<!-- / Venatus Ad Manager -->

<style>
	@media (max-width:820px) {
		.battle {
			margin: 0 auto;
		}
		.battle-log {
			margin: 7px auto 0;
			max-width: 640px;
			height: 300px;
			position: static;
		}
	}
	.optgroup {
		display: inline-block;
		line-height: 22px;
		font-size: 10pt;
	}
	.optgroup .button {
		height: 25px;
		padding-top: 0;
		padding-bottom: 0;
	}
	.optgroup button.button {
		padding-left: 12px;
		padding-right: 12px;
	}
	.linklist {
		list-style: none;
		margin: 0.5em 0;
		padding: 0;
	}
	.linklist li {
		padding: 2px 0;
	}
	.sidebar {
		float: left;
		width: 320px;
	}
	.bar-wrapper {
		max-width: 1100px;
		margin: 0 auto;
	}
	.bar-wrapper.has-sidebar {
		max-width: 1430px;
	}
	.mainbar {
		margin: 0;
		padding-right: 1px;
	}
	.mainbar.has-sidebar {
		margin-left: 330px;
	}
	@media (min-width: 1511px) {
		.sidebar {
			width: 400px;
		}
		.bar-wrapper.has-sidebar {
			max-width: 1510px;
		}
		.mainbar.has-sidebar {
			margin-left: 410px;
		}
	}
	.section.first-section {
		margin-top: 9px;
	}
	.blocklink small {
		white-space: normal;
	}
	.button {
		vertical-align: middle;
	}
	.replay-controls {
		padding-top: 10px;
	}
	.replay-controls h1 {
		font-size: 16pt;
		font-weight: normal;
		color: #CCC;
	}
	.pagelink {
		text-align: center;
	}
	.pagelink a {
		width: 150px;
	}
	.textbox, .button {
		font-size: 11pt;
		vertical-align: middle;
	}
	@media (max-width: 450px) {
		.button {
			font-size: 9pt;
		}
	}
</style>

<div>

	<header>
		<div class="nav-wrapper"><ul class="nav">
			<li><a class="button nav-first" href="//pokemonshowdown.com/"><img src="//pokemonshowdown.com/images/pokemonshowdownbeta.png" srcset="//pokemonshowdown.com/images/pokemonshowdownbeta.png 1x, //pokemonshowdown.com/images/pokemonshowdownbeta@2x.png 2x" alt="Pok&eacute;mon Showdown" width="146" height="44" /> Home</a></li>
			<li><a class="button" href="//pokemonshowdown.com/dex/">Pok&eacute;dex</a></li>
			<li><a class="button cur" href="/">Replays</a></li>
			<li><a class="button" href="//pokemonshowdown.com/ladder/">Ladder</a></li>
			<li><a class="button nav-last" href="//pokemonshowdown.com/forums/">Forum</a></li>
			<li><a class="button greenbutton nav-first nav-last" href="//play.pokemonshowdown.com/">Play</a></li>
		</ul></div>
	</header>

	<div class="main" id="main">

		<noscript><section class="section">You need to enable JavaScript to use this page; sorry!</section></noscript>

	</div>

</div>

<script defer nomodule src="//play.pokemonshowdown.com/js/lib/ps-polyfill.js"></script>
<script defer src="//play.pokemonshowdown.com/js/lib/preact.min.js"></script>

<script defer src="//play.pokemonshowdown.com/config/config.js?2bddbc15"></script>
<script defer src="//play.pokemonshowdown.com/js/lib/jquery-1.11.0.min.js"></script>
<script defer src="//play.pokemonshowdown.com/js/lib/html-sanitizer-minified.js"></script>
<script defer src="//play.pokemonshowdown.com/js/battle-sound.js"></script>
<script defer src="//play.pokemonshowdown.com/js/battledata.js?0.7209276989879541"></script>
<script defer src="//play.pokemonshowdown.com/data/pokedex-mini.js?0.6111056340867951"></script>
<script defer src="//play.pokemonshowdown.com/data/pokedex-mini-bw.js?0.3532142036491459"></script>
<script defer src="//play.pokemonshowdown.com/data/graphics.js?0.24223875632456182"></script>
<script defer src="//play.pokemonshowdown.com/data/pokedex.js?0.38839984266356864"></script>
<script defer src="//play.pokemonshowdown.com/data/moves.js?0.21866028504024015"></script>
<script defer src="//play.pokemonshowdown.com/data/abilities.js?0.2005157953846628"></script>
<script defer src="//play.pokemonshowdown.com/data/items.js?0.9894211263848525"></script>
<script defer src="//play.pokemonshowdown.com/data/teambuilder-tables.js?0.6008791140282215"></script>
<script defer src="//play.pokemonshowdown.com/js/battle-tooltips.js?0.7580118955022959"></script>
<script defer src="//play.pokemonshowdown.com/js/battle.js?0.6057722274234274"></script>

<script defer src="js/utils.js?e31f9a17"></script>
<script defer src="js/replays-battle.js?7008c182"></script>

<!-- don't scrape this data! just add .json or .log after the URL!
Full API docs: https://github.com/smogon/pokemon-showdown-client/blob/master/WEB-API.md -->
<script type="text/plain" class="log" id="replaylog-smogtours-gen3ou-801898">
|inactive|Battle timer is ON: inactive players will automatically lose when time's up.
|t:|1729886837
|gametype|singles
|player|p1|yellow yamada|roxie|
|player|p2|Mulikki|169|
|teamsize|p1|6
|teamsize|p2|6
|gen|3
|tier|[Gen 3] OU
|rule|Sleep Clause Mod: Limit one foe put to sleep
|rule|Switch Priority Clause Mod: Faster Pokémon switch first
|rule|Species Clause: Limit one of each Pokémon
|rule|OHKO Clause: OHKO moves are banned
|rule|Evasion Items Clause: Evasion items are banned
|rule|Evasion Moves Clause: Evasion moves are banned
|rule|Endless Battle Clause: Forcing endless battles is banned
|rule|HP Percentage Mod: HP is shown in percentages
|rule|One Boost Passer Clause: Limit one Baton Passer that has a way to boost its stats
|rule|Freeze Clause Mod: Limit one foe frozen
|
|t:|1729886837
|start
|switch|p1a: Tyranitar|Tyranitar, M|100/100
|switch|p2a: Breloom|Breloom, M|100/100
|-weather|Sandstorm|[from] ability: Sand Stream|[of] p1a: Tyranitar
|turn|1
|
|t:|1729886844
|switch|p1a: Celebi|Celebi|100/100
|move|p2a: Breloom|Substitute|p2a: Breloom
|-start|p2a: Breloom|Substitute
|-damage|p2a: Breloom|76/100
|
|-weather|Sandstorm|[upkeep]
|-damage|p1a: Celebi|94/100|[from] Sandstorm
|-damage|p2a: Breloom|70/100|[from] Sandstorm
|-heal|p1a: Celebi|100/100|[from] item: Leftovers
|-heal|p2a: Breloom|76/100|[from] item: Leftovers
|upkeep
|turn|2
|
|t:|1729886855
|move|p1a: Celebi|Psychic|p2a: Breloom
|-supereffective|p2a: Breloom
|-end|p2a: Breloom|Substitute
|move|p2a: Breloom|Spore|p1a: Celebi
|-status|p1a: Celebi|slp|[from] move: Spore
|
|-weather|Sandstorm|[upkeep]
|-damage|p1a: Celebi|94/100 slp|[from] Sandstorm
|-damage|p2a: Breloom|70/100|[from] Sandstorm
|-heal|p1a: Celebi|100/100 slp|[from] item: Leftovers
|-heal|p2a: Breloom|76/100|[from] item: Leftovers
|upkeep
|turn|3
|
|t:|1729886869
|-curestatus|p1a: Celebi|slp|[from] ability: Natural Cure
|switch|p1a: Skarmory|Skarmory, M|100/100
|move|p2a: Breloom|Substitute|p2a: Breloom
|-start|p2a: Breloom|Substitute
|-damage|p2a: Breloom|51/100
|
|-weather|Sandstorm|[upkeep]
|-damage|p2a: Breloom|45/100|[from] Sandstorm
|-heal|p2a: Breloom|51/100|[from] item: Leftovers
|upkeep
|turn|4
|
|t:|1729886880
|switch|p1a: Celebi|Celebi|100/100
|move|p2a: Breloom|Spore|p1a: Celebi
|-status|p1a: Celebi|slp|[from] move: Spore
|
|-weather|Sandstorm|[upkeep]
|-damage|p1a: Celebi|94/100 slp|[from] Sandstorm
|-damage|p2a: Breloom|45/100|[from] Sandstorm
|-heal|p1a: Celebi|100/100 slp|[from] item: Leftovers
|-heal|p2a: Breloom|51/100|[from] item: Leftovers
|upkeep
|turn|5
|
|t:|1729886891
|-singleturn|p2a: Breloom|move: Focus Punch
|cant|p1a: Celebi|slp
|move|p2a: Breloom|Focus Punch|p1a: Celebi
|-resisted|p1a: Celebi
|-crit|p1a: Celebi
|-damage|p1a: Celebi|44/100 slp
|
|-weather|Sandstorm|[upkeep]
|-damage|p1a: Celebi|37/100 slp|[from] Sandstorm
|-damage|p2a: Breloom|45/100|[from] Sandstorm
|-heal|p1a: Celebi|44/100 slp|[from] item: Leftovers
|-heal|p2a: Breloom|51/100|[from] item: Leftovers
|upkeep
|turn|6
|
|t:|1729886904
|-singleturn|p2a: Breloom|move: Focus Punch
|cant|p1a: Celebi|slp
|move|p2a: Breloom|Focus Punch|p1a: Celebi
|-resisted|p1a: Celebi
|-damage|p1a: Celebi|14/100 slp
|
|-weather|Sandstorm|[upkeep]
|-damage|p1a: Celebi|8/100 slp|[from] Sandstorm
|-damage|p2a: Breloom|45/100|[from] Sandstorm
|-heal|p1a: Celebi|14/100 slp|[from] item: Leftovers
|-heal|p2a: Breloom|51/100|[from] item: Leftovers
|upkeep
|turn|7
|
|t:|1729886918
|-curestatus|p1a: Celebi|slp|[msg]
|move|p1a: Celebi|Psychic|p2a: Breloom
|-supereffective|p2a: Breloom
|-end|p2a: Breloom|Substitute
|move|p2a: Breloom|Spore|p1a: Celebi
|-status|p1a: Celebi|slp|[from] move: Spore
|
|-weather|Sandstorm|[upkeep]
|-damage|p1a: Celebi|8/100 slp|[from] Sandstorm
|-damage|p2a: Breloom|45/100|[from] Sandstorm
|-heal|p1a: Celebi|14/100 slp|[from] item: Leftovers
|-heal|p2a: Breloom|51/100|[from] item: Leftovers
|upkeep
|turn|8
|
|t:|1729886932
|cant|p1a: Celebi|slp
|move|p2a: Breloom|Substitute|p2a: Breloom
|-start|p2a: Breloom|Substitute
|-damage|p2a: Breloom|26/100
|
|-weather|Sandstorm|[upkeep]
|-damage|p1a: Celebi|8/100 slp|[from] Sandstorm
|-damage|p2a: Breloom|20/100|[from] Sandstorm
|-heal|p1a: Celebi|14/100 slp|[from] item: Leftovers
|-heal|p2a: Breloom|26/100|[from] item: Leftovers
|upkeep
|turn|9
|
|t:|1729886943
|-singleturn|p2a: Breloom|move: Focus Punch
|cant|p1a: Celebi|slp
|move|p2a: Breloom|Focus Punch|p1a: Celebi
|-resisted|p1a: Celebi
|-damage|p1a: Celebi|0 fnt
|faint|p1a: Celebi
|
|t:|1729886949
|switch|p1a: Moltres|Moltres|100/100
|
|-weather|Sandstorm|[upkeep]
|-damage|p1a: Moltres|94/100|[from] Sandstorm
|-damage|p2a: Breloom|20/100|[from] Sandstorm
|-heal|p1a: Moltres|100/100|[from] item: Leftovers
|-heal|p2a: Breloom|26/100|[from] item: Leftovers
|upkeep
|turn|10
|
|t:|1729886959
|move|p1a: Moltres|Flamethrower|p2a: Breloom
|-supereffective|p2a: Breloom
|-end|p2a: Breloom|Substitute
|move|p2a: Breloom|Spore|p1a: Moltres
|-status|p1a: Moltres|slp|[from] move: Spore
|
|-weather|Sandstorm|[upkeep]
|-damage|p1a: Moltres|94/100 slp|[from] Sandstorm
|-damage|p2a: Breloom|20/100|[from] Sandstorm
|-heal|p1a: Moltres|100/100 slp|[from] item: Leftovers
|-heal|p2a: Breloom|26/100|[from] item: Leftovers
|upkeep
|turn|11
|
|t:|1729886971
|cant|p1a: Moltres|slp
|move|p2a: Breloom|Leech Seed|p1a: Moltres
|-start|p1a: Moltres|move: Leech Seed
|
|-weather|Sandstorm|[upkeep]
|-damage|p1a: Moltres|94/100 slp|[from] Sandstorm
|-damage|p2a: Breloom|20/100|[from] Sandstorm
|-heal|p1a: Moltres|100/100 slp|[from] item: Leftovers
|-damage|p1a: Moltres|88/100 slp|[from] Leech Seed|[of] p2a: Breloom
|-heal|p2a: Breloom|37/100|[silent]
|-heal|p2a: Breloom|44/100|[from] item: Leftovers
|upkeep
|turn|12
|
|t:|1729886983
|-curestatus|p1a: Moltres|slp|[msg]
|move|p1a: Moltres|Flamethrower|p2a: Breloom
|-supereffective|p2a: Breloom
|-damage|p2a: Breloom|0 fnt
|faint|p2a: Breloom
|
|t:|1729886991
|switch|p2a: Zapdos|Zapdos|100/100
|
|-weather|Sandstorm|[upkeep]
|-damage|p2a: Zapdos|94/100|[from] Sandstorm
|-damage|p1a: Moltres|82/100|[from] Sandstorm
|-heal|p2a: Zapdos|100/100|[from] item: Leftovers
|-heal|p1a: Moltres|88/100|[from] item: Leftovers
|-damage|p1a: Moltres|76/100|[from] Leech Seed|[of] p2a: Zapdos
|upkeep
|turn|13
|
|t:|1729887000
|switch|p1a: Swampert|Swampert, M|100/100
|move|p2a: Zapdos|Substitute|p2a: Zapdos
|-start|p2a: Zapdos|Substitute
|-damage|p2a: Zapdos|76/100
|
|-weather|Sandstorm|[upkeep]
|-damage|p2a: Zapdos|69/100|[from] Sandstorm
|-heal|p2a: Zapdos|76/100|[from] item: Leftovers
|upkeep
|turn|14
|
|t:|1729887015
|move|p2a: Zapdos|Baton Pass|p2a: Zapdos
|
|t:|1729887017
|switch|p2a: Forretress|Forretress, F|100/100|[from] Baton Pass
|move|p1a: Swampert|Ice Beam|p2a: Forretress
|-resisted|p2a: Forretress
|-activate|p2a: Forretress|Substitute|[damage]
|
|-weather|Sandstorm|[upkeep]
|upkeep
|turn|15
|
|t:|1729887026
|move|p1a: Swampert|Hydro Pump|p2a: Forretress
|-end|p2a: Forretress|Substitute
|move|p2a: Forretress|Spikes|p1a: Swampert
|-sidestart|p1: yellow yamada|Spikes
|
|-weather|Sandstorm|[upkeep]
|upkeep
|turn|16
|
|t:|1729887034
|move|p1a: Swampert|Hydro Pump|p2a: Forretress
|-damage|p2a: Forretress|57/100
|move|p2a: Forretress|Spikes|p1a: Swampert
|-sidestart|p1: yellow yamada|Spikes
|
|-weather|Sandstorm|[upkeep]
|-heal|p2a: Forretress|63/100|[from] item: Leftovers
|upkeep
|turn|17
|
|t:|1729887043
|switch|p1a: Moltres|Moltres|76/100
|move|p2a: Forretress|Spikes|p1a: Moltres
|-sidestart|p1: yellow yamada|Spikes
|
|-weather|Sandstorm|[upkeep]
|-damage|p1a: Moltres|69/100|[from] Sandstorm
|-heal|p1a: Moltres|76/100|[from] item: Leftovers
|-heal|p2a: Forretress|69/100|[from] item: Leftovers
|upkeep
|turn|18
|
|t:|1729887056
|switch|p2a: Houndoom|Houndoom, F|100/100
|move|p1a: Moltres|Will-O-Wisp|p2a: Houndoom
|-immune|p2a: Houndoom
|
|-weather|Sandstorm|[upkeep]
|-damage|p1a: Moltres|69/100|[from] Sandstorm
|-damage|p2a: Houndoom|94/100|[from] Sandstorm
|-heal|p1a: Moltres|76/100|[from] item: Leftovers
|-heal|p2a: Houndoom|100/100|[from] item: Leftovers
|upkeep
|turn|19
|inactive|yellow yamada has 270 seconds left.
|
|t:|1729887086
|move|p2a: Houndoom|Pursuit|p1a: Moltres
|-damage|p1a: Moltres|51/100
|move|p1a: Moltres|Roar|p2a: Houndoom
|drag|p2a: Snorlax|Snorlax, M|100/100
|
|-weather|Sandstorm|[upkeep]
|-damage|p1a: Moltres|45/100|[from] Sandstorm
|-damage|p2a: Snorlax|94/100|[from] Sandstorm
|-heal|p1a: Moltres|51/100|[from] item: Leftovers
|-heal|p2a: Snorlax|100/100|[from] item: Leftovers
|upkeep
|turn|20
|
|t:|1729887098
|switch|p2a: Houndoom|Houndoom, F|100/100
|move|p1a: Moltres|Will-O-Wisp|p2a: Houndoom
|-immune|p2a: Houndoom
|
|-weather|Sandstorm|[upkeep]
|-damage|p1a: Moltres|45/100|[from] Sandstorm
|-damage|p2a: Houndoom|94/100|[from] Sandstorm
|-heal|p1a: Moltres|51/100|[from] item: Leftovers
|-heal|p2a: Houndoom|100/100|[from] item: Leftovers
|upkeep
|turn|21
|
|t:|1729887111
|switch|p1a: Tyranitar|Tyranitar, M|100/100
|-damage|p1a: Tyranitar|76/100|[from] Spikes
|move|p2a: Houndoom|Crunch|p1a: Tyranitar
|-resisted|p1a: Tyranitar
|-damage|p1a: Tyranitar|60/100
|
|-weather|Sandstorm|[upkeep]
|-damage|p2a: Houndoom|94/100|[from] Sandstorm
|-heal|p2a: Houndoom|100/100|[from] item: Leftovers
|-heal|p1a: Tyranitar|66/100|[from] item: Leftovers
|upkeep
|turn|22
|
|t:|1729887124
|-singleturn|p1a: Tyranitar|move: Focus Punch
|move|p2a: Houndoom|Hidden Power|p1a: Tyranitar
|-supereffective|p1a: Tyranitar
|-damage|p1a: Tyranitar|28/100
|move|p1a: Tyranitar|Focus Punch||[still]
|cant|p1a: Tyranitar|Focus Punch|Focus Punch
|
|-weather|Sandstorm|[upkeep]
|-damage|p2a: Houndoom|94/100|[from] Sandstorm
|-heal|p2a: Houndoom|100/100|[from] item: Leftovers
|-heal|p1a: Tyranitar|34/100|[from] item: Leftovers
|upkeep
|turn|23
|
|t:|1729887137
|move|p2a: Houndoom|Hidden Power|p1a: Tyranitar
|-supereffective|p1a: Tyranitar
|-damage|p1a: Tyranitar|0 fnt
|faint|p1a: Tyranitar
|
|t:|1729887153
|switch|p1a: Zapdos|Zapdos|100/100
|
|-weather|Sandstorm|[upkeep]
|-damage|p1a: Zapdos|94/100|[from] Sandstorm
|-damage|p2a: Houndoom|94/100|[from] Sandstorm
|-heal|p1a: Zapdos|100/100|[from] item: Leftovers
|-heal|p2a: Houndoom|100/100|[from] item: Leftovers
|upkeep
|turn|24
|
|t:|1729887163
|switch|p2a: Snorlax|Snorlax, M|100/100
|move|p1a: Zapdos|Thunderbolt|p2a: Snorlax
|-damage|p2a: Snorlax|75/100
|
|-weather|Sandstorm|[upkeep]
|-damage|p1a: Zapdos|94/100|[from] Sandstorm
|-damage|p2a: Snorlax|69/100|[from] Sandstorm
|-heal|p1a: Zapdos|100/100|[from] item: Leftovers
|-heal|p2a: Snorlax|75/100|[from] item: Leftovers
|upkeep
|turn|25
|
|t:|1729887176
|switch|p1a: Skarmory|Skarmory, M|100/100
|move|p2a: Snorlax|Body Slam|p1a: Skarmory
|-resisted|p1a: Skarmory
|-damage|p1a: Skarmory|84/100
|
|-weather|Sandstorm|[upkeep]
|-damage|p2a: Snorlax|69/100|[from] Sandstorm
|-heal|p1a: Skarmory|90/100|[from] item: Leftovers
|-heal|p2a: Snorlax|75/100|[from] item: Leftovers
|upkeep
|turn|26
|
|t:|1729887188
|switch|p2a: Houndoom|Houndoom, F|100/100
|move|p1a: Skarmory|Spikes|p2a: Houndoom
|-sidestart|p2: Mulikki|Spikes
|
|-weather|Sandstorm|[upkeep]
|-damage|p2a: Houndoom|94/100|[from] Sandstorm
|-heal|p2a: Houndoom|100/100|[from] item: Leftovers
|-heal|p1a: Skarmory|96/100|[from] item: Leftovers
|upkeep
|turn|27
|
|t:|1729887198
|move|p2a: Houndoom|Fire Blast|p1a: Skarmory
|-supereffective|p1a: Skarmory
|-damage|p1a: Skarmory|0 fnt
|faint|p1a: Skarmory
|
|t:|1729887201
|switch|p1a: Zapdos|Zapdos|100/100
|
|-weather|Sandstorm|[upkeep]
|-damage|p1a: Zapdos|94/100|[from] Sandstorm
|-damage|p2a: Houndoom|94/100|[from] Sandstorm
|-heal|p1a: Zapdos|100/100|[from] item: Leftovers
|-heal|p2a: Houndoom|100/100|[from] item: Leftovers
|upkeep
|turn|28
|
|t:|1729887210
|switch|p2a: Snorlax|Snorlax, M|75/100
|-damage|p2a: Snorlax|63/100|[from] Spikes
|move|p1a: Zapdos|Thunderbolt|p2a: Snorlax
|-crit|p2a: Snorlax
|-damage|p2a: Snorlax|11/100
|
|-weather|Sandstorm|[upkeep]
|-damage|p1a: Zapdos|94/100|[from] Sandstorm
|-damage|p2a: Snorlax|5/100|[from] Sandstorm
|-heal|p1a: Zapdos|100/100|[from] item: Leftovers
|-heal|p2a: Snorlax|11/100|[from] item: Leftovers
|upkeep
|turn|29
|
|t:|1729887222
|move|p1a: Zapdos|Thunderbolt|p2a: Snorlax
|-damage|p2a: Snorlax|0 fnt
|faint|p2a: Snorlax
|
|t:|1729887235
|switch|p2a: Metagross|Metagross|100/100
|-damage|p2a: Metagross|88/100|[from] Spikes
|
|-weather|Sandstorm|[upkeep]
|-damage|p1a: Zapdos|94/100|[from] Sandstorm
|-heal|p1a: Zapdos|100/100|[from] item: Leftovers
|-heal|p2a: Metagross|94/100|[from] item: Leftovers
|upkeep
|turn|30
|
|t:|1729887245
|move|p1a: Zapdos|Protect|p1a: Zapdos
|-singleturn|p1a: Zapdos|Protect
|move|p2a: Metagross|Explosion|p1a: Zapdos
|-activate|p1a: Zapdos|Protect
|faint|p2a: Metagross
|
|t:|1729887252
|switch|p2a: Zapdos|Zapdos|76/100
|
|-weather|Sandstorm|[upkeep]
|-damage|p2a: Zapdos|69/100|[from] Sandstorm
|-damage|p1a: Zapdos|94/100|[from] Sandstorm
|-heal|p2a: Zapdos|76/100|[from] item: Leftovers
|-heal|p1a: Zapdos|100/100|[from] item: Leftovers
|upkeep
|turn|31
|
|t:|1729887264
|move|p2a: Zapdos|Thunderbolt|p1a: Zapdos
|-damage|p1a: Zapdos|49/100
|move|p1a: Zapdos|Thunderbolt|p2a: Zapdos
|-damage|p2a: Zapdos|22/100
|
|-weather|Sandstorm|[upkeep]
|-damage|p2a: Zapdos|15/100|[from] Sandstorm
|-damage|p1a: Zapdos|43/100|[from] Sandstorm
|-heal|p2a: Zapdos|22/100|[from] item: Leftovers
|-heal|p1a: Zapdos|49/100|[from] item: Leftovers
|upkeep
|turn|32
|
|t:|1729887275
|switch|p1a: Moltres|Moltres|51/100
|move|p2a: Zapdos|Thunderbolt|p1a: Moltres
|-supereffective|p1a: Moltres
|-damage|p1a: Moltres|0 fnt
|faint|p1a: Moltres
|
|t:|1729887279
|switch|p1a: Swampert|Swampert, M|100/100
|-damage|p1a: Swampert|76/100|[from] Spikes
|
|-weather|Sandstorm|[upkeep]
|-damage|p2a: Zapdos|15/100|[from] Sandstorm
|-heal|p2a: Zapdos|22/100|[from] item: Leftovers
|-heal|p1a: Swampert|82/100|[from] item: Leftovers
|upkeep
|turn|33
|
|t:|1729887291
|move|p2a: Zapdos|Baton Pass|p2a: Zapdos
|
|t:|1729887295
|switch|p2a: Forretress|Forretress, F|69/100|[from] Baton Pass
|-damage|p2a: Forretress|57/100|[from] Spikes
|move|p1a: Swampert|Ice Beam|p2a: Forretress
|-resisted|p2a: Forretress
|-damage|p2a: Forretress|46/100
|
|-weather|Sandstorm|[upkeep]
|-heal|p1a: Swampert|88/100|[from] item: Leftovers
|-heal|p2a: Forretress|52/100|[from] item: Leftovers
|upkeep
|turn|34
|
|t:|1729887307
|move|p1a: Swampert|Hydro Pump|p2a: Forretress|[miss]
|-miss|p1a: Swampert|p2a: Forretress
|move|p2a: Forretress|Explosion|p1a: Swampert
|-damage|p1a: Swampert|0 fnt
|faint|p2a: Forretress
|faint|p1a: Swampert
|
|t:|1729887317
|switch|p1a: Zapdos|Zapdos|49/100
|switch|p2a: Zapdos|Zapdos|22/100
|
|-weather|Sandstorm|[upkeep]
|-damage|p2a: Zapdos|15/100|[from] Sandstorm
|-damage|p1a: Zapdos|43/100|[from] Sandstorm
|-heal|p2a: Zapdos|22/100|[from] item: Leftovers
|-heal|p1a: Zapdos|49/100|[from] item: Leftovers
|upkeep
|turn|35
|
|t:|1729887327
|move|p2a: Zapdos|Thunderbolt|p1a: Zapdos
|-damage|p1a: Zapdos|0 fnt
|faint|p1a: Zapdos
|
|win|Mulikki
|player|p1|

</script>
<script type="application/json" class="data" id="replaydata-smogtours-gen3ou-801898">
{"id":"smogtours-gen3ou-801898","format":"[Gen 3] OU","players":["yellow yamada","Mulikki"],"uploadtime":1729887327,"views":71,"formatid":"gen3ou","rating":null,"private":0,"password":null}
</script>

<script defer src="js/replays.js?9d40a366"></script>
