<!DOCTYPE html>
<meta charset="utf-8" />
<meta name="viewport" content="width=device-width" />

<title>[Gen 3] OU: rezzo64 vs. Count Sliggoo II - Replays - Pok&eacute;mon Showdown!</title>

<meta name="description" content="Watch a replay of a Pok&eacute;mon battle between rezzo64 and Count Sliggoo II! Format: [Gen 3] OU; Date: Oct 10, 2024" />
<!--

Hey, you! Looking in the source for the replay log?

You can find them in JSON format, just add `.json` at the end of a replay URL.

https://replay.pokemonshowdown.com/gen7randomdoublesbattle-865046831.json

Or, if you only need the log itself, add `.log` instead:

https://replay.pokemonshowdown.com/gen7randomdoublesbattle-865046831.log

-->

<link rel="stylesheet" href="//pokemonshowdown.com/style/global.css?0.767286132409787" />
<link rel="stylesheet" href="//play.pokemonshowdown.com/style/font-awesome.css?0.9266228007934947" />
<link rel="stylesheet" href="//play.pokemonshowdown.com/style/battle.css?0.7924700842790926" />
<link rel="stylesheet" href="//play.pokemonshowdown.com/style/utilichart.css?0.8777417872839479" />

<!-- Global site tag (gtag.js) - Google Analytics -->
<script async src="https://www.googletagmanager.com/gtag/js?id=UA-26211653-1"></script>
<script>
  window.dataLayer = window.dataLayer || [];
  function gtag(){dataLayer.push(arguments);}
  gtag('js', new Date());

  gtag('config', 'UA-26211653-1');
</script>
<!-- End Google Analytics -->
<!-- Venatus Ad Manager - Install in <HEAD> of page -->
	<script src="https://hb.vntsm.com/v3/live/ad-manager.min.js" type="text/javascript" data-site-id="642aba63ec9a7b11c3c9c1be" data-mode="scan" async></script>
<!-- / Venatus Ad Manager -->

<style>
	@media (max-width:820px) {
		.battle {
			margin: 0 auto;
		}
		.battle-log {
			margin: 7px auto 0;
			max-width: 640px;
			height: 300px;
			position: static;
		}
	}
	.optgroup {
		display: inline-block;
		line-height: 22px;
		font-size: 10pt;
	}
	.optgroup .button {
		height: 25px;
		padding-top: 0;
		padding-bottom: 0;
	}
	.optgroup button.button {
		padding-left: 12px;
		padding-right: 12px;
	}
	.linklist {
		list-style: none;
		margin: 0.5em 0;
		padding: 0;
	}
	.linklist li {
		padding: 2px 0;
	}
	.sidebar {
		float: left;
		width: 320px;
	}
	.bar-wrapper {
		max-width: 1100px;
		margin: 0 auto;
	}
	.bar-wrapper.has-sidebar {
		max-width: 1430px;
	}
	.mainbar {
		margin: 0;
		padding-right: 1px;
	}
	.mainbar.has-sidebar {
		margin-left: 330px;
	}
	@media (min-width: 1511px) {
		.sidebar {
			width: 400px;
		}
		.bar-wrapper.has-sidebar {
			max-width: 1510px;
		}
		.mainbar.has-sidebar {
			margin-left: 410px;
		}
	}
	.section.first-section {
		margin-top: 9px;
	}
	.blocklink small {
		white-space: normal;
	}
	.button {
		vertical-align: middle;
	}
	.replay-controls {
		padding-top: 10px;
	}
	.replay-controls h1 {
		font-size: 16pt;
		font-weight: normal;
		color: #CCC;
	}
	.pagelink {
		text-align: center;
	}
	.pagelink a {
		width: 150px;
	}
	.textbox, .button {
		font-size: 11pt;
		vertical-align: middle;
	}
	@media (max-width: 450px) {
		.button {
			font-size: 9pt;
		}
	}
</style>

<div>

	<header>
		<div class="nav-wrapper"><ul class="nav">
			<li><a class="button nav-first" href="//pokemonshowdown.com/"><img src="//pokemonshowdown.com/images/pokemonshowdownbeta.png" srcset="//pokemonshowdown.com/images/pokemonshowdownbeta.png 1x, //pokemonshowdown.com/images/pokemonshowdownbeta@2x.png 2x" alt="Pok&eacute;mon Showdown" width="146" height="44" /> Home</a></li>
			<li><a class="button" href="//pokemonshowdown.com/dex/">Pok&eacute;dex</a></li>
			<li><a class="button cur" href="/">Replays</a></li>
			<li><a class="button" href="//pokemonshowdown.com/ladder/">Ladder</a></li>
			<li><a class="button nav-last" href="//pokemonshowdown.com/forums/">Forum</a></li>
			<li><a class="button greenbutton nav-first nav-last" href="//play.pokemonshowdown.com/">Play</a></li>
		</ul></div>
	</header>

	<div class="main" id="main">

		<noscript><section class="section">You need to enable JavaScript to use this page; sorry!</section></noscript>

	</div>

</div>

<script defer nomodule src="//play.pokemonshowdown.com/js/lib/ps-polyfill.js"></script>
<script defer src="//play.pokemonshowdown.com/js/lib/preact.min.js"></script>

<script defer src="//play.pokemonshowdown.com/config/config.js?6dec07f6"></script>
<script defer src="//play.pokemonshowdown.com/js/lib/jquery-1.11.0.min.js"></script>
<script defer src="//play.pokemonshowdown.com/js/lib/html-sanitizer-minified.js"></script>
<script defer src="//play.pokemonshowdown.com/js/battle-sound.js"></script>
<script defer src="//play.pokemonshowdown.com/js/battledata.js?0.6315294753075389"></script>
<script defer src="//play.pokemonshowdown.com/data/pokedex-mini.js?0.7603743185311358"></script>
<script defer src="//play.pokemonshowdown.com/data/pokedex-mini-bw.js?0.030888842834281283"></script>
<script defer src="//play.pokemonshowdown.com/data/graphics.js?0.05593094747507488"></script>
<script defer src="//play.pokemonshowdown.com/data/pokedex.js?0.47064822249611904"></script>
<script defer src="//play.pokemonshowdown.com/data/moves.js?0.8583693120512459"></script>
<script defer src="//play.pokemonshowdown.com/data/abilities.js?0.16017181182386842"></script>
<script defer src="//play.pokemonshowdown.com/data/items.js?0.4163379185673943"></script>
<script defer src="//play.pokemonshowdown.com/data/teambuilder-tables.js?0.31075597372830477"></script>
<script defer src="//play.pokemonshowdown.com/js/battle-tooltips.js?0.6536193500708172"></script>
<script defer src="//play.pokemonshowdown.com/js/battle.js?0.1916591943277901"></script>

<script defer src="js/utils.js?e31f9a17"></script>
<script defer src="js/replays-battle.js?7008c182"></script>

<!-- don't scrape this data! just add .json or .log after the URL!
Full API docs: https://github.com/smogon/pokemon-showdown-client/blob/master/WEB-API.md -->
<script type="text/plain" class="log" id="replaylog-smogtours-gen3ou-796905">
|inactive|Battle timer is ON: inactive players will automatically lose when time's up.
|t:|1728576225
|gametype|singles
|player|p1|rezzo64|worker|
|player|p2|Count Sliggoo II|266|
|teamsize|p1|6
|teamsize|p2|6
|gen|3
|tier|[Gen 3] OU
|rule|Sleep Clause Mod: Limit one foe put to sleep
|rule|Switch Priority Clause Mod: Faster Pokémon switch first
|rule|Species Clause: Limit one of each Pokémon
|rule|OHKO Clause: OHKO moves are banned
|rule|Evasion Items Clause: Evasion items are banned
|rule|Evasion Moves Clause: Evasion moves are banned
|rule|Endless Battle Clause: Forcing endless battles is banned
|rule|HP Percentage Mod: HP is shown in percentages
|rule|One Boost Passer Clause: Limit one Baton Passer that has a way to boost its stats
|rule|Freeze Clause Mod: Limit one foe frozen
|
|t:|1728576225
|start
|switch|p1a: 小呆|Snorlax, F, shiny|100/100
|switch|p2a: Boltbeak|Zapdos|100/100
|turn|1
|c|☆Count Sliggoo II|Good luck, have fun.
|c|☆rezzo64|you too
|
|t:|1728576246
|switch|p2a: Despot|Tyranitar, M, shiny|100/100
|-weather|Sandstorm|[from] ability: Sand Stream|[of] p2a: Despot
|move|p1a: 小呆|Body Slam|p2a: Despot
|-resisted|p2a: Despot
|-damage|p2a: Despot|81/100
|
|-weather|Sandstorm|[upkeep]
|-damage|p1a: 小呆|94/100|[from] Sandstorm
|-heal|p1a: 小呆|100/100|[from] item: Leftovers
|upkeep
|turn|2
|
|t:|1728576256
|move|p2a: Despot|Brick Break|p1a: 小呆
|-supereffective|p1a: 小呆
|-damage|p1a: 小呆|39/100
|move|p1a: 小呆|Brick Break|p2a: Despot
|-supereffective|p2a: Despot
|-damage|p2a: Despot|0 fnt
|faint|p2a: Despot
|inactive|Count Sliggoo II has 270 seconds left.
|
|t:|1728576301
|switch|p2a: Gigaton|Metagross, shiny|100/100
|
|-weather|Sandstorm|[upkeep]
|-damage|p1a: 小呆|32/100|[from] Sandstorm
|-heal|p1a: 小呆|39/100|[from] item: Leftovers
|upkeep
|turn|3
|
|t:|1728576308
|switch|p1a: Skarmory|Skarmory, F|100/100
|move|p2a: Gigaton|Meteor Mash|p1a: Skarmory
|-resisted|p1a: Skarmory
|-damage|p1a: Skarmory|79/100
|
|-weather|Sandstorm|[upkeep]
|-heal|p1a: Skarmory|85/100|[from] item: Leftovers
|upkeep
|turn|4
|inactive|Count Sliggoo II has 270 seconds left.
|
|t:|1728576329
|switch|p2a: Deadbolt|Magneton|100/100
|move|p1a: Skarmory|Spikes|p2a: Deadbolt
|-sidestart|p2: Count Sliggoo II|Spikes
|
|-weather|Sandstorm|[upkeep]
|-heal|p1a: Skarmory|91/100|[from] item: Leftovers
|upkeep
|turn|5
|
|t:|1728576336
|move|p1a: Skarmory|Protect|p1a: Skarmory
|-singleturn|p1a: Skarmory|Protect
|move|p2a: Deadbolt|Thunderbolt|p1a: Skarmory
|-activate|p1a: Skarmory|Protect
|
|-weather|Sandstorm|[upkeep]
|-heal|p1a: Skarmory|97/100|[from] item: Leftovers
|upkeep
|turn|6
|
|t:|1728576340
|move|p1a: Skarmory|Protect||[still]
|-fail|p1a: Skarmory
|move|p2a: Deadbolt|Thunderbolt|p1a: Skarmory
|-supereffective|p1a: Skarmory
|-damage|p1a: Skarmory|0 fnt
|faint|p1a: Skarmory
|
|t:|1728576357
|switch|p1a: Claydol|Claydol|100/100
|
|-weather|Sandstorm|[upkeep]
|upkeep
|turn|7
|inactive|Count Sliggoo II has 270 seconds left.
|
|t:|1728576379
|move|p2a: Deadbolt|Toxic|p1a: Claydol
|-status|p1a: Claydol|tox
|move|p1a: Claydol|Earthquake|p2a: Deadbolt
|-supereffective|p2a: Deadbolt
|-damage|p2a: Deadbolt|0 fnt
|faint|p2a: Deadbolt
|inactive|Count Sliggoo II has 270 seconds left.
|
|t:|1728576392
|switch|p2a: Boltbeak|Zapdos|100/100
|
|-weather|Sandstorm|[upkeep]
|-damage|p2a: Boltbeak|94/100|[from] Sandstorm
|-heal|p2a: Boltbeak|100/100|[from] item: Leftovers
|-damage|p1a: Claydol|94/100 tox|[from] psn
|upkeep
|turn|8
|
|t:|1728576400
|switch|p1a: Blissey|Blissey, F|100/100
|move|p2a: Boltbeak|Protect||[still]
|-fail|p2a: Boltbeak
|
|-weather|Sandstorm|[upkeep]
|-damage|p2a: Boltbeak|94/100|[from] Sandstorm
|-damage|p1a: Blissey|94/100|[from] Sandstorm
|-heal|p2a: Boltbeak|100/100|[from] item: Leftovers
|-heal|p1a: Blissey|100/100|[from] item: Leftovers
|upkeep
|turn|9
|
|t:|1728576416
|switch|p1a: Claydol|Claydol|94/100 tox
|move|p2a: Boltbeak|Protect||[still]
|-fail|p2a: Boltbeak
|
|-weather|Sandstorm|[upkeep]
|-damage|p2a: Boltbeak|94/100|[from] Sandstorm
|-heal|p2a: Boltbeak|100/100|[from] item: Leftovers
|-heal|p1a: Claydol|100/100 tox|[from] item: Leftovers
|-damage|p1a: Claydol|94/100 tox|[from] psn
|upkeep
|turn|10
|
|t:|1728576420
|switch|p1a: Blissey|Blissey, F|100/100
|move|p2a: Boltbeak|Hidden Power|p1a: Blissey
|-damage|p1a: Blissey|90/100
|
|-weather|Sandstorm|[upkeep]
|-damage|p2a: Boltbeak|94/100|[from] Sandstorm
|-damage|p1a: Blissey|84/100|[from] Sandstorm
|-heal|p2a: Boltbeak|100/100|[from] item: Leftovers
|-heal|p1a: Blissey|90/100|[from] item: Leftovers
|upkeep
|turn|11
|
|t:|1728576445
|switch|p2a: Aurora|Suicune|100/100
|-damage|p2a: Aurora|88/100|[from] Spikes
|move|p1a: Blissey|Toxic|p2a: Aurora|[miss]
|-miss|p1a: Blissey|p2a: Aurora
|
|-weather|Sandstorm|[upkeep]
|-damage|p2a: Aurora|82/100|[from] Sandstorm
|-damage|p1a: Blissey|84/100|[from] Sandstorm
|-heal|p2a: Aurora|88/100|[from] item: Leftovers
|-heal|p1a: Blissey|90/100|[from] item: Leftovers
|upkeep
|turn|12
|
|t:|1728576458
|move|p2a: Aurora|Calm Mind|p2a: Aurora
|-boost|p2a: Aurora|spa|1
|-boost|p2a: Aurora|spd|1
|move|p1a: Blissey|Thunderbolt|p2a: Aurora
|-supereffective|p2a: Aurora
|-damage|p2a: Aurora|64/100
|
|-weather|Sandstorm|[upkeep]
|-damage|p2a: Aurora|58/100|[from] Sandstorm
|-damage|p1a: Blissey|84/100|[from] Sandstorm
|-heal|p2a: Aurora|64/100|[from] item: Leftovers
|-heal|p1a: Blissey|90/100|[from] item: Leftovers
|upkeep
|turn|13
|
|t:|1728576462
|move|p2a: Aurora|Calm Mind|p2a: Aurora
|-boost|p2a: Aurora|spa|1
|-boost|p2a: Aurora|spd|1
|move|p1a: Blissey|Toxic|p2a: Aurora
|-status|p2a: Aurora|tox
|
|-weather|Sandstorm|[upkeep]
|-damage|p2a: Aurora|58/100 tox|[from] Sandstorm
|-damage|p1a: Blissey|84/100|[from] Sandstorm
|-heal|p2a: Aurora|64/100 tox|[from] item: Leftovers
|-damage|p2a: Aurora|58/100 tox|[from] psn
|-heal|p1a: Blissey|90/100|[from] item: Leftovers
|upkeep
|turn|14
|
|t:|1728576472
|move|p2a: Aurora|Surf|p1a: Blissey
|-damage|p1a: Blissey|66/100
|move|p1a: Blissey|Thunderbolt|p2a: Aurora
|-supereffective|p2a: Aurora
|-damage|p2a: Aurora|38/100 tox
|
|-weather|Sandstorm|[upkeep]
|-damage|p2a: Aurora|32/100 tox|[from] Sandstorm
|-damage|p1a: Blissey|60/100|[from] Sandstorm
|-heal|p2a: Aurora|38/100 tox|[from] item: Leftovers
|-damage|p2a: Aurora|26/100 tox|[from] psn
|-heal|p1a: Blissey|66/100|[from] item: Leftovers
|upkeep
|turn|15
|
|t:|1728576487
|switch|p1a: Claydol|Claydol|94/100 tox
|move|p2a: Aurora|Rest|p2a: Aurora
|-status|p2a: Aurora|slp|[from] move: Rest
|-heal|p2a: Aurora|100/100 slp|[silent]
|
|-weather|Sandstorm|[upkeep]
|-damage|p2a: Aurora|94/100 slp|[from] Sandstorm
|-heal|p2a: Aurora|100/100 slp|[from] item: Leftovers
|-heal|p1a: Claydol|100/100 tox|[from] item: Leftovers
|-damage|p1a: Claydol|94/100 tox|[from] psn
|upkeep
|turn|16
|
|t:|1728576503
|cant|p2a: Aurora|slp
|move|p1a: Claydol|Explosion|p2a: Aurora
|-damage|p2a: Aurora|29/100 slp
|faint|p1a: Claydol
|inactive|rezzo64 has 270 seconds left.
|inactive|rezzo64 has 240 seconds left.
|inactive|Count Sliggoo II disconnected and has 300 seconds to reconnect!
|player|p2|
|
|t:|1728576589
|switch|p1a: Salamence|Salamence, M|100/100
|-ability|p1a: Salamence|Intimidate|boost
|-unboost|p2a: Aurora|atk|1
|
|-weather|Sandstorm|[upkeep]
|-damage|p1a: Salamence|94/100|[from] Sandstorm
|-damage|p2a: Aurora|23/100 slp|[from] Sandstorm
|-heal|p1a: Salamence|100/100|[from] item: Leftovers
|-heal|p2a: Aurora|29/100 slp|[from] item: Leftovers
|upkeep
|turn|17
|inactive|Count Sliggoo II reconnected and has 300 seconds left.
|player|p2|Count Sliggoo II|266|
|inactive|rezzo64 has 210 seconds left.
|
|t:|1728576607
|switch|p2a: Boltbeak|Zapdos|100/100
|move|p1a: Salamence|Hidden Power|p2a: Boltbeak
|-resisted|p2a: Boltbeak
|-damage|p2a: Boltbeak|88/100
|
|-weather|Sandstorm|[upkeep]
|-damage|p2a: Boltbeak|82/100|[from] Sandstorm
|-damage|p1a: Salamence|94/100|[from] Sandstorm
|-heal|p2a: Boltbeak|88/100|[from] item: Leftovers
|-heal|p1a: Salamence|100/100|[from] item: Leftovers
|upkeep
|turn|18
|
|t:|1728576615
|switch|p1a: Blissey|Blissey, F|66/100
|move|p2a: Boltbeak|Toxic|p1a: Blissey|[miss]
|-miss|p2a: Boltbeak|p1a: Blissey
|
|-weather|Sandstorm|[upkeep]
|-damage|p2a: Boltbeak|82/100|[from] Sandstorm
|-damage|p1a: Blissey|60/100|[from] Sandstorm
|-heal|p2a: Boltbeak|88/100|[from] item: Leftovers
|-heal|p1a: Blissey|66/100|[from] item: Leftovers
|upkeep
|turn|19
|inactive|rezzo64 has 210 seconds left.
|
|t:|1728576639
|move|p2a: Boltbeak|Toxic|p1a: Blissey|[miss]
|-miss|p2a: Boltbeak|p1a: Blissey
|move|p1a: Blissey|Soft-Boiled|p1a: Blissey
|-heal|p1a: Blissey|100/100
|
|-weather|Sandstorm|[upkeep]
|-damage|p2a: Boltbeak|82/100|[from] Sandstorm
|-damage|p1a: Blissey|94/100|[from] Sandstorm
|-heal|p2a: Boltbeak|88/100|[from] item: Leftovers
|-heal|p1a: Blissey|100/100|[from] item: Leftovers
|upkeep
|turn|20
|
|t:|1728576645
|move|p2a: Boltbeak|Protect|p2a: Boltbeak
|-singleturn|p2a: Boltbeak|Protect
|move|p1a: Blissey|Ice Beam|p2a: Boltbeak
|-activate|p2a: Boltbeak|Protect
|
|-weather|Sandstorm|[upkeep]
|-damage|p2a: Boltbeak|82/100|[from] Sandstorm
|-damage|p1a: Blissey|94/100|[from] Sandstorm
|-heal|p2a: Boltbeak|88/100|[from] item: Leftovers
|-heal|p1a: Blissey|100/100|[from] item: Leftovers
|upkeep
|turn|21
|
|t:|1728576655
|switch|p2a: Gigaton|Metagross, shiny|100/100
|-damage|p2a: Gigaton|88/100|[from] Spikes
|switch|p1a: Salamence|Salamence, M|100/100
|-ability|p1a: Salamence|Intimidate|boost
|-fail|p2a: Gigaton|unboost|[from] ability: Clear Body|[of] p2a: Gigaton
|
|-weather|Sandstorm|[upkeep]
|-damage|p1a: Salamence|94/100|[from] Sandstorm
|-heal|p1a: Salamence|100/100|[from] item: Leftovers
|-heal|p2a: Gigaton|94/100|[from] item: Leftovers
|upkeep
|turn|22
|
|t:|1728576668
|switch|p2a: Draco|Salamence, F|100/100
|-ability|p2a: Draco|Intimidate|boost
|-unboost|p1a: Salamence|atk|1
|move|p1a: Salamence|Flamethrower|p2a: Draco
|-resisted|p2a: Draco
|-damage|p2a: Draco|77/100
|
|-weather|Sandstorm|[upkeep]
|-damage|p2a: Draco|71/100|[from] Sandstorm
|-damage|p1a: Salamence|94/100|[from] Sandstorm
|-heal|p2a: Draco|77/100|[from] item: Leftovers
|-heal|p1a: Salamence|100/100|[from] item: Leftovers
|upkeep
|turn|23
|
|t:|1728576680
|move|p2a: Draco|Dragon Claw|p1a: Salamence
|-supereffective|p1a: Salamence
|-crit|p1a: Salamence
|-damage|p1a: Salamence|0 fnt
|faint|p1a: Salamence
|inactive|rezzo64 has 210 seconds left.
|
|t:|1728576701
|switch|p1a: Aerodactyl|Aerodactyl, F|100/100
|
|-weather|Sandstorm|[upkeep]
|-damage|p2a: Draco|71/100|[from] Sandstorm
|-heal|p2a: Draco|77/100|[from] item: Leftovers
|upkeep
|turn|24
|inactive|rezzo64 has 210 seconds left.
|
|t:|1728576723
|switch|p2a: Aurora|Suicune|29/100 slp
|-damage|p2a: Aurora|16/100 slp|[from] Spikes
|move|p1a: Aerodactyl|Rock Slide|p2a: Aurora
|-damage|p2a: Aurora|0 fnt
|faint|p2a: Aurora
|
|t:|1728576725
|switch|p2a: Gigaton|Metagross, shiny|94/100
|-damage|p2a: Gigaton|82/100|[from] Spikes
|
|-weather|Sandstorm|[upkeep]
|-heal|p2a: Gigaton|88/100|[from] item: Leftovers
|upkeep
|turn|25
|
|t:|1728576734
|switch|p1a: 小呆|Snorlax, F, shiny|39/100
|move|p2a: Gigaton|Agility|p2a: Gigaton
|-boost|p2a: Gigaton|spe|2
|
|-weather|Sandstorm|[upkeep]
|-damage|p1a: 小呆|32/100|[from] Sandstorm
|-heal|p2a: Gigaton|94/100|[from] item: Leftovers
|-heal|p1a: 小呆|39/100|[from] item: Leftovers
|upkeep
|turn|26
|
|t:|1728576744
|move|p2a: Gigaton|Meteor Mash|p1a: 小呆
|-damage|p1a: 小呆|0 fnt
|-boost|p2a: Gigaton|atk|1
|faint|p1a: 小呆
|
|t:|1728576748
|switch|p1a: Aerodactyl|Aerodactyl, F|100/100
|
|-weather|Sandstorm|[upkeep]
|-heal|p2a: Gigaton|100/100|[from] item: Leftovers
|upkeep
|turn|27
|
|t:|1728576766
|move|p2a: Gigaton|Rock Slide|p1a: Aerodactyl
|-supereffective|p1a: Aerodactyl
|-damage|p1a: Aerodactyl|0 fnt
|faint|p1a: Aerodactyl
|
|t:|1728576771
|switch|p1a: Blissey|Blissey, F|100/100
|
|-weather|Sandstorm|[upkeep]
|-damage|p1a: Blissey|94/100|[from] Sandstorm
|-heal|p1a: Blissey|100/100|[from] item: Leftovers
|upkeep
|turn|28
|c|☆rezzo64|gg
|-message|rezzo64 forfeited.
|
|win|Count Sliggoo II
|c|☆Count Sliggoo II|Gg.
|player|p2|

</script>
<script type="application/json" class="data" id="replaydata-smogtours-gen3ou-796905">
{"id":"smogtours-gen3ou-796905","format":"[Gen 3] OU","players":["rezzo64","Count Sliggoo II"],"uploadtime":1728576775,"views":106,"formatid":"gen3ou","rating":null,"private":0,"password":null}
</script>

<script defer src="js/replays.js?9d40a366"></script>
