<!DOCTYPE html>
<meta charset="utf-8" />
<meta name="viewport" content="width=device-width" />

<title>[Gen 3] OU: GarhamSandich vs. Doc. Steel - Replays - Pok&eacute;mon Showdown!</title>

<meta name="description" content="Watch a replay of a Pok&eacute;mon battle between GarhamSandich and Doc. Steel! Format: [Gen 3] OU; Date: Oct 28, 2024" />
<!--

Hey, you! Looking in the source for the replay log?

You can find them in JSON format, just add `.json` at the end of a replay URL.

https://replay.pokemonshowdown.com/gen7randomdoublesbattle-865046831.json

Or, if you only need the log itself, add `.log` instead:

https://replay.pokemonshowdown.com/gen7randomdoublesbattle-865046831.log

-->

<link rel="stylesheet" href="//pokemonshowdown.com/style/global.css?0.023195364461161105" />
<link rel="stylesheet" href="//play.pokemonshowdown.com/style/font-awesome.css?0.13261647063804238" />
<link rel="stylesheet" href="//play.pokemonshowdown.com/style/battle.css?0.8753245789963631" />
<link rel="stylesheet" href="//play.pokemonshowdown.com/style/utilichart.css?0.8627959624976733" />

<!-- Global site tag (gtag.js) - Google Analytics -->
<script async src="https://www.googletagmanager.com/gtag/js?id=UA-26211653-1"></script>
<script>
  window.dataLayer = window.dataLayer || [];
  function gtag(){dataLayer.push(arguments);}
  gtag('js', new Date());

  gtag('config', 'UA-26211653-1');
</script>
<!-- End Google Analytics -->
<!-- Venatus Ad Manager - Install in <HEAD> of page -->
	<script src="https://hb.vntsm.com/v3/live/ad-manager.min.js" type="text/javascript" data-site-id="642aba63ec9a7b11c3c9c1be" data-mode="scan" async></script>
<!-- / Venatus Ad Manager -->

<style>
	@media (max-width:820px) {
		.battle {
			margin: 0 auto;
		}
		.battle-log {
			margin: 7px auto 0;
			max-width: 640px;
			height: 300px;
			position: static;
		}
	}
	.optgroup {
		display: inline-block;
		line-height: 22px;
		font-size: 10pt;
	}
	.optgroup .button {
		height: 25px;
		padding-top: 0;
		padding-bottom: 0;
	}
	.optgroup button.button {
		padding-left: 12px;
		padding-right: 12px;
	}
	.linklist {
		list-style: none;
		margin: 0.5em 0;
		padding: 0;
	}
	.linklist li {
		padding: 2px 0;
	}
	.sidebar {
		float: left;
		width: 320px;
	}
	.bar-wrapper {
		max-width: 1100px;
		margin: 0 auto;
	}
	.bar-wrapper.has-sidebar {
		max-width: 1430px;
	}
	.mainbar {
		margin: 0;
		padding-right: 1px;
	}
	.mainbar.has-sidebar {
		margin-left: 330px;
	}
	@media (min-width: 1511px) {
		.sidebar {
			width: 400px;
		}
		.bar-wrapper.has-sidebar {
			max-width: 1510px;
		}
		.mainbar.has-sidebar {
			margin-left: 410px;
		}
	}
	.section.first-section {
		margin-top: 9px;
	}
	.blocklink small {
		white-space: normal;
	}
	.button {
		vertical-align: middle;
	}
	.replay-controls {
		padding-top: 10px;
	}
	.replay-controls h1 {
		font-size: 16pt;
		font-weight: normal;
		color: #CCC;
	}
	.pagelink {
		text-align: center;
	}
	.pagelink a {
		width: 150px;
	}
	.textbox, .button {
		font-size: 11pt;
		vertical-align: middle;
	}
	@media (max-width: 450px) {
		.button {
			font-size: 9pt;
		}
	}
</style>

<div>

	<header>
		<div class="nav-wrapper"><ul class="nav">
			<li><a class="button nav-first" href="//pokemonshowdown.com/"><img src="//pokemonshowdown.com/images/pokemonshowdownbeta.png" srcset="//pokemonshowdown.com/images/pokemonshowdownbeta.png 1x, //pokemonshowdown.com/images/pokemonshowdownbeta@2x.png 2x" alt="Pok&eacute;mon Showdown" width="146" height="44" /> Home</a></li>
			<li><a class="button" href="//pokemonshowdown.com/dex/">Pok&eacute;dex</a></li>
			<li><a class="button cur" href="/">Replays</a></li>
			<li><a class="button" href="//pokemonshowdown.com/ladder/">Ladder</a></li>
			<li><a class="button nav-last" href="//pokemonshowdown.com/forums/">Forum</a></li>
			<li><a class="button greenbutton nav-first nav-last" href="//play.pokemonshowdown.com/">Play</a></li>
		</ul></div>
	</header>

	<div class="main" id="main">

		<noscript><section class="section">You need to enable JavaScript to use this page; sorry!</section></noscript>

	</div>

</div>

<script defer nomodule src="//play.pokemonshowdown.com/js/lib/ps-polyfill.js"></script>
<script defer src="//play.pokemonshowdown.com/js/lib/preact.min.js"></script>

<script defer src="//play.pokemonshowdown.com/config/config.js?2bddbc15"></script>
<script defer src="//play.pokemonshowdown.com/js/lib/jquery-1.11.0.min.js"></script>
<script defer src="//play.pokemonshowdown.com/js/lib/html-sanitizer-minified.js"></script>
<script defer src="//play.pokemonshowdown.com/js/battle-sound.js"></script>
<script defer src="//play.pokemonshowdown.com/js/battledata.js?0.7209276989879541"></script>
<script defer src="//play.pokemonshowdown.com/data/pokedex-mini.js?0.6111056340867951"></script>
<script defer src="//play.pokemonshowdown.com/data/pokedex-mini-bw.js?0.3532142036491459"></script>
<script defer src="//play.pokemonshowdown.com/data/graphics.js?0.24223875632456182"></script>
<script defer src="//play.pokemonshowdown.com/data/pokedex.js?0.38839984266356864"></script>
<script defer src="//play.pokemonshowdown.com/data/moves.js?0.21866028504024015"></script>
<script defer src="//play.pokemonshowdown.com/data/abilities.js?0.2005157953846628"></script>
<script defer src="//play.pokemonshowdown.com/data/items.js?0.9894211263848525"></script>
<script defer src="//play.pokemonshowdown.com/data/teambuilder-tables.js?0.6008791140282215"></script>
<script defer src="//play.pokemonshowdown.com/js/battle-tooltips.js?0.7580118955022959"></script>
<script defer src="//play.pokemonshowdown.com/js/battle.js?0.6057722274234274"></script>

<script defer src="js/utils.js?e31f9a17"></script>
<script defer src="js/replays-battle.js?7008c182"></script>

<!-- don't scrape this data! just add .json or .log after the URL!
Full API docs: https://github.com/smogon/pokemon-showdown-client/blob/master/WEB-API.md -->
<script type="text/plain" class="log" id="replaylog-smogtours-gen3ou-803064">
|inactive|Battle timer is ON: inactive players will automatically lose when time's up.
|t:|1730128873
|gametype|singles
|player|p1|GarhamSandich|2|
|player|p2|Doc. Steel|101|
|teamsize|p1|6
|teamsize|p2|6
|gen|3
|tier|[Gen 3] OU
|rule|Sleep Clause Mod: Limit one foe put to sleep
|rule|Switch Priority Clause Mod: Faster Pokémon switch first
|rule|Species Clause: Limit one of each Pokémon
|rule|OHKO Clause: OHKO moves are banned
|rule|Evasion Items Clause: Evasion items are banned
|rule|Evasion Moves Clause: Evasion moves are banned
|rule|Endless Battle Clause: Forcing endless battles is banned
|rule|HP Percentage Mod: HP is shown in percentages
|rule|One Boost Passer Clause: Limit one Baton Passer that has a way to boost its stats
|rule|Freeze Clause Mod: Limit one foe frozen
|
|t:|1730128873
|start
|switch|p1a: Blissey|Blissey, F|100/100
|switch|p2a: Tyranitar|Tyranitar, M|100/100
|-weather|Sandstorm|[from] ability: Sand Stream|[of] p2a: Tyranitar
|turn|1
|
|t:|1730128889
|-singleturn|p2a: Tyranitar|move: Focus Punch
|switch|p1a: Milotic|Milotic, F|100/100
|move|p2a: Tyranitar|Focus Punch|p1a: Milotic
|-damage|p1a: Milotic|35/100
|
|-weather|Sandstorm|[upkeep]
|-damage|p1a: Milotic|29/100|[from] Sandstorm
|-heal|p1a: Milotic|35/100|[from] item: Leftovers
|upkeep
|turn|2
|
|t:|1730128903
|switch|p2a: Skarmory|Skarmory, M|100/100
|move|p1a: Milotic|Recover|p1a: Milotic
|-heal|p1a: Milotic|85/100
|
|-weather|Sandstorm|[upkeep]
|-damage|p1a: Milotic|79/100|[from] Sandstorm
|-heal|p1a: Milotic|85/100|[from] item: Leftovers
|upkeep
|turn|3
|
|t:|1730128912
|switch|p1a: Skarmory|Skarmory, F|100/100
|move|p2a: Skarmory|Spikes|p1a: Skarmory
|-sidestart|p1: GarhamSandich|Spikes
|
|-weather|Sandstorm|[upkeep]
|upkeep
|turn|4
|
|t:|1730128922
|switch|p2a: Moltres|Moltres|100/100
|move|p1a: Skarmory|Spikes|p2a: Moltres
|-sidestart|p2: Doc. Steel|Spikes
|
|-weather|Sandstorm|[upkeep]
|-damage|p2a: Moltres|94/100|[from] Sandstorm
|-heal|p2a: Moltres|100/100|[from] item: Leftovers
|upkeep
|turn|5
|
|t:|1730128928
|switch|p1a: Blissey|Blissey, F|100/100
|-damage|p1a: Blissey|88/100|[from] Spikes
|move|p2a: Moltres|Will-O-Wisp|p1a: Blissey|[miss]
|-miss|p2a: Moltres|p1a: Blissey
|
|-weather|Sandstorm|[upkeep]
|-damage|p2a: Moltres|94/100|[from] Sandstorm
|-damage|p1a: Blissey|82/100|[from] Sandstorm
|-heal|p2a: Moltres|100/100|[from] item: Leftovers
|-heal|p1a: Blissey|88/100|[from] item: Leftovers
|upkeep
|turn|6
|
|t:|1730128939
|switch|p2a: Tyranitar|Tyranitar, M|100/100
|-damage|p2a: Tyranitar|88/100|[from] Spikes
|move|p1a: Blissey|Toxic|p2a: Tyranitar
|-status|p2a: Tyranitar|tox
|
|-weather|Sandstorm|[upkeep]
|-damage|p1a: Blissey|82/100|[from] Sandstorm
|-damage|p2a: Tyranitar|82/100 tox|[from] psn
|-heal|p1a: Blissey|88/100|[from] item: Leftovers
|upkeep
|turn|7
|
|t:|1730128947
|switch|p1a: Claydol|Claydol|100/100
|move|p2a: Tyranitar|Rock Slide|p1a: Claydol|[miss]
|-miss|p2a: Tyranitar|p1a: Claydol
|
|-weather|Sandstorm|[upkeep]
|-damage|p2a: Tyranitar|70/100 tox|[from] psn
|upkeep
|turn|8
|
|t:|1730128954
|switch|p2a: Claydol|Claydol|100/100
|move|p1a: Claydol|Psychic|p2a: Claydol
|-resisted|p2a: Claydol
|-damage|p2a: Claydol|91/100
|
|-weather|Sandstorm|[upkeep]
|-heal|p2a: Claydol|97/100|[from] item: Leftovers
|upkeep
|turn|9
|
|t:|1730128960
|move|p2a: Claydol|Rapid Spin|p1a: Claydol
|-damage|p1a: Claydol|96/100
|-sideend|p2: Doc. Steel|Spikes|[from] move: Rapid Spin|[of] p2a: Claydol
|move|p1a: Claydol|Rapid Spin|p2a: Claydol
|-damage|p2a: Claydol|92/100
|-sideend|p1: GarhamSandich|Spikes|[from] move: Rapid Spin|[of] p1a: Claydol
|
|-weather|Sandstorm|[upkeep]
|-heal|p1a: Claydol|100/100|[from] item: Leftovers
|-heal|p2a: Claydol|98/100|[from] item: Leftovers
|upkeep
|turn|10
|
|t:|1730128966
|switch|p2a: Skarmory|Skarmory, M|100/100
|switch|p1a: Milotic|Milotic, F|85/100
|
|-weather|Sandstorm|[upkeep]
|-damage|p1a: Milotic|79/100|[from] Sandstorm
|-heal|p1a: Milotic|85/100|[from] item: Leftovers
|upkeep
|turn|11
|
|t:|1730128978
|move|p1a: Milotic|Surf|p2a: Skarmory
|-crit|p2a: Skarmory
|-damage|p2a: Skarmory|35/100
|move|p2a: Skarmory|Toxic|p1a: Milotic
|-status|p1a: Milotic|tox
|
|-weather|Sandstorm|[upkeep]
|-damage|p1a: Milotic|79/100 tox|[from] Sandstorm
|-heal|p1a: Milotic|85/100 tox|[from] item: Leftovers
|-damage|p1a: Milotic|79/100 tox|[from] psn
|-heal|p2a: Skarmory|41/100|[from] item: Leftovers
|upkeep
|turn|12
|
|t:|1730128989
|switch|p2a: Blissey|Blissey, F|100/100
|move|p1a: Milotic|Refresh|p1a: Milotic
|-curestatus|p1a: Milotic|tox|[msg]
|
|-weather|Sandstorm|[upkeep]
|-damage|p1a: Milotic|73/100|[from] Sandstorm
|-damage|p2a: Blissey|94/100|[from] Sandstorm
|-heal|p1a: Milotic|79/100|[from] item: Leftovers
|-heal|p2a: Blissey|100/100|[from] item: Leftovers
|upkeep
|turn|13
|
|t:|1730128994
|move|p1a: Milotic|Recover|p1a: Milotic
|-heal|p1a: Milotic|100/100
|move|p2a: Blissey|Wish|p2a: Blissey
|
|-weather|Sandstorm|[upkeep]
|-damage|p1a: Milotic|94/100|[from] Sandstorm
|-damage|p2a: Blissey|94/100|[from] Sandstorm
|-heal|p1a: Milotic|100/100|[from] item: Leftovers
|-heal|p2a: Blissey|100/100|[from] item: Leftovers
|upkeep
|turn|14
|
|t:|1730129004
|switch|p2a: Skarmory|Skarmory, M|41/100
|move|p1a: Milotic|Surf|p2a: Skarmory
|-damage|p2a: Skarmory|11/100
|
|-heal|p2a: Skarmory|61/100|[from] move: Wish|[wisher] Blissey
|-weather|Sandstorm|[upkeep]
|-damage|p1a: Milotic|94/100|[from] Sandstorm
|-heal|p1a: Milotic|100/100|[from] item: Leftovers
|-heal|p2a: Skarmory|67/100|[from] item: Leftovers
|upkeep
|turn|15
|
|t:|1730129014
|switch|p2a: Blissey|Blissey, F|100/100
|move|p1a: Milotic|Surf|p2a: Blissey
|-damage|p2a: Blissey|87/100
|
|-weather|Sandstorm|[upkeep]
|-damage|p1a: Milotic|94/100|[from] Sandstorm
|-damage|p2a: Blissey|81/100|[from] Sandstorm
|-heal|p1a: Milotic|100/100|[from] item: Leftovers
|-heal|p2a: Blissey|87/100|[from] item: Leftovers
|upkeep
|turn|16
|
|t:|1730129021
|switch|p1a: Skarmory|Skarmory, F|100/100
|move|p2a: Blissey|Wish|p2a: Blissey
|
|-weather|Sandstorm|[upkeep]
|-damage|p2a: Blissey|81/100|[from] Sandstorm
|-heal|p2a: Blissey|87/100|[from] item: Leftovers
|upkeep
|turn|17
|
|t:|1730129027
|move|p1a: Skarmory|Spikes|p2a: Blissey
|-sidestart|p2: Doc. Steel|Spikes
|move|p2a: Blissey|Thunderbolt|p1a: Skarmory
|-supereffective|p1a: Skarmory
|-damage|p1a: Skarmory|51/100
|
|-heal|p2a: Blissey|100/100|[from] move: Wish|[wisher] Blissey
|-weather|Sandstorm|[upkeep]
|-damage|p2a: Blissey|94/100|[from] Sandstorm
|-heal|p1a: Skarmory|57/100|[from] item: Leftovers
|-heal|p2a: Blissey|100/100|[from] item: Leftovers
|upkeep
|turn|18
|
|t:|1730129035
|switch|p1a: Blissey|Blissey, F|88/100
|move|p2a: Blissey|Wish|p2a: Blissey
|
|-weather|Sandstorm|[upkeep]
|-damage|p1a: Blissey|82/100|[from] Sandstorm
|-damage|p2a: Blissey|94/100|[from] Sandstorm
|-heal|p1a: Blissey|88/100|[from] item: Leftovers
|-heal|p2a: Blissey|100/100|[from] item: Leftovers
|upkeep
|turn|19
|
|t:|1730129042
|switch|p1a: Dugtrio|Dugtrio, F|100/100
|switch|p2a: Tyranitar|Tyranitar, M|70/100 tox
|-damage|p2a: Tyranitar|58/100 tox|[from] Spikes
|
|-heal|p2a: Tyranitar|100/100 tox|[from] move: Wish|[wisher] Blissey
|-weather|Sandstorm|[upkeep]
|-damage|p2a: Tyranitar|94/100 tox|[from] psn
|upkeep
|turn|20
|
|t:|1730129050
|move|p1a: Dugtrio|Earthquake|p2a: Tyranitar
|-supereffective|p2a: Tyranitar
|-damage|p2a: Tyranitar|0 fnt
|faint|p2a: Tyranitar
|
|t:|1730129066
|switch|p2a: Skarmory|Skarmory, M|67/100
|
|-weather|Sandstorm|[upkeep]
|-heal|p2a: Skarmory|73/100|[from] item: Leftovers
|upkeep
|turn|21
|
|t:|1730129072
|switch|p1a: Skarmory|Skarmory, F|57/100
|move|p2a: Skarmory|Spikes|p1a: Skarmory
|-sidestart|p1: GarhamSandich|Spikes
|
|-weather|Sandstorm|[upkeep]
|-heal|p2a: Skarmory|79/100|[from] item: Leftovers
|-heal|p1a: Skarmory|63/100|[from] item: Leftovers
|upkeep
|turn|22
|
|t:|1730129076
|move|p2a: Skarmory|Spikes|p1a: Skarmory
|-sidestart|p1: GarhamSandich|Spikes
|move|p1a: Skarmory|Spikes|p2a: Skarmory
|-sidestart|p2: Doc. Steel|Spikes
|
|-weather|Sandstorm|[upkeep]
|-heal|p2a: Skarmory|85/100|[from] item: Leftovers
|-heal|p1a: Skarmory|69/100|[from] item: Leftovers
|upkeep
|turn|23
|
|t:|1730129078
|move|p2a: Skarmory|Spikes|p1a: Skarmory
|-sidestart|p1: GarhamSandich|Spikes
|move|p1a: Skarmory|Spikes|p2a: Skarmory
|-sidestart|p2: Doc. Steel|Spikes
|
|-weather|Sandstorm|[upkeep]
|-heal|p2a: Skarmory|91/100|[from] item: Leftovers
|-heal|p1a: Skarmory|75/100|[from] item: Leftovers
|upkeep
|turn|24
|
|t:|1730129080
|move|p1a: Skarmory|Protect|p1a: Skarmory
|-singleturn|p1a: Skarmory|Protect
|move|p2a: Skarmory|Roar|p1a: Skarmory
|-activate|p1a: Skarmory|Protect
|
|-weather|Sandstorm|[upkeep]
|-heal|p2a: Skarmory|97/100|[from] item: Leftovers
|-heal|p1a: Skarmory|81/100|[from] item: Leftovers
|upkeep
|turn|25
|
|t:|1730129083
|move|p2a: Skarmory|Roar|p1a: Skarmory
|drag|p1a: Milotic|Milotic, F|100/100
|-damage|p1a: Milotic|76/100|[from] Spikes
|
|-weather|Sandstorm|[upkeep]
|-damage|p1a: Milotic|70/100|[from] Sandstorm
|-heal|p1a: Milotic|76/100|[from] item: Leftovers
|-heal|p2a: Skarmory|100/100|[from] item: Leftovers
|upkeep
|turn|26
|
|t:|1730129087
|move|p1a: Milotic|Recover|p1a: Milotic
|-heal|p1a: Milotic|100/100
|move|p2a: Skarmory|Toxic|p1a: Milotic
|-status|p1a: Milotic|tox
|
|-weather|Sandstorm|[upkeep]
|-damage|p1a: Milotic|94/100 tox|[from] Sandstorm
|-heal|p1a: Milotic|100/100 tox|[from] item: Leftovers
|-damage|p1a: Milotic|94/100 tox|[from] psn
|upkeep
|turn|27
|
|t:|1730129092
|move|p1a: Milotic|Refresh|p1a: Milotic
|-curestatus|p1a: Milotic|tox|[msg]
|move|p2a: Skarmory|Roar|p1a: Milotic
|drag|p1a: Dugtrio|Dugtrio, F|100/100
|-damage|p1a: Dugtrio|76/100|[from] Spikes
|
|-weather|Sandstorm|[upkeep]
|upkeep
|turn|28
|
|t:|1730129101
|move|p1a: Dugtrio|Rock Slide|p2a: Skarmory
|-damage|p2a: Skarmory|78/100
|move|p2a: Skarmory|Toxic|p1a: Dugtrio
|-status|p1a: Dugtrio|tox
|
|-weather|Sandstorm|[upkeep]
|-damage|p1a: Dugtrio|70/100 tox|[from] psn
|-heal|p2a: Skarmory|84/100|[from] item: Leftovers
|upkeep
|turn|29
|
|t:|1730129107
|move|p1a: Dugtrio|Rock Slide|p2a: Skarmory
|-damage|p2a: Skarmory|64/100
|cant|p2a: Skarmory|flinch
|
|-weather|Sandstorm|[upkeep]
|-damage|p1a: Dugtrio|57/100 tox|[from] psn
|-heal|p2a: Skarmory|70/100|[from] item: Leftovers
|upkeep
|turn|30
|
|t:|1730129112
|switch|p1a: Claydol|Claydol|100/100
|move|p2a: Skarmory|Protect||[still]
|-fail|p2a: Skarmory
|
|-weather|Sandstorm|[upkeep]
|-heal|p2a: Skarmory|76/100|[from] item: Leftovers
|upkeep
|turn|31
|
|t:|1730129119
|move|p1a: Claydol|Rapid Spin|p2a: Skarmory
|-resisted|p2a: Skarmory
|-damage|p2a: Skarmory|74/100
|-sideend|p1: GarhamSandich|Spikes|[from] move: Rapid Spin|[of] p1a: Claydol
|move|p2a: Skarmory|Toxic|p1a: Claydol
|-status|p1a: Claydol|tox
|
|-weather|Sandstorm|[upkeep]
|-damage|p1a: Claydol|94/100 tox|[from] psn
|-heal|p2a: Skarmory|80/100|[from] item: Leftovers
|upkeep
|turn|32
|
|t:|1730129123
|switch|p1a: Tyranitar|Tyranitar, M|100/100
|move|p2a: Skarmory|Spikes|p1a: Tyranitar
|-sidestart|p1: GarhamSandich|Spikes
|
|-weather|Sandstorm|[upkeep]
|-heal|p2a: Skarmory|86/100|[from] item: Leftovers
|upkeep
|turn|33
|
|t:|1730129131
|move|p1a: Tyranitar|Taunt|p2a: Skarmory
|-start|p2a: Skarmory|move: Taunt
|cant|p2a: Skarmory|move: Taunt|Toxic
|
|-weather|Sandstorm|[upkeep]
|-heal|p2a: Skarmory|92/100|[from] item: Leftovers
|upkeep
|turn|34
|
|t:|1730129138
|switch|p1a: Milotic|Milotic, F|94/100
|-damage|p1a: Milotic|82/100|[from] Spikes
|switch|p2a: Claydol|Claydol|98/100
|
|-weather|Sandstorm|[upkeep]
|-damage|p1a: Milotic|76/100|[from] Sandstorm
|-heal|p1a: Milotic|82/100|[from] item: Leftovers
|-heal|p2a: Claydol|100/100|[from] item: Leftovers
|upkeep
|turn|35
|
|t:|1730129145
|move|p1a: Milotic|Surf|p2a: Claydol
|-supereffective|p2a: Claydol
|-damage|p2a: Claydol|38/100
|move|p2a: Claydol|Rapid Spin|p1a: Milotic
|-damage|p1a: Milotic|78/100
|-sideend|p2: Doc. Steel|Spikes|[from] move: Rapid Spin|[of] p2a: Claydol
|
|-weather|Sandstorm|[upkeep]
|-damage|p1a: Milotic|72/100|[from] Sandstorm
|-heal|p1a: Milotic|78/100|[from] item: Leftovers
|-heal|p2a: Claydol|44/100|[from] item: Leftovers
|upkeep
|turn|36
|
|t:|1730129158
|switch|p2a: Blissey|Blissey, F|100/100
|move|p1a: Milotic|Toxic|p2a: Blissey
|-status|p2a: Blissey|tox
|
|-weather|Sandstorm|[upkeep]
|-damage|p1a: Milotic|72/100|[from] Sandstorm
|-damage|p2a: Blissey|94/100 tox|[from] Sandstorm
|-heal|p1a: Milotic|78/100|[from] item: Leftovers
|-heal|p2a: Blissey|100/100 tox|[from] item: Leftovers
|-damage|p2a: Blissey|94/100 tox|[from] psn
|upkeep
|turn|37
|
|t:|1730129175
|-curestatus|p2a: Blissey|tox|[from] ability: Natural Cure
|switch|p2a: Skarmory|Skarmory, M|92/100
|move|p1a: Milotic|Recover|p1a: Milotic
|-heal|p1a: Milotic|100/100
|
|-weather|Sandstorm|[upkeep]
|-damage|p1a: Milotic|94/100|[from] Sandstorm
|-heal|p1a: Milotic|100/100|[from] item: Leftovers
|-heal|p2a: Skarmory|98/100|[from] item: Leftovers
|upkeep
|turn|38
|
|t:|1730129187
|move|p1a: Milotic|Surf|p2a: Skarmory
|-damage|p2a: Skarmory|67/100
|move|p2a: Skarmory|Toxic|p1a: Milotic
|-status|p1a: Milotic|tox
|
|-weather|Sandstorm|[upkeep]
|-damage|p1a: Milotic|94/100 tox|[from] Sandstorm
|-heal|p1a: Milotic|100/100 tox|[from] item: Leftovers
|-damage|p1a: Milotic|94/100 tox|[from] psn
|-heal|p2a: Skarmory|73/100|[from] item: Leftovers
|upkeep
|turn|39
|
|t:|1730129190
|move|p1a: Milotic|Surf|p2a: Skarmory
|-damage|p2a: Skarmory|40/100
|move|p2a: Skarmory|Spikes|p1a: Milotic
|-sidestart|p1: GarhamSandich|Spikes
|
|-weather|Sandstorm|[upkeep]
|-damage|p1a: Milotic|88/100 tox|[from] Sandstorm
|-heal|p1a: Milotic|94/100 tox|[from] item: Leftovers
|-damage|p1a: Milotic|82/100 tox|[from] psn
|-heal|p2a: Skarmory|46/100|[from] item: Leftovers
|upkeep
|turn|40
|
|t:|1730129193
|switch|p2a: Blissey|Blissey, F|94/100
|move|p1a: Milotic|Refresh|p1a: Milotic
|-curestatus|p1a: Milotic|tox|[msg]
|
|-weather|Sandstorm|[upkeep]
|-damage|p1a: Milotic|76/100|[from] Sandstorm
|-damage|p2a: Blissey|88/100|[from] Sandstorm
|-heal|p1a: Milotic|82/100|[from] item: Leftovers
|-heal|p2a: Blissey|94/100|[from] item: Leftovers
|upkeep
|turn|41
|
|t:|1730129199
|switch|p1a: Skarmory|Skarmory, F|81/100
|move|p2a: Blissey|Wish|p2a: Blissey
|
|-weather|Sandstorm|[upkeep]
|-damage|p2a: Blissey|88/100|[from] Sandstorm
|-heal|p1a: Skarmory|87/100|[from] item: Leftovers
|-heal|p2a: Blissey|94/100|[from] item: Leftovers
|upkeep
|turn|42
|
|t:|1730129206
|move|p1a: Skarmory|Spikes|p2a: Blissey
|-sidestart|p2: Doc. Steel|Spikes
|move|p2a: Blissey|Thunderbolt|p1a: Skarmory
|-supereffective|p1a: Skarmory
|-damage|p1a: Skarmory|39/100
|
|-heal|p2a: Blissey|100/100|[from] move: Wish|[wisher] Blissey
|-weather|Sandstorm|[upkeep]
|-damage|p2a: Blissey|94/100|[from] Sandstorm
|-heal|p1a: Skarmory|45/100|[from] item: Leftovers
|-heal|p2a: Blissey|100/100|[from] item: Leftovers
|upkeep
|turn|43
|
|t:|1730129213
|move|p1a: Skarmory|Protect|p1a: Skarmory
|-singleturn|p1a: Skarmory|Protect
|move|p2a: Blissey|Wish|p2a: Blissey
|
|-weather|Sandstorm|[upkeep]
|-damage|p2a: Blissey|94/100|[from] Sandstorm
|-heal|p1a: Skarmory|51/100|[from] item: Leftovers
|-heal|p2a: Blissey|100/100|[from] item: Leftovers
|upkeep
|turn|44
|
|t:|1730129221
|switch|p1a: Blissey|Blissey, F|88/100
|-damage|p1a: Blissey|71/100|[from] Spikes
|switch|p2a: Skarmory|Skarmory, M|46/100
|
|-heal|p2a: Skarmory|96/100|[from] move: Wish|[wisher] Blissey
|-weather|Sandstorm|[upkeep]
|-damage|p1a: Blissey|65/100|[from] Sandstorm
|-heal|p2a: Skarmory|100/100|[from] item: Leftovers
|-heal|p1a: Blissey|71/100|[from] item: Leftovers
|upkeep
|turn|45
|
|t:|1730129229
|move|p2a: Skarmory|Toxic|p1a: Blissey
|-status|p1a: Blissey|tox
|move|p1a: Blissey|Seismic Toss|p2a: Skarmory
|-damage|p2a: Skarmory|71/100
|
|-weather|Sandstorm|[upkeep]
|-damage|p1a: Blissey|65/100 tox|[from] Sandstorm
|-heal|p2a: Skarmory|77/100|[from] item: Leftovers
|-heal|p1a: Blissey|71/100 tox|[from] item: Leftovers
|-damage|p1a: Blissey|65/100 tox|[from] psn
|upkeep
|turn|46
|
|t:|1730129250
|-curestatus|p1a: Blissey|tox|[from] ability: Natural Cure
|switch|p1a: Skarmory|Skarmory, F|51/100
|move|p2a: Skarmory|Spikes|p1a: Skarmory
|-sidestart|p1: GarhamSandich|Spikes
|
|-weather|Sandstorm|[upkeep]
|-heal|p2a: Skarmory|83/100|[from] item: Leftovers
|-heal|p1a: Skarmory|57/100|[from] item: Leftovers
|upkeep
|turn|47
|
|t:|1730129256
|move|p1a: Skarmory|Spikes|p2a: Skarmory
|-sidestart|p2: Doc. Steel|Spikes
|move|p2a: Skarmory|Roar|p1a: Skarmory
|drag|p1a: Claydol|Claydol|94/100 tox
|
|-weather|Sandstorm|[upkeep]
|-heal|p1a: Claydol|100/100 tox|[from] item: Leftovers
|-damage|p1a: Claydol|94/100 tox|[from] psn
|-heal|p2a: Skarmory|89/100|[from] item: Leftovers
|upkeep
|turn|48
|
|t:|1730129260
|switch|p1a: Skarmory|Skarmory, F|57/100
|move|p2a: Skarmory|Protect||[still]
|-fail|p2a: Skarmory
|
|-weather|Sandstorm|[upkeep]
|-heal|p2a: Skarmory|95/100|[from] item: Leftovers
|-heal|p1a: Skarmory|63/100|[from] item: Leftovers
|upkeep
|turn|49
|
|t:|1730129262
|move|p1a: Skarmory|Spikes|p2a: Skarmory
|-sidestart|p2: Doc. Steel|Spikes
|move|p2a: Skarmory|Roar|p1a: Skarmory
|drag|p1a: Tyranitar|Tyranitar, M|100/100
|-damage|p1a: Tyranitar|76/100|[from] Spikes
|
|-weather|Sandstorm|[upkeep]
|-heal|p2a: Skarmory|100/100|[from] item: Leftovers
|upkeep
|turn|50
|
|t:|1730129273
|switch|p2a: Claydol|Claydol|44/100
|move|p1a: Tyranitar|Rock Slide|p2a: Claydol
|-resisted|p2a: Claydol
|-damage|p2a: Claydol|22/100
|
|-weather|Sandstorm|[upkeep]
|-heal|p2a: Claydol|29/100|[from] item: Leftovers
|upkeep
|turn|51
|
|t:|1730129289
|move|p1a: Tyranitar|Rock Slide|p2a: Claydol
|-resisted|p2a: Claydol
|-damage|p2a: Claydol|9/100
|cant|p2a: Claydol|flinch
|
|-weather|Sandstorm|[upkeep]
|-heal|p2a: Claydol|15/100|[from] item: Leftovers
|upkeep
|turn|52
|
|t:|1730129300
|switch|p2a: Swampert|Swampert, F|100/100
|-damage|p2a: Swampert|76/100|[from] Spikes
|move|p1a: Tyranitar|Dragon Dance|p1a: Tyranitar
|-boost|p1a: Tyranitar|atk|1
|-boost|p1a: Tyranitar|spe|1
|
|-weather|Sandstorm|[upkeep]
|-heal|p2a: Swampert|82/100|[from] item: Leftovers
|upkeep
|turn|53
|
|t:|1730129304
|switch|p1a: Milotic|Milotic, F|82/100
|-damage|p1a: Milotic|57/100|[from] Spikes
|move|p2a: Swampert|Earthquake|p1a: Milotic
|-damage|p1a: Milotic|29/100
|
|-weather|Sandstorm|[upkeep]
|-damage|p1a: Milotic|23/100|[from] Sandstorm
|-heal|p1a: Milotic|29/100|[from] item: Leftovers
|-heal|p2a: Swampert|88/100|[from] item: Leftovers
|upkeep
|turn|54
|
|t:|1730129327
|switch|p2a: Blissey|Blissey, F|100/100
|-damage|p2a: Blissey|76/100|[from] Spikes
|move|p1a: Milotic|Recover|p1a: Milotic
|-heal|p1a: Milotic|79/100
|
|-weather|Sandstorm|[upkeep]
|-damage|p1a: Milotic|73/100|[from] Sandstorm
|-damage|p2a: Blissey|69/100|[from] Sandstorm
|-heal|p1a: Milotic|79/100|[from] item: Leftovers
|-heal|p2a: Blissey|76/100|[from] item: Leftovers
|upkeep
|turn|55
|
|t:|1730129337
|move|p1a: Milotic|Toxic|p2a: Blissey
|-status|p2a: Blissey|tox
|move|p2a: Blissey|Thunderbolt|p1a: Milotic
|-supereffective|p1a: Milotic
|-damage|p1a: Milotic|45/100
|
|-weather|Sandstorm|[upkeep]
|-damage|p1a: Milotic|39/100|[from] Sandstorm
|-damage|p2a: Blissey|69/100 tox|[from] Sandstorm
|-heal|p1a: Milotic|45/100|[from] item: Leftovers
|-heal|p2a: Blissey|76/100 tox|[from] item: Leftovers
|-damage|p2a: Blissey|69/100 tox|[from] psn
|upkeep
|turn|56
|
|t:|1730129346
|switch|p1a: Dugtrio|Dugtrio, F|57/100 tox
|-damage|p1a: Dugtrio|33/100 tox|[from] Spikes
|move|p2a: Blissey|Soft-Boiled|p2a: Blissey
|-heal|p2a: Blissey|100/100 tox
|
|-weather|Sandstorm|[upkeep]
|-damage|p2a: Blissey|94/100 tox|[from] Sandstorm
|-damage|p1a: Dugtrio|27/100 tox|[from] psn
|-heal|p2a: Blissey|100/100 tox|[from] item: Leftovers
|-damage|p2a: Blissey|88/100 tox|[from] psn
|upkeep
|turn|57
|
|t:|1730129350
|move|p1a: Dugtrio|Earthquake|p2a: Blissey
|-damage|p2a: Blissey|34/100 tox
|move|p2a: Blissey|Ice Beam|p1a: Dugtrio
|-supereffective|p1a: Dugtrio
|-damage|p1a: Dugtrio|0 fnt
|faint|p1a: Dugtrio
|
|t:|1730129354
|switch|p1a: Claydol|Claydol|94/100 tox
|
|-weather|Sandstorm|[upkeep]
|-damage|p2a: Blissey|28/100 tox|[from] Sandstorm
|-heal|p1a: Claydol|100/100 tox|[from] item: Leftovers
|-damage|p1a: Claydol|94/100 tox|[from] psn
|-heal|p2a: Blissey|34/100 tox|[from] item: Leftovers
|-damage|p2a: Blissey|16/100 tox|[from] psn
|upkeep
|turn|58
|
|t:|1730129361
|move|p1a: Claydol|Earthquake|p2a: Blissey
|-damage|p2a: Blissey|0 fnt
|faint|p2a: Blissey
|
|t:|1730129368
|switch|p2a: Moltres|Moltres|100/100
|
|-weather|Sandstorm|[upkeep]
|-damage|p2a: Moltres|94/100|[from] Sandstorm
|-heal|p2a: Moltres|100/100|[from] item: Leftovers
|-heal|p1a: Claydol|100/100 tox|[from] item: Leftovers
|-damage|p1a: Claydol|88/100 tox|[from] psn
|upkeep
|turn|59
|
|t:|1730129387
|switch|p2a: Skarmory|Skarmory, M|100/100
|move|p1a: Claydol|Rapid Spin|p2a: Skarmory
|-resisted|p2a: Skarmory
|-damage|p2a: Skarmory|99/100
|-sideend|p1: GarhamSandich|Spikes|[from] move: Rapid Spin|[of] p1a: Claydol
|
|-weather|Sandstorm|[upkeep]
|-heal|p1a: Claydol|94/100 tox|[from] item: Leftovers
|-damage|p1a: Claydol|76/100 tox|[from] psn
|-heal|p2a: Skarmory|100/100|[from] item: Leftovers
|upkeep
|turn|60
|
|t:|1730129402
|switch|p1a: Tyranitar|Tyranitar, M|76/100
|move|p2a: Skarmory|Spikes|p1a: Tyranitar
|-sidestart|p1: GarhamSandich|Spikes
|
|-weather|Sandstorm|[upkeep]
|upkeep
|turn|61
|
|t:|1730129417
|move|p1a: Tyranitar|Rock Slide|p2a: Skarmory
|-damage|p2a: Skarmory|69/100
|move|p2a: Skarmory|Roar|p1a: Tyranitar
|drag|p1a: Milotic|Milotic, F|45/100
|-damage|p1a: Milotic|32/100|[from] Spikes
|
|-weather|Sandstorm|[upkeep]
|-damage|p1a: Milotic|26/100|[from] Sandstorm
|-heal|p1a: Milotic|32/100|[from] item: Leftovers
|-heal|p2a: Skarmory|75/100|[from] item: Leftovers
|upkeep
|turn|62
|
|t:|1730129431
|move|p1a: Milotic|Surf|p2a: Skarmory
|-damage|p2a: Skarmory|43/100
|move|p2a: Skarmory|Spikes|p1a: Milotic
|-sidestart|p1: GarhamSandich|Spikes
|
|-weather|Sandstorm|[upkeep]
|-damage|p1a: Milotic|26/100|[from] Sandstorm
|-heal|p1a: Milotic|32/100|[from] item: Leftovers
|-heal|p2a: Skarmory|49/100|[from] item: Leftovers
|upkeep
|turn|63
|
|t:|1730129436
|move|p1a: Milotic|Recover|p1a: Milotic
|-heal|p1a: Milotic|82/100
|move|p2a: Skarmory|Toxic|p1a: Milotic
|-status|p1a: Milotic|tox
|
|-weather|Sandstorm|[upkeep]
|-damage|p1a: Milotic|76/100 tox|[from] Sandstorm
|-heal|p1a: Milotic|82/100 tox|[from] item: Leftovers
|-damage|p1a: Milotic|76/100 tox|[from] psn
|-heal|p2a: Skarmory|55/100|[from] item: Leftovers
|upkeep
|turn|64
|
|t:|1730129443
|move|p1a: Milotic|Surf|p2a: Skarmory
|-damage|p2a: Skarmory|27/100
|move|p2a: Skarmory|Spikes|p1a: Milotic
|-sidestart|p1: GarhamSandich|Spikes
|
|-weather|Sandstorm|[upkeep]
|-damage|p1a: Milotic|70/100 tox|[from] Sandstorm
|-heal|p1a: Milotic|76/100 tox|[from] item: Leftovers
|-damage|p1a: Milotic|64/100 tox|[from] psn
|-heal|p2a: Skarmory|33/100|[from] item: Leftovers
|upkeep
|turn|65
|
|t:|1730129456
|move|p2a: Skarmory|Protect|p2a: Skarmory
|-singleturn|p2a: Skarmory|Protect
|move|p1a: Milotic|Refresh|p1a: Milotic
|-curestatus|p1a: Milotic|tox|[msg]
|
|-weather|Sandstorm|[upkeep]
|-damage|p1a: Milotic|58/100|[from] Sandstorm
|-heal|p1a: Milotic|64/100|[from] item: Leftovers
|-heal|p2a: Skarmory|39/100|[from] item: Leftovers
|upkeep
|turn|66
|
|t:|1730129475
|move|p1a: Milotic|Surf|p2a: Skarmory
|-damage|p2a: Skarmory|11/100
|move|p2a: Skarmory|Roar|p1a: Milotic
|drag|p1a: Blissey|Blissey, F|65/100
|-damage|p1a: Blissey|40/100|[from] Spikes
|
|-weather|Sandstorm|[upkeep]
|-damage|p1a: Blissey|34/100|[from] Sandstorm
|-heal|p2a: Skarmory|17/100|[from] item: Leftovers
|-heal|p1a: Blissey|40/100|[from] item: Leftovers
|upkeep
|turn|67
|inactive|Doc. Steel has 270 seconds left.
|
|t:|1730129527
|move|p2a: Skarmory|Protect|p2a: Skarmory
|-singleturn|p2a: Skarmory|Protect
|move|p1a: Blissey|Seismic Toss|p2a: Skarmory
|-activate|p2a: Skarmory|Protect
|
|-weather|Sandstorm|[upkeep]
|-damage|p1a: Blissey|34/100|[from] Sandstorm
|-heal|p2a: Skarmory|23/100|[from] item: Leftovers
|-heal|p1a: Blissey|40/100|[from] item: Leftovers
|upkeep
|turn|68
|inactive|Doc. Steel has 240 seconds left.
|inactive|Doc. Steel has 210 seconds left.
|
|t:|1730129580
|move|p2a: Skarmory|Toxic|p1a: Blissey
|-status|p1a: Blissey|tox
|move|p1a: Blissey|Seismic Toss|p2a: Skarmory
|-damage|p2a: Skarmory|0 fnt
|faint|p2a: Skarmory
|
|t:|1730129587
|switch|p2a: Claydol|Claydol|15/100
|
|-weather|Sandstorm|[upkeep]
|-damage|p1a: Blissey|34/100 tox|[from] Sandstorm
|-heal|p2a: Claydol|21/100|[from] item: Leftovers
|-heal|p1a: Blissey|40/100 tox|[from] item: Leftovers
|-damage|p1a: Blissey|34/100 tox|[from] psn
|upkeep
|turn|69
|inactive|Doc. Steel has 210 seconds left.
|
|t:|1730129595
|move|p2a: Claydol|Earthquake|p1a: Blissey
|-damage|p1a: Blissey|0 fnt
|faint|p1a: Blissey
|
|t:|1730129599
|switch|p1a: Milotic|Milotic, F|64/100
|-damage|p1a: Milotic|39/100|[from] Spikes
|
|-weather|Sandstorm|[upkeep]
|-damage|p1a: Milotic|33/100|[from] Sandstorm
|-heal|p1a: Milotic|39/100|[from] item: Leftovers
|-heal|p2a: Claydol|28/100|[from] item: Leftovers
|upkeep
|turn|70
|
|t:|1730129610
|move|p1a: Milotic|Recover|p1a: Milotic
|-heal|p1a: Milotic|89/100
|move|p2a: Claydol|Earthquake|p1a: Milotic
|-damage|p1a: Milotic|64/100
|
|-weather|Sandstorm|[upkeep]
|-damage|p1a: Milotic|58/100|[from] Sandstorm
|-heal|p1a: Milotic|64/100|[from] item: Leftovers
|-heal|p2a: Claydol|34/100|[from] item: Leftovers
|upkeep
|turn|71
|inactive|Doc. Steel has 210 seconds left.
|
|t:|1730129636
|move|p1a: Milotic|Recover|p1a: Milotic
|-heal|p1a: Milotic|100/100
|move|p2a: Claydol|Earthquake|p1a: Milotic
|-damage|p1a: Milotic|73/100
|
|-weather|Sandstorm|[upkeep]
|-damage|p1a: Milotic|66/100|[from] Sandstorm
|-heal|p1a: Milotic|73/100|[from] item: Leftovers
|-heal|p2a: Claydol|40/100|[from] item: Leftovers
|upkeep
|turn|72
|
|t:|1730129647
|move|p1a: Milotic|Surf|p2a: Claydol
|-supereffective|p2a: Claydol
|-damage|p2a: Claydol|0 fnt
|faint|p2a: Claydol
|
|t:|1730129656
|switch|p2a: Moltres|Moltres|100/100
|
|-weather|Sandstorm|[upkeep]
|-damage|p2a: Moltres|94/100|[from] Sandstorm
|-damage|p1a: Milotic|66/100|[from] Sandstorm
|-heal|p2a: Moltres|100/100|[from] item: Leftovers
|-heal|p1a: Milotic|73/100|[from] item: Leftovers
|upkeep
|turn|73
|
|t:|1730129663
|move|p2a: Moltres|Hidden Power|p1a: Milotic
|-supereffective|p1a: Milotic
|-damage|p1a: Milotic|32/100
|move|p1a: Milotic|Recover|p1a: Milotic
|-heal|p1a: Milotic|82/100
|
|-weather|Sandstorm|[upkeep]
|-damage|p2a: Moltres|94/100|[from] Sandstorm
|-damage|p1a: Milotic|76/100|[from] Sandstorm
|-heal|p2a: Moltres|100/100|[from] item: Leftovers
|-heal|p1a: Milotic|82/100|[from] item: Leftovers
|upkeep
|turn|74
|
|t:|1730129668
|move|p2a: Moltres|Hidden Power|p1a: Milotic
|-supereffective|p1a: Milotic
|-damage|p1a: Milotic|44/100
|move|p1a: Milotic|Recover|p1a: Milotic
|-heal|p1a: Milotic|94/100
|
|-weather|Sandstorm|[upkeep]
|-damage|p2a: Moltres|94/100|[from] Sandstorm
|-damage|p1a: Milotic|88/100|[from] Sandstorm
|-heal|p2a: Moltres|100/100|[from] item: Leftovers
|-heal|p1a: Milotic|94/100|[from] item: Leftovers
|upkeep
|turn|75
|
|t:|1730129672
|move|p2a: Moltres|Hidden Power|p1a: Milotic
|-supereffective|p1a: Milotic
|-damage|p1a: Milotic|56/100
|move|p1a: Milotic|Toxic|p2a: Moltres
|-status|p2a: Moltres|tox
|
|-weather|Sandstorm|[upkeep]
|-damage|p2a: Moltres|94/100 tox|[from] Sandstorm
|-damage|p1a: Milotic|49/100|[from] Sandstorm
|-heal|p2a: Moltres|100/100 tox|[from] item: Leftovers
|-damage|p2a: Moltres|94/100 tox|[from] psn
|-heal|p1a: Milotic|56/100|[from] item: Leftovers
|upkeep
|turn|76
|
|t:|1730129678
|move|p2a: Moltres|Hidden Power|p1a: Milotic
|-supereffective|p1a: Milotic
|-damage|p1a: Milotic|19/100
|move|p1a: Milotic|Recover|p1a: Milotic
|-heal|p1a: Milotic|69/100
|
|-weather|Sandstorm|[upkeep]
|-damage|p2a: Moltres|88/100 tox|[from] Sandstorm
|-damage|p1a: Milotic|63/100|[from] Sandstorm
|-heal|p2a: Moltres|94/100 tox|[from] item: Leftovers
|-damage|p2a: Moltres|82/100 tox|[from] psn
|-heal|p1a: Milotic|69/100|[from] item: Leftovers
|upkeep
|turn|77
|
|t:|1730129684
|switch|p2a: Swampert|Swampert, F|88/100
|-damage|p2a: Swampert|63/100|[from] Spikes
|move|p1a: Milotic|Recover|p1a: Milotic
|-heal|p1a: Milotic|100/100
|
|-weather|Sandstorm|[upkeep]
|-damage|p1a: Milotic|94/100|[from] Sandstorm
|-heal|p1a: Milotic|100/100|[from] item: Leftovers
|-heal|p2a: Swampert|69/100|[from] item: Leftovers
|upkeep
|turn|78
|
|t:|1730129687
|move|p1a: Milotic|Toxic|p2a: Swampert
|-status|p2a: Swampert|tox
|move|p2a: Swampert|Earthquake|p1a: Milotic
|-damage|p1a: Milotic|75/100
|
|-weather|Sandstorm|[upkeep]
|-damage|p1a: Milotic|69/100|[from] Sandstorm
|-heal|p1a: Milotic|75/100|[from] item: Leftovers
|-heal|p2a: Swampert|76/100 tox|[from] item: Leftovers
|-damage|p2a: Swampert|69/100 tox|[from] psn
|upkeep
|turn|79
|
|t:|1730129689
|move|p1a: Milotic|Recover|p1a: Milotic
|-heal|p1a: Milotic|100/100
|move|p2a: Swampert|Refresh|p2a: Swampert
|-curestatus|p2a: Swampert|tox|[msg]
|
|-weather|Sandstorm|[upkeep]
|-damage|p1a: Milotic|94/100|[from] Sandstorm
|-heal|p1a: Milotic|100/100|[from] item: Leftovers
|-heal|p2a: Swampert|76/100|[from] item: Leftovers
|upkeep
|turn|80
|
|t:|1730129691
|move|p2a: Swampert|Protect|p2a: Swampert
|-singleturn|p2a: Swampert|Protect
|move|p1a: Milotic|Surf|p2a: Swampert
|-activate|p2a: Swampert|Protect
|
|-weather|Sandstorm|[upkeep]
|-damage|p1a: Milotic|94/100|[from] Sandstorm
|-heal|p1a: Milotic|100/100|[from] item: Leftovers
|-heal|p2a: Swampert|82/100|[from] item: Leftovers
|upkeep
|turn|81
|
|t:|1730129694
|move|p1a: Milotic|Surf|p2a: Swampert
|-damage|p2a: Swampert|54/100
|move|p2a: Swampert|Earthquake|p1a: Milotic
|-damage|p1a: Milotic|72/100
|
|-weather|Sandstorm|[upkeep]
|-damage|p1a: Milotic|66/100|[from] Sandstorm
|-heal|p1a: Milotic|72/100|[from] item: Leftovers
|-heal|p2a: Swampert|60/100|[from] item: Leftovers
|upkeep
|turn|82
|
|t:|1730129699
|move|p1a: Milotic|Surf|p2a: Swampert
|-damage|p2a: Swampert|33/100
|move|p2a: Swampert|Earthquake|p1a: Milotic
|-damage|p1a: Milotic|42/100
|
|-weather|Sandstorm|[upkeep]
|-damage|p1a: Milotic|36/100|[from] Sandstorm
|-heal|p1a: Milotic|42/100|[from] item: Leftovers
|-heal|p2a: Swampert|39/100|[from] item: Leftovers
|upkeep
|turn|83
|
|t:|1730129703
|move|p1a: Milotic|Recover|p1a: Milotic
|-heal|p1a: Milotic|92/100
|move|p2a: Swampert|Earthquake|p1a: Milotic
|-damage|p1a: Milotic|66/100
|
|-weather|Sandstorm|[upkeep]
|-damage|p1a: Milotic|60/100|[from] Sandstorm
|-heal|p1a: Milotic|66/100|[from] item: Leftovers
|-heal|p2a: Swampert|45/100|[from] item: Leftovers
|upkeep
|turn|84
|
|t:|1730129706
|move|p1a: Milotic|Recover|p1a: Milotic
|-heal|p1a: Milotic|100/100
|move|p2a: Swampert|Earthquake|p1a: Milotic
|-damage|p1a: Milotic|73/100
|
|-weather|Sandstorm|[upkeep]
|-damage|p1a: Milotic|67/100|[from] Sandstorm
|-heal|p1a: Milotic|73/100|[from] item: Leftovers
|-heal|p2a: Swampert|52/100|[from] item: Leftovers
|upkeep
|turn|85
|
|t:|1730129709
|move|p1a: Milotic|Toxic|p2a: Swampert
|-status|p2a: Swampert|tox
|move|p2a: Swampert|Earthquake|p1a: Milotic
|-damage|p1a: Milotic|46/100
|
|-weather|Sandstorm|[upkeep]
|-damage|p1a: Milotic|40/100|[from] Sandstorm
|-heal|p1a: Milotic|46/100|[from] item: Leftovers
|-heal|p2a: Swampert|58/100 tox|[from] item: Leftovers
|-damage|p2a: Swampert|52/100 tox|[from] psn
|upkeep
|turn|86
|
|t:|1730129714
|move|p1a: Milotic|Surf|p2a: Swampert
|-crit|p2a: Swampert
|-damage|p2a: Swampert|0 fnt
|faint|p2a: Swampert
|
|t:|1730129716
|switch|p2a: Moltres|Moltres|82/100 tox
|
|-weather|Sandstorm|[upkeep]
|-damage|p2a: Moltres|75/100 tox|[from] Sandstorm
|-damage|p1a: Milotic|40/100|[from] Sandstorm
|-heal|p2a: Moltres|82/100 tox|[from] item: Leftovers
|-damage|p2a: Moltres|75/100 tox|[from] psn
|-heal|p1a: Milotic|46/100|[from] item: Leftovers
|upkeep
|turn|87
|
|t:|1730129723
|switch|p1a: Skarmory|Skarmory, F|63/100
|move|p2a: Moltres|Hidden Power|p1a: Skarmory
|-resisted|p1a: Skarmory
|-damage|p1a: Skarmory|57/100
|
|-weather|Sandstorm|[upkeep]
|-damage|p2a: Moltres|69/100 tox|[from] Sandstorm
|-heal|p2a: Moltres|75/100 tox|[from] item: Leftovers
|-damage|p2a: Moltres|63/100 tox|[from] psn
|-heal|p1a: Skarmory|63/100|[from] item: Leftovers
|upkeep
|turn|88
|
|t:|1730129727
|move|p1a: Skarmory|Protect|p1a: Skarmory
|-singleturn|p1a: Skarmory|Protect
|move|p2a: Moltres|Flamethrower|p1a: Skarmory
|-activate|p1a: Skarmory|Protect
|
|-weather|Sandstorm|[upkeep]
|-damage|p2a: Moltres|57/100 tox|[from] Sandstorm
|-heal|p2a: Moltres|63/100 tox|[from] item: Leftovers
|-damage|p2a: Moltres|44/100 tox|[from] psn
|-heal|p1a: Skarmory|69/100|[from] item: Leftovers
|upkeep
|turn|89
|
|t:|1730129730
|switch|p1a: Milotic|Milotic, F|46/100
|-damage|p1a: Milotic|22/100|[from] Spikes
|move|p2a: Moltres|Flamethrower|p1a: Milotic
|-resisted|p1a: Milotic
|-damage|p1a: Milotic|3/100
|
|-weather|Sandstorm|[upkeep]
|-damage|p2a: Moltres|38/100 tox|[from] Sandstorm
|-damage|p1a: Milotic|0 fnt|[from] Sandstorm
|faint|p1a: Milotic
|-heal|p2a: Moltres|44/100 tox|[from] item: Leftovers
|-damage|p2a: Moltres|19/100 tox|[from] psn
|upkeep
|
|t:|1730129731
|switch|p1a: Skarmory|Skarmory, F|69/100
|turn|90
|
|t:|1730129735
|move|p1a: Skarmory|Protect|p1a: Skarmory
|-singleturn|p1a: Skarmory|Protect
|move|p2a: Moltres|Flamethrower|p1a: Skarmory
|-activate|p1a: Skarmory|Protect
|
|-weather|Sandstorm|[upkeep]
|-damage|p2a: Moltres|13/100 tox|[from] Sandstorm
|-heal|p2a: Moltres|19/100 tox|[from] item: Leftovers
|-damage|p2a: Moltres|0 fnt|[from] psn
|faint|p2a: Moltres
|
|win|GarhamSandich
|upkeep
|c|☆GarhamSandich|gg
|c|☆Doc. Steel|gg
|c|☆Doc. Steel|the crit was almost a good thing for me there too

</script>
<script type="application/json" class="data" id="replaydata-smogtours-gen3ou-803064">
{"id":"smogtours-gen3ou-803064","format":"[Gen 3] OU","players":["GarhamSandich","Doc. Steel"],"uploadtime":1730129735,"views":58,"formatid":"gen3ou","rating":null,"private":0,"password":null}
</script>

<script defer src="js/replays.js?9d40a366"></script>
