<!DOCTYPE html>
<meta charset="utf-8" />
<meta name="viewport" content="width=device-width" />

<title>[Gen 3] OU: COB 8 vs. pslmrt_ochs - Replays - Pok&eacute;mon Showdown!</title>

<meta name="description" content="Watch a replay of a Pok&eacute;mon battle between COB 8 and pslmrt_ochs! Format: [Gen 3] OU; Date: Oct 5, 2024" />
<!--

Hey, you! Looking in the source for the replay log?

You can find them in JSON format, just add `.json` at the end of a replay URL.

https://replay.pokemonshowdown.com/gen7randomdoublesbattle-865046831.json

Or, if you only need the log itself, add `.log` instead:

https://replay.pokemonshowdown.com/gen7randomdoublesbattle-865046831.log

-->

<link rel="stylesheet" href="//pokemonshowdown.com/style/global.css?0.023195364461161105" />
<link rel="stylesheet" href="//play.pokemonshowdown.com/style/font-awesome.css?0.13261647063804238" />
<link rel="stylesheet" href="//play.pokemonshowdown.com/style/battle.css?0.8753245789963631" />
<link rel="stylesheet" href="//play.pokemonshowdown.com/style/utilichart.css?0.8627959624976733" />

<!-- Global site tag (gtag.js) - Google Analytics -->
<script async src="https://www.googletagmanager.com/gtag/js?id=UA-26211653-1"></script>
<script>
  window.dataLayer = window.dataLayer || [];
  function gtag(){dataLayer.push(arguments);}
  gtag('js', new Date());

  gtag('config', 'UA-26211653-1');
</script>
<!-- End Google Analytics -->
<!-- Venatus Ad Manager - Install in <HEAD> of page -->
	<script src="https://hb.vntsm.com/v3/live/ad-manager.min.js" type="text/javascript" data-site-id="642aba63ec9a7b11c3c9c1be" data-mode="scan" async></script>
<!-- / Venatus Ad Manager -->

<style>
	@media (max-width:820px) {
		.battle {
			margin: 0 auto;
		}
		.battle-log {
			margin: 7px auto 0;
			max-width: 640px;
			height: 300px;
			position: static;
		}
	}
	.optgroup {
		display: inline-block;
		line-height: 22px;
		font-size: 10pt;
	}
	.optgroup .button {
		height: 25px;
		padding-top: 0;
		padding-bottom: 0;
	}
	.optgroup button.button {
		padding-left: 12px;
		padding-right: 12px;
	}
	.linklist {
		list-style: none;
		margin: 0.5em 0;
		padding: 0;
	}
	.linklist li {
		padding: 2px 0;
	}
	.sidebar {
		float: left;
		width: 320px;
	}
	.bar-wrapper {
		max-width: 1100px;
		margin: 0 auto;
	}
	.bar-wrapper.has-sidebar {
		max-width: 1430px;
	}
	.mainbar {
		margin: 0;
		padding-right: 1px;
	}
	.mainbar.has-sidebar {
		margin-left: 330px;
	}
	@media (min-width: 1511px) {
		.sidebar {
			width: 400px;
		}
		.bar-wrapper.has-sidebar {
			max-width: 1510px;
		}
		.mainbar.has-sidebar {
			margin-left: 410px;
		}
	}
	.section.first-section {
		margin-top: 9px;
	}
	.blocklink small {
		white-space: normal;
	}
	.button {
		vertical-align: middle;
	}
	.replay-controls {
		padding-top: 10px;
	}
	.replay-controls h1 {
		font-size: 16pt;
		font-weight: normal;
		color: #CCC;
	}
	.pagelink {
		text-align: center;
	}
	.pagelink a {
		width: 150px;
	}
	.textbox, .button {
		font-size: 11pt;
		vertical-align: middle;
	}
	@media (max-width: 450px) {
		.button {
			font-size: 9pt;
		}
	}
</style>

<div>

	<header>
		<div class="nav-wrapper"><ul class="nav">
			<li><a class="button nav-first" href="//pokemonshowdown.com/"><img src="//pokemonshowdown.com/images/pokemonshowdownbeta.png" srcset="//pokemonshowdown.com/images/pokemonshowdownbeta.png 1x, //pokemonshowdown.com/images/pokemonshowdownbeta@2x.png 2x" alt="Pok&eacute;mon Showdown" width="146" height="44" /> Home</a></li>
			<li><a class="button" href="//pokemonshowdown.com/dex/">Pok&eacute;dex</a></li>
			<li><a class="button cur" href="/">Replays</a></li>
			<li><a class="button" href="//pokemonshowdown.com/ladder/">Ladder</a></li>
			<li><a class="button nav-last" href="//pokemonshowdown.com/forums/">Forum</a></li>
			<li><a class="button greenbutton nav-first nav-last" href="//play.pokemonshowdown.com/">Play</a></li>
		</ul></div>
	</header>

	<div class="main" id="main">

		<noscript><section class="section">You need to enable JavaScript to use this page; sorry!</section></noscript>

	</div>

</div>

<script defer nomodule src="//play.pokemonshowdown.com/js/lib/ps-polyfill.js"></script>
<script defer src="//play.pokemonshowdown.com/js/lib/preact.min.js"></script>

<script defer src="//play.pokemonshowdown.com/config/config.js?2bddbc15"></script>
<script defer src="//play.pokemonshowdown.com/js/lib/jquery-1.11.0.min.js"></script>
<script defer src="//play.pokemonshowdown.com/js/lib/html-sanitizer-minified.js"></script>
<script defer src="//play.pokemonshowdown.com/js/battle-sound.js"></script>
<script defer src="//play.pokemonshowdown.com/js/battledata.js?0.7209276989879541"></script>
<script defer src="//play.pokemonshowdown.com/data/pokedex-mini.js?0.6111056340867951"></script>
<script defer src="//play.pokemonshowdown.com/data/pokedex-mini-bw.js?0.3532142036491459"></script>
<script defer src="//play.pokemonshowdown.com/data/graphics.js?0.24223875632456182"></script>
<script defer src="//play.pokemonshowdown.com/data/pokedex.js?0.38839984266356864"></script>
<script defer src="//play.pokemonshowdown.com/data/moves.js?0.21866028504024015"></script>
<script defer src="//play.pokemonshowdown.com/data/abilities.js?0.2005157953846628"></script>
<script defer src="//play.pokemonshowdown.com/data/items.js?0.9894211263848525"></script>
<script defer src="//play.pokemonshowdown.com/data/teambuilder-tables.js?0.6008791140282215"></script>
<script defer src="//play.pokemonshowdown.com/js/battle-tooltips.js?0.7580118955022959"></script>
<script defer src="//play.pokemonshowdown.com/js/battle.js?0.6057722274234274"></script>

<script defer src="js/utils.js?e31f9a17"></script>
<script defer src="js/replays-battle.js?7008c182"></script>

<!-- don't scrape this data! just add .json or .log after the URL!
Full API docs: https://github.com/smogon/pokemon-showdown-client/blob/master/WEB-API.md -->
<script type="text/plain" class="log" id="replaylog-smogtours-gen3ou-794798">
|inactive|Battle timer is ON: inactive players will automatically lose when time's up.
|t:|1728090102
|gametype|singles
|player|p1|COB 8|miku-water|
|player|p2|pslmrt_ochs|170|
|teamsize|p1|6
|teamsize|p2|6
|gen|3
|tier|[Gen 3] OU
|rule|Sleep Clause Mod: Limit one foe put to sleep
|rule|Switch Priority Clause Mod: Faster Pokémon switch first
|rule|Species Clause: Limit one of each Pokémon
|rule|OHKO Clause: OHKO moves are banned
|rule|Evasion Items Clause: Evasion items are banned
|rule|Evasion Moves Clause: Evasion moves are banned
|rule|Endless Battle Clause: Forcing endless battles is banned
|rule|HP Percentage Mod: HP is shown in percentages
|rule|One Boost Passer Clause: Limit one Baton Passer that has a way to boost its stats
|rule|Freeze Clause Mod: Limit one foe frozen
|
|t:|1728090102
|start
|switch|p1a: Aerodactyl|Aerodactyl, M|100/100
|switch|p2a: Suicune|Suicune|100/100
|turn|1
|
|t:|1728090120
|switch|p1a: Blissey|Blissey, F|100/100
|move|p2a: Suicune|Roar|p1a: Blissey
|drag|p1a: Swampert|Swampert, M|100/100
|
|upkeep
|turn|2
|
|t:|1728090127
|move|p2a: Suicune|Calm Mind|p2a: Suicune
|-boost|p2a: Suicune|spa|1
|-boost|p2a: Suicune|spd|1
|move|p1a: Swampert|Toxic|p2a: Suicune
|-status|p2a: Suicune|tox
|
|-damage|p2a: Suicune|94/100 tox|[from] psn
|upkeep
|turn|3
|
|t:|1728090146
|switch|p1a: Blissey|Blissey, F|100/100
|move|p2a: Suicune|Hydro Pump|p1a: Blissey
|-damage|p1a: Blissey|66/100
|
|-heal|p2a: Suicune|100/100 tox|[from] item: Leftovers
|-damage|p2a: Suicune|88/100 tox|[from] psn
|-heal|p1a: Blissey|73/100|[from] item: Leftovers
|upkeep
|turn|4
|
|t:|1728090163
|move|p2a: Suicune|Calm Mind|p2a: Suicune
|-boost|p2a: Suicune|spa|1
|-boost|p2a: Suicune|spd|1
|move|p1a: Blissey|Wish|p1a: Blissey
|
|-heal|p2a: Suicune|94/100 tox|[from] item: Leftovers
|-damage|p2a: Suicune|76/100 tox|[from] psn
|-heal|p1a: Blissey|79/100|[from] item: Leftovers
|upkeep
|turn|5
|
|t:|1728090173
|move|p2a: Suicune|Hydro Pump|p1a: Blissey
|-damage|p1a: Blissey|33/100
|move|p1a: Blissey|Soft-Boiled|p1a: Blissey
|-heal|p1a: Blissey|83/100
|
|-heal|p1a: Blissey|100/100|[from] move: Wish|[wisher] Blissey
|-heal|p2a: Suicune|82/100 tox|[from] item: Leftovers
|-damage|p2a: Suicune|58/100 tox|[from] psn
|upkeep
|turn|6
|inactive|pslmrt_ochs has 270 seconds left.
|
|t:|1728090213
|switch|p2a: Magneton|Magneton|100/100
|move|p1a: Blissey|Soft-Boiled||[still]
|-fail|p1a: Blissey|heal
|
|upkeep
|turn|7
|
|t:|1728090220
|move|p2a: Magneton|Thunderbolt|p1a: Blissey
|-damage|p1a: Blissey|81/100
|move|p1a: Blissey|Wish|p1a: Blissey
|
|-heal|p1a: Blissey|87/100|[from] item: Leftovers
|upkeep
|turn|8
|inactive|pslmrt_ochs has 270 seconds left.
|
|t:|1728090232
|switch|p1a: Swampert|Swampert, M|100/100
|move|p2a: Magneton|Thunder Wave|p1a: Swampert
|-immune|p1a: Swampert
|
|upkeep
|turn|9
|inactive|pslmrt_ochs has 270 seconds left.
|
|t:|1728090249
|switch|p2a: Snorlax|Snorlax, F|100/100
|move|p1a: Swampert|Surf|p2a: Snorlax
|-damage|p2a: Snorlax|82/100
|
|-heal|p2a: Snorlax|88/100|[from] item: Leftovers
|upkeep
|turn|10
|inactive|pslmrt_ochs has 270 seconds left.
|
|t:|1728090266
|switch|p1a: Forretress|Forretress, M|100/100
|move|p2a: Snorlax|Body Slam|p1a: Forretress
|-resisted|p1a: Forretress
|-damage|p1a: Forretress|84/100
|
|-heal|p1a: Forretress|91/100|[from] item: Leftovers
|-heal|p2a: Snorlax|94/100|[from] item: Leftovers
|upkeep
|turn|11
|inactive|pslmrt_ochs has 240 seconds left.
|
|t:|1728090304
|switch|p2a: Magneton|Magneton|100/100
|move|p1a: Forretress|Spikes|p2a: Magneton
|-sidestart|p2: pslmrt_ochs|Spikes
|
|-heal|p1a: Forretress|97/100|[from] item: Leftovers
|upkeep
|turn|12
|inactive|pslmrt_ochs has 240 seconds left.
|
|t:|1728090318
|move|p2a: Magneton|Hidden Power|p1a: Forretress
|-supereffective|p1a: Forretress
|-damage|p1a: Forretress|5/100
|move|p1a: Forretress|Spikes|p2a: Magneton
|-sidestart|p2: pslmrt_ochs|Spikes
|
|-heal|p1a: Forretress|11/100|[from] item: Leftovers
|upkeep
|turn|13
|inactive|pslmrt_ochs has 240 seconds left.
|
|t:|1728090328
|move|p2a: Magneton|Hidden Power|p1a: Forretress
|-supereffective|p1a: Forretress
|-damage|p1a: Forretress|0 fnt
|faint|p1a: Forretress
|
|t:|1728090336
|switch|p1a: Aerodactyl|Aerodactyl, M|100/100
|
|upkeep
|turn|14
|inactive|pslmrt_ochs has 240 seconds left.
|
|t:|1728090352
|move|p1a: Aerodactyl|Earthquake|p2a: Magneton
|-supereffective|p2a: Magneton
|-damage|p2a: Magneton|0 fnt
|faint|p2a: Magneton
|
|t:|1728090356
|switch|p2a: Salamence|Salamence, F|100/100
|-ability|p2a: Salamence|Intimidate|boost
|-unboost|p1a: Aerodactyl|atk|1
|
|upkeep
|turn|15
|
|t:|1728090373
|switch|p1a: Zapdos|Zapdos|100/100
|move|p2a: Salamence|Dragon Claw|p1a: Zapdos
|-damage|p1a: Zapdos|71/100
|
|-heal|p1a: Zapdos|77/100|[from] item: Leftovers
|upkeep
|turn|16
|inactive|pslmrt_ochs has 240 seconds left.
|
|t:|1728090393
|move|p2a: Salamence|Dragon Claw|p1a: Zapdos
|-damage|p1a: Zapdos|50/100
|move|p1a: Zapdos|Thunderbolt|p2a: Salamence
|-damage|p2a: Salamence|44/100
|-status|p2a: Salamence|par
|
|-heal|p1a: Zapdos|56/100|[from] item: Leftovers
|-heal|p2a: Salamence|50/100 par|[from] item: Leftovers
|upkeep
|turn|17
|inactive|pslmrt_ochs has 240 seconds left.
|inactive|pslmrt_ochs has 210 seconds left.
|
|t:|1728090431
|switch|p2a: Metagross|Metagross|100/100
|-damage|p2a: Metagross|84/100|[from] Spikes
|move|p1a: Zapdos|Thunderbolt|p2a: Metagross
|-damage|p2a: Metagross|36/100
|
|-heal|p1a: Zapdos|62/100|[from] item: Leftovers
|upkeep
|turn|18
|inactive|pslmrt_ochs has 210 seconds left.
|
|t:|1728090451
|move|p1a: Zapdos|Thunderbolt|p2a: Metagross
|-crit|p2a: Metagross
|-damage|p2a: Metagross|0 fnt
|faint|p2a: Metagross
|
|t:|1728090470
|switch|p2a: Snorlax|Snorlax, F|94/100
|-damage|p2a: Snorlax|78/100|[from] Spikes
|
|-heal|p1a: Zapdos|68/100|[from] item: Leftovers
|-heal|p2a: Snorlax|84/100|[from] item: Leftovers
|upkeep
|turn|19
|
|t:|1728090478
|switch|p1a: Tyranitar|Tyranitar, M|100/100
|-weather|Sandstorm|[from] ability: Sand Stream|[of] p1a: Tyranitar
|move|p2a: Snorlax|Body Slam|p1a: Tyranitar
|-resisted|p1a: Tyranitar
|-damage|p1a: Tyranitar|83/100
|
|-weather|Sandstorm|[upkeep]
|-damage|p2a: Snorlax|78/100|[from] Sandstorm
|-heal|p1a: Tyranitar|89/100|[from] item: Leftovers
|-heal|p2a: Snorlax|84/100|[from] item: Leftovers
|upkeep
|turn|20
|
|t:|1728090495
|move|p1a: Tyranitar|Earthquake|p2a: Snorlax
|-damage|p2a: Snorlax|59/100
|move|p2a: Snorlax|Earthquake|p1a: Tyranitar
|-supereffective|p1a: Tyranitar
|-damage|p1a: Tyranitar|36/100
|
|-weather|Sandstorm|[upkeep]
|-damage|p2a: Snorlax|53/100|[from] Sandstorm
|-heal|p1a: Tyranitar|42/100|[from] item: Leftovers
|-heal|p2a: Snorlax|59/100|[from] item: Leftovers
|upkeep
|turn|21
|inactive|pslmrt_ochs has 180 seconds left.
|
|t:|1728090523
|move|p1a: Tyranitar|Pursuit|p2a: Snorlax
|-damage|p2a: Snorlax|47/100
|move|p2a: Snorlax|Earthquake|p1a: Tyranitar
|-supereffective|p1a: Tyranitar
|-damage|p1a: Tyranitar|0 fnt
|faint|p1a: Tyranitar
|inactive|COB 8 has 270 seconds left.
|
|t:|1728090541
|switch|p1a: Aerodactyl|Aerodactyl, M|100/100
|
|-weather|Sandstorm|[upkeep]
|-damage|p2a: Snorlax|40/100|[from] Sandstorm
|-heal|p2a: Snorlax|47/100|[from] item: Leftovers
|upkeep
|turn|22
|inactive|COB 8 has 270 seconds left.
|
|t:|1728090569
|move|p1a: Aerodactyl|Hidden Power|p2a: Snorlax
|-supereffective|p2a: Snorlax
|-damage|p2a: Snorlax|0 fnt
|faint|p2a: Snorlax
|inactive|pslmrt_ochs has 180 seconds left.
|
|t:|1728090600
|switch|p2a: Salamence|Salamence, F|50/100 par
|-ability|p2a: Salamence|Intimidate|boost
|-unboost|p1a: Aerodactyl|atk|1
|
|-weather|Sandstorm|[upkeep]
|-damage|p2a: Salamence|44/100 par|[from] Sandstorm
|-heal|p2a: Salamence|50/100 par|[from] item: Leftovers
|upkeep
|turn|23
|inactive|COB 8 has 270 seconds left.
|
|t:|1728090613
|switch|p1a: Blissey|Blissey, F|87/100
|move|p2a: Salamence|Dragon Claw|p1a: Blissey
|-damage|p1a: Blissey|70/100
|
|-weather|Sandstorm|[upkeep]
|-damage|p1a: Blissey|64/100|[from] Sandstorm
|-damage|p2a: Salamence|44/100 par|[from] Sandstorm
|-heal|p1a: Blissey|70/100|[from] item: Leftovers
|-heal|p2a: Salamence|50/100 par|[from] item: Leftovers
|upkeep
|turn|24
|inactive|pslmrt_ochs has 150 seconds left.
|
|t:|1728090634
|move|p1a: Blissey|Ice Beam|p2a: Salamence
|-supereffective|p2a: Salamence
|-damage|p2a: Salamence|0 fnt
|faint|p2a: Salamence
|inactive|pslmrt_ochs has 150 seconds left.
|
|t:|1728090647
|switch|p2a: Heracross|Heracross, M|100/100
|-damage|p2a: Heracross|84/100|[from] Spikes
|
|-weather|Sandstorm|[upkeep]
|-damage|p2a: Heracross|78/100|[from] Sandstorm
|-damage|p1a: Blissey|64/100|[from] Sandstorm
|-heal|p1a: Blissey|70/100|[from] item: Leftovers
|upkeep
|turn|25
|inactive|pslmrt_ochs has 150 seconds left.
|
|t:|1728090659
|switch|p1a: Zapdos|Zapdos|68/100
|move|p2a: Heracross|Substitute|p2a: Heracross
|-start|p2a: Heracross|Substitute
|-damage|p2a: Heracross|53/100
|
|-weather|Sandstorm|[upkeep]
|-damage|p2a: Heracross|47/100|[from] Sandstorm
|-damage|p1a: Zapdos|62/100|[from] Sandstorm
|-heal|p1a: Zapdos|68/100|[from] item: Leftovers
|upkeep
|turn|26
|
|t:|1728090668
|move|p2a: Heracross|Swords Dance|p2a: Heracross
|-boost|p2a: Heracross|atk|2
|move|p1a: Zapdos|Roar|p2a: Heracross
|drag|p2a: Suicune|Suicune|58/100 tox
|-damage|p2a: Suicune|42/100 tox|[from] Spikes
|
|-weather|Sandstorm|[upkeep]
|-damage|p2a: Suicune|36/100 tox|[from] Sandstorm
|-damage|p1a: Zapdos|62/100|[from] Sandstorm
|-heal|p2a: Suicune|42/100 tox|[from] item: Leftovers
|-damage|p2a: Suicune|36/100 tox|[from] psn
|-heal|p1a: Zapdos|68/100|[from] item: Leftovers
|upkeep
|turn|27
|
|t:|1728090689
|move|p2a: Suicune|Ice Beam|p1a: Zapdos
|-supereffective|p1a: Zapdos
|-damage|p1a: Zapdos|27/100
|move|p1a: Zapdos|Roar|p2a: Suicune
|drag|p2a: Heracross|Heracross, M|47/100
|-damage|p2a: Heracross|30/100|[from] Spikes
|
|-weather|Sandstorm|[upkeep]
|-damage|p2a: Heracross|24/100|[from] Sandstorm
|-damage|p1a: Zapdos|21/100|[from] Sandstorm
|-enditem|p2a: Heracross|Salac Berry|[eat]
|-boost|p2a: Heracross|spe|1|[from] item: Salac Berry
|-heal|p1a: Zapdos|27/100|[from] item: Leftovers
|upkeep
|turn|28
|inactive|pslmrt_ochs has 150 seconds left.
|
|t:|1728090706
|move|p2a: Heracross|Megahorn|p1a: Zapdos
|-resisted|p1a: Zapdos
|-damage|p1a: Zapdos|0 fnt
|faint|p1a: Zapdos
|
|t:|1728090716
|switch|p1a: Swampert|Swampert, M|100/100
|
|-weather|Sandstorm|[upkeep]
|-damage|p2a: Heracross|18/100|[from] Sandstorm
|upkeep
|turn|29
|
|t:|1728090725
|move|p2a: Heracross|Megahorn|p1a: Swampert
|-damage|p1a: Swampert|38/100
|move|p1a: Swampert|Surf|p2a: Heracross
|-damage|p2a: Heracross|0 fnt
|faint|p2a: Heracross
|
|t:|1728090731
|switch|p2a: Suicune|Suicune|36/100 tox
|-damage|p2a: Suicune|19/100 tox|[from] Spikes
|
|-weather|Sandstorm|[upkeep]
|-damage|p2a: Suicune|13/100 tox|[from] Sandstorm
|-heal|p2a: Suicune|19/100 tox|[from] item: Leftovers
|-damage|p2a: Suicune|13/100 tox|[from] psn
|-heal|p1a: Swampert|44/100|[from] item: Leftovers
|upkeep
|turn|30
|
|t:|1728090741
|move|p1a: Swampert|Protect|p1a: Swampert
|-singleturn|p1a: Swampert|Protect
|move|p2a: Suicune|Hydro Pump|p1a: Swampert
|-activate|p1a: Swampert|Protect
|
|-weather|Sandstorm|[upkeep]
|-damage|p2a: Suicune|7/100 tox|[from] Sandstorm
|-heal|p2a: Suicune|13/100 tox|[from] item: Leftovers
|-damage|p2a: Suicune|1/100 tox|[from] psn
|-heal|p1a: Swampert|50/100|[from] item: Leftovers
|upkeep
|turn|31
|
|t:|1728090754
|move|p1a: Swampert|Protect||[still]
|-fail|p1a: Swampert
|move|p2a: Suicune|Hydro Pump|p1a: Swampert
|-damage|p1a: Swampert|4/100
|
|-weather|Sandstorm|[upkeep]
|-damage|p2a: Suicune|0 fnt|[from] Sandstorm
|faint|p2a: Suicune
|
|win|COB 8
|upkeep
|c|☆pslmrt_ochs|gg
|c|☆COB 8|ggs

</script>
<script type="application/json" class="data" id="replaydata-smogtours-gen3ou-794798">
{"id":"smogtours-gen3ou-794798","format":"[Gen 3] OU","players":["COB 8","pslmrt_ochs"],"uploadtime":1728090754,"views":100,"formatid":"gen3ou","rating":null,"private":0,"password":null}
</script>

<script defer src="js/replays.js?9d40a366"></script>
