<!DOCTYPE html>
<meta charset="utf-8" />
<meta name="viewport" content="width=device-width" />

<title>[Gen 3] OU: garhamsandich vs. Just_Leonardo - Replays - Pok&eacute;mon Showdown!</title>

<meta name="description" content="Watch a replay of a Pok&eacute;mon battle between garhamsandich and Just_Leonardo! Format: [Gen 3] OU; Date: Nov 9, 2024" />
<!--

Hey, you! Looking in the source for the replay log?

You can find them in JSON format, just add `.json` at the end of a replay URL.

https://replay.pokemonshowdown.com/gen7randomdoublesbattle-865046831.json

Or, if you only need the log itself, add `.log` instead:

https://replay.pokemonshowdown.com/gen7randomdoublesbattle-865046831.log

-->

<link rel="stylesheet" href="//pokemonshowdown.com/style/global.css?0.023195364461161105" />
<link rel="stylesheet" href="//play.pokemonshowdown.com/style/font-awesome.css?0.13261647063804238" />
<link rel="stylesheet" href="//play.pokemonshowdown.com/style/battle.css?0.8753245789963631" />
<link rel="stylesheet" href="//play.pokemonshowdown.com/style/utilichart.css?0.8627959624976733" />

<!-- Global site tag (gtag.js) - Google Analytics -->
<script async src="https://www.googletagmanager.com/gtag/js?id=UA-26211653-1"></script>
<script>
  window.dataLayer = window.dataLayer || [];
  function gtag(){dataLayer.push(arguments);}
  gtag('js', new Date());

  gtag('config', 'UA-26211653-1');
</script>
<!-- End Google Analytics -->
<!-- Venatus Ad Manager - Install in <HEAD> of page -->
	<script src="https://hb.vntsm.com/v3/live/ad-manager.min.js" type="text/javascript" data-site-id="642aba63ec9a7b11c3c9c1be" data-mode="scan" async></script>
<!-- / Venatus Ad Manager -->

<style>
	@media (max-width:820px) {
		.battle {
			margin: 0 auto;
		}
		.battle-log {
			margin: 7px auto 0;
			max-width: 640px;
			height: 300px;
			position: static;
		}
	}
	.optgroup {
		display: inline-block;
		line-height: 22px;
		font-size: 10pt;
	}
	.optgroup .button {
		height: 25px;
		padding-top: 0;
		padding-bottom: 0;
	}
	.optgroup button.button {
		padding-left: 12px;
		padding-right: 12px;
	}
	.linklist {
		list-style: none;
		margin: 0.5em 0;
		padding: 0;
	}
	.linklist li {
		padding: 2px 0;
	}
	.sidebar {
		float: left;
		width: 320px;
	}
	.bar-wrapper {
		max-width: 1100px;
		margin: 0 auto;
	}
	.bar-wrapper.has-sidebar {
		max-width: 1430px;
	}
	.mainbar {
		margin: 0;
		padding-right: 1px;
	}
	.mainbar.has-sidebar {
		margin-left: 330px;
	}
	@media (min-width: 1511px) {
		.sidebar {
			width: 400px;
		}
		.bar-wrapper.has-sidebar {
			max-width: 1510px;
		}
		.mainbar.has-sidebar {
			margin-left: 410px;
		}
	}
	.section.first-section {
		margin-top: 9px;
	}
	.blocklink small {
		white-space: normal;
	}
	.button {
		vertical-align: middle;
	}
	.replay-controls {
		padding-top: 10px;
	}
	.replay-controls h1 {
		font-size: 16pt;
		font-weight: normal;
		color: #CCC;
	}
	.pagelink {
		text-align: center;
	}
	.pagelink a {
		width: 150px;
	}
	.textbox, .button {
		font-size: 11pt;
		vertical-align: middle;
	}
	@media (max-width: 450px) {
		.button {
			font-size: 9pt;
		}
	}
</style>

<div>

	<header>
		<div class="nav-wrapper"><ul class="nav">
			<li><a class="button nav-first" href="//pokemonshowdown.com/"><img src="//pokemonshowdown.com/images/pokemonshowdownbeta.png" srcset="//pokemonshowdown.com/images/pokemonshowdownbeta.png 1x, //pokemonshowdown.com/images/pokemonshowdownbeta@2x.png 2x" alt="Pok&eacute;mon Showdown" width="146" height="44" /> Home</a></li>
			<li><a class="button" href="//pokemonshowdown.com/dex/">Pok&eacute;dex</a></li>
			<li><a class="button cur" href="/">Replays</a></li>
			<li><a class="button" href="//pokemonshowdown.com/ladder/">Ladder</a></li>
			<li><a class="button nav-last" href="//pokemonshowdown.com/forums/">Forum</a></li>
			<li><a class="button greenbutton nav-first nav-last" href="//play.pokemonshowdown.com/">Play</a></li>
		</ul></div>
	</header>

	<div class="main" id="main">

		<noscript><section class="section">You need to enable JavaScript to use this page; sorry!</section></noscript>

	</div>

</div>

<script defer nomodule src="//play.pokemonshowdown.com/js/lib/ps-polyfill.js"></script>
<script defer src="//play.pokemonshowdown.com/js/lib/preact.min.js"></script>

<script defer src="//play.pokemonshowdown.com/config/config.js?2bddbc15"></script>
<script defer src="//play.pokemonshowdown.com/js/lib/jquery-1.11.0.min.js"></script>
<script defer src="//play.pokemonshowdown.com/js/lib/html-sanitizer-minified.js"></script>
<script defer src="//play.pokemonshowdown.com/js/battle-sound.js"></script>
<script defer src="//play.pokemonshowdown.com/js/battledata.js?0.7209276989879541"></script>
<script defer src="//play.pokemonshowdown.com/data/pokedex-mini.js?0.6111056340867951"></script>
<script defer src="//play.pokemonshowdown.com/data/pokedex-mini-bw.js?0.3532142036491459"></script>
<script defer src="//play.pokemonshowdown.com/data/graphics.js?0.24223875632456182"></script>
<script defer src="//play.pokemonshowdown.com/data/pokedex.js?0.38839984266356864"></script>
<script defer src="//play.pokemonshowdown.com/data/moves.js?0.21866028504024015"></script>
<script defer src="//play.pokemonshowdown.com/data/abilities.js?0.2005157953846628"></script>
<script defer src="//play.pokemonshowdown.com/data/items.js?0.9894211263848525"></script>
<script defer src="//play.pokemonshowdown.com/data/teambuilder-tables.js?0.6008791140282215"></script>
<script defer src="//play.pokemonshowdown.com/js/battle-tooltips.js?0.7580118955022959"></script>
<script defer src="//play.pokemonshowdown.com/js/battle.js?0.6057722274234274"></script>

<script defer src="js/utils.js?e31f9a17"></script>
<script defer src="js/replays-battle.js?7008c182"></script>

<!-- don't scrape this data! just add .json or .log after the URL!
Full API docs: https://github.com/smogon/pokemon-showdown-client/blob/master/WEB-API.md -->
<script type="text/plain" class="log" id="replaylog-smogtours-gen3ou-805559">
|inactive|Battle timer is ON: inactive players will automatically lose when time's up.
|t:|1731185718
|gametype|singles
|player|p1|garhamsandich|101|
|player|p2|Just_Leonardo|hiker-gen4|
|teamsize|p1|6
|teamsize|p2|6
|gen|3
|tier|[Gen 3] OU
|rule|Sleep Clause Mod: Limit one foe put to sleep
|rule|Switch Priority Clause Mod: Faster Pokémon switch first
|rule|Species Clause: Limit one of each Pokémon
|rule|OHKO Clause: OHKO moves are banned
|rule|Evasion Items Clause: Evasion items are banned
|rule|Evasion Moves Clause: Evasion moves are banned
|rule|Endless Battle Clause: Forcing endless battles is banned
|rule|HP Percentage Mod: HP is shown in percentages
|rule|One Boost Passer Clause: Limit one Baton Passer that has a way to boost its stats
|rule|Freeze Clause Mod: Limit one foe frozen
|
|t:|1731185718
|start
|switch|p1a: Hariyama|Hariyama, F|100/100
|switch|p2a: Terry|Tyranitar, M|100/100
|-weather|Sandstorm|[from] ability: Sand Stream|[of] p2a: Terry
|turn|1
|c|☆Just_Leonardo|hf
|c|☆garhamsandich|u2 bestie
|inactive|Just_Leonardo has 270 seconds left.
|
|t:|1731185754
|switch|p2a: V|Skarmory, F|100/100
|move|p1a: Hariyama|Knock Off|p2a: V
|-resisted|p2a: V
|-damage|p2a: V|99/100
|-enditem|p2a: V|Leftovers|[from] move: Knock Off|[of] p1a: Hariyama
|-hint|In Gens 3-4, Knock Off only makes the target's item unusable; it cannot obtain a new item.
|
|-weather|Sandstorm|[upkeep]
|-damage|p1a: Hariyama|94/100|[from] Sandstorm
|-heal|p1a: Hariyama|100/100|[from] item: Leftovers
|upkeep
|turn|2
|
|t:|1731185762
|-singleturn|p1a: Hariyama|move: Focus Punch
|move|p2a: V|Drill Peck|p1a: Hariyama
|-supereffective|p1a: Hariyama
|-damage|p1a: Hariyama|59/100
|move|p1a: Hariyama|Focus Punch||[still]
|cant|p1a: Hariyama|Focus Punch|Focus Punch
|
|-weather|Sandstorm|[upkeep]
|-damage|p1a: Hariyama|53/100|[from] Sandstorm
|-heal|p1a: Hariyama|59/100|[from] item: Leftovers
|upkeep
|turn|3
|
|t:|1731185768
|switch|p1a: Skarmory|Skarmory, M|100/100
|move|p2a: V|Spikes|p1a: Skarmory
|-sidestart|p1: garhamsandich|Spikes
|
|-weather|Sandstorm|[upkeep]
|upkeep
|turn|4
|
|t:|1731185771
|move|p2a: V|Taunt|p1a: Skarmory
|-start|p1a: Skarmory|move: Taunt
|cant|p1a: Skarmory|move: Taunt|Spikes
|
|-weather|Sandstorm|[upkeep]
|upkeep
|turn|5
|
|t:|1731185777
|switch|p1a: Claydol|Claydol|100/100
|move|p2a: V|Spikes|p1a: Claydol
|-sidestart|p1: garhamsandich|Spikes
|
|-weather|Sandstorm|[upkeep]
|upkeep
|turn|6
|
|t:|1731185785
|move|p1a: Claydol|Rapid Spin|p2a: V
|-resisted|p2a: V
|-damage|p2a: V|97/100
|-sideend|p1: garhamsandich|Spikes|[from] move: Rapid Spin|[of] p1a: Claydol
|move|p2a: V|Drill Peck|p1a: Claydol
|-damage|p1a: Claydol|76/100
|
|-weather|Sandstorm|[upkeep]
|-heal|p1a: Claydol|82/100|[from] item: Leftovers
|upkeep
|turn|7
|
|t:|1731185802
|switch|p1a: Salamence|Salamence, M|100/100
|-ability|p1a: Salamence|Intimidate|boost
|-unboost|p2a: V|atk|1
|move|p2a: V|Spikes|p1a: Salamence
|-sidestart|p1: garhamsandich|Spikes
|
|-weather|Sandstorm|[upkeep]
|-damage|p1a: Salamence|94/100|[from] Sandstorm
|-heal|p1a: Salamence|100/100|[from] item: Leftovers
|upkeep
|turn|8
|
|t:|1731185813
|switch|p2a: Axol|Swampert, M|100/100
|move|p1a: Salamence|Flamethrower|p2a: Axol
|-resisted|p2a: Axol
|-damage|p2a: Axol|91/100
|
|-weather|Sandstorm|[upkeep]
|-damage|p1a: Salamence|94/100|[from] Sandstorm
|-heal|p1a: Salamence|100/100|[from] item: Leftovers
|-heal|p2a: Axol|97/100|[from] item: Leftovers
|upkeep
|turn|9
|
|t:|1731185822
|switch|p1a: Skarmory|Skarmory, M|100/100
|move|p2a: Axol|Protect||[still]
|-fail|p2a: Axol
|
|-weather|Sandstorm|[upkeep]
|-heal|p2a: Axol|100/100|[from] item: Leftovers
|upkeep
|turn|10
|
|t:|1731185825
|switch|p2a: Zappy|Zapdos|100/100
|move|p1a: Skarmory|Spikes|p2a: Zappy
|-sidestart|p2: Just_Leonardo|Spikes
|
|-weather|Sandstorm|[upkeep]
|-damage|p2a: Zappy|94/100|[from] Sandstorm
|-heal|p2a: Zappy|100/100|[from] item: Leftovers
|upkeep
|turn|11
|
|t:|1731185836
|move|p1a: Skarmory|Protect|p1a: Skarmory
|-singleturn|p1a: Skarmory|Protect
|move|p2a: Zappy|Hidden Power|p1a: Skarmory
|-activate|p1a: Skarmory|Protect
|
|-weather|Sandstorm|[upkeep]
|-damage|p2a: Zappy|94/100|[from] Sandstorm
|-heal|p2a: Zappy|100/100|[from] item: Leftovers
|upkeep
|turn|12
|
|t:|1731185851
|switch|p1a: Claydol|Claydol|82/100
|move|p2a: Zappy|Hidden Power|p1a: Claydol
|-supereffective|p1a: Claydol
|-damage|p1a: Claydol|37/100
|
|-weather|Sandstorm|[upkeep]
|-damage|p2a: Zappy|94/100|[from] Sandstorm
|-heal|p2a: Zappy|100/100|[from] item: Leftovers
|-heal|p1a: Claydol|43/100|[from] item: Leftovers
|upkeep
|turn|13
|
|t:|1731185862
|switch|p1a: Skarmory|Skarmory, M|100/100
|move|p2a: Zappy|Hidden Power|p1a: Skarmory
|-resisted|p1a: Skarmory
|-damage|p1a: Skarmory|95/100
|
|-weather|Sandstorm|[upkeep]
|-damage|p2a: Zappy|94/100|[from] Sandstorm
|-heal|p2a: Zappy|100/100|[from] item: Leftovers
|-heal|p1a: Skarmory|100/100|[from] item: Leftovers
|upkeep
|turn|14
|
|t:|1731185867
|switch|p1a: Salamence|Salamence, M|100/100
|-ability|p1a: Salamence|Intimidate|boost
|-unboost|p2a: Zappy|atk|1
|move|p2a: Zappy|Hidden Power|p1a: Salamence
|-resisted|p1a: Salamence
|-damage|p1a: Salamence|94/100
|
|-weather|Sandstorm|[upkeep]
|-damage|p2a: Zappy|94/100|[from] Sandstorm
|-damage|p1a: Salamence|88/100|[from] Sandstorm
|-heal|p2a: Zappy|100/100|[from] item: Leftovers
|-heal|p1a: Salamence|94/100|[from] item: Leftovers
|upkeep
|turn|15
|
|t:|1731185885
|move|p2a: Zappy|Thunderbolt|p1a: Salamence
|-damage|p1a: Salamence|43/100
|move|p1a: Salamence|Toxic|p2a: Zappy
|-status|p2a: Zappy|tox
|
|-weather|Sandstorm|[upkeep]
|-damage|p2a: Zappy|94/100 tox|[from] Sandstorm
|-damage|p1a: Salamence|37/100|[from] Sandstorm
|-heal|p2a: Zappy|100/100 tox|[from] item: Leftovers
|-damage|p2a: Zappy|94/100 tox|[from] psn
|-heal|p1a: Salamence|43/100|[from] item: Leftovers
|upkeep
|turn|16
|
|t:|1731185900
|switch|p1a: Claydol|Claydol|43/100
|move|p2a: Zappy|Thunderbolt|p1a: Claydol
|-immune|p1a: Claydol
|
|-weather|Sandstorm|[upkeep]
|-damage|p2a: Zappy|88/100 tox|[from] Sandstorm
|-heal|p2a: Zappy|94/100 tox|[from] item: Leftovers
|-damage|p2a: Zappy|82/100 tox|[from] psn
|-heal|p1a: Claydol|49/100|[from] item: Leftovers
|upkeep
|turn|17
|
|t:|1731185910
|switch|p2a: V|Skarmory, F|97/100
|switch|p1a: Skarmory|Skarmory, M|100/100
|
|-weather|Sandstorm|[upkeep]
|upkeep
|turn|18
|
|t:|1731185913
|switch|p1a: Claydol|Claydol|49/100
|move|p2a: V|Taunt|p1a: Claydol
|-start|p1a: Claydol|move: Taunt
|
|-weather|Sandstorm|[upkeep]
|-heal|p1a: Claydol|55/100|[from] item: Leftovers
|upkeep
|turn|19
|
|t:|1731185918
|switch|p1a: Salamence|Salamence, M|43/100
|-ability|p1a: Salamence|Intimidate|boost
|-unboost|p2a: V|atk|1
|move|p2a: V|Drill Peck|p1a: Salamence
|-damage|p1a: Salamence|32/100
|
|-weather|Sandstorm|[upkeep]
|-damage|p1a: Salamence|26/100|[from] Sandstorm
|-heal|p1a: Salamence|32/100|[from] item: Leftovers
|upkeep
|turn|20
|
|t:|1731185932
|switch|p2a: Zappy|Zapdos|82/100 tox
|move|p1a: Salamence|Wish|p1a: Salamence
|
|-weather|Sandstorm|[upkeep]
|-damage|p2a: Zappy|76/100 tox|[from] Sandstorm
|-damage|p1a: Salamence|26/100|[from] Sandstorm
|-heal|p2a: Zappy|82/100 tox|[from] item: Leftovers
|-damage|p2a: Zappy|76/100 tox|[from] psn
|-heal|p1a: Salamence|32/100|[from] item: Leftovers
|upkeep
|turn|21
|
|t:|1731185941
|move|p1a: Salamence|Protect|p1a: Salamence
|-singleturn|p1a: Salamence|Protect
|move|p2a: Zappy|Hidden Power|p1a: Salamence
|-activate|p1a: Salamence|Protect
|
|-heal|p1a: Salamence|82/100|[from] move: Wish|[wisher] Salamence
|-weather|Sandstorm|[upkeep]
|-damage|p2a: Zappy|69/100 tox|[from] Sandstorm
|-damage|p1a: Salamence|76/100|[from] Sandstorm
|-heal|p2a: Zappy|76/100 tox|[from] item: Leftovers
|-damage|p2a: Zappy|63/100 tox|[from] psn
|-heal|p1a: Salamence|82/100|[from] item: Leftovers
|upkeep
|turn|22
|
|t:|1731185944
|move|p2a: Zappy|Thunderbolt|p1a: Salamence
|-damage|p1a: Salamence|25/100
|move|p1a: Salamence|Wish|p1a: Salamence
|
|-weather|Sandstorm|[upkeep]
|-damage|p2a: Zappy|57/100 tox|[from] Sandstorm
|-damage|p1a: Salamence|19/100|[from] Sandstorm
|-heal|p2a: Zappy|63/100 tox|[from] item: Leftovers
|-damage|p2a: Zappy|44/100 tox|[from] psn
|-heal|p1a: Salamence|25/100|[from] item: Leftovers
|upkeep
|turn|23
|
|t:|1731185949
|switch|p2a: Drake|Aerodactyl, M|100/100
|move|p1a: Salamence|Protect||[still]
|-fail|p1a: Salamence
|
|-heal|p1a: Salamence|75/100|[from] move: Wish|[wisher] Salamence
|-weather|Sandstorm|[upkeep]
|-damage|p1a: Salamence|69/100|[from] Sandstorm
|-heal|p1a: Salamence|75/100|[from] item: Leftovers
|upkeep
|turn|24
|
|t:|1731185957
|move|p1a: Salamence|Protect|p1a: Salamence
|-singleturn|p1a: Salamence|Protect
|move|p2a: Drake|Rock Slide|p1a: Salamence
|-activate|p1a: Salamence|Protect
|
|-weather|Sandstorm|[upkeep]
|-damage|p1a: Salamence|69/100|[from] Sandstorm
|-heal|p1a: Salamence|75/100|[from] item: Leftovers
|upkeep
|turn|25
|
|t:|1731185968
|switch|p2a: pkLeech(seed)|Celebi|100/100
|-damage|p2a: pkLeech(seed)|88/100|[from] Spikes
|move|p1a: Salamence|Wish|p1a: Salamence
|
|-weather|Sandstorm|[upkeep]
|-damage|p2a: pkLeech(seed)|82/100|[from] Sandstorm
|-damage|p1a: Salamence|69/100|[from] Sandstorm
|-heal|p2a: pkLeech(seed)|88/100|[from] item: Leftovers
|-heal|p1a: Salamence|75/100|[from] item: Leftovers
|upkeep
|turn|26
|c|☆garhamsandich|that name
|
|t:|1731185994
|switch|p2a: Terry|Tyranitar, M|100/100
|-damage|p2a: Terry|88/100|[from] Spikes
|move|p1a: Salamence|Flamethrower|p2a: Terry
|-resisted|p2a: Terry
|-damage|p2a: Terry|79/100
|
|-heal|p1a: Salamence|100/100|[from] move: Wish|[wisher] Salamence
|-weather|Sandstorm|[upkeep]
|-damage|p1a: Salamence|94/100|[from] Sandstorm
|-heal|p1a: Salamence|100/100|[from] item: Leftovers
|upkeep
|turn|27
|
|t:|1731186002
|switch|p1a: Dugtrio|Dugtrio, M|100/100
|-damage|p1a: Dugtrio|88/100|[from] Spikes
|move|p2a: Terry|Dragon Dance|p2a: Terry
|-boost|p2a: Terry|atk|1
|-boost|p2a: Terry|spe|1
|
|-weather|Sandstorm|[upkeep]
|upkeep
|turn|28
|
|t:|1731186005
|move|p1a: Dugtrio|Earthquake|p2a: Terry
|-supereffective|p2a: Terry
|-damage|p2a: Terry|0 fnt
|faint|p2a: Terry
|
|t:|1731186019
|switch|p2a: Drake|Aerodactyl, M|100/100
|
|-weather|Sandstorm|[upkeep]
|upkeep
|turn|29
|
|t:|1731186036
|switch|p1a: Skarmory|Skarmory, M|100/100
|move|p2a: Drake|Rock Slide|p1a: Skarmory
|-damage|p1a: Skarmory|60/100
|
|-weather|Sandstorm|[upkeep]
|-heal|p1a: Skarmory|66/100|[from] item: Leftovers
|upkeep
|turn|30
|
|t:|1731186045
|move|p1a: Skarmory|Protect|p1a: Skarmory
|-singleturn|p1a: Skarmory|Protect
|move|p2a: Drake|Rock Slide|p1a: Skarmory
|-activate|p1a: Skarmory|Protect
|
|-weather|Sandstorm|[upkeep]
|-heal|p1a: Skarmory|72/100|[from] item: Leftovers
|upkeep
|turn|31
|
|t:|1731186050
|switch|p1a: Salamence|Salamence, M|100/100
|-ability|p1a: Salamence|Intimidate|boost
|-unboost|p2a: Drake|atk|1
|move|p2a: Drake|Rock Slide|p1a: Salamence
|-supereffective|p1a: Salamence
|-damage|p1a: Salamence|48/100
|
|-weather|Sandstorm|[upkeep]
|-damage|p1a: Salamence|42/100|[from] Sandstorm
|-heal|p1a: Salamence|48/100|[from] item: Leftovers
|upkeep
|turn|32
|
|t:|1731186062
|switch|p2a: Zappy|Zapdos|44/100 tox
|switch|p1a: Claydol|Claydol|55/100
|
|-weather|Sandstorm|[upkeep]
|-damage|p2a: Zappy|38/100 tox|[from] Sandstorm
|-heal|p2a: Zappy|44/100 tox|[from] item: Leftovers
|-damage|p2a: Zappy|38/100 tox|[from] psn
|-heal|p1a: Claydol|61/100|[from] item: Leftovers
|upkeep
|turn|33
|
|t:|1731186069
|move|p2a: Zappy|Hidden Power|p1a: Claydol
|-supereffective|p1a: Claydol
|-damage|p1a: Claydol|11/100
|move|p1a: Claydol|Rapid Spin|p2a: Zappy
|-damage|p2a: Zappy|31/100 tox
|-sideend|p1: garhamsandich|Spikes|[from] move: Rapid Spin|[of] p1a: Claydol
|
|-weather|Sandstorm|[upkeep]
|-damage|p2a: Zappy|25/100 tox|[from] Sandstorm
|-heal|p2a: Zappy|31/100 tox|[from] item: Leftovers
|-damage|p2a: Zappy|19/100 tox|[from] psn
|-heal|p1a: Claydol|18/100|[from] item: Leftovers
|upkeep
|turn|34
|inactive|Just_Leonardo has 270 seconds left.
|
|t:|1731186104
|switch|p2a: V|Skarmory, F|97/100
|switch|p1a: Hariyama|Hariyama, F|59/100
|
|-weather|Sandstorm|[upkeep]
|-damage|p1a: Hariyama|53/100|[from] Sandstorm
|-heal|p1a: Hariyama|59/100|[from] item: Leftovers
|upkeep
|turn|35
|inactive|Just_Leonardo has 270 seconds left.
|
|t:|1731186126
|switch|p1a: Salamence|Salamence, M|48/100
|-ability|p1a: Salamence|Intimidate|boost
|-unboost|p2a: V|atk|1
|move|p2a: V|Spikes|p1a: Salamence
|-sidestart|p1: garhamsandich|Spikes
|
|-weather|Sandstorm|[upkeep]
|-damage|p1a: Salamence|42/100|[from] Sandstorm
|-heal|p1a: Salamence|48/100|[from] item: Leftovers
|upkeep
|turn|36
|
|t:|1731186132
|switch|p2a: Axol|Swampert, M|100/100
|-damage|p2a: Axol|88/100|[from] Spikes
|move|p1a: Salamence|Wish|p1a: Salamence
|
|-weather|Sandstorm|[upkeep]
|-damage|p1a: Salamence|42/100|[from] Sandstorm
|-heal|p1a: Salamence|48/100|[from] item: Leftovers
|-heal|p2a: Axol|94/100|[from] item: Leftovers
|upkeep
|turn|37
|
|t:|1731186137
|move|p1a: Salamence|Protect|p1a: Salamence
|-singleturn|p1a: Salamence|Protect
|move|p2a: Axol|Ice Beam|p1a: Salamence
|-activate|p1a: Salamence|Protect
|
|-heal|p1a: Salamence|98/100|[from] move: Wish|[wisher] Salamence
|-weather|Sandstorm|[upkeep]
|-damage|p1a: Salamence|92/100|[from] Sandstorm
|-heal|p1a: Salamence|98/100|[from] item: Leftovers
|-heal|p2a: Axol|100/100|[from] item: Leftovers
|upkeep
|turn|38
|
|t:|1731186146
|switch|p1a: Milotic|Milotic, M|100/100
|-damage|p1a: Milotic|88/100|[from] Spikes
|move|p2a: Axol|Hydro Pump|p1a: Milotic
|-resisted|p1a: Milotic
|-damage|p1a: Milotic|76/100
|
|-weather|Sandstorm|[upkeep]
|-damage|p1a: Milotic|70/100|[from] Sandstorm
|-heal|p1a: Milotic|76/100|[from] item: Leftovers
|upkeep
|turn|39
|
|t:|1731186149
|switch|p1a: Dugtrio|Dugtrio, M|88/100
|-damage|p1a: Dugtrio|76/100|[from] Spikes
|switch|p2a: pkLeech(seed)|Celebi|88/100
|-damage|p2a: pkLeech(seed)|76/100|[from] Spikes
|
|-weather|Sandstorm|[upkeep]
|-damage|p2a: pkLeech(seed)|70/100|[from] Sandstorm
|-heal|p2a: pkLeech(seed)|76/100|[from] item: Leftovers
|upkeep
|turn|40
|
|t:|1731186159
|move|p1a: Dugtrio|Hidden Power|p2a: pkLeech(seed)
|-supereffective|p2a: pkLeech(seed)
|-damage|p2a: pkLeech(seed)|0 fnt
|faint|p2a: pkLeech(seed)
|inactive|Just_Leonardo has 270 seconds left.
|
|t:|1731186194
|switch|p2a: Drake|Aerodactyl, M|100/100
|
|-weather|Sandstorm|[upkeep]
|upkeep
|turn|41
|inactive|Just_Leonardo has 270 seconds left.
|
|t:|1731186210
|move|p2a: Drake|Rock Slide|p1a: Dugtrio
|-resisted|p1a: Dugtrio
|-damage|p1a: Dugtrio|5/100
|move|p1a: Dugtrio|Hidden Power|p2a: Drake
|-resisted|p2a: Drake
|-crit|p2a: Drake
|-damage|p2a: Drake|58/100
|
|-weather|Sandstorm|[upkeep]
|upkeep
|turn|42
|inactive|Just_Leonardo has 270 seconds left.
|
|t:|1731186227
|move|p2a: Drake|Rock Slide|p1a: Dugtrio
|-resisted|p1a: Dugtrio
|-damage|p1a: Dugtrio|0 fnt
|faint|p1a: Dugtrio
|
|t:|1731186229
|switch|p1a: Salamence|Salamence, M|98/100
|-ability|p1a: Salamence|Intimidate|boost
|-unboost|p2a: Drake|atk|1
|
|-weather|Sandstorm|[upkeep]
|-damage|p1a: Salamence|92/100|[from] Sandstorm
|-heal|p1a: Salamence|98/100|[from] item: Leftovers
|upkeep
|turn|43
|
|t:|1731186240
|move|p2a: Drake|Rock Slide|p1a: Salamence|[miss]
|-miss|p2a: Drake|p1a: Salamence
|move|p1a: Salamence|Toxic|p2a: Drake
|-status|p2a: Drake|tox
|
|-weather|Sandstorm|[upkeep]
|-damage|p1a: Salamence|92/100|[from] Sandstorm
|-damage|p2a: Drake|52/100 tox|[from] psn
|-heal|p1a: Salamence|98/100|[from] item: Leftovers
|upkeep
|turn|44
|c|☆garhamsandich|mb
|c|☆Just_Leonardo|gg
|-message|Just_Leonardo forfeited.
|
|win|garhamsandich
|player|p1|
|player|p2|
|player|p1|garhamsandich|101|

</script>
<script type="application/json" class="data" id="replaydata-smogtours-gen3ou-805559">
{"id":"smogtours-gen3ou-805559","format":"[Gen 3] OU","players":["garhamsandich","Just_Leonardo"],"uploadtime":1731186250,"views":35,"formatid":"gen3ou","rating":null,"private":0,"password":null}
</script>

<script defer src="js/replays.js?9d40a366"></script>
