<!DOCTYPE html>
<meta charset="utf-8" />
<meta name="viewport" content="width=device-width" />

<title>[Gen 3] OU: Segale vs. mint yerb - Replays - Pok&eacute;mon Showdown!</title>

<meta name="description" content="Watch a replay of a Pok&eacute;mon battle between Segale and mint yerb! Format: [Gen 3] OU; Date: Oct 11, 2024" />
<!--

Hey, you! Looking in the source for the replay log?

You can find them in JSON format, just add `.json` at the end of a replay URL.

https://replay.pokemonshowdown.com/gen7randomdoublesbattle-865046831.json

Or, if you only need the log itself, add `.log` instead:

https://replay.pokemonshowdown.com/gen7randomdoublesbattle-865046831.log

-->

<link rel="stylesheet" href="//pokemonshowdown.com/style/global.css?0.023195364461161105" />
<link rel="stylesheet" href="//play.pokemonshowdown.com/style/font-awesome.css?0.13261647063804238" />
<link rel="stylesheet" href="//play.pokemonshowdown.com/style/battle.css?0.8753245789963631" />
<link rel="stylesheet" href="//play.pokemonshowdown.com/style/utilichart.css?0.8627959624976733" />

<!-- Global site tag (gtag.js) - Google Analytics -->
<script async src="https://www.googletagmanager.com/gtag/js?id=UA-26211653-1"></script>
<script>
  window.dataLayer = window.dataLayer || [];
  function gtag(){dataLayer.push(arguments);}
  gtag('js', new Date());

  gtag('config', 'UA-26211653-1');
</script>
<!-- End Google Analytics -->
<!-- Venatus Ad Manager - Install in <HEAD> of page -->
	<script src="https://hb.vntsm.com/v3/live/ad-manager.min.js" type="text/javascript" data-site-id="642aba63ec9a7b11c3c9c1be" data-mode="scan" async></script>
<!-- / Venatus Ad Manager -->

<style>
	@media (max-width:820px) {
		.battle {
			margin: 0 auto;
		}
		.battle-log {
			margin: 7px auto 0;
			max-width: 640px;
			height: 300px;
			position: static;
		}
	}
	.optgroup {
		display: inline-block;
		line-height: 22px;
		font-size: 10pt;
	}
	.optgroup .button {
		height: 25px;
		padding-top: 0;
		padding-bottom: 0;
	}
	.optgroup button.button {
		padding-left: 12px;
		padding-right: 12px;
	}
	.linklist {
		list-style: none;
		margin: 0.5em 0;
		padding: 0;
	}
	.linklist li {
		padding: 2px 0;
	}
	.sidebar {
		float: left;
		width: 320px;
	}
	.bar-wrapper {
		max-width: 1100px;
		margin: 0 auto;
	}
	.bar-wrapper.has-sidebar {
		max-width: 1430px;
	}
	.mainbar {
		margin: 0;
		padding-right: 1px;
	}
	.mainbar.has-sidebar {
		margin-left: 330px;
	}
	@media (min-width: 1511px) {
		.sidebar {
			width: 400px;
		}
		.bar-wrapper.has-sidebar {
			max-width: 1510px;
		}
		.mainbar.has-sidebar {
			margin-left: 410px;
		}
	}
	.section.first-section {
		margin-top: 9px;
	}
	.blocklink small {
		white-space: normal;
	}
	.button {
		vertical-align: middle;
	}
	.replay-controls {
		padding-top: 10px;
	}
	.replay-controls h1 {
		font-size: 16pt;
		font-weight: normal;
		color: #CCC;
	}
	.pagelink {
		text-align: center;
	}
	.pagelink a {
		width: 150px;
	}
	.textbox, .button {
		font-size: 11pt;
		vertical-align: middle;
	}
	@media (max-width: 450px) {
		.button {
			font-size: 9pt;
		}
	}
</style>

<div>

	<header>
		<div class="nav-wrapper"><ul class="nav">
			<li><a class="button nav-first" href="//pokemonshowdown.com/"><img src="//pokemonshowdown.com/images/pokemonshowdownbeta.png" srcset="//pokemonshowdown.com/images/pokemonshowdownbeta.png 1x, //pokemonshowdown.com/images/pokemonshowdownbeta@2x.png 2x" alt="Pok&eacute;mon Showdown" width="146" height="44" /> Home</a></li>
			<li><a class="button" href="//pokemonshowdown.com/dex/">Pok&eacute;dex</a></li>
			<li><a class="button cur" href="/">Replays</a></li>
			<li><a class="button" href="//pokemonshowdown.com/ladder/">Ladder</a></li>
			<li><a class="button nav-last" href="//pokemonshowdown.com/forums/">Forum</a></li>
			<li><a class="button greenbutton nav-first nav-last" href="//play.pokemonshowdown.com/">Play</a></li>
		</ul></div>
	</header>

	<div class="main" id="main">

		<noscript><section class="section">You need to enable JavaScript to use this page; sorry!</section></noscript>

	</div>

</div>

<script defer nomodule src="//play.pokemonshowdown.com/js/lib/ps-polyfill.js"></script>
<script defer src="//play.pokemonshowdown.com/js/lib/preact.min.js"></script>

<script defer src="//play.pokemonshowdown.com/config/config.js?2bddbc15"></script>
<script defer src="//play.pokemonshowdown.com/js/lib/jquery-1.11.0.min.js"></script>
<script defer src="//play.pokemonshowdown.com/js/lib/html-sanitizer-minified.js"></script>
<script defer src="//play.pokemonshowdown.com/js/battle-sound.js"></script>
<script defer src="//play.pokemonshowdown.com/js/battledata.js?0.7209276989879541"></script>
<script defer src="//play.pokemonshowdown.com/data/pokedex-mini.js?0.6111056340867951"></script>
<script defer src="//play.pokemonshowdown.com/data/pokedex-mini-bw.js?0.3532142036491459"></script>
<script defer src="//play.pokemonshowdown.com/data/graphics.js?0.24223875632456182"></script>
<script defer src="//play.pokemonshowdown.com/data/pokedex.js?0.38839984266356864"></script>
<script defer src="//play.pokemonshowdown.com/data/moves.js?0.21866028504024015"></script>
<script defer src="//play.pokemonshowdown.com/data/abilities.js?0.2005157953846628"></script>
<script defer src="//play.pokemonshowdown.com/data/items.js?0.9894211263848525"></script>
<script defer src="//play.pokemonshowdown.com/data/teambuilder-tables.js?0.6008791140282215"></script>
<script defer src="//play.pokemonshowdown.com/js/battle-tooltips.js?0.7580118955022959"></script>
<script defer src="//play.pokemonshowdown.com/js/battle.js?0.6057722274234274"></script>

<script defer src="js/utils.js?e31f9a17"></script>
<script defer src="js/replays-battle.js?7008c182"></script>

<!-- don't scrape this data! just add .json or .log after the URL!
Full API docs: https://github.com/smogon/pokemon-showdown-client/blob/master/WEB-API.md -->
<script type="text/plain" class="log" id="replaylog-smogtours-gen3ou-797140">
|inactive|Battle timer is ON: inactive players will automatically lose when time's up.
|t:|1728644749
|gametype|singles
|player|p1|Segale|blue|
|player|p2|mint yerb|flannery|
|teamsize|p1|6
|teamsize|p2|6
|gen|3
|tier|[Gen 3] OU
|rule|Sleep Clause Mod: Limit one foe put to sleep
|rule|Switch Priority Clause Mod: Faster Pokémon switch first
|rule|Species Clause: Limit one of each Pokémon
|rule|OHKO Clause: OHKO moves are banned
|rule|Evasion Items Clause: Evasion items are banned
|rule|Evasion Moves Clause: Evasion moves are banned
|rule|Endless Battle Clause: Forcing endless battles is banned
|rule|HP Percentage Mod: HP is shown in percentages
|rule|One Boost Passer Clause: Limit one Baton Passer that has a way to boost its stats
|rule|Freeze Clause Mod: Limit one foe frozen
|
|t:|1728644749
|start
|switch|p1a: Suicune|Suicune|100/100
|switch|p2a: Salamence|Salamence, F|100/100
|-ability|p2a: Salamence|Intimidate|boost
|-unboost|p1a: Suicune|atk|1
|turn|1
|
|t:|1728644771
|switch|p2a: Blissey|Blissey, F|100/100
|move|p1a: Suicune|Calm Mind|p1a: Suicune
|-boost|p1a: Suicune|spa|1
|-boost|p1a: Suicune|spd|1
|
|upkeep
|turn|2
|
|t:|1728644781
|switch|p1a: Blissey|Blissey, F|100/100
|move|p2a: Blissey|Sing|p1a: Blissey|[miss]
|-miss|p2a: Blissey|p1a: Blissey
|
|upkeep
|turn|3
|
|t:|1728644790
|switch|p2a: Skarmory|Skarmory, M|100/100
|move|p1a: Blissey|Seismic Toss|p2a: Skarmory
|-damage|p2a: Skarmory|70/100
|
|-heal|p2a: Skarmory|76/100|[from] item: Leftovers
|upkeep
|turn|4
|
|t:|1728644799
|switch|p1a: Magneton|Magneton|100/100
|move|p2a: Skarmory|Spikes|p1a: Magneton
|-sidestart|p1: Segale|Spikes
|
|-heal|p2a: Skarmory|82/100|[from] item: Leftovers
|upkeep
|turn|5
|
|t:|1728644807
|move|p2a: Skarmory|Protect|p2a: Skarmory
|-singleturn|p2a: Skarmory|Protect
|move|p1a: Magneton|Thunderbolt|p2a: Skarmory
|-activate|p2a: Skarmory|Protect
|
|-heal|p2a: Skarmory|88/100|[from] item: Leftovers
|upkeep
|turn|6
|
|t:|1728644812
|move|p1a: Magneton|Thunderbolt|p2a: Skarmory
|-supereffective|p2a: Skarmory
|-damage|p2a: Skarmory|0 fnt
|faint|p2a: Skarmory
|
|t:|1728644831
|switch|p2a: Tyranitar|Tyranitar, F|100/100
|-weather|Sandstorm|[from] ability: Sand Stream|[of] p2a: Tyranitar
|
|-weather|Sandstorm|[upkeep]
|upkeep
|turn|7
|
|t:|1728644861
|switch|p2a: Blissey|Blissey, F|100/100
|move|p1a: Magneton|Thunder Wave|p2a: Blissey
|-status|p2a: Blissey|par
|
|-weather|Sandstorm|[upkeep]
|-damage|p2a: Blissey|94/100 par|[from] Sandstorm
|-heal|p2a: Blissey|100/100 par|[from] item: Leftovers
|upkeep
|turn|8
|
|t:|1728644882
|switch|p1a: Blissey|Blissey, F|100/100
|-damage|p1a: Blissey|88/100|[from] Spikes
|-curestatus|p2a: Blissey|par|[from] ability: Natural Cure
|switch|p2a: Salamence|Salamence, F|100/100
|-ability|p2a: Salamence|Intimidate|boost
|-unboost|p1a: Blissey|atk|1
|
|-weather|Sandstorm|[upkeep]
|-damage|p2a: Salamence|94/100|[from] Sandstorm
|-damage|p1a: Blissey|82/100|[from] Sandstorm
|-heal|p2a: Salamence|100/100|[from] item: Leftovers
|-heal|p1a: Blissey|88/100|[from] item: Leftovers
|upkeep
|turn|9
|
|t:|1728644890
|switch|p2a: Metagross|Metagross|100/100
|switch|p1a: Claydol|Claydol|100/100
|
|-weather|Sandstorm|[upkeep]
|upkeep
|turn|10
|
|t:|1728644909
|move|p1a: Claydol|Rapid Spin|p2a: Metagross
|-resisted|p2a: Metagross
|-damage|p2a: Metagross|99/100
|-sideend|p1: Segale|Spikes|[from] move: Rapid Spin|[of] p1a: Claydol
|move|p2a: Metagross|Meteor Mash|p1a: Claydol
|-damage|p1a: Claydol|35/100
|-boost|p2a: Metagross|atk|1
|
|-weather|Sandstorm|[upkeep]
|-heal|p1a: Claydol|41/100|[from] item: Leftovers
|-heal|p2a: Metagross|100/100|[from] item: Leftovers
|upkeep
|turn|11
|
|t:|1728644912
|switch|p1a: Skarmory|Skarmory, M|100/100
|move|p2a: Metagross|Meteor Mash|p1a: Skarmory
|-resisted|p1a: Skarmory
|-damage|p1a: Skarmory|76/100
|
|-weather|Sandstorm|[upkeep]
|-heal|p1a: Skarmory|82/100|[from] item: Leftovers
|upkeep
|turn|12
|
|t:|1728644920
|move|p1a: Skarmory|Protect|p1a: Skarmory
|-singleturn|p1a: Skarmory|Protect
|move|p2a: Metagross|Meteor Mash|p1a: Skarmory|[miss]
|-miss|p2a: Metagross|p1a: Skarmory
|
|-weather|Sandstorm|[upkeep]
|-heal|p1a: Skarmory|88/100|[from] item: Leftovers
|upkeep
|turn|13
|
|t:|1728644923
|move|p1a: Skarmory|Spikes|p2a: Metagross
|-sidestart|p2: mint yerb|Spikes
|move|p2a: Metagross|Explosion|p1a: Skarmory
|-resisted|p1a: Skarmory
|-damage|p1a: Skarmory|2/100
|faint|p2a: Metagross
|
|t:|1728644926
|switch|p2a: Salamence|Salamence, F|100/100
|-ability|p2a: Salamence|Intimidate|boost
|-unboost|p1a: Skarmory|atk|1
|
|-weather|Sandstorm|[upkeep]
|-damage|p2a: Salamence|94/100|[from] Sandstorm
|-heal|p2a: Salamence|100/100|[from] item: Leftovers
|-heal|p1a: Skarmory|8/100|[from] item: Leftovers
|upkeep
|turn|14
|
|t:|1728644938
|move|p1a: Skarmory|Protect|p1a: Skarmory
|-singleturn|p1a: Skarmory|Protect
|move|p2a: Salamence|Brick Break|p1a: Skarmory
|-activate|p1a: Skarmory|Protect
|
|-weather|Sandstorm|[upkeep]
|-damage|p2a: Salamence|94/100|[from] Sandstorm
|-heal|p2a: Salamence|100/100|[from] item: Leftovers
|-heal|p1a: Skarmory|14/100|[from] item: Leftovers
|upkeep
|turn|15
|
|t:|1728644952
|switch|p1a: Suicune|Suicune|100/100
|move|p2a: Salamence|Dragon Claw|p1a: Suicune
|-damage|p1a: Suicune|69/100
|
|-weather|Sandstorm|[upkeep]
|-damage|p2a: Salamence|94/100|[from] Sandstorm
|-damage|p1a: Suicune|63/100|[from] Sandstorm
|-heal|p2a: Salamence|100/100|[from] item: Leftovers
|-heal|p1a: Suicune|69/100|[from] item: Leftovers
|upkeep
|turn|16
|
|t:|1728644967
|switch|p2a: Blissey|Blissey, F|100/100
|-damage|p2a: Blissey|88/100|[from] Spikes
|move|p1a: Suicune|Calm Mind|p1a: Suicune
|-boost|p1a: Suicune|spa|1
|-boost|p1a: Suicune|spd|1
|
|-weather|Sandstorm|[upkeep]
|-damage|p1a: Suicune|63/100|[from] Sandstorm
|-damage|p2a: Blissey|82/100|[from] Sandstorm
|-heal|p1a: Suicune|69/100|[from] item: Leftovers
|-heal|p2a: Blissey|88/100|[from] item: Leftovers
|upkeep
|turn|17
|
|t:|1728644990
|switch|p1a: Magneton|Magneton|100/100
|switch|p2a: Claydol|Claydol|100/100
|
|-weather|Sandstorm|[upkeep]
|upkeep
|turn|18
|
|t:|1728644996
|switch|p1a: Skarmory|Skarmory, M|14/100
|move|p2a: Claydol|Rapid Spin|p1a: Skarmory
|-resisted|p1a: Skarmory
|-damage|p1a: Skarmory|12/100
|-sideend|p2: mint yerb|Spikes|[from] move: Rapid Spin|[of] p2a: Claydol
|
|-weather|Sandstorm|[upkeep]
|-heal|p1a: Skarmory|18/100|[from] item: Leftovers
|upkeep
|turn|19
|
|t:|1728645004
|switch|p2a: Blissey|Blissey, F|88/100
|move|p1a: Skarmory|Protect||[still]
|-fail|p1a: Skarmory
|
|-weather|Sandstorm|[upkeep]
|-damage|p2a: Blissey|82/100|[from] Sandstorm
|-heal|p1a: Skarmory|24/100|[from] item: Leftovers
|-heal|p2a: Blissey|88/100|[from] item: Leftovers
|upkeep
|turn|20
|
|t:|1728645014
|move|p1a: Skarmory|Protect|p1a: Skarmory
|-singleturn|p1a: Skarmory|Protect
|move|p2a: Blissey|Thunderbolt|p1a: Skarmory
|-activate|p1a: Skarmory|Protect
|
|-weather|Sandstorm|[upkeep]
|-damage|p2a: Blissey|82/100|[from] Sandstorm
|-heal|p1a: Skarmory|30/100|[from] item: Leftovers
|-heal|p2a: Blissey|88/100|[from] item: Leftovers
|upkeep
|turn|21
|
|t:|1728645018
|switch|p1a: Blissey|Blissey, F|88/100
|move|p2a: Blissey|Sing|p1a: Blissey
|-status|p1a: Blissey|slp|[from] move: Sing
|
|-weather|Sandstorm|[upkeep]
|-damage|p2a: Blissey|82/100|[from] Sandstorm
|-damage|p1a: Blissey|82/100 slp|[from] Sandstorm
|-heal|p2a: Blissey|88/100|[from] item: Leftovers
|-heal|p1a: Blissey|88/100 slp|[from] item: Leftovers
|upkeep
|turn|22
|
|t:|1728645029
|-curestatus|p1a: Blissey|slp|[from] ability: Natural Cure
|switch|p1a: Magneton|Magneton|100/100
|move|p2a: Blissey|Thunderbolt|p1a: Magneton
|-resisted|p1a: Magneton
|-damage|p1a: Magneton|80/100
|
|-weather|Sandstorm|[upkeep]
|-damage|p2a: Blissey|82/100|[from] Sandstorm
|-heal|p2a: Blissey|88/100|[from] item: Leftovers
|upkeep
|turn|23
|
|t:|1728645035
|switch|p1a: Blissey|Blissey, F|88/100
|move|p2a: Blissey|Sing|p1a: Blissey|[miss]
|-miss|p2a: Blissey|p1a: Blissey
|
|-weather|Sandstorm|[upkeep]
|-damage|p2a: Blissey|82/100|[from] Sandstorm
|-damage|p1a: Blissey|82/100|[from] Sandstorm
|-heal|p2a: Blissey|88/100|[from] item: Leftovers
|-heal|p1a: Blissey|88/100|[from] item: Leftovers
|upkeep
|turn|24
|
|t:|1728645051
|move|p2a: Blissey|Sing|p1a: Blissey|[miss]
|-miss|p2a: Blissey|p1a: Blissey
|move|p1a: Blissey|Wish|p1a: Blissey
|
|-weather|Sandstorm|[upkeep]
|-damage|p2a: Blissey|82/100|[from] Sandstorm
|-damage|p1a: Blissey|82/100|[from] Sandstorm
|-heal|p2a: Blissey|88/100|[from] item: Leftovers
|-heal|p1a: Blissey|88/100|[from] item: Leftovers
|upkeep
|turn|25
|
|t:|1728645058
|switch|p1a: Magneton|Magneton|80/100
|move|p2a: Blissey|Thunderbolt|p1a: Magneton
|-resisted|p1a: Magneton
|-damage|p1a: Magneton|61/100
|
|-heal|p1a: Magneton|100/100|[from] move: Wish|[wisher] Blissey
|-weather|Sandstorm|[upkeep]
|-damage|p2a: Blissey|82/100|[from] Sandstorm
|-heal|p2a: Blissey|88/100|[from] item: Leftovers
|upkeep
|turn|26
|
|t:|1728645070
|move|p1a: Magneton|Thunder Wave|p2a: Blissey
|-status|p2a: Blissey|par
|move|p2a: Blissey|Thunderbolt|p1a: Magneton
|-resisted|p1a: Magneton
|-damage|p1a: Magneton|83/100
|
|-weather|Sandstorm|[upkeep]
|-damage|p2a: Blissey|82/100 par|[from] Sandstorm
|-heal|p2a: Blissey|88/100 par|[from] item: Leftovers
|upkeep
|turn|27
|
|t:|1728645078
|move|p1a: Magneton|Thunderbolt|p2a: Blissey
|-damage|p2a: Blissey|63/100 par
|cant|p2a: Blissey|par
|
|-weather|Sandstorm|[upkeep]
|-damage|p2a: Blissey|57/100 par|[from] Sandstorm
|-heal|p2a: Blissey|63/100 par|[from] item: Leftovers
|upkeep
|turn|28
|
|t:|1728645080
|move|p1a: Magneton|Thunderbolt|p2a: Blissey
|-damage|p2a: Blissey|41/100 par
|move|p2a: Blissey|Soft-Boiled|p2a: Blissey
|-heal|p2a: Blissey|91/100 par
|
|-weather|Sandstorm|[upkeep]
|-damage|p2a: Blissey|85/100 par|[from] Sandstorm
|-heal|p2a: Blissey|91/100 par|[from] item: Leftovers
|upkeep
|turn|29
|
|t:|1728645086
|switch|p1a: Blissey|Blissey, F|88/100
|move|p2a: Blissey|Thunderbolt|p1a: Blissey
|-damage|p1a: Blissey|78/100
|-status|p1a: Blissey|par
|
|-weather|Sandstorm|[upkeep]
|-damage|p2a: Blissey|85/100 par|[from] Sandstorm
|-damage|p1a: Blissey|72/100 par|[from] Sandstorm
|-heal|p2a: Blissey|91/100 par|[from] item: Leftovers
|-heal|p1a: Blissey|78/100 par|[from] item: Leftovers
|upkeep
|turn|30
|
|t:|1728645099
|move|p2a: Blissey|Thunderbolt|p1a: Blissey
|-damage|p1a: Blissey|69/100 par
|cant|p1a: Blissey|par
|
|-weather|Sandstorm|[upkeep]
|-damage|p2a: Blissey|85/100 par|[from] Sandstorm
|-damage|p1a: Blissey|62/100 par|[from] Sandstorm
|-heal|p2a: Blissey|91/100 par|[from] item: Leftovers
|-heal|p1a: Blissey|69/100 par|[from] item: Leftovers
|upkeep
|turn|31
|
|t:|1728645111
|-curestatus|p2a: Blissey|par|[from] ability: Natural Cure
|switch|p2a: Tyranitar|Tyranitar, F|100/100
|move|p1a: Blissey|Wish|p1a: Blissey
|
|-weather|Sandstorm|[upkeep]
|-damage|p1a: Blissey|62/100 par|[from] Sandstorm
|-heal|p1a: Blissey|69/100 par|[from] item: Leftovers
|upkeep
|turn|32
|
|t:|1728645128
|switch|p2a: Blissey|Blissey, F|91/100
|-curestatus|p1a: Blissey|par|[from] ability: Natural Cure
|switch|p1a: Skarmory|Skarmory, M|30/100
|
|-heal|p1a: Skarmory|80/100|[from] move: Wish|[wisher] Blissey
|-weather|Sandstorm|[upkeep]
|-damage|p2a: Blissey|85/100|[from] Sandstorm
|-heal|p1a: Skarmory|86/100|[from] item: Leftovers
|-heal|p2a: Blissey|91/100|[from] item: Leftovers
|upkeep
|turn|33
|
|t:|1728645136
|move|p1a: Skarmory|Protect|p1a: Skarmory
|-singleturn|p1a: Skarmory|Protect
|move|p2a: Blissey|Sing|p1a: Skarmory|[miss]
|-miss|p2a: Blissey|p1a: Skarmory
|
|-weather|Sandstorm|[upkeep]
|-damage|p2a: Blissey|85/100|[from] Sandstorm
|-heal|p1a: Skarmory|92/100|[from] item: Leftovers
|-heal|p2a: Blissey|91/100|[from] item: Leftovers
|upkeep
|turn|34
|
|t:|1728645152
|switch|p1a: Magneton|Magneton|83/100
|move|p2a: Blissey|Thunderbolt|p1a: Magneton
|-resisted|p1a: Magneton
|-damage|p1a: Magneton|65/100
|
|-weather|Sandstorm|[upkeep]
|-damage|p2a: Blissey|85/100|[from] Sandstorm
|-heal|p2a: Blissey|91/100|[from] item: Leftovers
|upkeep
|turn|35
|
|t:|1728645156
|switch|p1a: Blissey|Blissey, F|69/100
|move|p2a: Blissey|Ice Beam|p1a: Blissey
|-damage|p1a: Blissey|58/100
|
|-weather|Sandstorm|[upkeep]
|-damage|p2a: Blissey|85/100|[from] Sandstorm
|-damage|p1a: Blissey|52/100|[from] Sandstorm
|-heal|p2a: Blissey|91/100|[from] item: Leftovers
|-heal|p1a: Blissey|58/100|[from] item: Leftovers
|upkeep
|turn|36
|
|t:|1728645163
|move|p2a: Blissey|Thunderbolt|p1a: Blissey
|-damage|p1a: Blissey|48/100
|move|p1a: Blissey|Wish|p1a: Blissey
|
|-weather|Sandstorm|[upkeep]
|-damage|p2a: Blissey|85/100|[from] Sandstorm
|-damage|p1a: Blissey|42/100|[from] Sandstorm
|-heal|p2a: Blissey|91/100|[from] item: Leftovers
|-heal|p1a: Blissey|48/100|[from] item: Leftovers
|upkeep
|turn|37
|
|t:|1728645169
|move|p2a: Blissey|Ice Beam|p1a: Blissey
|-damage|p1a: Blissey|39/100
|move|p1a: Blissey|Ice Beam|p2a: Blissey
|-damage|p2a: Blissey|83/100
|
|-heal|p1a: Blissey|88/100|[from] move: Wish|[wisher] Blissey
|-weather|Sandstorm|[upkeep]
|-damage|p2a: Blissey|77/100|[from] Sandstorm
|-damage|p1a: Blissey|82/100|[from] Sandstorm
|-heal|p2a: Blissey|83/100|[from] item: Leftovers
|-heal|p1a: Blissey|88/100|[from] item: Leftovers
|upkeep
|turn|38
|
|t:|1728645173
|move|p2a: Blissey|Thunderbolt|p1a: Blissey
|-damage|p1a: Blissey|78/100
|move|p1a: Blissey|Wish|p1a: Blissey
|
|-weather|Sandstorm|[upkeep]
|-damage|p2a: Blissey|77/100|[from] Sandstorm
|-damage|p1a: Blissey|72/100|[from] Sandstorm
|-heal|p2a: Blissey|83/100|[from] item: Leftovers
|-heal|p1a: Blissey|78/100|[from] item: Leftovers
|upkeep
|turn|39
|
|t:|1728645177
|switch|p1a: Magneton|Magneton|65/100
|move|p2a: Blissey|Sing|p1a: Magneton|[miss]
|-miss|p2a: Blissey|p1a: Magneton
|
|-heal|p1a: Magneton|100/100|[from] move: Wish|[wisher] Blissey
|-weather|Sandstorm|[upkeep]
|-damage|p2a: Blissey|77/100|[from] Sandstorm
|-heal|p2a: Blissey|83/100|[from] item: Leftovers
|upkeep
|turn|40
|
|t:|1728645184
|switch|p2a: Claydol|Claydol|100/100
|move|p1a: Magneton|Thunder Wave|p2a: Claydol
|-immune|p2a: Claydol
|
|-weather|Sandstorm|[upkeep]
|upkeep
|turn|41
|
|t:|1728645190
|switch|p2a: Salamence|Salamence, F|100/100
|-ability|p2a: Salamence|Intimidate|boost
|-unboost|p1a: Magneton|atk|1
|switch|p1a: Claydol|Claydol|41/100
|
|-weather|Sandstorm|[upkeep]
|-damage|p2a: Salamence|94/100|[from] Sandstorm
|-heal|p2a: Salamence|100/100|[from] item: Leftovers
|-heal|p1a: Claydol|47/100|[from] item: Leftovers
|upkeep
|turn|42
|
|t:|1728645212
|move|p2a: Salamence|Hidden Power|p1a: Claydol
|-supereffective|p1a: Claydol
|-damage|p1a: Claydol|0 fnt
|faint|p1a: Claydol
|
|t:|1728645227
|switch|p1a: Suicune|Suicune|69/100
|
|-weather|Sandstorm|[upkeep]
|-damage|p2a: Salamence|94/100|[from] Sandstorm
|-damage|p1a: Suicune|63/100|[from] Sandstorm
|-heal|p2a: Salamence|100/100|[from] item: Leftovers
|-heal|p1a: Suicune|69/100|[from] item: Leftovers
|upkeep
|turn|43
|
|t:|1728645236
|move|p2a: Salamence|Hidden Power|p1a: Suicune
|-supereffective|p1a: Suicune
|-damage|p1a: Suicune|34/100
|move|p1a: Suicune|Calm Mind|p1a: Suicune
|-boost|p1a: Suicune|spa|1
|-boost|p1a: Suicune|spd|1
|
|-weather|Sandstorm|[upkeep]
|-damage|p2a: Salamence|94/100|[from] Sandstorm
|-damage|p1a: Suicune|28/100|[from] Sandstorm
|-heal|p2a: Salamence|100/100|[from] item: Leftovers
|-heal|p1a: Suicune|34/100|[from] item: Leftovers
|upkeep
|turn|44
|
|t:|1728645246
|move|p2a: Salamence|Hidden Power|p1a: Suicune
|-supereffective|p1a: Suicune
|-damage|p1a: Suicune|11/100
|move|p1a: Suicune|Rest|p1a: Suicune
|-status|p1a: Suicune|slp|[from] move: Rest
|-heal|p1a: Suicune|100/100 slp|[silent]
|
|-weather|Sandstorm|[upkeep]
|-damage|p2a: Salamence|94/100|[from] Sandstorm
|-damage|p1a: Suicune|94/100 slp|[from] Sandstorm
|-heal|p2a: Salamence|100/100|[from] item: Leftovers
|-heal|p1a: Suicune|100/100 slp|[from] item: Leftovers
|upkeep
|turn|45
|
|t:|1728645254
|switch|p2a: Claydol|Claydol|100/100
|cant|p1a: Suicune|slp
|
|-weather|Sandstorm|[upkeep]
|-damage|p1a: Suicune|94/100 slp|[from] Sandstorm
|-heal|p1a: Suicune|100/100 slp|[from] item: Leftovers
|upkeep
|turn|46
|
|t:|1728645263
|cant|p1a: Suicune|slp
|move|p2a: Claydol|Earthquake|p1a: Suicune
|-damage|p1a: Suicune|81/100 slp
|
|-weather|Sandstorm|[upkeep]
|-damage|p1a: Suicune|75/100 slp|[from] Sandstorm
|-heal|p1a: Suicune|81/100 slp|[from] item: Leftovers
|upkeep
|turn|47
|
|t:|1728645269
|switch|p2a: Blissey|Blissey, F|83/100
|-curestatus|p1a: Suicune|slp|[msg]
|move|p1a: Suicune|Surf|p2a: Blissey
|-damage|p2a: Blissey|64/100
|
|-weather|Sandstorm|[upkeep]
|-damage|p1a: Suicune|75/100|[from] Sandstorm
|-damage|p2a: Blissey|58/100|[from] Sandstorm
|-heal|p1a: Suicune|81/100|[from] item: Leftovers
|-heal|p2a: Blissey|64/100|[from] item: Leftovers
|upkeep
|turn|48
|
|t:|1728645280
|move|p1a: Suicune|Calm Mind|p1a: Suicune
|-boost|p1a: Suicune|spa|1
|-boost|p1a: Suicune|spd|1
|move|p2a: Blissey|Soft-Boiled|p2a: Blissey
|-heal|p2a: Blissey|100/100
|
|-weather|Sandstorm|[upkeep]
|-damage|p1a: Suicune|75/100|[from] Sandstorm
|-damage|p2a: Blissey|94/100|[from] Sandstorm
|-heal|p1a: Suicune|81/100|[from] item: Leftovers
|-heal|p2a: Blissey|100/100|[from] item: Leftovers
|upkeep
|turn|49
|
|t:|1728645282
|move|p1a: Suicune|Rest|p1a: Suicune
|-status|p1a: Suicune|slp|[from] move: Rest
|-heal|p1a: Suicune|100/100 slp|[silent]
|move|p2a: Blissey|Sing|p1a: Suicune|[miss]
|-miss|p2a: Blissey|p1a: Suicune
|
|-weather|Sandstorm|[upkeep]
|-damage|p1a: Suicune|94/100 slp|[from] Sandstorm
|-damage|p2a: Blissey|94/100|[from] Sandstorm
|-heal|p1a: Suicune|100/100 slp|[from] item: Leftovers
|-heal|p2a: Blissey|100/100|[from] item: Leftovers
|upkeep
|turn|50
|
|t:|1728645286
|switch|p2a: Claydol|Claydol|100/100
|cant|p1a: Suicune|slp
|
|-weather|Sandstorm|[upkeep]
|-damage|p1a: Suicune|94/100 slp|[from] Sandstorm
|-heal|p1a: Suicune|100/100 slp|[from] item: Leftovers
|upkeep
|turn|51
|
|t:|1728645294
|cant|p1a: Suicune|slp
|move|p2a: Claydol|Explosion|p1a: Suicune
|-damage|p1a: Suicune|38/100 slp
|faint|p2a: Claydol
|
|t:|1728645322
|switch|p2a: Blissey|Blissey, F|100/100
|
|-weather|Sandstorm|[upkeep]
|-damage|p1a: Suicune|32/100 slp|[from] Sandstorm
|-damage|p2a: Blissey|94/100|[from] Sandstorm
|-heal|p1a: Suicune|38/100 slp|[from] item: Leftovers
|-heal|p2a: Blissey|100/100|[from] item: Leftovers
|upkeep
|turn|52
|
|t:|1728645325
|-curestatus|p1a: Suicune|slp|[msg]
|move|p1a: Suicune|Rest|p1a: Suicune
|-status|p1a: Suicune|slp|[from] move: Rest
|-heal|p1a: Suicune|100/100 slp|[silent]
|move|p2a: Blissey|Thunderbolt|p1a: Suicune
|-supereffective|p1a: Suicune
|-crit|p1a: Suicune
|-damage|p1a: Suicune|19/100 slp
|
|-weather|Sandstorm|[upkeep]
|-damage|p1a: Suicune|13/100 slp|[from] Sandstorm
|-damage|p2a: Blissey|94/100|[from] Sandstorm
|-heal|p1a: Suicune|19/100 slp|[from] item: Leftovers
|-heal|p2a: Blissey|100/100|[from] item: Leftovers
|upkeep
|turn|53
|c|☆Segale|kek
|
|t:|1728645338
|switch|p2a: Tyranitar|Tyranitar, F|100/100
|cant|p1a: Suicune|slp
|
|-weather|Sandstorm|[upkeep]
|-damage|p1a: Suicune|13/100 slp|[from] Sandstorm
|-heal|p1a: Suicune|19/100 slp|[from] item: Leftovers
|upkeep
|turn|54
|
|t:|1728645344
|switch|p1a: Skarmory|Skarmory, M|92/100
|move|p2a: Tyranitar|Rock Slide|p1a: Skarmory
|-damage|p1a: Skarmory|68/100
|
|-weather|Sandstorm|[upkeep]
|-heal|p1a: Skarmory|74/100|[from] item: Leftovers
|upkeep
|turn|55
|
|t:|1728645353
|switch|p2a: Blissey|Blissey, F|100/100
|move|p1a: Skarmory|Spikes|p2a: Blissey
|-sidestart|p2: mint yerb|Spikes
|
|-weather|Sandstorm|[upkeep]
|-damage|p2a: Blissey|94/100|[from] Sandstorm
|-heal|p1a: Skarmory|80/100|[from] item: Leftovers
|-heal|p2a: Blissey|100/100|[from] item: Leftovers
|upkeep
|turn|56
|
|t:|1728645357
|switch|p1a: Blissey|Blissey, F|78/100
|move|p2a: Blissey|Thunderbolt|p1a: Blissey
|-damage|p1a: Blissey|69/100
|
|-weather|Sandstorm|[upkeep]
|-damage|p2a: Blissey|94/100|[from] Sandstorm
|-damage|p1a: Blissey|62/100|[from] Sandstorm
|-heal|p2a: Blissey|100/100|[from] item: Leftovers
|-heal|p1a: Blissey|69/100|[from] item: Leftovers
|upkeep
|turn|57
|
|t:|1728645362
|move|p2a: Blissey|Sing|p1a: Blissey
|-status|p1a: Blissey|slp|[from] move: Sing
|cant|p1a: Blissey|slp
|
|-weather|Sandstorm|[upkeep]
|-damage|p2a: Blissey|94/100|[from] Sandstorm
|-damage|p1a: Blissey|62/100 slp|[from] Sandstorm
|-heal|p2a: Blissey|100/100|[from] item: Leftovers
|-heal|p1a: Blissey|69/100 slp|[from] item: Leftovers
|upkeep
|turn|58
|
|t:|1728645367
|-curestatus|p1a: Blissey|slp|[from] ability: Natural Cure
|switch|p1a: Magneton|Magneton|100/100
|move|p2a: Blissey|Thunderbolt|p1a: Magneton
|-resisted|p1a: Magneton
|-damage|p1a: Magneton|83/100
|
|-weather|Sandstorm|[upkeep]
|-damage|p2a: Blissey|94/100|[from] Sandstorm
|-heal|p2a: Blissey|100/100|[from] item: Leftovers
|upkeep
|turn|59
|
|t:|1728645373
|move|p1a: Magneton|Thunder Wave|p2a: Blissey
|-status|p2a: Blissey|par
|move|p2a: Blissey|Ice Beam|p1a: Magneton
|-resisted|p1a: Magneton
|-damage|p1a: Magneton|66/100
|
|-weather|Sandstorm|[upkeep]
|-damage|p2a: Blissey|94/100 par|[from] Sandstorm
|-heal|p2a: Blissey|100/100 par|[from] item: Leftovers
|upkeep
|turn|60
|
|t:|1728645383
|move|p1a: Magneton|Thunderbolt|p2a: Blissey
|-damage|p2a: Blissey|76/100 par
|move|p2a: Blissey|Ice Beam|p1a: Magneton
|-resisted|p1a: Magneton
|-damage|p1a: Magneton|47/100
|
|-weather|Sandstorm|[upkeep]
|-damage|p2a: Blissey|69/100 par|[from] Sandstorm
|-heal|p2a: Blissey|76/100 par|[from] item: Leftovers
|upkeep
|turn|61
|
|t:|1728645389
|switch|p1a: Blissey|Blissey, F|69/100
|move|p2a: Blissey|Sing|p1a: Blissey|[miss]
|-miss|p2a: Blissey|p1a: Blissey
|
|-weather|Sandstorm|[upkeep]
|-damage|p1a: Blissey|62/100|[from] Sandstorm
|-damage|p2a: Blissey|69/100 par|[from] Sandstorm
|-heal|p1a: Blissey|69/100|[from] item: Leftovers
|-heal|p2a: Blissey|76/100 par|[from] item: Leftovers
|upkeep
|turn|62
|
|t:|1728645395
|-curestatus|p2a: Blissey|par|[from] ability: Natural Cure
|switch|p2a: Tyranitar|Tyranitar, F|100/100
|-damage|p2a: Tyranitar|88/100|[from] Spikes
|move|p1a: Blissey|Wish|p1a: Blissey
|
|-weather|Sandstorm|[upkeep]
|-damage|p1a: Blissey|62/100|[from] Sandstorm
|-heal|p2a: Tyranitar|94/100|[from] item: Leftovers
|-heal|p1a: Blissey|69/100|[from] item: Leftovers
|upkeep
|turn|63
|
|t:|1728645418
|switch|p2a: Blissey|Blissey, F|76/100
|-damage|p2a: Blissey|63/100|[from] Spikes
|switch|p1a: Skarmory|Skarmory, M|80/100
|
|-heal|p1a: Skarmory|100/100|[from] move: Wish|[wisher] Blissey
|-weather|Sandstorm|[upkeep]
|-damage|p2a: Blissey|57/100|[from] Sandstorm
|-heal|p2a: Blissey|63/100|[from] item: Leftovers
|upkeep
|turn|64
|
|t:|1728645429
|switch|p1a: Blissey|Blissey, F|69/100
|move|p2a: Blissey|Thunderbolt|p1a: Blissey
|-crit|p1a: Blissey
|-damage|p1a: Blissey|47/100
|-status|p1a: Blissey|par
|
|-weather|Sandstorm|[upkeep]
|-damage|p2a: Blissey|57/100|[from] Sandstorm
|-damage|p1a: Blissey|41/100 par|[from] Sandstorm
|-heal|p2a: Blissey|63/100|[from] item: Leftovers
|-heal|p1a: Blissey|47/100 par|[from] item: Leftovers
|upkeep
|turn|65
|
|t:|1728645439
|switch|p2a: Tyranitar|Tyranitar, F|94/100
|-damage|p2a: Tyranitar|82/100|[from] Spikes
|move|p1a: Blissey|Wish|p1a: Blissey
|
|-weather|Sandstorm|[upkeep]
|-damage|p1a: Blissey|41/100 par|[from] Sandstorm
|-heal|p2a: Tyranitar|88/100|[from] item: Leftovers
|-heal|p1a: Blissey|47/100 par|[from] item: Leftovers
|upkeep
|turn|66
|
|t:|1728645450
|-curestatus|p1a: Blissey|par|[from] ability: Natural Cure
|switch|p1a: Magneton|Magneton|47/100
|move|p2a: Tyranitar|Dragon Dance|p2a: Tyranitar
|-boost|p2a: Tyranitar|atk|1
|-boost|p2a: Tyranitar|spe|1
|
|-heal|p1a: Magneton|97/100|[from] move: Wish|[wisher] Blissey
|-weather|Sandstorm|[upkeep]
|-heal|p2a: Tyranitar|94/100|[from] item: Leftovers
|upkeep
|turn|67
|
|t:|1728645463
|switch|p1a: Skarmory|Skarmory, M|100/100
|move|p2a: Tyranitar|Earthquake|p1a: Skarmory
|-immune|p1a: Skarmory
|
|-weather|Sandstorm|[upkeep]
|-heal|p2a: Tyranitar|100/100|[from] item: Leftovers
|upkeep
|turn|68
|
|t:|1728645472
|switch|p2a: Blissey|Blissey, F|63/100
|-damage|p2a: Blissey|51/100|[from] Spikes
|move|p1a: Skarmory|Roar|p2a: Blissey
|drag|p2a: Tyranitar|Tyranitar, F|100/100
|-damage|p2a: Tyranitar|88/100|[from] Spikes
|
|-weather|Sandstorm|[upkeep]
|-heal|p2a: Tyranitar|94/100|[from] item: Leftovers
|upkeep
|turn|69
|
|t:|1728645475
|move|p2a: Tyranitar|Rock Slide|p1a: Skarmory|[miss]
|-miss|p2a: Tyranitar|p1a: Skarmory
|move|p1a: Skarmory|Spikes|p2a: Tyranitar
|-sidestart|p2: mint yerb|Spikes
|
|-weather|Sandstorm|[upkeep]
|-heal|p2a: Tyranitar|100/100|[from] item: Leftovers
|upkeep
|turn|70
|
|t:|1728645480
|switch|p2a: Salamence|Salamence, F|100/100
|-ability|p2a: Salamence|Intimidate|boost
|-unboost|p1a: Skarmory|atk|1
|move|p1a: Skarmory|Spikes|p2a: Salamence
|-sidestart|p2: mint yerb|Spikes
|
|-weather|Sandstorm|[upkeep]
|-damage|p2a: Salamence|94/100|[from] Sandstorm
|-heal|p2a: Salamence|100/100|[from] item: Leftovers
|upkeep
|turn|71
|
|t:|1728645489
|switch|p1a: Suicune|Suicune|19/100 slp
|move|p2a: Salamence|Fire Blast|p1a: Suicune|[miss]
|-miss|p2a: Salamence|p1a: Suicune
|
|-weather|Sandstorm|[upkeep]
|-damage|p2a: Salamence|94/100|[from] Sandstorm
|-damage|p1a: Suicune|13/100 slp|[from] Sandstorm
|-heal|p2a: Salamence|100/100|[from] item: Leftovers
|-heal|p1a: Suicune|19/100 slp|[from] item: Leftovers
|upkeep
|turn|72
|
|t:|1728645506
|move|p2a: Salamence|Brick Break|p1a: Suicune
|-damage|p1a: Suicune|7/100 slp
|cant|p1a: Suicune|slp
|
|-weather|Sandstorm|[upkeep]
|-damage|p2a: Salamence|94/100|[from] Sandstorm
|-damage|p1a: Suicune|1/100 slp|[from] Sandstorm
|-heal|p2a: Salamence|100/100|[from] item: Leftovers
|-heal|p1a: Suicune|7/100 slp|[from] item: Leftovers
|upkeep
|turn|73
|
|t:|1728645514
|move|p2a: Salamence|Dragon Claw|p1a: Suicune
|-damage|p1a: Suicune|0 fnt
|faint|p1a: Suicune
|
|t:|1728645526
|switch|p1a: Salamence|Salamence, M|100/100
|-ability|p1a: Salamence|Intimidate|boost
|-unboost|p2a: Salamence|atk|1
|
|-weather|Sandstorm|[upkeep]
|-damage|p2a: Salamence|94/100|[from] Sandstorm
|-damage|p1a: Salamence|94/100|[from] Sandstorm
|-heal|p2a: Salamence|100/100|[from] item: Leftovers
|upkeep
|turn|74
|
|t:|1728645542
|switch|p1a: Magneton|Magneton|97/100
|move|p2a: Salamence|Dragon Claw|p1a: Magneton
|-resisted|p1a: Magneton
|-damage|p1a: Magneton|63/100
|
|-weather|Sandstorm|[upkeep]
|-damage|p2a: Salamence|94/100|[from] Sandstorm
|-heal|p2a: Salamence|100/100|[from] item: Leftovers
|upkeep
|turn|75
|
|t:|1728645567
|move|p2a: Salamence|Fire Blast|p1a: Magneton
|-supereffective|p1a: Magneton
|-damage|p1a: Magneton|0 fnt
|faint|p1a: Magneton
|
|t:|1728645568
|switch|p1a: Blissey|Blissey, F|47/100
|
|-weather|Sandstorm|[upkeep]
|-damage|p2a: Salamence|94/100|[from] Sandstorm
|-damage|p1a: Blissey|41/100|[from] Sandstorm
|-heal|p2a: Salamence|100/100|[from] item: Leftovers
|-heal|p1a: Blissey|47/100|[from] item: Leftovers
|upkeep
|turn|76
|c|☆Segale|would had been 6-0 win if not the stupid crit lol
|inactive|mint yerb has 270 seconds left.
|
|t:|1728645625
|switch|p2a: Tyranitar|Tyranitar, F|100/100
|-damage|p2a: Tyranitar|76/100|[from] Spikes
|move|p1a: Blissey|Soft-Boiled|p1a: Blissey
|-heal|p1a: Blissey|97/100
|
|-weather|Sandstorm|[upkeep]
|-damage|p1a: Blissey|91/100|[from] Sandstorm
|-heal|p2a: Tyranitar|82/100|[from] item: Leftovers
|-heal|p1a: Blissey|97/100|[from] item: Leftovers
|upkeep
|turn|77
|
|t:|1728645632
|switch|p1a: Skarmory|Skarmory, M|100/100
|move|p2a: Tyranitar|Dragon Dance|p2a: Tyranitar
|-boost|p2a: Tyranitar|atk|1
|-boost|p2a: Tyranitar|spe|1
|
|-weather|Sandstorm|[upkeep]
|-heal|p2a: Tyranitar|88/100|[from] item: Leftovers
|upkeep
|turn|78
|
|t:|1728645635
|move|p2a: Tyranitar|Rock Slide|p1a: Skarmory
|-damage|p1a: Skarmory|67/100
|move|p1a: Skarmory|Roar|p2a: Tyranitar
|drag|p2a: Salamence|Salamence, F|100/100
|-ability|p2a: Salamence|Intimidate|boost
|-unboost|p1a: Skarmory|atk|1
|
|-weather|Sandstorm|[upkeep]
|-damage|p2a: Salamence|94/100|[from] Sandstorm
|-heal|p2a: Salamence|100/100|[from] item: Leftovers
|-heal|p1a: Skarmory|73/100|[from] item: Leftovers
|upkeep
|turn|79
|
|t:|1728645652
|move|p2a: Salamence|Fire Blast|p1a: Skarmory
|-supereffective|p1a: Skarmory
|-damage|p1a: Skarmory|0 fnt
|faint|p1a: Skarmory
|
|t:|1728645654
|switch|p1a: Blissey|Blissey, F|97/100
|
|-weather|Sandstorm|[upkeep]
|-damage|p2a: Salamence|94/100|[from] Sandstorm
|-damage|p1a: Blissey|91/100|[from] Sandstorm
|-heal|p2a: Salamence|100/100|[from] item: Leftovers
|-heal|p1a: Blissey|97/100|[from] item: Leftovers
|upkeep
|turn|80
|
|t:|1728645661
|switch|p2a: Blissey|Blissey, F|51/100
|-damage|p2a: Blissey|26/100|[from] Spikes
|move|p1a: Blissey|Ice Beam|p2a: Blissey
|-damage|p2a: Blissey|16/100
|
|-weather|Sandstorm|[upkeep]
|-damage|p2a: Blissey|10/100|[from] Sandstorm
|-damage|p1a: Blissey|91/100|[from] Sandstorm
|-heal|p2a: Blissey|16/100|[from] item: Leftovers
|-heal|p1a: Blissey|97/100|[from] item: Leftovers
|upkeep
|turn|81
|inactive|mint yerb has 270 seconds left.
|
|t:|1728645667
|switch|p1a: Salamence|Salamence, M|94/100
|-ability|p1a: Salamence|Intimidate|boost
|-unboost|p2a: Blissey|atk|1
|move|p2a: Blissey|Sing|p1a: Salamence
|-status|p1a: Salamence|slp|[from] move: Sing
|
|-weather|Sandstorm|[upkeep]
|-damage|p1a: Salamence|88/100 slp|[from] Sandstorm
|-damage|p2a: Blissey|10/100|[from] Sandstorm
|-heal|p2a: Blissey|16/100|[from] item: Leftovers
|upkeep
|turn|82
|c|☆Segale|ur joking
|-message|Segale forfeited.
|
|win|mint yerb
|player|p1|
|c|☆mint yerb|gg 
|player|p1|Segale|blue|
|c|☆Segale|/log Segale made the replay of this battle unlisted.
|player|p1|

</script>
<script type="application/json" class="data" id="replaydata-smogtours-gen3ou-797140">
{"id":"smogtours-gen3ou-797140","format":"[Gen 3] OU","players":["Segale","mint yerb"],"uploadtime":1728645678,"views":118,"formatid":"gen3ou","rating":null,"private":1,"password":null}
</script>

<script defer src="js/replays.js?9d40a366"></script>
