<!DOCTYPE html>
<meta charset="utf-8" />
<meta name="viewport" content="width=device-width" />

<title>[Gen 3] OU: KingWafl vs. Alecss - Replays - Pok&eacute;mon Showdown!</title>

<meta name="description" content="Watch a replay of a Pok&eacute;mon battle between KingWafl and Alecss! Format: [Gen 3] OU; Date: Oct 29, 2024" />
<!--

Hey, you! Looking in the source for the replay log?

You can find them in JSON format, just add `.json` at the end of a replay URL.

https://replay.pokemonshowdown.com/gen7randomdoublesbattle-865046831.json

Or, if you only need the log itself, add `.log` instead:

https://replay.pokemonshowdown.com/gen7randomdoublesbattle-865046831.log

-->

<link rel="stylesheet" href="//pokemonshowdown.com/style/global.css?0.767286132409787" />
<link rel="stylesheet" href="//play.pokemonshowdown.com/style/font-awesome.css?0.9266228007934947" />
<link rel="stylesheet" href="//play.pokemonshowdown.com/style/battle.css?0.7924700842790926" />
<link rel="stylesheet" href="//play.pokemonshowdown.com/style/utilichart.css?0.8777417872839479" />

<!-- Global site tag (gtag.js) - Google Analytics -->
<script async src="https://www.googletagmanager.com/gtag/js?id=UA-26211653-1"></script>
<script>
  window.dataLayer = window.dataLayer || [];
  function gtag(){dataLayer.push(arguments);}
  gtag('js', new Date());

  gtag('config', 'UA-26211653-1');
</script>
<!-- End Google Analytics -->
<!-- Venatus Ad Manager - Install in <HEAD> of page -->
	<script src="https://hb.vntsm.com/v3/live/ad-manager.min.js" type="text/javascript" data-site-id="642aba63ec9a7b11c3c9c1be" data-mode="scan" async></script>
<!-- / Venatus Ad Manager -->

<style>
	@media (max-width:820px) {
		.battle {
			margin: 0 auto;
		}
		.battle-log {
			margin: 7px auto 0;
			max-width: 640px;
			height: 300px;
			position: static;
		}
	}
	.optgroup {
		display: inline-block;
		line-height: 22px;
		font-size: 10pt;
	}
	.optgroup .button {
		height: 25px;
		padding-top: 0;
		padding-bottom: 0;
	}
	.optgroup button.button {
		padding-left: 12px;
		padding-right: 12px;
	}
	.linklist {
		list-style: none;
		margin: 0.5em 0;
		padding: 0;
	}
	.linklist li {
		padding: 2px 0;
	}
	.sidebar {
		float: left;
		width: 320px;
	}
	.bar-wrapper {
		max-width: 1100px;
		margin: 0 auto;
	}
	.bar-wrapper.has-sidebar {
		max-width: 1430px;
	}
	.mainbar {
		margin: 0;
		padding-right: 1px;
	}
	.mainbar.has-sidebar {
		margin-left: 330px;
	}
	@media (min-width: 1511px) {
		.sidebar {
			width: 400px;
		}
		.bar-wrapper.has-sidebar {
			max-width: 1510px;
		}
		.mainbar.has-sidebar {
			margin-left: 410px;
		}
	}
	.section.first-section {
		margin-top: 9px;
	}
	.blocklink small {
		white-space: normal;
	}
	.button {
		vertical-align: middle;
	}
	.replay-controls {
		padding-top: 10px;
	}
	.replay-controls h1 {
		font-size: 16pt;
		font-weight: normal;
		color: #CCC;
	}
	.pagelink {
		text-align: center;
	}
	.pagelink a {
		width: 150px;
	}
	.textbox, .button {
		font-size: 11pt;
		vertical-align: middle;
	}
	@media (max-width: 450px) {
		.button {
			font-size: 9pt;
		}
	}
</style>

<div>

	<header>
		<div class="nav-wrapper"><ul class="nav">
			<li><a class="button nav-first" href="//pokemonshowdown.com/"><img src="//pokemonshowdown.com/images/pokemonshowdownbeta.png" srcset="//pokemonshowdown.com/images/pokemonshowdownbeta.png 1x, //pokemonshowdown.com/images/pokemonshowdownbeta@2x.png 2x" alt="Pok&eacute;mon Showdown" width="146" height="44" /> Home</a></li>
			<li><a class="button" href="//pokemonshowdown.com/dex/">Pok&eacute;dex</a></li>
			<li><a class="button cur" href="/">Replays</a></li>
			<li><a class="button" href="//pokemonshowdown.com/ladder/">Ladder</a></li>
			<li><a class="button nav-last" href="//pokemonshowdown.com/forums/">Forum</a></li>
			<li><a class="button greenbutton nav-first nav-last" href="//play.pokemonshowdown.com/">Play</a></li>
		</ul></div>
	</header>

	<div class="main" id="main">

		<noscript><section class="section">You need to enable JavaScript to use this page; sorry!</section></noscript>

	</div>

</div>

<script defer nomodule src="//play.pokemonshowdown.com/js/lib/ps-polyfill.js"></script>
<script defer src="//play.pokemonshowdown.com/js/lib/preact.min.js"></script>

<script defer src="//play.pokemonshowdown.com/config/config.js?6dec07f6"></script>
<script defer src="//play.pokemonshowdown.com/js/lib/jquery-1.11.0.min.js"></script>
<script defer src="//play.pokemonshowdown.com/js/lib/html-sanitizer-minified.js"></script>
<script defer src="//play.pokemonshowdown.com/js/battle-sound.js"></script>
<script defer src="//play.pokemonshowdown.com/js/battledata.js?0.6315294753075389"></script>
<script defer src="//play.pokemonshowdown.com/data/pokedex-mini.js?0.7603743185311358"></script>
<script defer src="//play.pokemonshowdown.com/data/pokedex-mini-bw.js?0.030888842834281283"></script>
<script defer src="//play.pokemonshowdown.com/data/graphics.js?0.05593094747507488"></script>
<script defer src="//play.pokemonshowdown.com/data/pokedex.js?0.47064822249611904"></script>
<script defer src="//play.pokemonshowdown.com/data/moves.js?0.8583693120512459"></script>
<script defer src="//play.pokemonshowdown.com/data/abilities.js?0.16017181182386842"></script>
<script defer src="//play.pokemonshowdown.com/data/items.js?0.4163379185673943"></script>
<script defer src="//play.pokemonshowdown.com/data/teambuilder-tables.js?0.31075597372830477"></script>
<script defer src="//play.pokemonshowdown.com/js/battle-tooltips.js?0.6536193500708172"></script>
<script defer src="//play.pokemonshowdown.com/js/battle.js?0.1916591943277901"></script>

<script defer src="js/utils.js?e31f9a17"></script>
<script defer src="js/replays-battle.js?7008c182"></script>

<!-- don't scrape this data! just add .json or .log after the URL!
Full API docs: https://github.com/smogon/pokemon-showdown-client/blob/master/WEB-API.md -->
<script type="text/plain" class="log" id="replaylog-smogtours-gen3ou-803220">
|inactive|Battle timer is ON: inactive players will automatically lose when time's up.
|t:|1730168724
|gametype|singles
|player|p1|KingWafl|169|
|player|p2|Alecss|red-gen1|
|teamsize|p1|6
|teamsize|p2|6
|gen|3
|tier|[Gen 3] OU
|rule|Sleep Clause Mod: Limit one foe put to sleep
|rule|Switch Priority Clause Mod: Faster Pokémon switch first
|rule|Species Clause: Limit one of each Pokémon
|rule|OHKO Clause: OHKO moves are banned
|rule|Evasion Items Clause: Evasion items are banned
|rule|Evasion Moves Clause: Evasion moves are banned
|rule|Endless Battle Clause: Forcing endless battles is banned
|rule|HP Percentage Mod: HP is shown in percentages
|rule|One Boost Passer Clause: Limit one Baton Passer that has a way to boost its stats
|rule|Freeze Clause Mod: Limit one foe frozen
|
|t:|1730168724
|start
|switch|p1a: Skarmory|Skarmory, M|100/100
|switch|p2a: Yuri|Medicham, F, shiny|100/100
|turn|1
|c|☆Alecss|hf
|c|☆KingWafl|glhf!
|inactive|KingWafl has 270 seconds left.
|inactive|KingWafl has 240 seconds left.
|
|t:|1730168794
|switch|p2a: Charizard|Charizard, M, shiny|100/100
|move|p1a: Skarmory|Spikes|p2a: Charizard
|-sidestart|p2: Alecss|Spikes
|
|upkeep
|turn|2
|inactive|Alecss has 270 seconds left.
|
|t:|1730168837
|switch|p1a: Zapdos|Zapdos|100/100
|move|p2a: Charizard|Fire Blast|p1a: Zapdos|[miss]
|-miss|p2a: Charizard|p1a: Zapdos
|
|upkeep
|turn|3
|inactive|Alecss has 240 seconds left.
|
|t:|1730168880
|switch|p2a: Bonice|Regice|100/100
|-damage|p2a: Bonice|88/100|[from] Spikes
|move|p1a: Zapdos|Roar|p2a: Bonice
|drag|p2a: Yuri|Medicham, F, shiny|100/100
|-damage|p2a: Yuri|88/100|[from] Spikes
|
|-heal|p2a: Yuri|94/100|[from] item: Leftovers
|upkeep
|turn|4
|inactive|Alecss has 210 seconds left.
|inactive|KingWafl has 270 seconds left.
|
|t:|1730168920
|move|p2a: Yuri|Rock Slide|p1a: Zapdos
|-supereffective|p1a: Zapdos
|-damage|p1a: Zapdos|40/100
|move|p1a: Zapdos|Thunderbolt|p2a: Yuri
|-damage|p2a: Yuri|25/100
|
|-heal|p2a: Yuri|31/100|[from] item: Leftovers
|-heal|p1a: Zapdos|46/100|[from] item: Leftovers
|upkeep
|turn|5
|inactive|Alecss has 210 seconds left.
|inactive|KingWafl has 270 seconds left.
|inactive|Alecss has 180 seconds left.
|
|t:|1730168959
|-singleturn|p2a: Yuri|move: Focus Punch
|switch|p1a: Flygon|Flygon, M|100/100
|move|p2a: Yuri|Focus Punch|p1a: Flygon
|-damage|p1a: Flygon|25/100
|
|-heal|p2a: Yuri|37/100|[from] item: Leftovers
|-heal|p1a: Flygon|32/100|[from] item: Leftovers
|upkeep
|turn|6
|inactive|KingWafl has 270 seconds left.
|
|t:|1730168970
|move|p1a: Flygon|Protect|p1a: Flygon
|-singleturn|p1a: Flygon|Protect
|move|p2a: Yuri|Brick Break|p1a: Flygon
|-activate|p1a: Flygon|Protect
|
|-heal|p2a: Yuri|43/100|[from] item: Leftovers
|-heal|p1a: Flygon|38/100|[from] item: Leftovers
|upkeep
|turn|7
|inactive|KingWafl has 270 seconds left.
|
|t:|1730168983
|switch|p1a: Gengar|Gengar, M|100/100
|move|p2a: Yuri|Brick Break|p1a: Gengar
|-immune|p1a: Gengar
|
|-heal|p2a: Yuri|49/100|[from] item: Leftovers
|upkeep
|turn|8
|
|t:|1730168986
|switch|p2a: Tyranitar|Tyranitar, F|100/100
|-damage|p2a: Tyranitar|88/100|[from] Spikes
|-weather|Sandstorm|[from] ability: Sand Stream|[of] p2a: Tyranitar
|move|p1a: Gengar|Substitute|p1a: Gengar
|-start|p1a: Gengar|Substitute
|-damage|p1a: Gengar|76/100
|
|-weather|Sandstorm|[upkeep]
|-damage|p1a: Gengar|69/100|[from] Sandstorm
|-heal|p1a: Gengar|76/100|[from] item: Leftovers
|-heal|p2a: Tyranitar|94/100|[from] item: Leftovers
|upkeep
|turn|9
|
|t:|1730168994
|-singleturn|p1a: Gengar|move: Focus Punch
|move|p2a: Tyranitar|Pursuit|p1a: Gengar
|-supereffective|p1a: Gengar
|-end|p1a: Gengar|Substitute
|move|p1a: Gengar|Focus Punch|p2a: Tyranitar
|-supereffective|p2a: Tyranitar
|-damage|p2a: Tyranitar|0 fnt
|faint|p2a: Tyranitar
|
|t:|1730168997
|switch|p2a: Russian bomb|Metagross, shiny|100/100
|-damage|p2a: Russian bomb|88/100|[from] Spikes
|
|-weather|Sandstorm|[upkeep]
|-damage|p1a: Gengar|69/100|[from] Sandstorm
|-heal|p1a: Gengar|76/100|[from] item: Leftovers
|upkeep
|turn|10
|inactive|Alecss has 210 seconds left.
|inactive|KingWafl has 270 seconds left.
|
|t:|1730169029
|switch|p1a: Skarmory|Skarmory, M|100/100
|switch|p2a: Charizard|Charizard, M, shiny|100/100
|
|-weather|Sandstorm|[upkeep]
|-damage|p2a: Charizard|94/100|[from] Sandstorm
|-heal|p2a: Charizard|100/100|[from] item: Leftovers
|upkeep
|turn|11
|
|t:|1730169037
|switch|p1a: Blissey|Blissey, F|100/100
|move|p2a: Charizard|Fire Blast|p1a: Blissey
|-damage|p1a: Blissey|78/100
|
|-weather|Sandstorm|[upkeep]
|-damage|p2a: Charizard|94/100|[from] Sandstorm
|-damage|p1a: Blissey|72/100|[from] Sandstorm
|-heal|p2a: Charizard|100/100|[from] item: Leftovers
|-heal|p1a: Blissey|78/100|[from] item: Leftovers
|upkeep
|turn|12
|
|t:|1730169044
|move|p2a: Charizard|Beat Up|p1a: Blissey
|-damage|p1a: Blissey|67/100
|-damage|p1a: Blissey|53/100
|-crit|p1a: Blissey
|-damage|p1a: Blissey|37/100
|-damage|p1a: Blissey|20/100
|-damage|p1a: Blissey|14/100
|-hitcount|p1a: Blissey|5
|move|p1a: Blissey|Wish|p1a: Blissey
|
|-weather|Sandstorm|[upkeep]
|-damage|p2a: Charizard|94/100|[from] Sandstorm
|-damage|p1a: Blissey|8/100|[from] Sandstorm
|-heal|p2a: Charizard|100/100|[from] item: Leftovers
|-heal|p1a: Blissey|14/100|[from] item: Leftovers
|upkeep
|turn|13
|
|t:|1730169054
|move|p2a: Charizard|Fire Blast|p1a: Blissey
|-damage|p1a: Blissey|0 fnt
|faint|p1a: Blissey
|
|t:|1730169059
|switch|p1a: Zapdos|Zapdos|46/100
|
|-heal|p1a: Zapdos|96/100|[from] move: Wish|[wisher] Blissey
|-weather|Sandstorm|[upkeep]
|-damage|p2a: Charizard|94/100|[from] Sandstorm
|-damage|p1a: Zapdos|90/100|[from] Sandstorm
|-heal|p2a: Charizard|100/100|[from] item: Leftovers
|-heal|p1a: Zapdos|96/100|[from] item: Leftovers
|upkeep
|turn|14
|
|t:|1730169061
|switch|p2a: Metagross sucks|Swampert, M|100/100
|-damage|p2a: Metagross sucks|88/100|[from] Spikes
|move|p1a: Zapdos|Thunderbolt|p2a: Metagross sucks
|-immune|p2a: Metagross sucks
|
|-weather|Sandstorm|[upkeep]
|-damage|p1a: Zapdos|90/100|[from] Sandstorm
|-heal|p1a: Zapdos|96/100|[from] item: Leftovers
|-heal|p2a: Metagross sucks|94/100|[from] item: Leftovers
|upkeep
|turn|15
|inactive|Alecss has 240 seconds left.
|
|t:|1730169093
|switch|p2a: Charizard|Charizard, M, shiny|100/100
|move|p1a: Zapdos|Roar|p2a: Charizard
|drag|p2a: Yuri|Medicham, F, shiny|49/100
|-damage|p2a: Yuri|37/100|[from] Spikes
|
|-weather|Sandstorm|[upkeep]
|-damage|p2a: Yuri|31/100|[from] Sandstorm
|-damage|p1a: Zapdos|90/100|[from] Sandstorm
|-heal|p2a: Yuri|37/100|[from] item: Leftovers
|-heal|p1a: Zapdos|96/100|[from] item: Leftovers
|upkeep
|turn|16
|
|t:|1730169102
|move|p2a: Yuri|Rock Slide|p1a: Zapdos
|-supereffective|p1a: Zapdos
|-crit|p1a: Zapdos
|-damage|p1a: Zapdos|0 fnt
|faint|p1a: Zapdos
|
|t:|1730169118
|switch|p1a: Aerodactyl|Aerodactyl, F|100/100
|
|-weather|Sandstorm|[upkeep]
|-damage|p2a: Yuri|31/100|[from] Sandstorm
|-heal|p2a: Yuri|37/100|[from] item: Leftovers
|upkeep
|turn|17
|
|t:|1730169125
|switch|p2a: Russian bomb|Metagross, shiny|88/100
|-damage|p2a: Russian bomb|76/100|[from] Spikes
|move|p1a: Aerodactyl|Substitute|p1a: Aerodactyl
|-start|p1a: Aerodactyl|Substitute
|-damage|p1a: Aerodactyl|76/100
|
|-weather|Sandstorm|[upkeep]
|-heal|p1a: Aerodactyl|82/100|[from] item: Leftovers
|upkeep
|turn|18
|inactive|Alecss has 240 seconds left.
|
|t:|1730169131
|move|p1a: Aerodactyl|Protect|p1a: Aerodactyl
|-singleturn|p1a: Aerodactyl|Protect
|move|p2a: Russian bomb|Meteor Mash|p1a: Aerodactyl
|-activate|p1a: Aerodactyl|Protect
|
|-weather|Sandstorm|[upkeep]
|-heal|p1a: Aerodactyl|88/100|[from] item: Leftovers
|upkeep
|turn|19
|
|t:|1730169136
|move|p1a: Aerodactyl|Rock Slide|p2a: Russian bomb
|-resisted|p2a: Russian bomb
|-damage|p2a: Russian bomb|63/100
|move|p2a: Russian bomb|Explosion|p1a: Aerodactyl
|-resisted|p1a: Aerodactyl
|-end|p1a: Aerodactyl|Substitute
|faint|p2a: Russian bomb
|
|t:|1730169142
|switch|p2a: Metagross sucks|Swampert, M|94/100
|-damage|p2a: Metagross sucks|82/100|[from] Spikes
|
|-weather|Sandstorm|[upkeep]
|-heal|p1a: Aerodactyl|94/100|[from] item: Leftovers
|-heal|p2a: Metagross sucks|88/100|[from] item: Leftovers
|upkeep
|turn|20
|
|t:|1730169150
|switch|p1a: Skarmory|Skarmory, M|100/100
|move|p2a: Metagross sucks|Hydro Pump|p1a: Skarmory
|-damage|p1a: Skarmory|63/100
|
|-weather|Sandstorm|[upkeep]
|-heal|p2a: Metagross sucks|94/100|[from] item: Leftovers
|upkeep
|turn|21
|
|t:|1730169153
|switch|p2a: Charizard|Charizard, M, shiny|100/100
|move|p1a: Skarmory|Thief|p2a: Charizard
|-crit|p2a: Charizard
|-damage|p2a: Charizard|88/100
|-enditem|p2a: Charizard|Leftovers|[silent]|[from] move: Thief|[of] p1a: Skarmory
|-item|p1a: Skarmory|Leftovers|[from] move: Thief|[of] p2a: Charizard
|
|-weather|Sandstorm|[upkeep]
|-damage|p2a: Charizard|82/100|[from] Sandstorm
|-heal|p1a: Skarmory|69/100|[from] item: Leftovers
|upkeep
|turn|22
|
|t:|1730169178
|switch|p1a: Flygon|Flygon, M|38/100
|move|p2a: Charizard|Fire Blast|p1a: Flygon|[miss]
|-miss|p2a: Charizard|p1a: Flygon
|
|-weather|Sandstorm|[upkeep]
|-damage|p2a: Charizard|76/100|[from] Sandstorm
|-heal|p1a: Flygon|44/100|[from] item: Leftovers
|upkeep
|turn|23
|inactive|Alecss has 270 seconds left.
|inactive|KingWafl has 270 seconds left.
|inactive|Alecss has 240 seconds left.
|
|t:|1730169231
|move|p2a: Charizard|Dragon Claw|p1a: Flygon
|-supereffective|p1a: Flygon
|-damage|p1a: Flygon|0 fnt
|faint|p1a: Flygon
|
|t:|1730169235
|switch|p1a: Aerodactyl|Aerodactyl, F|94/100
|
|-weather|Sandstorm|[upkeep]
|-damage|p2a: Charizard|70/100|[from] Sandstorm
|-heal|p1a: Aerodactyl|99/100|[from] item: Leftovers
|upkeep
|turn|24
|
|t:|1730169243
|switch|p2a: Metagross sucks|Swampert, M|94/100
|-damage|p2a: Metagross sucks|82/100|[from] Spikes
|move|p1a: Aerodactyl|Substitute|p1a: Aerodactyl
|-start|p1a: Aerodactyl|Substitute
|-damage|p1a: Aerodactyl|75/100
|
|-weather|Sandstorm|[upkeep]
|-heal|p1a: Aerodactyl|81/100|[from] item: Leftovers
|-heal|p2a: Metagross sucks|88/100|[from] item: Leftovers
|upkeep
|turn|25
|
|t:|1730169245
|move|p2a: Metagross sucks|Protect|p2a: Metagross sucks
|-singleturn|p2a: Metagross sucks|Protect
|move|p1a: Aerodactyl|Toxic|p2a: Metagross sucks
|-activate|p2a: Metagross sucks|Protect
|
|-weather|Sandstorm|[upkeep]
|-heal|p1a: Aerodactyl|87/100|[from] item: Leftovers
|-heal|p2a: Metagross sucks|94/100|[from] item: Leftovers
|upkeep
|turn|26
|
|t:|1730169252
|move|p1a: Aerodactyl|Protect|p1a: Aerodactyl
|-singleturn|p1a: Aerodactyl|Protect
|move|p2a: Metagross sucks|Ice Beam|p1a: Aerodactyl
|-activate|p1a: Aerodactyl|Protect
|
|-weather|Sandstorm|[upkeep]
|-heal|p1a: Aerodactyl|93/100|[from] item: Leftovers
|-heal|p2a: Metagross sucks|100/100|[from] item: Leftovers
|upkeep
|turn|27
|
|t:|1730169255
|move|p1a: Aerodactyl|Toxic|p2a: Metagross sucks
|-status|p2a: Metagross sucks|tox
|move|p2a: Metagross sucks|Ice Beam|p1a: Aerodactyl
|-supereffective|p1a: Aerodactyl
|-crit|p1a: Aerodactyl
|-end|p1a: Aerodactyl|Substitute
|
|-weather|Sandstorm|[upkeep]
|-heal|p1a: Aerodactyl|99/100|[from] item: Leftovers
|-damage|p2a: Metagross sucks|94/100 tox|[from] psn
|upkeep
|turn|28
|
|t:|1730169257
|move|p1a: Aerodactyl|Substitute|p1a: Aerodactyl
|-start|p1a: Aerodactyl|Substitute
|-damage|p1a: Aerodactyl|74/100
|move|p2a: Metagross sucks|Hydro Pump|p1a: Aerodactyl
|-supereffective|p1a: Aerodactyl
|-end|p1a: Aerodactyl|Substitute
|
|-weather|Sandstorm|[upkeep]
|-heal|p1a: Aerodactyl|80/100|[from] item: Leftovers
|-heal|p2a: Metagross sucks|100/100 tox|[from] item: Leftovers
|-damage|p2a: Metagross sucks|88/100 tox|[from] psn
|upkeep
|turn|29
|
|t:|1730169260
|move|p1a: Aerodactyl|Protect|p1a: Aerodactyl
|-singleturn|p1a: Aerodactyl|Protect
|move|p2a: Metagross sucks|Ice Beam|p1a: Aerodactyl
|-activate|p1a: Aerodactyl|Protect
|
|-weather|Sandstorm|[upkeep]
|-heal|p1a: Aerodactyl|86/100|[from] item: Leftovers
|-heal|p2a: Metagross sucks|94/100 tox|[from] item: Leftovers
|-damage|p2a: Metagross sucks|76/100 tox|[from] psn
|upkeep
|turn|30
|
|t:|1730169266
|move|p1a: Aerodactyl|Substitute|p1a: Aerodactyl
|-start|p1a: Aerodactyl|Substitute
|-damage|p1a: Aerodactyl|61/100
|move|p2a: Metagross sucks|Ice Beam|p1a: Aerodactyl
|-supereffective|p1a: Aerodactyl
|-end|p1a: Aerodactyl|Substitute
|
|-weather|Sandstorm|[upkeep]
|-heal|p1a: Aerodactyl|67/100|[from] item: Leftovers
|-heal|p2a: Metagross sucks|82/100 tox|[from] item: Leftovers
|-damage|p2a: Metagross sucks|57/100 tox|[from] psn
|upkeep
|turn|31
|
|t:|1730169272
|move|p1a: Aerodactyl|Protect|p1a: Aerodactyl
|-singleturn|p1a: Aerodactyl|Protect
|move|p2a: Metagross sucks|Ice Beam|p1a: Aerodactyl
|-activate|p1a: Aerodactyl|Protect
|
|-weather|Sandstorm|[upkeep]
|-heal|p1a: Aerodactyl|73/100|[from] item: Leftovers
|-heal|p2a: Metagross sucks|63/100 tox|[from] item: Leftovers
|-damage|p2a: Metagross sucks|32/100 tox|[from] psn
|upkeep
|turn|32
|inactive|KingWafl has 270 seconds left.
|inactive|KingWafl has 240 seconds left.
|inactive|Alecss has 270 seconds left.
|
|t:|1730169359
|move|p1a: Aerodactyl|Substitute|p1a: Aerodactyl
|-start|p1a: Aerodactyl|Substitute
|-damage|p1a: Aerodactyl|48/100
|move|p2a: Metagross sucks|Hydro Pump|p1a: Aerodactyl
|-supereffective|p1a: Aerodactyl
|-end|p1a: Aerodactyl|Substitute
|
|-weather|Sandstorm|[upkeep]
|-heal|p1a: Aerodactyl|54/100|[from] item: Leftovers
|-heal|p2a: Metagross sucks|39/100 tox|[from] item: Leftovers
|-damage|p2a: Metagross sucks|1/100 tox|[from] psn
|upkeep
|turn|33
|
|t:|1730169369
|move|p1a: Aerodactyl|Protect|p1a: Aerodactyl
|-singleturn|p1a: Aerodactyl|Protect
|move|p2a: Metagross sucks|Ice Beam|p1a: Aerodactyl
|-activate|p1a: Aerodactyl|Protect
|
|-weather|Sandstorm|[upkeep]
|-heal|p1a: Aerodactyl|60/100|[from] item: Leftovers
|-heal|p2a: Metagross sucks|8/100 tox|[from] item: Leftovers
|-damage|p2a: Metagross sucks|0 fnt|[from] psn
|faint|p2a: Metagross sucks
|upkeep
|
|t:|1730169371
|switch|p2a: Bonice|Regice|88/100
|-damage|p2a: Bonice|76/100|[from] Spikes
|turn|34
|
|t:|1730169388
|switch|p1a: Skarmory|Skarmory, M|69/100
|move|p2a: Bonice|Ice Beam|p1a: Skarmory
|-damage|p1a: Skarmory|31/100
|
|-weather|Sandstorm|[upkeep]
|-damage|p2a: Bonice|70/100|[from] Sandstorm
|-heal|p1a: Skarmory|37/100|[from] item: Leftovers
|-heal|p2a: Bonice|76/100|[from] item: Leftovers
|upkeep
|turn|35
|
|t:|1730169395
|switch|p2a: Charizard|Charizard, M, shiny|70/100
|move|p1a: Skarmory|Toxic|p2a: Charizard
|-status|p2a: Charizard|tox
|
|-weather|Sandstorm|[upkeep]
|-damage|p2a: Charizard|64/100 tox|[from] Sandstorm
|-damage|p2a: Charizard|58/100 tox|[from] psn
|-heal|p1a: Skarmory|43/100|[from] item: Leftovers
|upkeep
|turn|36
|
|t:|1730169400
|move|p2a: Charizard|Fire Blast|p1a: Skarmory
|-supereffective|p1a: Skarmory
|-damage|p1a: Skarmory|0 fnt
|faint|p1a: Skarmory
|
|t:|1730169405
|switch|p1a: Aerodactyl|Aerodactyl, F|60/100
|
|-weather|Sandstorm|[upkeep]
|-damage|p2a: Charizard|52/100 tox|[from] Sandstorm
|-heal|p1a: Aerodactyl|66/100|[from] item: Leftovers
|-damage|p2a: Charizard|40/100 tox|[from] psn
|upkeep
|turn|37
|
|t:|1730169412
|move|p1a: Aerodactyl|Protect|p1a: Aerodactyl
|-singleturn|p1a: Aerodactyl|Protect
|move|p2a: Charizard|Dragon Claw|p1a: Aerodactyl
|-activate|p1a: Aerodactyl|Protect
|
|-weather|Sandstorm|[upkeep]
|-damage|p2a: Charizard|33/100 tox|[from] Sandstorm
|-heal|p1a: Aerodactyl|72/100|[from] item: Leftovers
|-damage|p2a: Charizard|15/100 tox|[from] psn
|upkeep
|turn|38
|inactive|KingWafl has 270 seconds left.
|
|t:|1730169435
|switch|p1a: Gengar|Gengar, M|76/100
|move|p2a: Charizard|Dragon Claw|p1a: Gengar
|-damage|p1a: Gengar|32/100
|
|-weather|Sandstorm|[upkeep]
|-damage|p1a: Gengar|26/100|[from] Sandstorm
|-damage|p2a: Charizard|9/100 tox|[from] Sandstorm
|-heal|p1a: Gengar|32/100|[from] item: Leftovers
|-damage|p2a: Charizard|0 fnt|[from] psn
|faint|p2a: Charizard
|upkeep
|
|t:|1730169440
|switch|p2a: Yuri|Medicham, F, shiny|37/100
|-damage|p2a: Yuri|25/100|[from] Spikes
|turn|39
|
|t:|1730169450
|move|p1a: Gengar|Fire Punch|p2a: Yuri
|-damage|p2a: Yuri|0 fnt
|faint|p2a: Yuri
|
|t:|1730169452
|switch|p2a: Bonice|Regice|76/100
|-damage|p2a: Bonice|63/100|[from] Spikes
|
|-weather|Sandstorm|[upkeep]
|-damage|p1a: Gengar|26/100|[from] Sandstorm
|-damage|p2a: Bonice|57/100|[from] Sandstorm
|-heal|p1a: Gengar|32/100|[from] item: Leftovers
|-heal|p2a: Bonice|63/100|[from] item: Leftovers
|upkeep
|turn|40
|
|t:|1730169456
|move|p1a: Gengar|Explosion|p2a: Bonice
|-damage|p2a: Bonice|0 fnt
|faint|p1a: Gengar
|faint|p2a: Bonice
|
|win|KingWafl
|c|☆KingWafl|gg
|c|☆Alecss|gg
|player|p1|

</script>
<script type="application/json" class="data" id="replaydata-smogtours-gen3ou-803220">
{"id":"smogtours-gen3ou-803220","format":"[Gen 3] OU","players":["KingWafl","Alecss"],"uploadtime":1730169456,"views":60,"formatid":"gen3ou","rating":null,"private":0,"password":null}
</script>

<script defer src="js/replays.js?9d40a366"></script>
