<!DOCTYPE html>
<meta charset="utf-8" />
<meta name="viewport" content="width=device-width" />

<title>[Gen 3] OU: drby vs. MadelinMorningStar - Replays - Pok&eacute;mon Showdown!</title>

<meta name="description" content="Watch a replay of a Pok&eacute;mon battle between drby and MadelinMorningStar! Format: [Gen 3] OU; Date: Oct 24, 2024" />
<!--

Hey, you! Looking in the source for the replay log?

You can find them in JSON format, just add `.json` at the end of a replay URL.

https://replay.pokemonshowdown.com/gen7randomdoublesbattle-865046831.json

Or, if you only need the log itself, add `.log` instead:

https://replay.pokemonshowdown.com/gen7randomdoublesbattle-865046831.log

-->

<link rel="stylesheet" href="//pokemonshowdown.com/style/global.css?0.023195364461161105" />
<link rel="stylesheet" href="//play.pokemonshowdown.com/style/font-awesome.css?0.13261647063804238" />
<link rel="stylesheet" href="//play.pokemonshowdown.com/style/battle.css?0.8753245789963631" />
<link rel="stylesheet" href="//play.pokemonshowdown.com/style/utilichart.css?0.8627959624976733" />

<!-- Global site tag (gtag.js) - Google Analytics -->
<script async src="https://www.googletagmanager.com/gtag/js?id=UA-26211653-1"></script>
<script>
  window.dataLayer = window.dataLayer || [];
  function gtag(){dataLayer.push(arguments);}
  gtag('js', new Date());

  gtag('config', 'UA-26211653-1');
</script>
<!-- End Google Analytics -->
<!-- Venatus Ad Manager - Install in <HEAD> of page -->
	<script src="https://hb.vntsm.com/v3/live/ad-manager.min.js" type="text/javascript" data-site-id="642aba63ec9a7b11c3c9c1be" data-mode="scan" async></script>
<!-- / Venatus Ad Manager -->

<style>
	@media (max-width:820px) {
		.battle {
			margin: 0 auto;
		}
		.battle-log {
			margin: 7px auto 0;
			max-width: 640px;
			height: 300px;
			position: static;
		}
	}
	.optgroup {
		display: inline-block;
		line-height: 22px;
		font-size: 10pt;
	}
	.optgroup .button {
		height: 25px;
		padding-top: 0;
		padding-bottom: 0;
	}
	.optgroup button.button {
		padding-left: 12px;
		padding-right: 12px;
	}
	.linklist {
		list-style: none;
		margin: 0.5em 0;
		padding: 0;
	}
	.linklist li {
		padding: 2px 0;
	}
	.sidebar {
		float: left;
		width: 320px;
	}
	.bar-wrapper {
		max-width: 1100px;
		margin: 0 auto;
	}
	.bar-wrapper.has-sidebar {
		max-width: 1430px;
	}
	.mainbar {
		margin: 0;
		padding-right: 1px;
	}
	.mainbar.has-sidebar {
		margin-left: 330px;
	}
	@media (min-width: 1511px) {
		.sidebar {
			width: 400px;
		}
		.bar-wrapper.has-sidebar {
			max-width: 1510px;
		}
		.mainbar.has-sidebar {
			margin-left: 410px;
		}
	}
	.section.first-section {
		margin-top: 9px;
	}
	.blocklink small {
		white-space: normal;
	}
	.button {
		vertical-align: middle;
	}
	.replay-controls {
		padding-top: 10px;
	}
	.replay-controls h1 {
		font-size: 16pt;
		font-weight: normal;
		color: #CCC;
	}
	.pagelink {
		text-align: center;
	}
	.pagelink a {
		width: 150px;
	}
	.textbox, .button {
		font-size: 11pt;
		vertical-align: middle;
	}
	@media (max-width: 450px) {
		.button {
			font-size: 9pt;
		}
	}
</style>

<div>

	<header>
		<div class="nav-wrapper"><ul class="nav">
			<li><a class="button nav-first" href="//pokemonshowdown.com/"><img src="//pokemonshowdown.com/images/pokemonshowdownbeta.png" srcset="//pokemonshowdown.com/images/pokemonshowdownbeta.png 1x, //pokemonshowdown.com/images/pokemonshowdownbeta@2x.png 2x" alt="Pok&eacute;mon Showdown" width="146" height="44" /> Home</a></li>
			<li><a class="button" href="//pokemonshowdown.com/dex/">Pok&eacute;dex</a></li>
			<li><a class="button cur" href="/">Replays</a></li>
			<li><a class="button" href="//pokemonshowdown.com/ladder/">Ladder</a></li>
			<li><a class="button nav-last" href="//pokemonshowdown.com/forums/">Forum</a></li>
			<li><a class="button greenbutton nav-first nav-last" href="//play.pokemonshowdown.com/">Play</a></li>
		</ul></div>
	</header>

	<div class="main" id="main">

		<noscript><section class="section">You need to enable JavaScript to use this page; sorry!</section></noscript>

	</div>

</div>

<script defer nomodule src="//play.pokemonshowdown.com/js/lib/ps-polyfill.js"></script>
<script defer src="//play.pokemonshowdown.com/js/lib/preact.min.js"></script>

<script defer src="//play.pokemonshowdown.com/config/config.js?2bddbc15"></script>
<script defer src="//play.pokemonshowdown.com/js/lib/jquery-1.11.0.min.js"></script>
<script defer src="//play.pokemonshowdown.com/js/lib/html-sanitizer-minified.js"></script>
<script defer src="//play.pokemonshowdown.com/js/battle-sound.js"></script>
<script defer src="//play.pokemonshowdown.com/js/battledata.js?0.7209276989879541"></script>
<script defer src="//play.pokemonshowdown.com/data/pokedex-mini.js?0.6111056340867951"></script>
<script defer src="//play.pokemonshowdown.com/data/pokedex-mini-bw.js?0.3532142036491459"></script>
<script defer src="//play.pokemonshowdown.com/data/graphics.js?0.24223875632456182"></script>
<script defer src="//play.pokemonshowdown.com/data/pokedex.js?0.38839984266356864"></script>
<script defer src="//play.pokemonshowdown.com/data/moves.js?0.21866028504024015"></script>
<script defer src="//play.pokemonshowdown.com/data/abilities.js?0.2005157953846628"></script>
<script defer src="//play.pokemonshowdown.com/data/items.js?0.9894211263848525"></script>
<script defer src="//play.pokemonshowdown.com/data/teambuilder-tables.js?0.6008791140282215"></script>
<script defer src="//play.pokemonshowdown.com/js/battle-tooltips.js?0.7580118955022959"></script>
<script defer src="//play.pokemonshowdown.com/js/battle.js?0.6057722274234274"></script>

<script defer src="js/utils.js?e31f9a17"></script>
<script defer src="js/replays-battle.js?7008c182"></script>

<!-- don't scrape this data! just add .json or .log after the URL!
Full API docs: https://github.com/smogon/pokemon-showdown-client/blob/master/WEB-API.md -->
<script type="text/plain" class="log" id="replaylog-smogtours-gen3ou-801667">
|inactive|Battle timer is ON: inactive players will automatically lose when time's up.
|t:|1729806689
|gametype|singles
|player|p1|drby|pokemonbreeder-gen4|
|player|p2|MadelinMorningStar|jasmine|
|teamsize|p1|6
|teamsize|p2|6
|gen|3
|tier|[Gen 3] OU
|rule|Sleep Clause Mod: Limit one foe put to sleep
|rule|Switch Priority Clause Mod: Faster Pokémon switch first
|rule|Species Clause: Limit one of each Pokémon
|rule|OHKO Clause: OHKO moves are banned
|rule|Evasion Items Clause: Evasion items are banned
|rule|Evasion Moves Clause: Evasion moves are banned
|rule|Endless Battle Clause: Forcing endless battles is banned
|rule|HP Percentage Mod: HP is shown in percentages
|rule|One Boost Passer Clause: Limit one Baton Passer that has a way to boost its stats
|rule|Freeze Clause Mod: Limit one foe frozen
|
|t:|1729806689
|start
|switch|p1a: Jolteon|Jolteon, M|100/100
|switch|p2a: Salamence|Salamence, M|100/100
|-ability|p2a: Salamence|Intimidate|boost
|-unboost|p1a: Jolteon|atk|1
|turn|1
|c|☆drby|glhf
|
|t:|1729806701
|switch|p2a: Blissey|Blissey, F|100/100
|move|p1a: Jolteon|Thunder Wave|p2a: Blissey
|-status|p2a: Blissey|par
|
|upkeep
|turn|2
|c|☆MadelinMorningStar|u2
|
|t:|1729806721
|move|p1a: Jolteon|Substitute|p1a: Jolteon
|-start|p1a: Jolteon|Substitute
|-damage|p1a: Jolteon|75/100
|move|p2a: Blissey|Thunder Wave||[still]
|-fail|p2a: Blissey
|
|-heal|p1a: Jolteon|82/100|[from] item: Leftovers
|upkeep
|turn|3
|
|t:|1729806728
|-curestatus|p2a: Blissey|par|[from] ability: Natural Cure
|switch|p2a: Tyranitar|Tyranitar, M|100/100
|-weather|Sandstorm|[from] ability: Sand Stream|[of] p2a: Tyranitar
|move|p1a: Jolteon|Baton Pass|p1a: Jolteon
|
|t:|1729806733
|switch|p1a: Dugtrio|Dugtrio, M|100/100|[from] Baton Pass
|
|-weather|Sandstorm|[upkeep]
|upkeep
|turn|4
|
|t:|1729806738
|move|p1a: Dugtrio|Earthquake|p2a: Tyranitar
|-supereffective|p2a: Tyranitar
|-damage|p2a: Tyranitar|40/100
|move|p2a: Tyranitar|Crunch|p1a: Dugtrio
|-end|p1a: Dugtrio|Substitute
|
|-weather|Sandstorm|[upkeep]
|-heal|p2a: Tyranitar|46/100|[from] item: Leftovers
|upkeep
|turn|5
|
|t:|1729806744
|move|p1a: Dugtrio|Earthquake|p2a: Tyranitar
|-supereffective|p2a: Tyranitar
|-damage|p2a: Tyranitar|0 fnt
|faint|p2a: Tyranitar
|
|t:|1729806746
|switch|p2a: Salamence|Salamence, M|100/100
|-ability|p2a: Salamence|Intimidate|boost
|-unboost|p1a: Dugtrio|atk|1
|
|-weather|Sandstorm|[upkeep]
|-damage|p2a: Salamence|94/100|[from] Sandstorm
|upkeep
|turn|6
|
|t:|1729806755
|switch|p1a: Milotic|Milotic, F, shiny|100/100
|move|p2a: Salamence|Earthquake|p1a: Milotic
|-damage|p1a: Milotic|48/100
|
|-weather|Sandstorm|[upkeep]
|-damage|p2a: Salamence|88/100|[from] Sandstorm
|-damage|p1a: Milotic|42/100|[from] Sandstorm
|-heal|p1a: Milotic|48/100|[from] item: Leftovers
|upkeep
|turn|7
|
|t:|1729806765
|switch|p1a: Forretress|Forretress, M|100/100
|move|p2a: Salamence|Earthquake|p1a: Forretress
|-damage|p1a: Forretress|69/100
|
|-weather|Sandstorm|[upkeep]
|-damage|p2a: Salamence|82/100|[from] Sandstorm
|-heal|p1a: Forretress|76/100|[from] item: Leftovers
|upkeep
|turn|8
|
|t:|1729806770
|switch|p2a: Magneton|Magneton|100/100
|move|p1a: Forretress|Spikes|p2a: Magneton
|-sidestart|p2: MadelinMorningStar|Spikes
|
|-weather|Sandstorm|[upkeep]
|-heal|p1a: Forretress|82/100|[from] item: Leftovers
|upkeep
|turn|9
|
|t:|1729806775
|move|p2a: Magneton|Hidden Power|p1a: Forretress
|-supereffective|p1a: Forretress
|-damage|p1a: Forretress|0 fnt
|faint|p1a: Forretress
|
|t:|1729806777
|switch|p1a: Dugtrio|Dugtrio, M|100/100
|
|-weather|Sandstorm|[upkeep]
|upkeep
|turn|10
|
|t:|1729806778
|move|p1a: Dugtrio|Earthquake|p2a: Magneton
|-supereffective|p2a: Magneton
|-damage|p2a: Magneton|0 fnt
|faint|p2a: Magneton
|
|t:|1729806781
|switch|p2a: Salamence|Salamence, M|82/100
|-ability|p2a: Salamence|Intimidate|boost
|-unboost|p1a: Dugtrio|atk|1
|
|-weather|Sandstorm|[upkeep]
|-damage|p2a: Salamence|76/100|[from] Sandstorm
|upkeep
|turn|11
|
|t:|1729806793
|switch|p1a: Gengar|Gengar, M, shiny|100/100
|move|p2a: Salamence|Earthquake|p1a: Gengar
|-immune|p1a: Gengar
|
|-weather|Sandstorm|[upkeep]
|-damage|p1a: Gengar|94/100|[from] Sandstorm
|-damage|p2a: Salamence|70/100|[from] Sandstorm
|-heal|p1a: Gengar|100/100|[from] item: Leftovers
|upkeep
|turn|12
|
|t:|1729806802
|switch|p2a: Claydol|Claydol|100/100
|move|p1a: Gengar|Thunderbolt|p2a: Claydol
|-immune|p2a: Claydol
|
|-weather|Sandstorm|[upkeep]
|-damage|p1a: Gengar|94/100|[from] Sandstorm
|-heal|p1a: Gengar|100/100|[from] item: Leftovers
|upkeep
|turn|13
|
|t:|1729806812
|switch|p1a: Milotic|Milotic, F, shiny|48/100
|move|p2a: Claydol|Psychic|p1a: Milotic
|-damage|p1a: Milotic|34/100
|
|-weather|Sandstorm|[upkeep]
|-damage|p1a: Milotic|28/100|[from] Sandstorm
|-heal|p1a: Milotic|34/100|[from] item: Leftovers
|upkeep
|turn|14
|
|t:|1729806817
|move|p1a: Milotic|Recover|p1a: Milotic
|-heal|p1a: Milotic|84/100
|move|p2a: Claydol|Rapid Spin|p1a: Milotic
|-damage|p1a: Milotic|78/100
|-sideend|p2: MadelinMorningStar|Spikes|[from] move: Rapid Spin|[of] p2a: Claydol
|
|-weather|Sandstorm|[upkeep]
|-damage|p1a: Milotic|72/100|[from] Sandstorm
|-heal|p1a: Milotic|78/100|[from] item: Leftovers
|upkeep
|turn|15
|
|t:|1729806821
|switch|p2a: Blissey|Blissey, F|100/100
|move|p1a: Milotic|Surf|p2a: Blissey
|-damage|p2a: Blissey|84/100
|
|-weather|Sandstorm|[upkeep]
|-damage|p1a: Milotic|72/100|[from] Sandstorm
|-damage|p2a: Blissey|77/100|[from] Sandstorm
|-heal|p1a: Milotic|78/100|[from] item: Leftovers
|-heal|p2a: Blissey|84/100|[from] item: Leftovers
|upkeep
|turn|16
|
|t:|1729806828
|switch|p2a: Salamence|Salamence, M|70/100
|-ability|p2a: Salamence|Intimidate|boost
|-unboost|p1a: Milotic|atk|1
|move|p1a: Milotic|Surf|p2a: Salamence
|-resisted|p2a: Salamence
|-damage|p2a: Salamence|41/100
|
|-weather|Sandstorm|[upkeep]
|-damage|p2a: Salamence|35/100|[from] Sandstorm
|-damage|p1a: Milotic|72/100|[from] Sandstorm
|-heal|p1a: Milotic|78/100|[from] item: Leftovers
|upkeep
|turn|17
|
|t:|1729806832
|switch|p2a: Suicune|Suicune|100/100
|move|p1a: Milotic|Ice Beam|p2a: Suicune
|-resisted|p2a: Suicune
|-damage|p2a: Suicune|89/100
|
|-weather|Sandstorm|[upkeep]
|-damage|p2a: Suicune|82/100|[from] Sandstorm
|-damage|p1a: Milotic|72/100|[from] Sandstorm
|-heal|p2a: Suicune|89/100|[from] item: Leftovers
|-heal|p1a: Milotic|78/100|[from] item: Leftovers
|upkeep
|turn|18
|
|t:|1729806836
|switch|p1a: Jolteon|Jolteon, M|82/100
|move|p2a: Suicune|Calm Mind|p2a: Suicune
|-boost|p2a: Suicune|spa|1
|-boost|p2a: Suicune|spd|1
|
|-weather|Sandstorm|[upkeep]
|-damage|p1a: Jolteon|75/100|[from] Sandstorm
|-damage|p2a: Suicune|82/100|[from] Sandstorm
|-heal|p1a: Jolteon|82/100|[from] item: Leftovers
|-heal|p2a: Suicune|89/100|[from] item: Leftovers
|upkeep
|turn|19
|
|t:|1729806840
|move|p1a: Jolteon|Thunderbolt|p2a: Suicune
|-supereffective|p2a: Suicune
|-damage|p2a: Suicune|40/100
|-status|p2a: Suicune|par
|move|p2a: Suicune|Surf|p1a: Jolteon
|-damage|p1a: Jolteon|23/100
|
|-weather|Sandstorm|[upkeep]
|-damage|p1a: Jolteon|17/100|[from] Sandstorm
|-damage|p2a: Suicune|34/100 par|[from] Sandstorm
|-heal|p1a: Jolteon|23/100|[from] item: Leftovers
|-heal|p2a: Suicune|40/100 par|[from] item: Leftovers
|upkeep
|turn|20
|
|t:|1729806847
|switch|p2a: Claydol|Claydol|100/100
|move|p1a: Jolteon|Baton Pass|p1a: Jolteon
|
|t:|1729806855
|switch|p1a: Breloom|Breloom, M|100/100|[from] Baton Pass
|
|-weather|Sandstorm|[upkeep]
|-damage|p1a: Breloom|94/100|[from] Sandstorm
|-heal|p1a: Breloom|100/100|[from] item: Leftovers
|upkeep
|turn|21
|
|t:|1729806861
|switch|p2a: Salamence|Salamence, M|35/100
|-ability|p2a: Salamence|Intimidate|boost
|-unboost|p1a: Breloom|atk|1
|move|p1a: Breloom|Spore|p2a: Salamence
|-status|p2a: Salamence|slp|[from] move: Spore
|
|-weather|Sandstorm|[upkeep]
|-damage|p2a: Salamence|29/100 slp|[from] Sandstorm
|-damage|p1a: Breloom|94/100|[from] Sandstorm
|-heal|p1a: Breloom|100/100|[from] item: Leftovers
|upkeep
|turn|22
|
|t:|1729806867
|-singleturn|p1a: Breloom|move: Focus Punch
|switch|p2a: Claydol|Claydol|100/100
|move|p1a: Breloom|Focus Punch|p2a: Claydol
|-resisted|p2a: Claydol
|-damage|p2a: Claydol|73/100
|
|-weather|Sandstorm|[upkeep]
|-damage|p1a: Breloom|94/100|[from] Sandstorm
|-heal|p1a: Breloom|100/100|[from] item: Leftovers
|-heal|p2a: Claydol|79/100|[from] item: Leftovers
|upkeep
|turn|23
|
|t:|1729806874
|switch|p1a: Milotic|Milotic, F, shiny|78/100
|move|p2a: Claydol|Psychic|p1a: Milotic
|-damage|p1a: Milotic|63/100
|
|-weather|Sandstorm|[upkeep]
|-damage|p1a: Milotic|57/100|[from] Sandstorm
|-heal|p1a: Milotic|63/100|[from] item: Leftovers
|-heal|p2a: Claydol|85/100|[from] item: Leftovers
|upkeep
|turn|24
|
|t:|1729806879
|switch|p2a: Suicune|Suicune|40/100 par
|move|p1a: Milotic|Surf|p2a: Suicune
|-resisted|p2a: Suicune
|-damage|p2a: Suicune|24/100 par
|
|-weather|Sandstorm|[upkeep]
|-damage|p1a: Milotic|57/100|[from] Sandstorm
|-damage|p2a: Suicune|18/100 par|[from] Sandstorm
|-heal|p1a: Milotic|63/100|[from] item: Leftovers
|-heal|p2a: Suicune|24/100 par|[from] item: Leftovers
|upkeep
|turn|25
|
|t:|1729806885
|switch|p1a: Gengar|Gengar, M, shiny|100/100
|move|p2a: Suicune|Rest|p2a: Suicune
|-status|p2a: Suicune|slp|[from] move: Rest
|-heal|p2a: Suicune|100/100 slp|[silent]
|
|-weather|Sandstorm|[upkeep]
|-damage|p1a: Gengar|94/100|[from] Sandstorm
|-damage|p2a: Suicune|94/100 slp|[from] Sandstorm
|-heal|p1a: Gengar|100/100|[from] item: Leftovers
|-heal|p2a: Suicune|100/100 slp|[from] item: Leftovers
|upkeep
|turn|26
|
|t:|1729806888
|switch|p2a: Claydol|Claydol|85/100
|move|p1a: Gengar|Thunderbolt|p2a: Claydol
|-immune|p2a: Claydol
|
|-weather|Sandstorm|[upkeep]
|-damage|p1a: Gengar|94/100|[from] Sandstorm
|-heal|p1a: Gengar|100/100|[from] item: Leftovers
|-heal|p2a: Claydol|92/100|[from] item: Leftovers
|upkeep
|turn|27
|
|t:|1729806896
|switch|p1a: Milotic|Milotic, F, shiny|63/100
|move|p2a: Claydol|Psychic|p1a: Milotic
|-damage|p1a: Milotic|48/100
|
|-weather|Sandstorm|[upkeep]
|-damage|p1a: Milotic|42/100|[from] Sandstorm
|-heal|p1a: Milotic|48/100|[from] item: Leftovers
|-heal|p2a: Claydol|98/100|[from] item: Leftovers
|upkeep
|turn|28
|
|t:|1729806904
|switch|p1a: Gengar|Gengar, M, shiny|100/100
|switch|p2a: Blissey|Blissey, F|84/100
|
|-weather|Sandstorm|[upkeep]
|-damage|p1a: Gengar|94/100|[from] Sandstorm
|-damage|p2a: Blissey|77/100|[from] Sandstorm
|-heal|p1a: Gengar|100/100|[from] item: Leftovers
|-heal|p2a: Blissey|84/100|[from] item: Leftovers
|upkeep
|turn|29
|
|t:|1729806908
|move|p1a: Gengar|Explosion|p2a: Blissey
|-damage|p2a: Blissey|15/100
|faint|p1a: Gengar
|
|t:|1729806911
|switch|p1a: Dugtrio|Dugtrio, M|100/100
|
|-weather|Sandstorm|[upkeep]
|-damage|p2a: Blissey|9/100|[from] Sandstorm
|-heal|p2a: Blissey|15/100|[from] item: Leftovers
|upkeep
|turn|30
|
|t:|1729806915
|move|p1a: Dugtrio|Earthquake|p2a: Blissey
|-damage|p2a: Blissey|0 fnt
|faint|p2a: Blissey
|
|t:|1729806919
|switch|p2a: Suicune|Suicune|100/100 slp
|
|-weather|Sandstorm|[upkeep]
|-damage|p2a: Suicune|94/100 slp|[from] Sandstorm
|-heal|p2a: Suicune|100/100 slp|[from] item: Leftovers
|upkeep
|turn|31
|
|t:|1729806927
|switch|p1a: Jolteon|Jolteon, M|23/100
|cant|p2a: Suicune|slp
|
|-weather|Sandstorm|[upkeep]
|-damage|p1a: Jolteon|17/100|[from] Sandstorm
|-damage|p2a: Suicune|94/100 slp|[from] Sandstorm
|-heal|p1a: Jolteon|23/100|[from] item: Leftovers
|-heal|p2a: Suicune|100/100 slp|[from] item: Leftovers
|upkeep
|turn|32
|
|t:|1729806932
|switch|p2a: Claydol|Claydol|98/100
|move|p1a: Jolteon|Thunderbolt|p2a: Claydol
|-immune|p2a: Claydol
|
|-weather|Sandstorm|[upkeep]
|-damage|p1a: Jolteon|17/100|[from] Sandstorm
|-heal|p1a: Jolteon|23/100|[from] item: Leftovers
|-heal|p2a: Claydol|100/100|[from] item: Leftovers
|upkeep
|turn|33
|
|t:|1729806937
|move|p1a: Jolteon|Baton Pass|p1a: Jolteon
|
|t:|1729806941
|switch|p1a: Milotic|Milotic, F, shiny|48/100|[from] Baton Pass
|move|p2a: Claydol|Earthquake|p1a: Milotic
|-damage|p1a: Milotic|9/100
|
|-weather|Sandstorm|[upkeep]
|-damage|p1a: Milotic|3/100|[from] Sandstorm
|-heal|p1a: Milotic|9/100|[from] item: Leftovers
|upkeep
|turn|34
|
|t:|1729806947
|move|p1a: Milotic|Recover|p1a: Milotic
|-heal|p1a: Milotic|59/100
|move|p2a: Claydol|Earthquake|p1a: Milotic
|-damage|p1a: Milotic|20/100
|
|-weather|Sandstorm|[upkeep]
|-damage|p1a: Milotic|14/100|[from] Sandstorm
|-heal|p1a: Milotic|20/100|[from] item: Leftovers
|upkeep
|turn|35
|
|t:|1729806951
|move|p1a: Milotic|Recover|p1a: Milotic
|-heal|p1a: Milotic|70/100
|move|p2a: Claydol|Earthquake|p1a: Milotic
|-damage|p1a: Milotic|32/100
|
|-weather|Sandstorm|[upkeep]
|-damage|p1a: Milotic|26/100|[from] Sandstorm
|-heal|p1a: Milotic|32/100|[from] item: Leftovers
|upkeep
|turn|36
|
|t:|1729806956
|switch|p2a: Suicune|Suicune|100/100 slp
|move|p1a: Milotic|Recover|p1a: Milotic
|-heal|p1a: Milotic|82/100
|
|-weather|Sandstorm|[upkeep]
|-damage|p2a: Suicune|94/100 slp|[from] Sandstorm
|-damage|p1a: Milotic|76/100|[from] Sandstorm
|-heal|p2a: Suicune|100/100 slp|[from] item: Leftovers
|-heal|p1a: Milotic|82/100|[from] item: Leftovers
|upkeep
|turn|37
|
|t:|1729806966
|switch|p1a: Breloom|Breloom, M|100/100
|cant|p2a: Suicune|slp
|
|-weather|Sandstorm|[upkeep]
|-damage|p1a: Breloom|94/100|[from] Sandstorm
|-damage|p2a: Suicune|94/100 slp|[from] Sandstorm
|-heal|p1a: Breloom|100/100|[from] item: Leftovers
|-heal|p2a: Suicune|100/100 slp|[from] item: Leftovers
|upkeep
|turn|38
|
|t:|1729806975
|move|p1a: Breloom|Substitute|p1a: Breloom
|-start|p1a: Breloom|Substitute
|-damage|p1a: Breloom|76/100
|-curestatus|p2a: Suicune|slp|[msg]
|move|p2a: Suicune|Surf|p1a: Breloom
|-resisted|p1a: Breloom
|-end|p1a: Breloom|Substitute
|
|-weather|Sandstorm|[upkeep]
|-damage|p1a: Breloom|69/100|[from] Sandstorm
|-damage|p2a: Suicune|94/100|[from] Sandstorm
|-heal|p1a: Breloom|76/100|[from] item: Leftovers
|-heal|p2a: Suicune|100/100|[from] item: Leftovers
|upkeep
|turn|39
|
|t:|1729806991
|-singleturn|p1a: Breloom|move: Focus Punch
|move|p2a: Suicune|Surf|p1a: Breloom
|-resisted|p1a: Breloom
|-damage|p1a: Breloom|44/100
|move|p1a: Breloom|Focus Punch||[still]
|cant|p1a: Breloom|Focus Punch|Focus Punch
|
|-weather|Sandstorm|[upkeep]
|-damage|p1a: Breloom|38/100|[from] Sandstorm
|-damage|p2a: Suicune|94/100|[from] Sandstorm
|-heal|p1a: Breloom|44/100|[from] item: Leftovers
|-heal|p2a: Suicune|100/100|[from] item: Leftovers
|upkeep
|turn|40
|
|t:|1729807007
|move|p1a: Breloom|Hidden Power|p2a: Suicune
|-damage|p2a: Suicune|86/100
|move|p2a: Suicune|Surf|p1a: Breloom
|-resisted|p1a: Breloom
|-damage|p1a: Breloom|15/100
|
|-weather|Sandstorm|[upkeep]
|-damage|p1a: Breloom|9/100|[from] Sandstorm
|-damage|p2a: Suicune|79/100|[from] Sandstorm
|-heal|p1a: Breloom|15/100|[from] item: Leftovers
|-heal|p2a: Suicune|86/100|[from] item: Leftovers
|upkeep
|turn|41
|
|t:|1729807011
|-singleturn|p1a: Breloom|move: Focus Punch
|move|p2a: Suicune|Surf|p1a: Breloom
|-resisted|p1a: Breloom
|-damage|p1a: Breloom|0 fnt
|faint|p1a: Breloom
|
|t:|1729807018
|switch|p1a: Jolteon|Jolteon, M|23/100
|
|-weather|Sandstorm|[upkeep]
|-damage|p1a: Jolteon|17/100|[from] Sandstorm
|-damage|p2a: Suicune|79/100|[from] Sandstorm
|-heal|p1a: Jolteon|23/100|[from] item: Leftovers
|-heal|p2a: Suicune|86/100|[from] item: Leftovers
|upkeep
|turn|42
|
|t:|1729807022
|switch|p2a: Claydol|Claydol|100/100
|move|p1a: Jolteon|Thunder Wave|p2a: Claydol
|-immune|p2a: Claydol
|
|-weather|Sandstorm|[upkeep]
|-damage|p1a: Jolteon|17/100|[from] Sandstorm
|-heal|p1a: Jolteon|23/100|[from] item: Leftovers
|upkeep
|turn|43
|
|t:|1729807028
|move|p1a: Jolteon|Baton Pass|p1a: Jolteon
|
|t:|1729807031
|switch|p1a: Milotic|Milotic, F, shiny|82/100|[from] Baton Pass
|move|p2a: Claydol|Earthquake|p1a: Milotic
|-damage|p1a: Milotic|43/100
|
|-weather|Sandstorm|[upkeep]
|-damage|p1a: Milotic|37/100|[from] Sandstorm
|-heal|p1a: Milotic|43/100|[from] item: Leftovers
|upkeep
|turn|44
|
|t:|1729807040
|switch|p1a: Jolteon|Jolteon, M|23/100
|switch|p2a: Suicune|Suicune|86/100
|
|-weather|Sandstorm|[upkeep]
|-damage|p1a: Jolteon|17/100|[from] Sandstorm
|-damage|p2a: Suicune|79/100|[from] Sandstorm
|-heal|p1a: Jolteon|23/100|[from] item: Leftovers
|-heal|p2a: Suicune|86/100|[from] item: Leftovers
|upkeep
|turn|45
|
|t:|1729807046
|switch|p2a: Claydol|Claydol|100/100
|move|p1a: Jolteon|Thunderbolt|p2a: Claydol
|-immune|p2a: Claydol
|
|-weather|Sandstorm|[upkeep]
|-damage|p1a: Jolteon|17/100|[from] Sandstorm
|-heal|p1a: Jolteon|23/100|[from] item: Leftovers
|upkeep
|turn|46
|
|t:|1729807054
|switch|p1a: Dugtrio|Dugtrio, M|100/100
|move|p2a: Claydol|Earthquake|p1a: Dugtrio
|-damage|p1a: Dugtrio|0 fnt
|faint|p1a: Dugtrio
|
|t:|1729807060
|switch|p1a: Milotic|Milotic, F, shiny|43/100
|
|-weather|Sandstorm|[upkeep]
|-damage|p1a: Milotic|37/100|[from] Sandstorm
|-heal|p1a: Milotic|43/100|[from] item: Leftovers
|upkeep
|turn|47
|
|t:|1729807065
|switch|p2a: Suicune|Suicune|86/100
|move|p1a: Milotic|Recover|p1a: Milotic
|-heal|p1a: Milotic|93/100
|
|-weather|Sandstorm|[upkeep]
|-damage|p2a: Suicune|79/100|[from] Sandstorm
|-damage|p1a: Milotic|87/100|[from] Sandstorm
|-heal|p2a: Suicune|86/100|[from] item: Leftovers
|-heal|p1a: Milotic|93/100|[from] item: Leftovers
|upkeep
|turn|48
|
|t:|1729807070
|move|p2a: Suicune|Calm Mind|p2a: Suicune
|-boost|p2a: Suicune|spa|1
|-boost|p2a: Suicune|spd|1
|move|p1a: Milotic|Ice Beam|p2a: Suicune
|-resisted|p2a: Suicune
|-damage|p2a: Suicune|78/100
|
|-weather|Sandstorm|[upkeep]
|-damage|p2a: Suicune|72/100|[from] Sandstorm
|-damage|p1a: Milotic|87/100|[from] Sandstorm
|-heal|p2a: Suicune|78/100|[from] item: Leftovers
|-heal|p1a: Milotic|93/100|[from] item: Leftovers
|upkeep
|turn|49
|c|☆drby|gg
|-message|drby forfeited.
|
|win|MadelinMorningStar
|c|☆MadelinMorningStar|gg

</script>
<script type="application/json" class="data" id="replaydata-smogtours-gen3ou-801667">
{"id":"smogtours-gen3ou-801667","format":"[Gen 3] OU","players":["drby","MadelinMorningStar"],"uploadtime":1729807087,"views":88,"formatid":"gen3ou","rating":null,"private":0,"password":null}
</script>

<script defer src="js/replays.js?9d40a366"></script>
