<!DOCTYPE html>
<meta charset="utf-8" />
<meta name="viewport" content="width=device-width" />

<title>[Gen 3] OU: drby vs. AC77 - Replays - Pok&eacute;mon Showdown!</title>

<meta name="description" content="Watch a replay of a Pok&eacute;mon battle between drby and AC77! Format: [Gen 3] OU; Date: Oct 16, 2024" />
<!--

Hey, you! Looking in the source for the replay log?

You can find them in JSON format, just add `.json` at the end of a replay URL.

https://replay.pokemonshowdown.com/gen7randomdoublesbattle-865046831.json

Or, if you only need the log itself, add `.log` instead:

https://replay.pokemonshowdown.com/gen7randomdoublesbattle-865046831.log

-->

<link rel="stylesheet" href="//pokemonshowdown.com/style/global.css?0.767286132409787" />
<link rel="stylesheet" href="//play.pokemonshowdown.com/style/font-awesome.css?0.9266228007934947" />
<link rel="stylesheet" href="//play.pokemonshowdown.com/style/battle.css?0.7924700842790926" />
<link rel="stylesheet" href="//play.pokemonshowdown.com/style/utilichart.css?0.8777417872839479" />

<!-- Global site tag (gtag.js) - Google Analytics -->
<script async src="https://www.googletagmanager.com/gtag/js?id=UA-26211653-1"></script>
<script>
  window.dataLayer = window.dataLayer || [];
  function gtag(){dataLayer.push(arguments);}
  gtag('js', new Date());

  gtag('config', 'UA-26211653-1');
</script>
<!-- End Google Analytics -->
<!-- Venatus Ad Manager - Install in <HEAD> of page -->
	<script src="https://hb.vntsm.com/v3/live/ad-manager.min.js" type="text/javascript" data-site-id="642aba63ec9a7b11c3c9c1be" data-mode="scan" async></script>
<!-- / Venatus Ad Manager -->

<style>
	@media (max-width:820px) {
		.battle {
			margin: 0 auto;
		}
		.battle-log {
			margin: 7px auto 0;
			max-width: 640px;
			height: 300px;
			position: static;
		}
	}
	.optgroup {
		display: inline-block;
		line-height: 22px;
		font-size: 10pt;
	}
	.optgroup .button {
		height: 25px;
		padding-top: 0;
		padding-bottom: 0;
	}
	.optgroup button.button {
		padding-left: 12px;
		padding-right: 12px;
	}
	.linklist {
		list-style: none;
		margin: 0.5em 0;
		padding: 0;
	}
	.linklist li {
		padding: 2px 0;
	}
	.sidebar {
		float: left;
		width: 320px;
	}
	.bar-wrapper {
		max-width: 1100px;
		margin: 0 auto;
	}
	.bar-wrapper.has-sidebar {
		max-width: 1430px;
	}
	.mainbar {
		margin: 0;
		padding-right: 1px;
	}
	.mainbar.has-sidebar {
		margin-left: 330px;
	}
	@media (min-width: 1511px) {
		.sidebar {
			width: 400px;
		}
		.bar-wrapper.has-sidebar {
			max-width: 1510px;
		}
		.mainbar.has-sidebar {
			margin-left: 410px;
		}
	}
	.section.first-section {
		margin-top: 9px;
	}
	.blocklink small {
		white-space: normal;
	}
	.button {
		vertical-align: middle;
	}
	.replay-controls {
		padding-top: 10px;
	}
	.replay-controls h1 {
		font-size: 16pt;
		font-weight: normal;
		color: #CCC;
	}
	.pagelink {
		text-align: center;
	}
	.pagelink a {
		width: 150px;
	}
	.textbox, .button {
		font-size: 11pt;
		vertical-align: middle;
	}
	@media (max-width: 450px) {
		.button {
			font-size: 9pt;
		}
	}
</style>

<div>

	<header>
		<div class="nav-wrapper"><ul class="nav">
			<li><a class="button nav-first" href="//pokemonshowdown.com/"><img src="//pokemonshowdown.com/images/pokemonshowdownbeta.png" srcset="//pokemonshowdown.com/images/pokemonshowdownbeta.png 1x, //pokemonshowdown.com/images/pokemonshowdownbeta@2x.png 2x" alt="Pok&eacute;mon Showdown" width="146" height="44" /> Home</a></li>
			<li><a class="button" href="//pokemonshowdown.com/dex/">Pok&eacute;dex</a></li>
			<li><a class="button cur" href="/">Replays</a></li>
			<li><a class="button" href="//pokemonshowdown.com/ladder/">Ladder</a></li>
			<li><a class="button nav-last" href="//pokemonshowdown.com/forums/">Forum</a></li>
			<li><a class="button greenbutton nav-first nav-last" href="//play.pokemonshowdown.com/">Play</a></li>
		</ul></div>
	</header>

	<div class="main" id="main">

		<noscript><section class="section">You need to enable JavaScript to use this page; sorry!</section></noscript>

	</div>

</div>

<script defer nomodule src="//play.pokemonshowdown.com/js/lib/ps-polyfill.js"></script>
<script defer src="//play.pokemonshowdown.com/js/lib/preact.min.js"></script>

<script defer src="//play.pokemonshowdown.com/config/config.js?6dec07f6"></script>
<script defer src="//play.pokemonshowdown.com/js/lib/jquery-1.11.0.min.js"></script>
<script defer src="//play.pokemonshowdown.com/js/lib/html-sanitizer-minified.js"></script>
<script defer src="//play.pokemonshowdown.com/js/battle-sound.js"></script>
<script defer src="//play.pokemonshowdown.com/js/battledata.js?0.6315294753075389"></script>
<script defer src="//play.pokemonshowdown.com/data/pokedex-mini.js?0.7603743185311358"></script>
<script defer src="//play.pokemonshowdown.com/data/pokedex-mini-bw.js?0.030888842834281283"></script>
<script defer src="//play.pokemonshowdown.com/data/graphics.js?0.05593094747507488"></script>
<script defer src="//play.pokemonshowdown.com/data/pokedex.js?0.47064822249611904"></script>
<script defer src="//play.pokemonshowdown.com/data/moves.js?0.8583693120512459"></script>
<script defer src="//play.pokemonshowdown.com/data/abilities.js?0.16017181182386842"></script>
<script defer src="//play.pokemonshowdown.com/data/items.js?0.4163379185673943"></script>
<script defer src="//play.pokemonshowdown.com/data/teambuilder-tables.js?0.31075597372830477"></script>
<script defer src="//play.pokemonshowdown.com/js/battle-tooltips.js?0.6536193500708172"></script>
<script defer src="//play.pokemonshowdown.com/js/battle.js?0.1916591943277901"></script>

<script defer src="js/utils.js?e31f9a17"></script>
<script defer src="js/replays-battle.js?7008c182"></script>

<!-- don't scrape this data! just add .json or .log after the URL!
Full API docs: https://github.com/smogon/pokemon-showdown-client/blob/master/WEB-API.md -->
<script type="text/plain" class="log" id="replaylog-smogtours-gen3ou-799081">
|inactive|Battle timer is ON: inactive players will automatically lose when time's up.
|t:|1729039240
|gametype|singles
|player|p1|drby|pokemonbreeder-gen4|
|player|p2|AC77|karen|
|teamsize|p1|6
|teamsize|p2|6
|gen|3
|tier|[Gen 3] OU
|rule|Sleep Clause Mod: Limit one foe put to sleep
|rule|Switch Priority Clause Mod: Faster Pokémon switch first
|rule|Species Clause: Limit one of each Pokémon
|rule|OHKO Clause: OHKO moves are banned
|rule|Evasion Items Clause: Evasion items are banned
|rule|Evasion Moves Clause: Evasion moves are banned
|rule|Endless Battle Clause: Forcing endless battles is banned
|rule|HP Percentage Mod: HP is shown in percentages
|rule|One Boost Passer Clause: Limit one Baton Passer that has a way to boost its stats
|rule|Freeze Clause Mod: Limit one foe frozen
|
|t:|1729039240
|start
|switch|p1a: Charizard|Charizard, F|100/100
|switch|p2a: Tyranitar|Tyranitar, M|100/100
|-weather|Sandstorm|[from] ability: Sand Stream|[of] p2a: Tyranitar
|turn|1
|inactive|AC77 also wants the timer to be on.
|c|☆AC77|hf
|c|☆drby|u2
|inactive|drby has 270 seconds left.
|inactive|AC77 has 270 seconds left.
|
|t:|1729039287
|-singleturn|p2a: Tyranitar|move: Focus Punch
|move|p1a: Charizard|Substitute|p1a: Charizard
|-start|p1a: Charizard|Substitute
|-damage|p1a: Charizard|76/100
|move|p2a: Tyranitar|Focus Punch|p1a: Charizard
|-resisted|p1a: Charizard
|-end|p1a: Charizard|Substitute
|
|-weather|Sandstorm|[upkeep]
|-damage|p1a: Charizard|70/100|[from] Sandstorm
|upkeep
|turn|2
|
|t:|1729039301
|-singleturn|p2a: Tyranitar|move: Focus Punch
|switch|p1a: Metagross|Metagross|100/100
|move|p2a: Tyranitar|Focus Punch|p1a: Metagross
|-crit|p1a: Metagross
|-damage|p1a: Metagross|7/100
|
|-weather|Sandstorm|[upkeep]
|-heal|p1a: Metagross|13/100|[from] item: Leftovers
|upkeep
|turn|3
|c|☆AC77|mb
|c|☆drby|np
|
|t:|1729039324
|switch|p2a: Skarmory|Skarmory, F|100/100
|move|p1a: Metagross|Explosion|p2a: Skarmory
|-resisted|p2a: Skarmory
|-damage|p2a: Skarmory|25/100
|faint|p1a: Metagross
|
|t:|1729039335
|switch|p1a: Gengar|Gengar, F, shiny|100/100
|
|-weather|Sandstorm|[upkeep]
|-damage|p1a: Gengar|94/100|[from] Sandstorm
|-heal|p1a: Gengar|100/100|[from] item: Leftovers
|-heal|p2a: Skarmory|31/100|[from] item: Leftovers
|upkeep
|turn|4
|
|t:|1729039343
|move|p2a: Skarmory|Protect|p2a: Skarmory
|-singleturn|p2a: Skarmory|Protect
|move|p1a: Gengar|Will-O-Wisp|p2a: Skarmory
|-activate|p2a: Skarmory|Protect
|
|-weather|Sandstorm|[upkeep]
|-damage|p1a: Gengar|94/100|[from] Sandstorm
|-heal|p1a: Gengar|100/100|[from] item: Leftovers
|-heal|p2a: Skarmory|37/100|[from] item: Leftovers
|upkeep
|turn|5
|
|t:|1729039373
|switch|p2a: Jolteon|Jolteon, F|100/100
|move|p1a: Gengar|Thunderbolt|p2a: Jolteon
|-immune|p2a: Jolteon|[from] ability: Volt Absorb
|
|-weather|Sandstorm|[upkeep]
|-damage|p2a: Jolteon|94/100|[from] Sandstorm
|-damage|p1a: Gengar|94/100|[from] Sandstorm
|-heal|p2a: Jolteon|100/100|[from] item: Leftovers
|-heal|p1a: Gengar|100/100|[from] item: Leftovers
|upkeep
|turn|6
|
|t:|1729039384
|switch|p1a: Celebi|Celebi|100/100
|move|p2a: Jolteon|Thunder Wave|p1a: Celebi
|-status|p1a: Celebi|par
|
|-weather|Sandstorm|[upkeep]
|-damage|p2a: Jolteon|94/100|[from] Sandstorm
|-damage|p1a: Celebi|94/100 par|[from] Sandstorm
|-heal|p2a: Jolteon|100/100|[from] item: Leftovers
|-heal|p1a: Celebi|100/100 par|[from] item: Leftovers
|upkeep
|turn|7
|
|t:|1729039391
|move|p2a: Jolteon|Baton Pass|p2a: Jolteon
|
|t:|1729039394
|switch|p2a: Tyranitar|Tyranitar, M|100/100|[from] Baton Pass
|move|p1a: Celebi|Giga Drain|p2a: Tyranitar
|-supereffective|p2a: Tyranitar
|-crit|p2a: Tyranitar
|-damage|p2a: Tyranitar|6/100
|
|-weather|Sandstorm|[upkeep]
|-damage|p1a: Celebi|94/100 par|[from] Sandstorm
|-heal|p2a: Tyranitar|13/100|[from] item: Leftovers
|-heal|p1a: Celebi|100/100 par|[from] item: Leftovers
|upkeep
|turn|8
|
|t:|1729039409
|-curestatus|p1a: Celebi|par|[from] ability: Natural Cure
|switch|p1a: Forretress|Forretress, M|100/100
|move|p2a: Tyranitar|Hidden Power|p1a: Forretress
|-resisted|p1a: Forretress
|-damage|p1a: Forretress|91/100
|
|-weather|Sandstorm|[upkeep]
|-heal|p2a: Tyranitar|19/100|[from] item: Leftovers
|-heal|p1a: Forretress|97/100|[from] item: Leftovers
|upkeep
|turn|9
|
|t:|1729039418
|-singleturn|p2a: Tyranitar|move: Focus Punch
|move|p1a: Forretress|Earthquake|p2a: Tyranitar
|-supereffective|p2a: Tyranitar
|-damage|p2a: Tyranitar|0 fnt
|faint|p2a: Tyranitar
|
|t:|1729039422
|switch|p2a: Gengar|Gengar, M|100/100
|
|-weather|Sandstorm|[upkeep]
|-damage|p2a: Gengar|95/100|[from] Sandstorm
|-heal|p2a: Gengar|100/100|[from] item: Leftovers
|-heal|p1a: Forretress|100/100|[from] item: Leftovers
|upkeep
|turn|10
|
|t:|1729039434
|switch|p1a: Milotic|Milotic, M, shiny|100/100
|move|p2a: Gengar|Will-O-Wisp|p1a: Milotic|[miss]
|-miss|p2a: Gengar|p1a: Milotic
|
|-weather|Sandstorm|[upkeep]
|-damage|p2a: Gengar|95/100|[from] Sandstorm
|-damage|p1a: Milotic|94/100|[from] Sandstorm
|-heal|p2a: Gengar|100/100|[from] item: Leftovers
|-heal|p1a: Milotic|100/100|[from] item: Leftovers
|upkeep
|turn|11
|
|t:|1729039441
|move|p2a: Gengar|Thunderbolt|p1a: Milotic
|-supereffective|p1a: Milotic
|-damage|p1a: Milotic|73/100
|move|p1a: Milotic|Surf|p2a: Gengar
|-damage|p2a: Gengar|62/100
|
|-weather|Sandstorm|[upkeep]
|-damage|p2a: Gengar|56/100|[from] Sandstorm
|-damage|p1a: Milotic|67/100|[from] Sandstorm
|-heal|p2a: Gengar|62/100|[from] item: Leftovers
|-heal|p1a: Milotic|73/100|[from] item: Leftovers
|upkeep
|turn|12
|
|t:|1729039451
|switch|p2a: Jolteon|Jolteon, F|100/100
|switch|p1a: Forretress|Forretress, M|100/100
|
|-weather|Sandstorm|[upkeep]
|-damage|p2a: Jolteon|94/100|[from] Sandstorm
|-heal|p2a: Jolteon|100/100|[from] item: Leftovers
|upkeep
|turn|13
|
|t:|1729039456
|move|p2a: Jolteon|Baton Pass|p2a: Jolteon
|
|t:|1729039458
|switch|p2a: Skarmory|Skarmory, F|37/100|[from] Baton Pass
|move|p1a: Forretress|Earthquake|p2a: Skarmory
|-immune|p2a: Skarmory
|
|-weather|Sandstorm|[upkeep]
|-heal|p2a: Skarmory|43/100|[from] item: Leftovers
|upkeep
|turn|14
|
|t:|1729039462
|move|p2a: Skarmory|Spikes|p1a: Forretress
|-sidestart|p1: drby|Spikes
|move|p1a: Forretress|Spikes|p2a: Skarmory
|-sidestart|p2: AC77|Spikes
|
|-weather|Sandstorm|[upkeep]
|-heal|p2a: Skarmory|49/100|[from] item: Leftovers
|upkeep
|turn|15
|
|t:|1729039465
|switch|p2a: Gengar|Gengar, M|62/100
|move|p1a: Forretress|Rapid Spin|p2a: Gengar
|-immune|p2a: Gengar
|
|-weather|Sandstorm|[upkeep]
|-damage|p2a: Gengar|56/100|[from] Sandstorm
|-heal|p2a: Gengar|62/100|[from] item: Leftovers
|upkeep
|turn|16
|
|t:|1729039469
|switch|p1a: Celebi|Celebi|100/100
|-damage|p1a: Celebi|88/100|[from] Spikes
|move|p2a: Gengar|Will-O-Wisp|p1a: Celebi
|-status|p1a: Celebi|brn
|
|-weather|Sandstorm|[upkeep]
|-damage|p2a: Gengar|56/100|[from] Sandstorm
|-damage|p1a: Celebi|82/100 brn|[from] Sandstorm
|-heal|p2a: Gengar|62/100|[from] item: Leftovers
|-heal|p1a: Celebi|88/100 brn|[from] item: Leftovers
|-damage|p1a: Celebi|76/100 brn|[from] brn
|upkeep
|turn|17
|
|t:|1729039475
|switch|p2a: Skarmory|Skarmory, F|49/100
|move|p1a: Celebi|Psychic|p2a: Skarmory
|-resisted|p2a: Skarmory
|-damage|p2a: Skarmory|29/100
|
|-weather|Sandstorm|[upkeep]
|-damage|p1a: Celebi|70/100 brn|[from] Sandstorm
|-heal|p1a: Celebi|76/100 brn|[from] item: Leftovers
|-damage|p1a: Celebi|64/100 brn|[from] brn
|-heal|p2a: Skarmory|35/100|[from] item: Leftovers
|upkeep
|turn|18
|
|t:|1729039484
|-curestatus|p1a: Celebi|brn|[from] ability: Natural Cure
|switch|p1a: Gengar|Gengar, F, shiny|100/100
|move|p2a: Skarmory|Spikes|p1a: Gengar
|-sidestart|p1: drby|Spikes
|
|-weather|Sandstorm|[upkeep]
|-damage|p1a: Gengar|94/100|[from] Sandstorm
|-heal|p1a: Gengar|100/100|[from] item: Leftovers
|-heal|p2a: Skarmory|41/100|[from] item: Leftovers
|upkeep
|turn|19
|
|t:|1729039488
|move|p2a: Skarmory|Protect|p2a: Skarmory
|-singleturn|p2a: Skarmory|Protect
|move|p1a: Gengar|Will-O-Wisp|p2a: Skarmory|[miss]
|-miss|p1a: Gengar|p2a: Skarmory
|
|-weather|Sandstorm|[upkeep]
|-damage|p1a: Gengar|94/100|[from] Sandstorm
|-heal|p1a: Gengar|100/100|[from] item: Leftovers
|-heal|p2a: Skarmory|47/100|[from] item: Leftovers
|upkeep
|turn|20
|
|t:|1729039497
|move|p1a: Gengar|Will-O-Wisp|p2a: Skarmory
|-status|p2a: Skarmory|brn
|move|p2a: Skarmory|Spikes|p1a: Gengar
|-sidestart|p1: drby|Spikes
|
|-weather|Sandstorm|[upkeep]
|-damage|p1a: Gengar|94/100|[from] Sandstorm
|-heal|p1a: Gengar|100/100|[from] item: Leftovers
|-heal|p2a: Skarmory|53/100 brn|[from] item: Leftovers
|-damage|p2a: Skarmory|41/100 brn|[from] brn
|upkeep
|turn|21
|
|t:|1729039504
|move|p1a: Gengar|Ice Punch|p2a: Skarmory
|-damage|p2a: Skarmory|19/100 brn
|move|p2a: Skarmory|Roar|p1a: Gengar
|drag|p1a: Forretress|Forretress, M|100/100
|-damage|p1a: Forretress|76/100|[from] Spikes
|
|-weather|Sandstorm|[upkeep]
|-heal|p2a: Skarmory|25/100 brn|[from] item: Leftovers
|-damage|p2a: Skarmory|13/100 brn|[from] brn
|-heal|p1a: Forretress|82/100|[from] item: Leftovers
|upkeep
|turn|22
|
|t:|1729039512
|switch|p2a: Gengar|Gengar, M|62/100
|move|p1a: Forretress|Spikes|p2a: Gengar
|-sidestart|p2: AC77|Spikes
|
|-weather|Sandstorm|[upkeep]
|-damage|p2a: Gengar|56/100|[from] Sandstorm
|-heal|p2a: Gengar|62/100|[from] item: Leftovers
|-heal|p1a: Forretress|88/100|[from] item: Leftovers
|upkeep
|turn|23
|
|t:|1729039518
|move|p2a: Gengar|Taunt|p1a: Forretress
|-start|p1a: Forretress|move: Taunt
|cant|p1a: Forretress|move: Taunt|Spikes
|
|-weather|Sandstorm|[upkeep]
|-damage|p2a: Gengar|56/100|[from] Sandstorm
|-heal|p2a: Gengar|62/100|[from] item: Leftovers
|-heal|p1a: Forretress|94/100|[from] item: Leftovers
|upkeep
|turn|24
|
|t:|1729039523
|switch|p1a: Gengar|Gengar, F, shiny|100/100
|move|p2a: Gengar|Will-O-Wisp|p1a: Gengar|[miss]
|-miss|p2a: Gengar|p1a: Gengar
|
|-weather|Sandstorm|[upkeep]
|-damage|p2a: Gengar|56/100|[from] Sandstorm
|-damage|p1a: Gengar|94/100|[from] Sandstorm
|-heal|p2a: Gengar|62/100|[from] item: Leftovers
|-heal|p1a: Gengar|100/100|[from] item: Leftovers
|upkeep
|turn|25
|
|t:|1729039536
|switch|p2a: Skarmory|Skarmory, F|13/100 brn
|move|p1a: Gengar|Ice Punch|p2a: Skarmory
|-damage|p2a: Skarmory|0 fnt
|faint|p2a: Skarmory
|
|t:|1729039539
|switch|p2a: Jolteon|Jolteon, F|100/100
|-damage|p2a: Jolteon|84/100|[from] Spikes
|
|-weather|Sandstorm|[upkeep]
|-damage|p2a: Jolteon|78/100|[from] Sandstorm
|-damage|p1a: Gengar|94/100|[from] Sandstorm
|-heal|p2a: Jolteon|84/100|[from] item: Leftovers
|-heal|p1a: Gengar|100/100|[from] item: Leftovers
|upkeep
|turn|26
|
|t:|1729039568
|move|p2a: Jolteon|Thunder Wave|p1a: Gengar
|-status|p1a: Gengar|par
|move|p1a: Gengar|Destiny Bond|p1a: Gengar
|-singlemove|p1a: Gengar|Destiny Bond
|
|-weather|Sandstorm|[upkeep]
|-damage|p2a: Jolteon|78/100|[from] Sandstorm
|-damage|p1a: Gengar|94/100 par|[from] Sandstorm
|-heal|p2a: Jolteon|84/100|[from] item: Leftovers
|-heal|p1a: Gengar|100/100 par|[from] item: Leftovers
|upkeep
|turn|27
|
|t:|1729039589
|move|p2a: Jolteon|Thunderbolt|p1a: Gengar
|-damage|p1a: Gengar|49/100 par
|move|p1a: Gengar|Will-O-Wisp|p2a: Jolteon
|-status|p2a: Jolteon|brn
|
|-weather|Sandstorm|[upkeep]
|-damage|p2a: Jolteon|78/100 brn|[from] Sandstorm
|-damage|p1a: Gengar|43/100 par|[from] Sandstorm
|-heal|p2a: Jolteon|84/100 brn|[from] item: Leftovers
|-damage|p2a: Jolteon|72/100 brn|[from] brn
|-heal|p1a: Gengar|49/100 par|[from] item: Leftovers
|upkeep
|turn|28
|
|t:|1729039609
|move|p2a: Jolteon|Thunderbolt|p1a: Gengar
|-damage|p1a: Gengar|5/100 par
|move|p1a: Gengar|Ice Punch|p2a: Jolteon
|-damage|p2a: Jolteon|46/100 brn
|
|-weather|Sandstorm|[upkeep]
|-damage|p2a: Jolteon|40/100 brn|[from] Sandstorm
|-damage|p1a: Gengar|0 fnt|[from] Sandstorm
|faint|p1a: Gengar
|-heal|p2a: Jolteon|46/100 brn|[from] item: Leftovers
|-damage|p2a: Jolteon|34/100 brn|[from] brn
|upkeep
|inactive|drby has 270 seconds left.
|
|t:|1729039620
|switch|p1a: Celebi|Celebi|64/100
|-damage|p1a: Celebi|39/100|[from] Spikes
|turn|29
|
|t:|1729039626
|move|p2a: Jolteon|Thunderbolt|p1a: Celebi
|-resisted|p1a: Celebi
|-damage|p1a: Celebi|21/100
|-status|p1a: Celebi|par
|move|p1a: Celebi|Psychic|p2a: Jolteon
|-crit|p2a: Jolteon
|-damage|p2a: Jolteon|0 fnt
|faint|p2a: Jolteon
|
|t:|1729039632
|switch|p2a: Gengar|Gengar, M|62/100
|
|-weather|Sandstorm|[upkeep]
|-damage|p2a: Gengar|56/100|[from] Sandstorm
|-damage|p1a: Celebi|15/100 par|[from] Sandstorm
|-heal|p2a: Gengar|62/100|[from] item: Leftovers
|-heal|p1a: Celebi|21/100 par|[from] item: Leftovers
|upkeep
|turn|30
|
|t:|1729039643
|move|p2a: Gengar|Ice Punch|p1a: Celebi
|-supereffective|p1a: Celebi
|-damage|p1a: Celebi|0 fnt
|faint|p1a: Celebi
|
|t:|1729039646
|switch|p1a: Milotic|Milotic, M, shiny|73/100
|-damage|p1a: Milotic|48/100|[from] Spikes
|
|-weather|Sandstorm|[upkeep]
|-damage|p2a: Gengar|56/100|[from] Sandstorm
|-damage|p1a: Milotic|42/100|[from] Sandstorm
|-heal|p2a: Gengar|62/100|[from] item: Leftovers
|-heal|p1a: Milotic|48/100|[from] item: Leftovers
|upkeep
|turn|31
|
|t:|1729039649
|move|p2a: Gengar|Taunt|p1a: Milotic
|-start|p1a: Milotic|move: Taunt
|cant|p1a: Milotic|move: Taunt|Recover
|
|-weather|Sandstorm|[upkeep]
|-damage|p2a: Gengar|56/100|[from] Sandstorm
|-damage|p1a: Milotic|42/100|[from] Sandstorm
|-heal|p2a: Gengar|62/100|[from] item: Leftovers
|-heal|p1a: Milotic|48/100|[from] item: Leftovers
|upkeep
|turn|32
|
|t:|1729039654
|move|p2a: Gengar|Thunderbolt|p1a: Milotic
|-supereffective|p1a: Milotic
|-damage|p1a: Milotic|19/100
|move|p1a: Milotic|Surf|p2a: Gengar
|-damage|p2a: Gengar|23/100
|
|-weather|Sandstorm|[upkeep]
|-damage|p2a: Gengar|17/100|[from] Sandstorm
|-damage|p1a: Milotic|13/100|[from] Sandstorm
|-heal|p2a: Gengar|23/100|[from] item: Leftovers
|-heal|p1a: Milotic|19/100|[from] item: Leftovers
|-end|p1a: Milotic|move: Taunt|[silent]
|upkeep
|turn|33
|
|t:|1729039662
|move|p2a: Gengar|Thunderbolt|p1a: Milotic
|-supereffective|p1a: Milotic
|-damage|p1a: Milotic|0 fnt
|faint|p1a: Milotic
|
|t:|1729039668
|switch|p1a: Charizard|Charizard, F|70/100
|
|-weather|Sandstorm|[upkeep]
|-damage|p2a: Gengar|17/100|[from] Sandstorm
|-damage|p1a: Charizard|63/100|[from] Sandstorm
|-heal|p2a: Gengar|23/100|[from] item: Leftovers
|upkeep
|turn|34
|
|t:|1729039670
|move|p2a: Gengar|Thunderbolt|p1a: Charizard
|-supereffective|p1a: Charizard
|-damage|p1a: Charizard|0 fnt
|faint|p1a: Charizard
|
|t:|1729039675
|switch|p1a: Forretress|Forretress, M|94/100
|-damage|p1a: Forretress|69/100|[from] Spikes
|
|-weather|Sandstorm|[upkeep]
|-damage|p2a: Gengar|17/100|[from] Sandstorm
|-heal|p2a: Gengar|23/100|[from] item: Leftovers
|-heal|p1a: Forretress|76/100|[from] item: Leftovers
|upkeep
|turn|35
|
|t:|1729039680
|move|p2a: Gengar|Will-O-Wisp|p1a: Forretress
|-status|p1a: Forretress|brn
|move|p1a: Forretress|Explosion|p2a: Gengar
|-immune|p2a: Gengar
|faint|p1a: Forretress
|
|win|AC77
|c|☆AC77|ggs
|c|☆drby|ggs
|player|p1|

</script>
<script type="application/json" class="data" id="replaydata-smogtours-gen3ou-799081">
{"id":"smogtours-gen3ou-799081","format":"[Gen 3] OU","players":["drby","AC77"],"uploadtime":1729039680,"views":125,"formatid":"gen3ou","rating":null,"private":1,"password":null}
</script>

<script defer src="js/replays.js?9d40a366"></script>
