<!DOCTYPE html>
<meta charset="utf-8" />
<meta name="viewport" content="width=device-width" />

<title>[Gen 3] OU: prof clue vs. Jfaun - Replays - Pok&eacute;mon Showdown!</title>

<meta name="description" content="Watch a replay of a Pok&eacute;mon battle between prof clue and Jfaun! Format: [Gen 3] OU; Date: Oct 11, 2024" />
<!--

Hey, you! Looking in the source for the replay log?

You can find them in JSON format, just add `.json` at the end of a replay URL.

https://replay.pokemonshowdown.com/gen7randomdoublesbattle-865046831.json

Or, if you only need the log itself, add `.log` instead:

https://replay.pokemonshowdown.com/gen7randomdoublesbattle-865046831.log

-->

<link rel="stylesheet" href="//pokemonshowdown.com/style/global.css?0.023195364461161105" />
<link rel="stylesheet" href="//play.pokemonshowdown.com/style/font-awesome.css?0.13261647063804238" />
<link rel="stylesheet" href="//play.pokemonshowdown.com/style/battle.css?0.8753245789963631" />
<link rel="stylesheet" href="//play.pokemonshowdown.com/style/utilichart.css?0.8627959624976733" />

<!-- Global site tag (gtag.js) - Google Analytics -->
<script async src="https://www.googletagmanager.com/gtag/js?id=UA-26211653-1"></script>
<script>
  window.dataLayer = window.dataLayer || [];
  function gtag(){dataLayer.push(arguments);}
  gtag('js', new Date());

  gtag('config', 'UA-26211653-1');
</script>
<!-- End Google Analytics -->
<!-- Venatus Ad Manager - Install in <HEAD> of page -->
	<script src="https://hb.vntsm.com/v3/live/ad-manager.min.js" type="text/javascript" data-site-id="642aba63ec9a7b11c3c9c1be" data-mode="scan" async></script>
<!-- / Venatus Ad Manager -->

<style>
	@media (max-width:820px) {
		.battle {
			margin: 0 auto;
		}
		.battle-log {
			margin: 7px auto 0;
			max-width: 640px;
			height: 300px;
			position: static;
		}
	}
	.optgroup {
		display: inline-block;
		line-height: 22px;
		font-size: 10pt;
	}
	.optgroup .button {
		height: 25px;
		padding-top: 0;
		padding-bottom: 0;
	}
	.optgroup button.button {
		padding-left: 12px;
		padding-right: 12px;
	}
	.linklist {
		list-style: none;
		margin: 0.5em 0;
		padding: 0;
	}
	.linklist li {
		padding: 2px 0;
	}
	.sidebar {
		float: left;
		width: 320px;
	}
	.bar-wrapper {
		max-width: 1100px;
		margin: 0 auto;
	}
	.bar-wrapper.has-sidebar {
		max-width: 1430px;
	}
	.mainbar {
		margin: 0;
		padding-right: 1px;
	}
	.mainbar.has-sidebar {
		margin-left: 330px;
	}
	@media (min-width: 1511px) {
		.sidebar {
			width: 400px;
		}
		.bar-wrapper.has-sidebar {
			max-width: 1510px;
		}
		.mainbar.has-sidebar {
			margin-left: 410px;
		}
	}
	.section.first-section {
		margin-top: 9px;
	}
	.blocklink small {
		white-space: normal;
	}
	.button {
		vertical-align: middle;
	}
	.replay-controls {
		padding-top: 10px;
	}
	.replay-controls h1 {
		font-size: 16pt;
		font-weight: normal;
		color: #CCC;
	}
	.pagelink {
		text-align: center;
	}
	.pagelink a {
		width: 150px;
	}
	.textbox, .button {
		font-size: 11pt;
		vertical-align: middle;
	}
	@media (max-width: 450px) {
		.button {
			font-size: 9pt;
		}
	}
</style>

<div>

	<header>
		<div class="nav-wrapper"><ul class="nav">
			<li><a class="button nav-first" href="//pokemonshowdown.com/"><img src="//pokemonshowdown.com/images/pokemonshowdownbeta.png" srcset="//pokemonshowdown.com/images/pokemonshowdownbeta.png 1x, //pokemonshowdown.com/images/pokemonshowdownbeta@2x.png 2x" alt="Pok&eacute;mon Showdown" width="146" height="44" /> Home</a></li>
			<li><a class="button" href="//pokemonshowdown.com/dex/">Pok&eacute;dex</a></li>
			<li><a class="button cur" href="/">Replays</a></li>
			<li><a class="button" href="//pokemonshowdown.com/ladder/">Ladder</a></li>
			<li><a class="button nav-last" href="//pokemonshowdown.com/forums/">Forum</a></li>
			<li><a class="button greenbutton nav-first nav-last" href="//play.pokemonshowdown.com/">Play</a></li>
		</ul></div>
	</header>

	<div class="main" id="main">

		<noscript><section class="section">You need to enable JavaScript to use this page; sorry!</section></noscript>

	</div>

</div>

<script defer nomodule src="//play.pokemonshowdown.com/js/lib/ps-polyfill.js"></script>
<script defer src="//play.pokemonshowdown.com/js/lib/preact.min.js"></script>

<script defer src="//play.pokemonshowdown.com/config/config.js?2bddbc15"></script>
<script defer src="//play.pokemonshowdown.com/js/lib/jquery-1.11.0.min.js"></script>
<script defer src="//play.pokemonshowdown.com/js/lib/html-sanitizer-minified.js"></script>
<script defer src="//play.pokemonshowdown.com/js/battle-sound.js"></script>
<script defer src="//play.pokemonshowdown.com/js/battledata.js?0.7209276989879541"></script>
<script defer src="//play.pokemonshowdown.com/data/pokedex-mini.js?0.6111056340867951"></script>
<script defer src="//play.pokemonshowdown.com/data/pokedex-mini-bw.js?0.3532142036491459"></script>
<script defer src="//play.pokemonshowdown.com/data/graphics.js?0.24223875632456182"></script>
<script defer src="//play.pokemonshowdown.com/data/pokedex.js?0.38839984266356864"></script>
<script defer src="//play.pokemonshowdown.com/data/moves.js?0.21866028504024015"></script>
<script defer src="//play.pokemonshowdown.com/data/abilities.js?0.2005157953846628"></script>
<script defer src="//play.pokemonshowdown.com/data/items.js?0.9894211263848525"></script>
<script defer src="//play.pokemonshowdown.com/data/teambuilder-tables.js?0.6008791140282215"></script>
<script defer src="//play.pokemonshowdown.com/js/battle-tooltips.js?0.7580118955022959"></script>
<script defer src="//play.pokemonshowdown.com/js/battle.js?0.6057722274234274"></script>

<script defer src="js/utils.js?e31f9a17"></script>
<script defer src="js/replays-battle.js?7008c182"></script>

<!-- don't scrape this data! just add .json or .log after the URL!
Full API docs: https://github.com/smogon/pokemon-showdown-client/blob/master/WEB-API.md -->
<script type="text/plain" class="log" id="replaylog-smogtours-gen3ou-797123">
|inactive|Battle timer is ON: inactive players will automatically lose when time's up.
|t:|1728615648
|gametype|singles
|player|p1|prof clue|ruinmaniac-gen3rs|
|player|p2|Jfaun|dawn-gen4pt|
|teamsize|p1|6
|teamsize|p2|6
|gen|3
|tier|[Gen 3] OU
|rule|Sleep Clause Mod: Limit one foe put to sleep
|rule|Switch Priority Clause Mod: Faster Pokémon switch first
|rule|Species Clause: Limit one of each Pokémon
|rule|OHKO Clause: OHKO moves are banned
|rule|Evasion Items Clause: Evasion items are banned
|rule|Evasion Moves Clause: Evasion moves are banned
|rule|Endless Battle Clause: Forcing endless battles is banned
|rule|HP Percentage Mod: HP is shown in percentages
|rule|One Boost Passer Clause: Limit one Baton Passer that has a way to boost its stats
|rule|Freeze Clause Mod: Limit one foe frozen
|
|t:|1728615648
|start
|switch|p1a: Blastem|Salamence, M|100/100
|switch|p2a: Tyranitar|Tyranitar, F, shiny|100/100
|-ability|p1a: Blastem|Intimidate|boost
|-unboost|p2a: Tyranitar|atk|1
|-weather|Sandstorm|[from] ability: Sand Stream|[of] p2a: Tyranitar
|turn|1
|c|☆Jfaun|gl hf!
|inactive|Jfaun has 270 seconds left.
|c|☆prof clue|yep, let's do our best!\
|
|t:|1728615685
|switch|p1a: Bluebellied|Tyranitar, M|100/100
|switch|p2a: Skarmory|Skarmory, F|100/100
|
|-weather|Sandstorm|[upkeep]
|upkeep
|turn|2
|
|t:|1728615705
|move|p2a: Skarmory|Spikes|p1a: Bluebellied
|-sidestart|p1: prof clue|Spikes
|move|p1a: Bluebellied|Fire Blast|p2a: Skarmory|[miss]
|-miss|p1a: Bluebellied|p2a: Skarmory
|
|-weather|Sandstorm|[upkeep]
|upkeep
|turn|3
|inactive|Jfaun has 270 seconds left.
|
|t:|1728615737
|switch|p2a: Suicune|Suicune|100/100
|switch|p1a: protag|Forretress, F, shiny|100/100
|-damage|p1a: protag|88/100|[from] Spikes
|
|-weather|Sandstorm|[upkeep]
|-damage|p2a: Suicune|94/100|[from] Sandstorm
|-heal|p2a: Suicune|100/100|[from] item: Leftovers
|-heal|p1a: protag|94/100|[from] item: Leftovers
|upkeep
|turn|4
|inactive|Jfaun has 270 seconds left.
|
|t:|1728615769
|switch|p1a: ralph|Blissey, F|100/100
|-damage|p1a: ralph|88/100|[from] Spikes
|move|p2a: Suicune|Surf|p1a: ralph
|-damage|p1a: ralph|77/100
|
|-weather|Sandstorm|[upkeep]
|-damage|p2a: Suicune|94/100|[from] Sandstorm
|-damage|p1a: ralph|71/100|[from] Sandstorm
|-heal|p2a: Suicune|100/100|[from] item: Leftovers
|-heal|p1a: ralph|77/100|[from] item: Leftovers
|upkeep
|turn|5
|inactive|Jfaun has 240 seconds left.
|
|t:|1728615791
|switch|p2a: Skarmory|Skarmory, F|100/100
|move|p1a: ralph|Toxic|p2a: Skarmory
|-immune|p2a: Skarmory
|
|-weather|Sandstorm|[upkeep]
|-damage|p1a: ralph|71/100|[from] Sandstorm
|-heal|p1a: ralph|77/100|[from] item: Leftovers
|upkeep
|turn|6
|inactive|Jfaun has 240 seconds left.
|
|t:|1728615814
|switch|p1a: protag|Forretress, F, shiny|94/100
|-damage|p1a: protag|82/100|[from] Spikes
|move|p2a: Skarmory|Roar|p1a: protag
|drag|p1a: ralph|Blissey, F|77/100
|-damage|p1a: ralph|65/100|[from] Spikes
|
|-weather|Sandstorm|[upkeep]
|-damage|p1a: ralph|58/100|[from] Sandstorm
|-heal|p1a: ralph|65/100|[from] item: Leftovers
|upkeep
|turn|7
|inactive|Jfaun has 240 seconds left.
|
|t:|1728615833
|switch|p2a: Zapdos|Zapdos|100/100
|move|p1a: ralph|Soft-Boiled|p1a: ralph
|-heal|p1a: ralph|100/100
|
|-weather|Sandstorm|[upkeep]
|-damage|p2a: Zapdos|94/100|[from] Sandstorm
|-damage|p1a: ralph|94/100|[from] Sandstorm
|-heal|p2a: Zapdos|100/100|[from] item: Leftovers
|-heal|p1a: ralph|100/100|[from] item: Leftovers
|upkeep
|turn|8
|inactive|Jfaun has 240 seconds left.
|
|t:|1728615846
|move|p2a: Zapdos|Baton Pass|p2a: Zapdos
|
|t:|1728615849
|switch|p2a: Skarmory|Skarmory, F|100/100|[from] Baton Pass
|move|p1a: ralph|Seismic Toss|p2a: Skarmory
|-damage|p2a: Skarmory|71/100
|
|-weather|Sandstorm|[upkeep]
|-damage|p1a: ralph|94/100|[from] Sandstorm
|-heal|p2a: Skarmory|77/100|[from] item: Leftovers
|-heal|p1a: ralph|100/100|[from] item: Leftovers
|upkeep
|turn|9
|inactive|prof clue has 270 seconds left.
|
|t:|1728615879
|switch|p1a: protag|Forretress, F, shiny|82/100
|-damage|p1a: protag|69/100|[from] Spikes
|move|p2a: Skarmory|Roar|p1a: protag
|drag|p1a: Bluebellied|Tyranitar, M|100/100
|-damage|p1a: Bluebellied|88/100|[from] Spikes
|
|-weather|Sandstorm|[upkeep]
|-heal|p2a: Skarmory|83/100|[from] item: Leftovers
|-heal|p1a: Bluebellied|94/100|[from] item: Leftovers
|upkeep
|turn|10
|inactive|prof clue has 270 seconds left.
|inactive|Jfaun has 240 seconds left.
|
|t:|1728615928
|switch|p2a: Tyranitar|Tyranitar, F, shiny|100/100
|move|p1a: Bluebellied|Fire Blast|p2a: Tyranitar|[miss]
|-miss|p1a: Bluebellied|p2a: Tyranitar
|
|-weather|Sandstorm|[upkeep]
|-heal|p1a: Bluebellied|99/100|[from] item: Leftovers
|upkeep
|turn|11
|
|t:|1728615945
|switch|p1a: Blastem|Salamence, M|100/100
|-ability|p1a: Blastem|Intimidate|boost
|-unboost|p2a: Tyranitar|atk|1
|move|p2a: Tyranitar|Earthquake|p1a: Blastem
|-immune|p1a: Blastem
|
|-weather|Sandstorm|[upkeep]
|-damage|p1a: Blastem|95/100|[from] Sandstorm
|-heal|p1a: Blastem|100/100|[from] item: Leftovers
|upkeep
|turn|12
|inactive|Jfaun has 210 seconds left.
|
|t:|1728615969
|switch|p2a: Suicune|Suicune|100/100
|move|p1a: Blastem|Brick Break|p2a: Suicune
|-damage|p2a: Suicune|89/100
|
|-weather|Sandstorm|[upkeep]
|-damage|p1a: Blastem|95/100|[from] Sandstorm
|-damage|p2a: Suicune|82/100|[from] Sandstorm
|-heal|p1a: Blastem|100/100|[from] item: Leftovers
|-heal|p2a: Suicune|89/100|[from] item: Leftovers
|upkeep
|turn|13
|inactive|Jfaun has 210 seconds left.
|
|t:|1728615985
|switch|p1a: ralph|Blissey, F|100/100
|-damage|p1a: ralph|88/100|[from] Spikes
|move|p2a: Suicune|Calm Mind|p2a: Suicune
|-boost|p2a: Suicune|spa|1
|-boost|p2a: Suicune|spd|1
|
|-weather|Sandstorm|[upkeep]
|-damage|p2a: Suicune|82/100|[from] Sandstorm
|-damage|p1a: ralph|82/100|[from] Sandstorm
|-heal|p2a: Suicune|89/100|[from] item: Leftovers
|-heal|p1a: ralph|88/100|[from] item: Leftovers
|upkeep
|turn|14
|inactive|Jfaun has 210 seconds left.
|
|t:|1728616002
|move|p2a: Suicune|Calm Mind|p2a: Suicune
|-boost|p2a: Suicune|spa|1
|-boost|p2a: Suicune|spd|1
|move|p1a: ralph|Toxic|p2a: Suicune
|-status|p2a: Suicune|tox
|
|-weather|Sandstorm|[upkeep]
|-damage|p2a: Suicune|82/100 tox|[from] Sandstorm
|-damage|p1a: ralph|82/100|[from] Sandstorm
|-heal|p2a: Suicune|89/100 tox|[from] item: Leftovers
|-damage|p2a: Suicune|82/100 tox|[from] psn
|-heal|p1a: ralph|88/100|[from] item: Leftovers
|upkeep
|turn|15
|inactive|Jfaun has 210 seconds left.
|
|t:|1728616020
|move|p1a: ralph|Seismic Toss|p2a: Suicune
|-damage|p2a: Suicune|57/100 tox
|move|p2a: Suicune|Roar|p1a: ralph
|drag|p1a: Blastem|Salamence, M|100/100
|-ability|p1a: Blastem|Intimidate|boost
|-unboost|p2a: Suicune|atk|1
|
|-weather|Sandstorm|[upkeep]
|-damage|p1a: Blastem|95/100|[from] Sandstorm
|-damage|p2a: Suicune|51/100 tox|[from] Sandstorm
|-heal|p1a: Blastem|100/100|[from] item: Leftovers
|-heal|p2a: Suicune|57/100 tox|[from] item: Leftovers
|-damage|p2a: Suicune|45/100 tox|[from] psn
|upkeep
|turn|16
|
|t:|1728616043
|switch|p1a: ralph|Blissey, F|88/100
|-damage|p1a: ralph|76/100|[from] Spikes
|move|p2a: Suicune|Rest|p2a: Suicune
|-status|p2a: Suicune|slp|[from] move: Rest
|-heal|p2a: Suicune|100/100 slp|[silent]
|
|-weather|Sandstorm|[upkeep]
|-damage|p2a: Suicune|94/100 slp|[from] Sandstorm
|-damage|p1a: ralph|69/100|[from] Sandstorm
|-heal|p2a: Suicune|100/100 slp|[from] item: Leftovers
|-heal|p1a: ralph|76/100|[from] item: Leftovers
|upkeep
|turn|17
|inactive|Jfaun has 210 seconds left.
|
|t:|1728616057
|switch|p1a: Blastem|Salamence, M|100/100
|-ability|p1a: Blastem|Intimidate|boost
|-unboost|p2a: Suicune|atk|1
|cant|p2a: Suicune|slp
|
|-weather|Sandstorm|[upkeep]
|-damage|p1a: Blastem|95/100|[from] Sandstorm
|-damage|p2a: Suicune|94/100 slp|[from] Sandstorm
|-heal|p1a: Blastem|100/100|[from] item: Leftovers
|-heal|p2a: Suicune|100/100 slp|[from] item: Leftovers
|upkeep
|turn|18
|inactive|Jfaun has 210 seconds left.
|
|t:|1728616072
|switch|p2a: Zapdos|Zapdos|100/100
|move|p1a: Blastem|Roar|p2a: Zapdos
|drag|p2a: Suicune|Suicune|100/100 slp
|
|-weather|Sandstorm|[upkeep]
|-damage|p1a: Blastem|95/100|[from] Sandstorm
|-damage|p2a: Suicune|94/100 slp|[from] Sandstorm
|-heal|p1a: Blastem|100/100|[from] item: Leftovers
|-heal|p2a: Suicune|100/100 slp|[from] item: Leftovers
|upkeep
|turn|19
|inactive|prof clue has 240 seconds left.
|
|t:|1728616104
|move|p1a: Blastem|Dragon Claw|p2a: Suicune
|-damage|p2a: Suicune|71/100 slp
|cant|p2a: Suicune|slp
|
|-weather|Sandstorm|[upkeep]
|-damage|p1a: Blastem|95/100|[from] Sandstorm
|-damage|p2a: Suicune|64/100 slp|[from] Sandstorm
|-heal|p1a: Blastem|100/100|[from] item: Leftovers
|-heal|p2a: Suicune|71/100 slp|[from] item: Leftovers
|upkeep
|turn|20
|inactive|Jfaun has 180 seconds left.
|
|t:|1728616130
|switch|p1a: ralph|Blissey, F|76/100
|-damage|p1a: ralph|63/100|[from] Spikes
|switch|p2a: Zapdos|Zapdos|100/100
|
|-weather|Sandstorm|[upkeep]
|-damage|p2a: Zapdos|94/100|[from] Sandstorm
|-damage|p1a: ralph|57/100|[from] Sandstorm
|-heal|p2a: Zapdos|100/100|[from] item: Leftovers
|-heal|p1a: ralph|63/100|[from] item: Leftovers
|upkeep
|turn|21
|inactive|Jfaun has 180 seconds left.
|
|t:|1728616151
|move|p2a: Zapdos|Baton Pass|p2a: Zapdos
|
|t:|1728616154
|switch|p2a: Suicune|Suicune|71/100 slp|[from] Baton Pass
|move|p1a: ralph|Soft-Boiled|p1a: ralph
|-heal|p1a: ralph|100/100
|
|-weather|Sandstorm|[upkeep]
|-damage|p2a: Suicune|64/100 slp|[from] Sandstorm
|-damage|p1a: ralph|94/100|[from] Sandstorm
|-heal|p2a: Suicune|71/100 slp|[from] item: Leftovers
|-heal|p1a: ralph|100/100|[from] item: Leftovers
|upkeep
|turn|22
|inactive|prof clue has 240 seconds left.
|inactive|Jfaun has 180 seconds left.
|
|t:|1728616182
|move|p1a: ralph|Seismic Toss|p2a: Suicune
|-damage|p2a: Suicune|46/100 slp
|-curestatus|p2a: Suicune|slp|[msg]
|move|p2a: Suicune|Roar|p1a: ralph
|drag|p1a: Bluebellied|Tyranitar, M|99/100
|-damage|p1a: Bluebellied|88/100|[from] Spikes
|
|-weather|Sandstorm|[upkeep]
|-damage|p2a: Suicune|39/100|[from] Sandstorm
|-heal|p2a: Suicune|46/100|[from] item: Leftovers
|-heal|p1a: Bluebellied|94/100|[from] item: Leftovers
|upkeep
|turn|23
|inactive|Jfaun has 180 seconds left.
|inactive|prof clue has 210 seconds left.
|inactive|prof clue has 180 seconds left.
|inactive|Jfaun has 150 seconds left.
|
|t:|1728616249
|switch|p2a: Aerodactyl|Aerodactyl, F|100/100
|move|p1a: Bluebellied|Crunch|p2a: Aerodactyl
|-damage|p2a: Aerodactyl|46/100
|
|-weather|Sandstorm|[upkeep]
|-heal|p1a: Bluebellied|99/100|[from] item: Leftovers
|upkeep
|turn|24
|
|t:|1728616267
|move|p2a: Aerodactyl|Substitute|p2a: Aerodactyl
|-start|p2a: Aerodactyl|Substitute
|-damage|p2a: Aerodactyl|21/100
|move|p1a: Bluebellied|Crunch|p2a: Aerodactyl
|-end|p2a: Aerodactyl|Substitute
|
|-weather|Sandstorm|[upkeep]
|-enditem|p2a: Aerodactyl|Liechi Berry|[eat]
|-boost|p2a: Aerodactyl|atk|1|[from] item: Liechi Berry
|-heal|p1a: Bluebellied|100/100|[from] item: Leftovers
|upkeep
|turn|25
|inactive|prof clue has 150 seconds left.
|
|t:|1728616293
|move|p2a: Aerodactyl|Rock Slide|p1a: Bluebellied
|-damage|p1a: Bluebellied|62/100
|move|p1a: Bluebellied|Crunch|p2a: Aerodactyl
|-damage|p2a: Aerodactyl|0 fnt
|faint|p2a: Aerodactyl
|
|t:|1728616306
|switch|p2a: Suicune|Suicune|46/100
|
|-weather|Sandstorm|[upkeep]
|-damage|p2a: Suicune|39/100|[from] Sandstorm
|-heal|p2a: Suicune|46/100|[from] item: Leftovers
|-heal|p1a: Bluebellied|68/100|[from] item: Leftovers
|upkeep
|turn|26
|inactive|prof clue has 150 seconds left.
|inactive|Jfaun has 120 seconds left.
|
|t:|1728616361
|switch|p1a: ralph|Blissey, F|100/100
|-damage|p1a: ralph|88/100|[from] Spikes
|move|p2a: Suicune|Surf|p1a: ralph
|-damage|p1a: ralph|77/100
|
|-weather|Sandstorm|[upkeep]
|-damage|p2a: Suicune|39/100|[from] Sandstorm
|-damage|p1a: ralph|71/100|[from] Sandstorm
|-heal|p2a: Suicune|46/100|[from] item: Leftovers
|-heal|p1a: ralph|77/100|[from] item: Leftovers
|upkeep
|turn|27
|inactive|prof clue has 150 seconds left.
|inactive|Jfaun has 90 seconds left.
|
|t:|1728616393
|switch|p2a: Skarmory|Skarmory, F|83/100
|move|p1a: ralph|Seismic Toss|p2a: Skarmory
|-damage|p2a: Skarmory|53/100
|
|-weather|Sandstorm|[upkeep]
|-damage|p1a: ralph|71/100|[from] Sandstorm
|-heal|p2a: Skarmory|59/100|[from] item: Leftovers
|-heal|p1a: ralph|77/100|[from] item: Leftovers
|upkeep
|turn|28
|inactive|prof clue has 150 seconds left.
|inactive|Jfaun has 90 seconds left.
|
|t:|1728616419
|move|p2a: Skarmory|Spikes|p1a: ralph
|-sidestart|p1: prof clue|Spikes
|move|p1a: ralph|Seismic Toss|p2a: Skarmory
|-damage|p2a: Skarmory|29/100
|
|-weather|Sandstorm|[upkeep]
|-damage|p1a: ralph|71/100|[from] Sandstorm
|-heal|p2a: Skarmory|35/100|[from] item: Leftovers
|-heal|p1a: ralph|77/100|[from] item: Leftovers
|upkeep
|turn|29
|
|t:|1728616437
|switch|p2a: Zapdos|Zapdos|100/100
|move|p1a: ralph|Seismic Toss|p2a: Zapdos
|-damage|p2a: Zapdos|69/100
|
|-weather|Sandstorm|[upkeep]
|-damage|p2a: Zapdos|63/100|[from] Sandstorm
|-damage|p1a: ralph|71/100|[from] Sandstorm
|-heal|p2a: Zapdos|69/100|[from] item: Leftovers
|-heal|p1a: ralph|77/100|[from] item: Leftovers
|upkeep
|turn|30
|
|t:|1728616451
|move|p2a: Zapdos|Thunder Wave|p1a: ralph
|-status|p1a: ralph|par
|cant|p1a: ralph|par
|
|-weather|Sandstorm|[upkeep]
|-damage|p2a: Zapdos|63/100|[from] Sandstorm
|-damage|p1a: ralph|71/100 par|[from] Sandstorm
|-heal|p2a: Zapdos|69/100|[from] item: Leftovers
|-heal|p1a: ralph|77/100 par|[from] item: Leftovers
|upkeep
|turn|31
|inactive|prof clue has 120 seconds left.
|inactive|Jfaun has 60 seconds left.
|
|t:|1728616493
|-curestatus|p1a: ralph|par|[from] ability: Natural Cure
|switch|p1a: Bwm|Jirachi|100/100
|-damage|p1a: Bwm|84/100|[from] Spikes
|move|p2a: Zapdos|Thunder Wave|p1a: Bwm
|-status|p1a: Bwm|par
|
|-weather|Sandstorm|[upkeep]
|-damage|p2a: Zapdos|63/100|[from] Sandstorm
|-heal|p2a: Zapdos|69/100|[from] item: Leftovers
|-heal|p1a: Bwm|90/100 par|[from] item: Leftovers
|upkeep
|turn|32
|inactive|prof clue has 120 seconds left.
|inactive|Jfaun has 30 seconds left.
|
|t:|1728616525
|switch|p1a: ralph|Blissey, F|77/100
|-damage|p1a: ralph|60/100|[from] Spikes
|move|p2a: Zapdos|Thunderbolt|p1a: ralph
|-damage|p1a: ralph|42/100
|
|-weather|Sandstorm|[upkeep]
|-damage|p2a: Zapdos|63/100|[from] Sandstorm
|-damage|p1a: ralph|36/100|[from] Sandstorm
|-heal|p2a: Zapdos|69/100|[from] item: Leftovers
|-heal|p1a: ralph|42/100|[from] item: Leftovers
|upkeep
|turn|33
|
|t:|1728616539
|switch|p2a: Tyranitar|Tyranitar, F, shiny|100/100
|move|p1a: ralph|Toxic|p2a: Tyranitar
|-status|p2a: Tyranitar|tox
|
|-weather|Sandstorm|[upkeep]
|-damage|p1a: ralph|36/100|[from] Sandstorm
|-heal|p1a: ralph|42/100|[from] item: Leftovers
|-damage|p2a: Tyranitar|94/100 tox|[from] psn
|upkeep
|turn|34
|inactive|Jfaun has 30 seconds left.
|
|t:|1728616561
|move|p1a: ralph|Soft-Boiled|p1a: ralph
|-heal|p1a: ralph|92/100
|move|p2a: Tyranitar|Rock Slide|p1a: ralph
|-damage|p1a: ralph|54/100
|
|-weather|Sandstorm|[upkeep]
|-damage|p1a: ralph|48/100|[from] Sandstorm
|-heal|p1a: ralph|54/100|[from] item: Leftovers
|-heal|p2a: Tyranitar|100/100 tox|[from] item: Leftovers
|-damage|p2a: Tyranitar|88/100 tox|[from] psn
|upkeep
|turn|35
|inactive|Jfaun has 30 seconds left.
|inactive|Jfaun has 20 seconds left.
|inactive|Jfaun has 15 seconds left.
|
|t:|1728616586
|switch|p2a: Zapdos|Zapdos|69/100
|move|p1a: ralph|Counter|p2a: Zapdos
|
|-weather|Sandstorm|[upkeep]
|-damage|p2a: Zapdos|63/100|[from] Sandstorm
|-damage|p1a: ralph|48/100|[from] Sandstorm
|-heal|p2a: Zapdos|69/100|[from] item: Leftovers
|-heal|p1a: ralph|54/100|[from] item: Leftovers
|upkeep
|turn|36
|inactive|Jfaun has 25 seconds left this turn.
|
|t:|1728616596
|move|p2a: Zapdos|Thunder Wave|p1a: ralph
|-status|p1a: ralph|par
|move|p1a: ralph|Soft-Boiled|p1a: ralph
|-heal|p1a: ralph|100/100 par
|
|-weather|Sandstorm|[upkeep]
|-damage|p2a: Zapdos|63/100|[from] Sandstorm
|-damage|p1a: ralph|94/100 par|[from] Sandstorm
|-heal|p2a: Zapdos|69/100|[from] item: Leftovers
|-heal|p1a: ralph|100/100 par|[from] item: Leftovers
|upkeep
|turn|37
|inactive|Jfaun has 30 seconds left.
|
|t:|1728616609
|switch|p2a: Tyranitar|Tyranitar, F, shiny|88/100 tox
|move|p1a: ralph|Toxic|p2a: Tyranitar
|-fail|p2a: Tyranitar|tox
|
|-weather|Sandstorm|[upkeep]
|-damage|p1a: ralph|94/100 par|[from] Sandstorm
|-heal|p2a: Tyranitar|94/100 tox|[from] item: Leftovers
|-damage|p2a: Tyranitar|88/100 tox|[from] psn
|-heal|p1a: ralph|100/100 par|[from] item: Leftovers
|upkeep
|turn|38
|
|t:|1728616622
|move|p2a: Tyranitar|Dragon Dance|p2a: Tyranitar
|-boost|p2a: Tyranitar|atk|1
|-boost|p2a: Tyranitar|spe|1
|cant|p1a: ralph|par
|
|-weather|Sandstorm|[upkeep]
|-damage|p1a: ralph|94/100 par|[from] Sandstorm
|-heal|p2a: Tyranitar|94/100 tox|[from] item: Leftovers
|-damage|p2a: Tyranitar|82/100 tox|[from] psn
|-heal|p1a: ralph|100/100 par|[from] item: Leftovers
|upkeep
|turn|39
|
|t:|1728616636
|move|p2a: Tyranitar|Dragon Dance|p2a: Tyranitar
|-boost|p2a: Tyranitar|atk|1
|-boost|p2a: Tyranitar|spe|1
|move|p1a: ralph|Soft-Boiled||[still]
|-fail|p1a: ralph|heal
|
|-weather|Sandstorm|[upkeep]
|-damage|p1a: ralph|94/100 par|[from] Sandstorm
|-heal|p2a: Tyranitar|88/100 tox|[from] item: Leftovers
|-damage|p2a: Tyranitar|70/100 tox|[from] psn
|-heal|p1a: ralph|100/100 par|[from] item: Leftovers
|upkeep
|turn|40
|
|t:|1728616647
|move|p2a: Tyranitar|Dragon Dance|p2a: Tyranitar
|-boost|p2a: Tyranitar|atk|1
|-boost|p2a: Tyranitar|spe|1
|cant|p1a: ralph|par
|
|-weather|Sandstorm|[upkeep]
|-damage|p1a: ralph|94/100 par|[from] Sandstorm
|-heal|p2a: Tyranitar|76/100 tox|[from] item: Leftovers
|-damage|p2a: Tyranitar|51/100 tox|[from] psn
|-heal|p1a: ralph|100/100 par|[from] item: Leftovers
|upkeep
|turn|41
|
|t:|1728616657
|move|p2a: Tyranitar|Rock Slide|p1a: ralph
|-damage|p1a: ralph|2/100 par
|move|p1a: ralph|Soft-Boiled|p1a: ralph
|-heal|p1a: ralph|52/100 par
|
|-weather|Sandstorm|[upkeep]
|-damage|p1a: ralph|46/100 par|[from] Sandstorm
|-heal|p2a: Tyranitar|57/100 tox|[from] item: Leftovers
|-damage|p2a: Tyranitar|26/100 tox|[from] psn
|-heal|p1a: ralph|52/100 par|[from] item: Leftovers
|upkeep
|turn|42
|inactive|prof clue has 120 seconds left.
|
|t:|1728616669
|move|p2a: Tyranitar|Rock Slide|p1a: ralph
|-damage|p1a: ralph|0 fnt
|faint|p1a: ralph
|
|t:|1728616673
|switch|p1a: Bwm|Jirachi|90/100 par
|-damage|p1a: Bwm|74/100 par|[from] Spikes
|
|-weather|Sandstorm|[upkeep]
|-heal|p2a: Tyranitar|32/100 tox|[from] item: Leftovers
|-damage|p2a: Tyranitar|0 fnt|[from] psn
|faint|p2a: Tyranitar
|-heal|p1a: Bwm|80/100 par|[from] item: Leftovers
|upkeep
|inactive|Jfaun has 60 seconds left.
|
|t:|1728616682
|switch|p2a: Blissey|Blissey, F|100/100
|turn|43
|
|t:|1728616692
|move|p2a: Blissey|Seismic Toss|p1a: Bwm
|-damage|p1a: Bwm|55/100 par
|move|p1a: Bwm|Toxic|p2a: Blissey
|-status|p2a: Blissey|tox
|
|-weather|Sandstorm|[upkeep]
|-damage|p2a: Blissey|94/100 tox|[from] Sandstorm
|-heal|p2a: Blissey|100/100 tox|[from] item: Leftovers
|-damage|p2a: Blissey|94/100 tox|[from] psn
|-heal|p1a: Bwm|61/100 par|[from] item: Leftovers
|upkeep
|turn|44
|
|t:|1728616706
|switch|p1a: protag|Forretress, F, shiny|69/100
|-damage|p1a: protag|53/100|[from] Spikes
|move|p2a: Blissey|Seismic Toss|p1a: protag
|-damage|p1a: protag|25/100
|
|-weather|Sandstorm|[upkeep]
|-damage|p2a: Blissey|88/100 tox|[from] Sandstorm
|-heal|p2a: Blissey|94/100 tox|[from] item: Leftovers
|-damage|p2a: Blissey|82/100 tox|[from] psn
|-heal|p1a: protag|31/100|[from] item: Leftovers
|upkeep
|turn|45
|
|t:|1728616719
|move|p2a: Blissey|Thunder Wave|p1a: protag
|-status|p1a: protag|par
|move|p1a: protag|Spikes|p2a: Blissey
|-sidestart|p2: Jfaun|Spikes
|
|-weather|Sandstorm|[upkeep]
|-damage|p2a: Blissey|76/100 tox|[from] Sandstorm
|-heal|p2a: Blissey|82/100 tox|[from] item: Leftovers
|-damage|p2a: Blissey|64/100 tox|[from] psn
|-heal|p1a: protag|37/100 par|[from] item: Leftovers
|upkeep
|turn|46
|inactive|Jfaun has 60 seconds left.
|
|t:|1728616753
|-curestatus|p2a: Blissey|tox|[from] ability: Natural Cure
|switch|p2a: Zapdos|Zapdos|69/100
|move|p1a: protag|Explosion|p2a: Zapdos
|-damage|p2a: Zapdos|0 fnt
|faint|p1a: protag
|faint|p2a: Zapdos
|inactive|Jfaun has 60 seconds left.
|
|t:|1728616786
|switch|p2a: Blissey|Blissey, F|64/100
|switch|p1a: house plant|Aerodactyl, M|100/100
|-damage|p2a: Blissey|51/100|[from] Spikes
|
|-weather|Sandstorm|[upkeep]
|-damage|p2a: Blissey|45/100|[from] Sandstorm
|-heal|p2a: Blissey|51/100|[from] item: Leftovers
|upkeep
|turn|47
|
|t:|1728616799
|move|p1a: house plant|Rock Slide|p2a: Blissey
|-damage|p2a: Blissey|7/100
|cant|p2a: Blissey|flinch
|
|-weather|Sandstorm|[upkeep]
|-damage|p2a: Blissey|1/100|[from] Sandstorm
|-heal|p2a: Blissey|7/100|[from] item: Leftovers
|upkeep
|turn|48
|
|t:|1728616807
|move|p1a: house plant|Rock Slide|p2a: Blissey
|-damage|p2a: Blissey|0 fnt
|faint|p2a: Blissey
|
|t:|1728616809
|switch|p2a: Suicune|Suicune|46/100
|-damage|p2a: Suicune|33/100|[from] Spikes
|
|-weather|Sandstorm|[upkeep]
|-damage|p2a: Suicune|27/100|[from] Sandstorm
|-heal|p2a: Suicune|33/100|[from] item: Leftovers
|upkeep
|turn|49
|inactive|Jfaun has 60 seconds left.
|
|t:|1728616829
|move|p1a: house plant|Rock Slide|p2a: Suicune
|-damage|p2a: Suicune|3/100
|cant|p2a: Suicune|flinch
|
|-weather|Sandstorm|[upkeep]
|-damage|p2a: Suicune|0 fnt|[from] Sandstorm
|faint|p2a: Suicune
|upkeep
|
|t:|1728616832
|switch|p2a: Skarmory|Skarmory, F|35/100
|turn|50
|c|☆Jfaun|gg
|
|t:|1728616839
|move|p1a: house plant|Rock Slide|p2a: Skarmory
|-damage|p2a: Skarmory|6/100
|cant|p2a: Skarmory|flinch
|
|-weather|Sandstorm|[upkeep]
|-heal|p2a: Skarmory|12/100|[from] item: Leftovers
|upkeep
|turn|51
|inactive|prof clue has 150 seconds left.
|c|☆prof clue|gg sorry for the flinches
|
|t:|1728616850
|move|p1a: house plant|Rock Slide|p2a: Skarmory
|-damage|p2a: Skarmory|0 fnt
|faint|p2a: Skarmory
|
|win|prof clue
|c|☆Jfaun|it happens lol
|player|p2|

</script>
<script type="application/json" class="data" id="replaydata-smogtours-gen3ou-797123">
{"id":"smogtours-gen3ou-797123","format":"[Gen 3] OU","players":["prof clue","Jfaun"],"uploadtime":1728616850,"views":92,"formatid":"gen3ou","rating":null,"private":0,"password":null}
</script>

<script defer src="js/replays.js?9d40a366"></script>
