<!DOCTYPE html>
<meta charset="utf-8" />
<meta name="viewport" content="width=device-width" />

<title>[Gen 3] OU: tempokin vs. witgiz - Replays - Pok&eacute;mon Showdown!</title>

<meta name="description" content="Watch a replay of a Pok&eacute;mon battle between tempokin and witgiz! Format: [Gen 3] OU; Date: Oct 26, 2024" />
<!--

Hey, you! Looking in the source for the replay log?

You can find them in JSON format, just add `.json` at the end of a replay URL.

https://replay.pokemonshowdown.com/gen7randomdoublesbattle-865046831.json

Or, if you only need the log itself, add `.log` instead:

https://replay.pokemonshowdown.com/gen7randomdoublesbattle-865046831.log

-->

<link rel="stylesheet" href="//pokemonshowdown.com/style/global.css?0.023195364461161105" />
<link rel="stylesheet" href="//play.pokemonshowdown.com/style/font-awesome.css?0.13261647063804238" />
<link rel="stylesheet" href="//play.pokemonshowdown.com/style/battle.css?0.8753245789963631" />
<link rel="stylesheet" href="//play.pokemonshowdown.com/style/utilichart.css?0.8627959624976733" />

<!-- Global site tag (gtag.js) - Google Analytics -->
<script async src="https://www.googletagmanager.com/gtag/js?id=UA-26211653-1"></script>
<script>
  window.dataLayer = window.dataLayer || [];
  function gtag(){dataLayer.push(arguments);}
  gtag('js', new Date());

  gtag('config', 'UA-26211653-1');
</script>
<!-- End Google Analytics -->
<!-- Venatus Ad Manager - Install in <HEAD> of page -->
	<script src="https://hb.vntsm.com/v3/live/ad-manager.min.js" type="text/javascript" data-site-id="642aba63ec9a7b11c3c9c1be" data-mode="scan" async></script>
<!-- / Venatus Ad Manager -->

<style>
	@media (max-width:820px) {
		.battle {
			margin: 0 auto;
		}
		.battle-log {
			margin: 7px auto 0;
			max-width: 640px;
			height: 300px;
			position: static;
		}
	}
	.optgroup {
		display: inline-block;
		line-height: 22px;
		font-size: 10pt;
	}
	.optgroup .button {
		height: 25px;
		padding-top: 0;
		padding-bottom: 0;
	}
	.optgroup button.button {
		padding-left: 12px;
		padding-right: 12px;
	}
	.linklist {
		list-style: none;
		margin: 0.5em 0;
		padding: 0;
	}
	.linklist li {
		padding: 2px 0;
	}
	.sidebar {
		float: left;
		width: 320px;
	}
	.bar-wrapper {
		max-width: 1100px;
		margin: 0 auto;
	}
	.bar-wrapper.has-sidebar {
		max-width: 1430px;
	}
	.mainbar {
		margin: 0;
		padding-right: 1px;
	}
	.mainbar.has-sidebar {
		margin-left: 330px;
	}
	@media (min-width: 1511px) {
		.sidebar {
			width: 400px;
		}
		.bar-wrapper.has-sidebar {
			max-width: 1510px;
		}
		.mainbar.has-sidebar {
			margin-left: 410px;
		}
	}
	.section.first-section {
		margin-top: 9px;
	}
	.blocklink small {
		white-space: normal;
	}
	.button {
		vertical-align: middle;
	}
	.replay-controls {
		padding-top: 10px;
	}
	.replay-controls h1 {
		font-size: 16pt;
		font-weight: normal;
		color: #CCC;
	}
	.pagelink {
		text-align: center;
	}
	.pagelink a {
		width: 150px;
	}
	.textbox, .button {
		font-size: 11pt;
		vertical-align: middle;
	}
	@media (max-width: 450px) {
		.button {
			font-size: 9pt;
		}
	}
</style>

<div>

	<header>
		<div class="nav-wrapper"><ul class="nav">
			<li><a class="button nav-first" href="//pokemonshowdown.com/"><img src="//pokemonshowdown.com/images/pokemonshowdownbeta.png" srcset="//pokemonshowdown.com/images/pokemonshowdownbeta.png 1x, //pokemonshowdown.com/images/pokemonshowdownbeta@2x.png 2x" alt="Pok&eacute;mon Showdown" width="146" height="44" /> Home</a></li>
			<li><a class="button" href="//pokemonshowdown.com/dex/">Pok&eacute;dex</a></li>
			<li><a class="button cur" href="/">Replays</a></li>
			<li><a class="button" href="//pokemonshowdown.com/ladder/">Ladder</a></li>
			<li><a class="button nav-last" href="//pokemonshowdown.com/forums/">Forum</a></li>
			<li><a class="button greenbutton nav-first nav-last" href="//play.pokemonshowdown.com/">Play</a></li>
		</ul></div>
	</header>

	<div class="main" id="main">

		<noscript><section class="section">You need to enable JavaScript to use this page; sorry!</section></noscript>

	</div>

</div>

<script defer nomodule src="//play.pokemonshowdown.com/js/lib/ps-polyfill.js"></script>
<script defer src="//play.pokemonshowdown.com/js/lib/preact.min.js"></script>

<script defer src="//play.pokemonshowdown.com/config/config.js?2bddbc15"></script>
<script defer src="//play.pokemonshowdown.com/js/lib/jquery-1.11.0.min.js"></script>
<script defer src="//play.pokemonshowdown.com/js/lib/html-sanitizer-minified.js"></script>
<script defer src="//play.pokemonshowdown.com/js/battle-sound.js"></script>
<script defer src="//play.pokemonshowdown.com/js/battledata.js?0.7209276989879541"></script>
<script defer src="//play.pokemonshowdown.com/data/pokedex-mini.js?0.6111056340867951"></script>
<script defer src="//play.pokemonshowdown.com/data/pokedex-mini-bw.js?0.3532142036491459"></script>
<script defer src="//play.pokemonshowdown.com/data/graphics.js?0.24223875632456182"></script>
<script defer src="//play.pokemonshowdown.com/data/pokedex.js?0.38839984266356864"></script>
<script defer src="//play.pokemonshowdown.com/data/moves.js?0.21866028504024015"></script>
<script defer src="//play.pokemonshowdown.com/data/abilities.js?0.2005157953846628"></script>
<script defer src="//play.pokemonshowdown.com/data/items.js?0.9894211263848525"></script>
<script defer src="//play.pokemonshowdown.com/data/teambuilder-tables.js?0.6008791140282215"></script>
<script defer src="//play.pokemonshowdown.com/js/battle-tooltips.js?0.7580118955022959"></script>
<script defer src="//play.pokemonshowdown.com/js/battle.js?0.6057722274234274"></script>

<script defer src="js/utils.js?e31f9a17"></script>
<script defer src="js/replays-battle.js?7008c182"></script>

<!-- don't scrape this data! just add .json or .log after the URL!
Full API docs: https://github.com/smogon/pokemon-showdown-client/blob/master/WEB-API.md -->
<script type="text/plain" class="log" id="replaylog-smogtours-gen3ou-802303">
|inactive|Battle timer is ON: inactive players will automatically lose when time's up.
|t:|1729976325
|gametype|singles
|player|p1|tempokin|steven-masters|
|player|p2|witgiz|linebacker|
|teamsize|p1|6
|teamsize|p2|6
|gen|3
|tier|[Gen 3] OU
|rule|Sleep Clause Mod: Limit one foe put to sleep
|rule|Switch Priority Clause Mod: Faster Pokémon switch first
|rule|Species Clause: Limit one of each Pokémon
|rule|OHKO Clause: OHKO moves are banned
|rule|Evasion Items Clause: Evasion items are banned
|rule|Evasion Moves Clause: Evasion moves are banned
|rule|Endless Battle Clause: Forcing endless battles is banned
|rule|HP Percentage Mod: HP is shown in percentages
|rule|One Boost Passer Clause: Limit one Baton Passer that has a way to boost its stats
|rule|Freeze Clause Mod: Limit one foe frozen
|
|t:|1729976325
|start
|switch|p1a: Salamence|Salamence, M|100/100
|switch|p2a: 354Hamtaro|Dugtrio, F|100/100
|-ability|p1a: Salamence|Intimidate|boost
|-unboost|p2a: 354Hamtaro|atk|1
|turn|1
|
|t:|1729976347
|switch|p2a: NoOneAtAII|Zapdos|100/100
|move|p1a: Salamence|Fire Blast|p2a: NoOneAtAII
|-damage|p2a: NoOneAtAII|50/100
|
|-heal|p2a: NoOneAtAII|56/100|[from] item: Leftovers
|upkeep
|turn|2
|c|☆tempokin|to think id bring dusclops
|
|t:|1729976363
|switch|p1a: Steelix|Steelix, F|100/100
|move|p2a: NoOneAtAII|Hidden Power|p1a: Steelix
|-damage|p1a: Steelix|75/100
|
|-heal|p2a: NoOneAtAII|63/100|[from] item: Leftovers
|-heal|p1a: Steelix|82/100|[from] item: Leftovers
|upkeep
|turn|3
|c|☆tempokin|foolish
|
|t:|1729976380
|move|p2a: NoOneAtAII|Baton Pass|p2a: NoOneAtAII
|
|t:|1729976384
|switch|p2a: TheGoatWhisperer61|Celebi|100/100|[from] Baton Pass
|move|p1a: Steelix|Toxic|p2a: TheGoatWhisperer61
|-status|p2a: TheGoatWhisperer61|tox
|
|-damage|p2a: TheGoatWhisperer61|94/100 tox|[from] psn
|-heal|p1a: Steelix|88/100|[from] item: Leftovers
|upkeep
|turn|4
|
|t:|1729976391
|switch|p1a: Roselia|Roselia, M|100/100
|move|p2a: TheGoatWhisperer61|Calm Mind|p2a: TheGoatWhisperer61
|-boost|p2a: TheGoatWhisperer61|spa|1
|-boost|p2a: TheGoatWhisperer61|spd|1
|
|-heal|p2a: TheGoatWhisperer61|100/100 tox|[from] item: Leftovers
|-damage|p2a: TheGoatWhisperer61|88/100 tox|[from] psn
|upkeep
|turn|5
|
|t:|1729976398
|move|p2a: TheGoatWhisperer61|Baton Pass|p2a: TheGoatWhisperer61
|
|t:|1729976402
|-curestatus|p2a: TheGoatWhisperer61|tox|[from] ability: Natural Cure
|switch|p2a: mahnemsjef|Gengar, F|100/100|[from] Baton Pass
|move|p1a: Roselia|Spikes|p2a: mahnemsjef
|-sidestart|p2: witgiz|Spikes
|
|upkeep
|turn|6
|
|t:|1729976410
|move|p2a: mahnemsjef|Ice Punch|p1a: Roselia
|-supereffective|p1a: Roselia
|-damage|p1a: Roselia|0 fnt
|faint|p1a: Roselia
|c|☆tempokin|roselia did it
|
|t:|1729976418
|switch|p1a: Tyranitar|Tyranitar, M|100/100
|-weather|Sandstorm|[from] ability: Sand Stream|[of] p1a: Tyranitar
|
|-weather|Sandstorm|[upkeep]
|-damage|p2a: mahnemsjef|94/100|[from] Sandstorm
|-heal|p2a: mahnemsjef|100/100|[from] item: Leftovers
|upkeep
|turn|7
|c|☆witgiz|eveyr rose has its thorn
|inactive|witgiz has 270 seconds left.
|inactive|witgiz has 240 seconds left.
|
|t:|1729976485
|move|p2a: mahnemsjef|Hidden Power|p1a: Tyranitar
|-supereffective|p1a: Tyranitar
|-damage|p1a: Tyranitar|36/100
|move|p1a: Tyranitar|Crunch|p2a: mahnemsjef
|-supereffective|p2a: mahnemsjef
|-damage|p2a: mahnemsjef|28/100
|
|-weather|Sandstorm|[upkeep]
|-damage|p2a: mahnemsjef|22/100|[from] Sandstorm
|-heal|p2a: mahnemsjef|28/100|[from] item: Leftovers
|-heal|p1a: Tyranitar|42/100|[from] item: Leftovers
|upkeep
|turn|8
|
|t:|1729976502
|move|p2a: mahnemsjef|Hidden Power|p1a: Tyranitar
|-supereffective|p1a: Tyranitar
|-damage|p1a: Tyranitar|0 fnt
|faint|p1a: Tyranitar
|
|t:|1729976510
|switch|p1a: Gengar|Gengar, M|100/100
|
|-weather|Sandstorm|[upkeep]
|-damage|p2a: mahnemsjef|22/100|[from] Sandstorm
|-damage|p1a: Gengar|95/100|[from] Sandstorm
|-heal|p2a: mahnemsjef|28/100|[from] item: Leftovers
|-heal|p1a: Gengar|100/100|[from] item: Leftovers
|upkeep
|turn|9
|
|t:|1729976514
|move|p2a: mahnemsjef|Thunderbolt|p1a: Gengar
|-damage|p1a: Gengar|40/100
|move|p1a: Gengar|Ice Punch|p2a: mahnemsjef
|-damage|p2a: mahnemsjef|6/100
|
|-weather|Sandstorm|[upkeep]
|-damage|p2a: mahnemsjef|0 fnt|[from] Sandstorm
|-damage|p1a: Gengar|34/100|[from] Sandstorm
|faint|p2a: mahnemsjef
|-heal|p1a: Gengar|40/100|[from] item: Leftovers
|upkeep
|
|t:|1729976519
|switch|p2a: BiggusRiggus6|Kingdra, F|100/100
|-damage|p2a: BiggusRiggus6|88/100|[from] Spikes
|turn|10
|
|t:|1729976523
|move|p1a: Gengar|Taunt|p2a: BiggusRiggus6
|-start|p2a: BiggusRiggus6|move: Taunt
|cant|p2a: BiggusRiggus6|move: Taunt|Rain Dance
|
|-weather|Sandstorm|[upkeep]
|-damage|p1a: Gengar|34/100|[from] Sandstorm
|-damage|p2a: BiggusRiggus6|82/100|[from] Sandstorm
|-heal|p1a: Gengar|40/100|[from] item: Leftovers
|upkeep
|turn|11
|inactive|witgiz has 270 seconds left.
|
|t:|1729976559
|switch|p1a: Starmie|Starmie|100/100
|switch|p2a: NoOneAtAII|Zapdos|63/100
|
|-weather|Sandstorm|[upkeep]
|-damage|p2a: NoOneAtAII|56/100|[from] Sandstorm
|-damage|p1a: Starmie|94/100|[from] Sandstorm
|-heal|p2a: NoOneAtAII|63/100|[from] item: Leftovers
|-heal|p1a: Starmie|100/100|[from] item: Leftovers
|upkeep
|turn|12
|
|t:|1729976575
|switch|p1a: Steelix|Steelix, F|88/100
|move|p2a: NoOneAtAII|Thunderbolt|p1a: Steelix
|-immune|p1a: Steelix
|
|-weather|Sandstorm|[upkeep]
|-damage|p2a: NoOneAtAII|56/100|[from] Sandstorm
|-heal|p2a: NoOneAtAII|63/100|[from] item: Leftovers
|-heal|p1a: Steelix|94/100|[from] item: Leftovers
|upkeep
|turn|13
|
|t:|1729976583
|move|p2a: NoOneAtAII|Baton Pass|p2a: NoOneAtAII
|
|t:|1729976586
|switch|p2a: TheGoatWhisperer61|Celebi|88/100|[from] Baton Pass
|-damage|p2a: TheGoatWhisperer61|76/100|[from] Spikes
|move|p1a: Steelix|Roar|p2a: TheGoatWhisperer61
|drag|p2a: tmr6|Metagross|100/100
|-damage|p2a: tmr6|88/100|[from] Spikes
|
|-weather|Sandstorm|[upkeep]
|-heal|p1a: Steelix|99/100|[from] item: Leftovers
|upkeep
|turn|14
|
|t:|1729976611
|switch|p2a: 354Hamtaro|Dugtrio, F|100/100
|-damage|p2a: 354Hamtaro|88/100|[from] Spikes
|move|p1a: Steelix|Earthquake|p2a: 354Hamtaro
|-damage|p2a: 354Hamtaro|0 fnt
|faint|p2a: 354Hamtaro
|
|t:|1729976615
|switch|p2a: BiggusRiggus6|Kingdra, F|82/100
|-damage|p2a: BiggusRiggus6|70/100|[from] Spikes
|
|-weather|Sandstorm|[upkeep]
|-damage|p2a: BiggusRiggus6|64/100|[from] Sandstorm
|-heal|p1a: Steelix|100/100|[from] item: Leftovers
|upkeep
|turn|15
|
|t:|1729976618
|move|p2a: BiggusRiggus6|Rain Dance|p2a: BiggusRiggus6
|-weather|RainDance
|move|p1a: Steelix|Earthquake|p2a: BiggusRiggus6
|-damage|p2a: BiggusRiggus6|29/100
|
|-weather|RainDance|[upkeep]
|upkeep
|turn|16
|
|t:|1729976627
|move|p1a: Steelix|Protect|p1a: Steelix
|-singleturn|p1a: Steelix|Protect
|move|p2a: BiggusRiggus6|Surf|p1a: Steelix
|-activate|p1a: Steelix|Protect
|
|-weather|RainDance|[upkeep]
|upkeep
|turn|17
|
|t:|1729976629
|switch|p1a: Starmie|Starmie|100/100
|move|p2a: BiggusRiggus6|Surf|p1a: Starmie
|-resisted|p1a: Starmie
|-damage|p1a: Starmie|58/100
|
|-weather|RainDance|[upkeep]
|-heal|p1a: Starmie|64/100|[from] item: Leftovers
|upkeep
|turn|18
|
|t:|1729976632
|move|p2a: BiggusRiggus6|Hidden Power|p1a: Starmie
|-supereffective|p1a: Starmie
|-damage|p1a: Starmie|9/100
|move|p1a: Starmie|Recover|p1a: Starmie
|-heal|p1a: Starmie|59/100
|
|-weather|RainDance|[upkeep]
|-heal|p1a: Starmie|65/100|[from] item: Leftovers
|upkeep
|turn|19
|inactive|witgiz has 270 seconds left.
|
|t:|1729976659
|switch|p1a: Gengar|Gengar, M|40/100
|move|p2a: BiggusRiggus6|Hidden Power|p1a: Gengar
|-resisted|p1a: Gengar
|-damage|p1a: Gengar|29/100
|
|-weather|none
|-heal|p1a: Gengar|34/100|[from] item: Leftovers
|upkeep
|turn|20
|inactive|witgiz has 270 seconds left.
|
|t:|1729976687
|move|p1a: Gengar|Thunderbolt|p2a: BiggusRiggus6
|-damage|p2a: BiggusRiggus6|0 fnt
|faint|p2a: BiggusRiggus6
|
|t:|1729976688
|switch|p2a: tmr6|Metagross|88/100
|-damage|p2a: tmr6|76/100|[from] Spikes
|
|-heal|p1a: Gengar|40/100|[from] item: Leftovers
|upkeep
|turn|21
|
|t:|1729976704
|move|p1a: Gengar|Will-O-Wisp|p2a: tmr6
|-status|p2a: tmr6|brn
|move|p2a: tmr6|Meteor Mash|p1a: Gengar
|-crit|p1a: Gengar
|-damage|p1a: Gengar|0 fnt
|faint|p1a: Gengar
|
|t:|1729976707
|switch|p1a: Steelix|Steelix, F|100/100
|
|-damage|p2a: tmr6|64/100 brn|[from] brn
|upkeep
|turn|22
|
|t:|1729976712
|move|p2a: tmr6|Meteor Mash|p1a: Steelix|[miss]
|-miss|p2a: tmr6|p1a: Steelix
|move|p1a: Steelix|Toxic||[still]
|-fail|p1a: Steelix
|
|-damage|p2a: tmr6|51/100 brn|[from] brn
|upkeep
|turn|23
|
|t:|1729976714
|move|p1a: Steelix|Protect|p1a: Steelix
|-singleturn|p1a: Steelix|Protect
|move|p2a: tmr6|Meteor Mash|p1a: Steelix
|-activate|p1a: Steelix|Protect
|
|-damage|p2a: tmr6|39/100 brn|[from] brn
|upkeep
|turn|24
|
|t:|1729976718
|move|p2a: tmr6|Meteor Mash|p1a: Steelix
|-resisted|p1a: Steelix
|-damage|p1a: Steelix|91/100
|-boost|p2a: tmr6|atk|1
|move|p1a: Steelix|Roar|p2a: tmr6
|drag|p2a: NoOneAtAII|Zapdos|63/100
|
|-heal|p2a: NoOneAtAII|69/100|[from] item: Leftovers
|-heal|p1a: Steelix|97/100|[from] item: Leftovers
|upkeep
|turn|25
|
|t:|1729976722
|move|p2a: NoOneAtAII|Hidden Power|p1a: Steelix
|-damage|p1a: Steelix|71/100
|move|p1a: Steelix|Toxic|p2a: NoOneAtAII
|-status|p2a: NoOneAtAII|tox
|
|-heal|p2a: NoOneAtAII|75/100 tox|[from] item: Leftovers
|-damage|p2a: NoOneAtAII|69/100 tox|[from] psn
|-heal|p1a: Steelix|77/100|[from] item: Leftovers
|upkeep
|turn|26
|
|t:|1729976730
|move|p2a: NoOneAtAII|Baton Pass|p2a: NoOneAtAII
|
|t:|1729976731
|switch|p2a: TheGoatWhisperer61|Celebi|76/100|[from] Baton Pass
|-damage|p2a: TheGoatWhisperer61|63/100|[from] Spikes
|move|p1a: Steelix|Toxic|p2a: TheGoatWhisperer61|[miss]
|-miss|p1a: Steelix|p2a: TheGoatWhisperer61
|
|-heal|p2a: TheGoatWhisperer61|70/100|[from] item: Leftovers
|-heal|p1a: Steelix|83/100|[from] item: Leftovers
|upkeep
|turn|27
|
|t:|1729976735
|move|p2a: TheGoatWhisperer61|Hidden Power|p1a: Steelix
|-supereffective|p1a: Steelix
|-damage|p1a: Steelix|49/100
|move|p1a: Steelix|Toxic|p2a: TheGoatWhisperer61
|-status|p2a: TheGoatWhisperer61|tox
|
|-heal|p2a: TheGoatWhisperer61|76/100 tox|[from] item: Leftovers
|-damage|p2a: TheGoatWhisperer61|70/100 tox|[from] psn
|-heal|p1a: Steelix|55/100|[from] item: Leftovers
|upkeep
|turn|28
|
|t:|1729976740
|move|p1a: Steelix|Protect|p1a: Steelix
|-singleturn|p1a: Steelix|Protect
|move|p2a: TheGoatWhisperer61|Baton Pass|p2a: TheGoatWhisperer61
|
|t:|1729976743
|-curestatus|p2a: TheGoatWhisperer61|tox|[from] ability: Natural Cure
|switch|p2a: tmr6|Metagross|39/100 brn|[from] Baton Pass
|-damage|p2a: tmr6|27/100 brn|[from] Spikes
|
|-damage|p2a: tmr6|14/100 brn|[from] brn
|-heal|p1a: Steelix|62/100|[from] item: Leftovers
|upkeep
|turn|29
|
|t:|1729976747
|switch|p1a: Starmie|Starmie|65/100
|move|p2a: tmr6|Explosion|p1a: Starmie
|-damage|p1a: Starmie|0 fnt
|faint|p2a: tmr6
|faint|p1a: Starmie
|
|t:|1729976772
|switch|p1a: Salamence|Salamence, M|100/100
|switch|p2a: NoOneAtAII|Zapdos|69/100 tox
|-ability|p1a: Salamence|Intimidate|boost
|-unboost|p2a: NoOneAtAII|atk|1
|
|-heal|p2a: NoOneAtAII|75/100 tox|[from] item: Leftovers
|-damage|p2a: NoOneAtAII|69/100 tox|[from] psn
|upkeep
|turn|30
|
|t:|1729976778
|switch|p1a: Steelix|Steelix, F|62/100
|move|p2a: NoOneAtAII|Hidden Power|p1a: Steelix
|-damage|p1a: Steelix|36/100
|
|-heal|p2a: NoOneAtAII|75/100 tox|[from] item: Leftovers
|-damage|p2a: NoOneAtAII|63/100 tox|[from] psn
|-heal|p1a: Steelix|42/100|[from] item: Leftovers
|upkeep
|turn|31
|
|t:|1729976781
|move|p1a: Steelix|Protect|p1a: Steelix
|-singleturn|p1a: Steelix|Protect
|move|p2a: NoOneAtAII|Baton Pass|p2a: NoOneAtAII
|
|t:|1729976782
|switch|p2a: TheGoatWhisperer61|Celebi|70/100|[from] Baton Pass
|-damage|p2a: TheGoatWhisperer61|57/100|[from] Spikes
|
|-heal|p2a: TheGoatWhisperer61|63/100|[from] item: Leftovers
|-heal|p1a: Steelix|48/100|[from] item: Leftovers
|upkeep
|turn|32
|
|t:|1729976784
|move|p2a: TheGoatWhisperer61|Hidden Power|p1a: Steelix
|-supereffective|p1a: Steelix
|-damage|p1a: Steelix|9/100
|move|p1a: Steelix|Toxic|p2a: TheGoatWhisperer61
|-status|p2a: TheGoatWhisperer61|tox
|
|-heal|p2a: TheGoatWhisperer61|70/100 tox|[from] item: Leftovers
|-damage|p2a: TheGoatWhisperer61|63/100 tox|[from] psn
|-heal|p1a: Steelix|15/100|[from] item: Leftovers
|upkeep
|turn|33
|
|t:|1729976789
|move|p1a: Steelix|Protect|p1a: Steelix
|-singleturn|p1a: Steelix|Protect
|move|p2a: TheGoatWhisperer61|Baton Pass|p2a: TheGoatWhisperer61
|
|t:|1729976791
|-curestatus|p2a: TheGoatWhisperer61|tox|[from] ability: Natural Cure
|switch|p2a: NoOneAtAII|Zapdos|63/100 tox|[from] Baton Pass
|
|-heal|p2a: NoOneAtAII|69/100 tox|[from] item: Leftovers
|-damage|p2a: NoOneAtAII|63/100 tox|[from] psn
|-heal|p1a: Steelix|22/100|[from] item: Leftovers
|upkeep
|turn|34
|
|t:|1729976811
|move|p1a: Steelix|Protect||[still]
|-fail|p1a: Steelix
|move|p2a: NoOneAtAII|Hidden Power|p1a: Steelix
|-damage|p1a: Steelix|0 fnt
|faint|p1a: Steelix
|
|t:|1729976812
|switch|p1a: Salamence|Salamence, M|100/100
|-ability|p1a: Salamence|Intimidate|boost
|-unboost|p2a: NoOneAtAII|atk|1
|
|-heal|p2a: NoOneAtAII|69/100 tox|[from] item: Leftovers
|-damage|p2a: NoOneAtAII|56/100 tox|[from] psn
|upkeep
|turn|35
|
|t:|1729976814
|move|p2a: NoOneAtAII|Hidden Power|p1a: Salamence
|-supereffective|p1a: Salamence
|-damage|p1a: Salamence|0 fnt
|faint|p1a: Salamence
|
|win|witgiz
|c|☆tempokin|gg
|c|☆witgiz|gg

</script>
<script type="application/json" class="data" id="replaydata-smogtours-gen3ou-802303">
{"id":"smogtours-gen3ou-802303","format":"[Gen 3] OU","players":["tempokin","witgiz"],"uploadtime":1729976814,"views":124,"formatid":"gen3ou","rating":null,"private":0,"password":null}
</script>

<script defer src="js/replays.js?9d40a366"></script>
