<!DOCTYPE html>
<meta charset="utf-8" />
<meta name="viewport" content="width=device-width" />

<title>[Gen 3] OU: Alecss vs. SteelSwaggy - Replays - Pok&eacute;mon Showdown!</title>

<meta name="description" content="Watch a replay of a Pok&eacute;mon battle between Alecss and SteelSwaggy! Format: [Gen 3] OU; Date: Oct 23, 2024" />
<!--

Hey, you! Looking in the source for the replay log?

You can find them in JSON format, just add `.json` at the end of a replay URL.

https://replay.pokemonshowdown.com/gen7randomdoublesbattle-865046831.json

Or, if you only need the log itself, add `.log` instead:

https://replay.pokemonshowdown.com/gen7randomdoublesbattle-865046831.log

-->

<link rel="stylesheet" href="//pokemonshowdown.com/style/global.css?0.023195364461161105" />
<link rel="stylesheet" href="//play.pokemonshowdown.com/style/font-awesome.css?0.13261647063804238" />
<link rel="stylesheet" href="//play.pokemonshowdown.com/style/battle.css?0.8753245789963631" />
<link rel="stylesheet" href="//play.pokemonshowdown.com/style/utilichart.css?0.8627959624976733" />

<!-- Global site tag (gtag.js) - Google Analytics -->
<script async src="https://www.googletagmanager.com/gtag/js?id=UA-26211653-1"></script>
<script>
  window.dataLayer = window.dataLayer || [];
  function gtag(){dataLayer.push(arguments);}
  gtag('js', new Date());

  gtag('config', 'UA-26211653-1');
</script>
<!-- End Google Analytics -->
<!-- Venatus Ad Manager - Install in <HEAD> of page -->
	<script src="https://hb.vntsm.com/v3/live/ad-manager.min.js" type="text/javascript" data-site-id="642aba63ec9a7b11c3c9c1be" data-mode="scan" async></script>
<!-- / Venatus Ad Manager -->

<style>
	@media (max-width:820px) {
		.battle {
			margin: 0 auto;
		}
		.battle-log {
			margin: 7px auto 0;
			max-width: 640px;
			height: 300px;
			position: static;
		}
	}
	.optgroup {
		display: inline-block;
		line-height: 22px;
		font-size: 10pt;
	}
	.optgroup .button {
		height: 25px;
		padding-top: 0;
		padding-bottom: 0;
	}
	.optgroup button.button {
		padding-left: 12px;
		padding-right: 12px;
	}
	.linklist {
		list-style: none;
		margin: 0.5em 0;
		padding: 0;
	}
	.linklist li {
		padding: 2px 0;
	}
	.sidebar {
		float: left;
		width: 320px;
	}
	.bar-wrapper {
		max-width: 1100px;
		margin: 0 auto;
	}
	.bar-wrapper.has-sidebar {
		max-width: 1430px;
	}
	.mainbar {
		margin: 0;
		padding-right: 1px;
	}
	.mainbar.has-sidebar {
		margin-left: 330px;
	}
	@media (min-width: 1511px) {
		.sidebar {
			width: 400px;
		}
		.bar-wrapper.has-sidebar {
			max-width: 1510px;
		}
		.mainbar.has-sidebar {
			margin-left: 410px;
		}
	}
	.section.first-section {
		margin-top: 9px;
	}
	.blocklink small {
		white-space: normal;
	}
	.button {
		vertical-align: middle;
	}
	.replay-controls {
		padding-top: 10px;
	}
	.replay-controls h1 {
		font-size: 16pt;
		font-weight: normal;
		color: #CCC;
	}
	.pagelink {
		text-align: center;
	}
	.pagelink a {
		width: 150px;
	}
	.textbox, .button {
		font-size: 11pt;
		vertical-align: middle;
	}
	@media (max-width: 450px) {
		.button {
			font-size: 9pt;
		}
	}
</style>

<div>

	<header>
		<div class="nav-wrapper"><ul class="nav">
			<li><a class="button nav-first" href="//pokemonshowdown.com/"><img src="//pokemonshowdown.com/images/pokemonshowdownbeta.png" srcset="//pokemonshowdown.com/images/pokemonshowdownbeta.png 1x, //pokemonshowdown.com/images/pokemonshowdownbeta@2x.png 2x" alt="Pok&eacute;mon Showdown" width="146" height="44" /> Home</a></li>
			<li><a class="button" href="//pokemonshowdown.com/dex/">Pok&eacute;dex</a></li>
			<li><a class="button cur" href="/">Replays</a></li>
			<li><a class="button" href="//pokemonshowdown.com/ladder/">Ladder</a></li>
			<li><a class="button nav-last" href="//pokemonshowdown.com/forums/">Forum</a></li>
			<li><a class="button greenbutton nav-first nav-last" href="//play.pokemonshowdown.com/">Play</a></li>
		</ul></div>
	</header>

	<div class="main" id="main">

		<noscript><section class="section">You need to enable JavaScript to use this page; sorry!</section></noscript>

	</div>

</div>

<script defer nomodule src="//play.pokemonshowdown.com/js/lib/ps-polyfill.js"></script>
<script defer src="//play.pokemonshowdown.com/js/lib/preact.min.js"></script>

<script defer src="//play.pokemonshowdown.com/config/config.js?2bddbc15"></script>
<script defer src="//play.pokemonshowdown.com/js/lib/jquery-1.11.0.min.js"></script>
<script defer src="//play.pokemonshowdown.com/js/lib/html-sanitizer-minified.js"></script>
<script defer src="//play.pokemonshowdown.com/js/battle-sound.js"></script>
<script defer src="//play.pokemonshowdown.com/js/battledata.js?0.7209276989879541"></script>
<script defer src="//play.pokemonshowdown.com/data/pokedex-mini.js?0.6111056340867951"></script>
<script defer src="//play.pokemonshowdown.com/data/pokedex-mini-bw.js?0.3532142036491459"></script>
<script defer src="//play.pokemonshowdown.com/data/graphics.js?0.24223875632456182"></script>
<script defer src="//play.pokemonshowdown.com/data/pokedex.js?0.38839984266356864"></script>
<script defer src="//play.pokemonshowdown.com/data/moves.js?0.21866028504024015"></script>
<script defer src="//play.pokemonshowdown.com/data/abilities.js?0.2005157953846628"></script>
<script defer src="//play.pokemonshowdown.com/data/items.js?0.9894211263848525"></script>
<script defer src="//play.pokemonshowdown.com/data/teambuilder-tables.js?0.6008791140282215"></script>
<script defer src="//play.pokemonshowdown.com/js/battle-tooltips.js?0.7580118955022959"></script>
<script defer src="//play.pokemonshowdown.com/js/battle.js?0.6057722274234274"></script>

<script defer src="js/utils.js?e31f9a17"></script>
<script defer src="js/replays-battle.js?7008c182"></script>

<!-- don't scrape this data! just add .json or .log after the URL!
Full API docs: https://github.com/smogon/pokemon-showdown-client/blob/master/WEB-API.md -->
<script type="text/plain" class="log" id="replaylog-smogtours-gen3ou-801349">
|inactive|Battle timer is ON: inactive players will automatically lose when time's up.
|t:|1729659198
|gametype|singles
|player|p1|Alecss|red-gen1|
|player|p2|SteelSwaggy|scientist-gen4dp|
|teamsize|p1|6
|teamsize|p2|6
|gen|3
|tier|[Gen 3] OU
|rule|Sleep Clause Mod: Limit one foe put to sleep
|rule|Switch Priority Clause Mod: Faster Pokémon switch first
|rule|Species Clause: Limit one of each Pokémon
|rule|OHKO Clause: OHKO moves are banned
|rule|Evasion Items Clause: Evasion items are banned
|rule|Evasion Moves Clause: Evasion moves are banned
|rule|Endless Battle Clause: Forcing endless battles is banned
|rule|HP Percentage Mod: HP is shown in percentages
|rule|One Boost Passer Clause: Limit one Baton Passer that has a way to boost its stats
|rule|Freeze Clause Mod: Limit one foe frozen
|
|t:|1729659198
|start
|switch|p1a: Tyranitar|Tyranitar, M|100/100
|switch|p2a: E101mkII|Metagross, shiny|100/100
|-weather|Sandstorm|[from] ability: Sand Stream|[of] p1a: Tyranitar
|turn|1
|
|t:|1729659202
|switch|p1a: Swampert|Swampert, M|100/100
|move|p2a: E101mkII|Meteor Mash|p1a: Swampert
|-resisted|p1a: Swampert
|-damage|p1a: Swampert|81/100
|
|-weather|Sandstorm|[upkeep]
|-heal|p1a: Swampert|88/100|[from] item: Leftovers
|upkeep
|turn|2
|
|t:|1729659209
|switch|p2a: Celebity|Celebi|100/100
|move|p1a: Swampert|Hydro Pump|p2a: Celebity|[miss]
|-miss|p1a: Swampert|p2a: Celebity
|
|-weather|Sandstorm|[upkeep]
|-damage|p2a: Celebity|94/100|[from] Sandstorm
|-heal|p2a: Celebity|100/100|[from] item: Leftovers
|-heal|p1a: Swampert|94/100|[from] item: Leftovers
|upkeep
|turn|3
|c|☆Alecss|hf
|c|☆SteelSwaggy|hf
|
|t:|1729659222
|switch|p1a: Aerodactyl|Aerodactyl, F|100/100
|move|p2a: Celebity|Leech Seed|p1a: Aerodactyl
|-start|p1a: Aerodactyl|move: Leech Seed
|
|-weather|Sandstorm|[upkeep]
|-damage|p2a: Celebity|94/100|[from] Sandstorm
|-damage|p1a: Aerodactyl|88/100|[from] Leech Seed|[of] p2a: Celebity
|-heal|p2a: Celebity|100/100|[silent]
|upkeep
|turn|4
|
|t:|1729659231
|switch|p1a: Tyranitar|Tyranitar, M|100/100
|switch|p2a: E101mkII|Metagross, shiny|100/100
|
|-weather|Sandstorm|[upkeep]
|upkeep
|turn|5
|
|t:|1729659237
|switch|p1a: Swampert|Swampert, M|94/100
|move|p2a: E101mkII|Meteor Mash|p1a: Swampert
|-resisted|p1a: Swampert
|-damage|p1a: Swampert|73/100
|
|-weather|Sandstorm|[upkeep]
|-heal|p1a: Swampert|80/100|[from] item: Leftovers
|upkeep
|turn|6
|
|t:|1729659243
|switch|p2a: Celebity|Celebi|100/100
|move|p1a: Swampert|Ice Beam|p2a: Celebity
|-supereffective|p2a: Celebity
|-crit|p2a: Celebity
|-damage|p2a: Celebity|34/100
|
|-weather|Sandstorm|[upkeep]
|-damage|p2a: Celebity|28/100|[from] Sandstorm
|-heal|p2a: Celebity|34/100|[from] item: Leftovers
|-heal|p1a: Swampert|86/100|[from] item: Leftovers
|upkeep
|turn|7
|
|t:|1729659249
|switch|p1a: Dugtrio|Dugtrio, M|100/100
|move|p2a: Celebity|Recover|p2a: Celebity
|-heal|p2a: Celebity|84/100
|
|-weather|Sandstorm|[upkeep]
|-damage|p2a: Celebity|78/100|[from] Sandstorm
|-heal|p2a: Celebity|84/100|[from] item: Leftovers
|upkeep
|turn|8
|
|t:|1729659254
|move|p1a: Dugtrio|Hidden Power|p2a: Celebity
|-supereffective|p2a: Celebity
|-damage|p2a: Celebity|7/100
|move|p2a: Celebity|Psychic|p1a: Dugtrio
|-damage|p1a: Dugtrio|31/100
|
|-weather|Sandstorm|[upkeep]
|-damage|p2a: Celebity|1/100|[from] Sandstorm
|-heal|p2a: Celebity|7/100|[from] item: Leftovers
|upkeep
|turn|9
|
|t:|1729659259
|move|p1a: Dugtrio|Hidden Power|p2a: Celebity
|-supereffective|p2a: Celebity
|-damage|p2a: Celebity|0 fnt
|faint|p2a: Celebity
|
|t:|1729659263
|switch|p2a: Spyro|Dragonite, M|100/100
|
|-weather|Sandstorm|[upkeep]
|-damage|p2a: Spyro|94/100|[from] Sandstorm
|-heal|p2a: Spyro|100/100|[from] item: Leftovers
|upkeep
|turn|10
|
|t:|1729659267
|switch|p1a: Swampert|Swampert, M|86/100
|move|p2a: Spyro|Substitute|p2a: Spyro
|-start|p2a: Spyro|Substitute
|-damage|p2a: Spyro|75/100
|
|-weather|Sandstorm|[upkeep]
|-damage|p2a: Spyro|69/100|[from] Sandstorm
|-heal|p2a: Spyro|75/100|[from] item: Leftovers
|-heal|p1a: Swampert|92/100|[from] item: Leftovers
|upkeep
|turn|11
|
|t:|1729659269
|-singleturn|p2a: Spyro|move: Focus Punch
|move|p1a: Swampert|Ice Beam|p2a: Spyro
|-supereffective|p2a: Spyro
|-end|p2a: Spyro|Substitute
|move|p2a: Spyro|Focus Punch|p1a: Swampert
|-damage|p1a: Swampert|57/100
|
|-weather|Sandstorm|[upkeep]
|-damage|p2a: Spyro|69/100|[from] Sandstorm
|-heal|p2a: Spyro|75/100|[from] item: Leftovers
|-heal|p1a: Swampert|63/100|[from] item: Leftovers
|upkeep
|turn|12
|
|t:|1729659274
|switch|p2a: Nepto Dragon|Gyarados, M, shiny|100/100
|-ability|p2a: Nepto Dragon|Intimidate|boost
|-unboost|p1a: Swampert|atk|1
|move|p1a: Swampert|Earthquake|p2a: Nepto Dragon
|-immune|p2a: Nepto Dragon
|
|-weather|Sandstorm|[upkeep]
|-damage|p2a: Nepto Dragon|94/100|[from] Sandstorm
|-heal|p2a: Nepto Dragon|100/100|[from] item: Leftovers
|-heal|p1a: Swampert|69/100|[from] item: Leftovers
|upkeep
|turn|13
|
|t:|1729659279
|switch|p1a: Zapdos|Zapdos|100/100
|move|p2a: Nepto Dragon|Earthquake|p1a: Zapdos
|-immune|p1a: Zapdos
|
|-weather|Sandstorm|[upkeep]
|-damage|p1a: Zapdos|94/100|[from] Sandstorm
|-damage|p2a: Nepto Dragon|94/100|[from] Sandstorm
|-heal|p1a: Zapdos|100/100|[from] item: Leftovers
|-heal|p2a: Nepto Dragon|100/100|[from] item: Leftovers
|upkeep
|turn|14
|
|t:|1729659302
|switch|p2a: Swagpert|Swampert, M|100/100
|move|p1a: Zapdos|Thunderbolt|p2a: Swagpert
|-immune|p2a: Swagpert
|
|-weather|Sandstorm|[upkeep]
|-damage|p1a: Zapdos|94/100|[from] Sandstorm
|-heal|p1a: Zapdos|100/100|[from] item: Leftovers
|upkeep
|turn|15
|
|t:|1729659307
|switch|p2a: Spyro|Dragonite, M|75/100
|move|p1a: Zapdos|Hidden Power|p2a: Spyro
|-resisted|p2a: Spyro
|-damage|p2a: Spyro|70/100
|
|-weather|Sandstorm|[upkeep]
|-damage|p1a: Zapdos|94/100|[from] Sandstorm
|-damage|p2a: Spyro|64/100|[from] Sandstorm
|-heal|p1a: Zapdos|100/100|[from] item: Leftovers
|-heal|p2a: Spyro|70/100|[from] item: Leftovers
|upkeep
|turn|16
|
|t:|1729659315
|move|p1a: Zapdos|Thunderbolt|p2a: Spyro
|-damage|p2a: Spyro|27/100
|move|p2a: Spyro|Ice Beam|p1a: Zapdos
|-supereffective|p1a: Zapdos
|-damage|p1a: Zapdos|53/100
|
|-weather|Sandstorm|[upkeep]
|-damage|p1a: Zapdos|47/100|[from] Sandstorm
|-damage|p2a: Spyro|20/100|[from] Sandstorm
|-heal|p1a: Zapdos|53/100|[from] item: Leftovers
|-heal|p2a: Spyro|27/100|[from] item: Leftovers
|upkeep
|turn|17
|
|t:|1729659318
|move|p1a: Zapdos|Thunderbolt|p2a: Spyro
|-damage|p2a: Spyro|0 fnt
|faint|p2a: Spyro
|
|t:|1729659321
|switch|p2a: Starflash250|Starmie|100/100
|
|-weather|Sandstorm|[upkeep]
|-damage|p2a: Starflash250|94/100|[from] Sandstorm
|-damage|p1a: Zapdos|47/100|[from] Sandstorm
|-heal|p2a: Starflash250|100/100|[from] item: Leftovers
|-heal|p1a: Zapdos|53/100|[from] item: Leftovers
|upkeep
|turn|18
|
|t:|1729659331
|switch|p1a: Swampert|Swampert, M|69/100
|move|p2a: Starflash250|Ice Beam|p1a: Swampert
|-damage|p1a: Swampert|44/100
|
|-weather|Sandstorm|[upkeep]
|-damage|p2a: Starflash250|94/100|[from] Sandstorm
|-heal|p2a: Starflash250|100/100|[from] item: Leftovers
|-heal|p1a: Swampert|50/100|[from] item: Leftovers
|upkeep
|turn|19
|
|t:|1729659336
|switch|p2a: Nepto Dragon|Gyarados, M, shiny|100/100
|-ability|p2a: Nepto Dragon|Intimidate|boost
|-unboost|p1a: Swampert|atk|1
|move|p1a: Swampert|Protect||[still]
|-fail|p1a: Swampert
|
|-weather|Sandstorm|[upkeep]
|-damage|p2a: Nepto Dragon|94/100|[from] Sandstorm
|-heal|p2a: Nepto Dragon|100/100|[from] item: Leftovers
|-heal|p1a: Swampert|56/100|[from] item: Leftovers
|upkeep
|turn|20
|
|t:|1729659343
|switch|p2a: Starflash250|Starmie|100/100
|switch|p1a: Aerodactyl|Aerodactyl, F|88/100
|
|-weather|Sandstorm|[upkeep]
|-damage|p2a: Starflash250|94/100|[from] Sandstorm
|-heal|p2a: Starflash250|100/100|[from] item: Leftovers
|upkeep
|turn|21
|
|t:|1729659354
|move|p1a: Aerodactyl|Rock Slide|p2a: Starflash250
|-crit|p2a: Starflash250
|-damage|p2a: Starflash250|0 fnt
|faint|p2a: Starflash250
|
|t:|1729659364
|switch|p2a: Swagpert|Swampert, M|100/100
|
|-weather|Sandstorm|[upkeep]
|upkeep
|turn|22
|
|t:|1729659390
|switch|p1a: Gengar|Gengar, F|100/100
|move|p2a: Swagpert|Curse|p2a: Swagpert
|-unboost|p2a: Swagpert|spe|1
|-boost|p2a: Swagpert|atk|1
|-boost|p2a: Swagpert|def|1
|
|-weather|Sandstorm|[upkeep]
|-damage|p1a: Gengar|94/100|[from] Sandstorm
|-heal|p1a: Gengar|100/100|[from] item: Leftovers
|upkeep
|turn|23
|
|t:|1729659393
|move|p1a: Gengar|Will-O-Wisp|p2a: Swagpert
|-status|p2a: Swagpert|brn
|move|p2a: Swagpert|Hidden Power|p1a: Gengar
|-damage|p1a: Gengar|66/100
|
|-weather|Sandstorm|[upkeep]
|-damage|p1a: Gengar|60/100|[from] Sandstorm
|-heal|p1a: Gengar|66/100|[from] item: Leftovers
|-damage|p2a: Swagpert|88/100 brn|[from] brn
|upkeep
|turn|24
|
|t:|1729659401
|move|p1a: Gengar|Ice Punch|p2a: Swagpert
|-damage|p2a: Swagpert|71/100 brn
|move|p2a: Swagpert|Rest|p2a: Swagpert
|-status|p2a: Swagpert|slp|[from] move: Rest
|-heal|p2a: Swagpert|100/100 slp|[silent]
|
|-weather|Sandstorm|[upkeep]
|-damage|p1a: Gengar|60/100|[from] Sandstorm
|-heal|p1a: Gengar|66/100|[from] item: Leftovers
|upkeep
|turn|25
|
|t:|1729659405
|switch|p1a: Zapdos|Zapdos|53/100
|cant|p2a: Swagpert|slp
|
|-weather|Sandstorm|[upkeep]
|-damage|p1a: Zapdos|47/100|[from] Sandstorm
|-heal|p1a: Zapdos|53/100|[from] item: Leftovers
|upkeep
|turn|26
|
|t:|1729659410
|switch|p2a: E101mkII|Metagross, shiny|100/100
|move|p1a: Zapdos|Thunderbolt|p2a: E101mkII
|-damage|p2a: E101mkII|54/100
|
|-weather|Sandstorm|[upkeep]
|-damage|p1a: Zapdos|47/100|[from] Sandstorm
|-heal|p1a: Zapdos|53/100|[from] item: Leftovers
|-heal|p2a: E101mkII|60/100|[from] item: Leftovers
|upkeep
|turn|27
|
|t:|1729659419
|switch|p1a: Gengar|Gengar, F|66/100
|move|p2a: E101mkII|Meteor Mash|p1a: Gengar
|-damage|p1a: Gengar|0 fnt
|-boost|p2a: E101mkII|atk|1
|faint|p1a: Gengar
|
|t:|1729659422
|switch|p1a: Dugtrio|Dugtrio, M|31/100
|
|-weather|Sandstorm|[upkeep]
|-heal|p2a: E101mkII|66/100|[from] item: Leftovers
|upkeep
|turn|28
|
|t:|1729659425
|move|p2a: E101mkII|Protect|p2a: E101mkII
|-singleturn|p2a: E101mkII|Protect
|move|p1a: Dugtrio|Earthquake|p2a: E101mkII
|-activate|p2a: E101mkII|Protect
|
|-weather|Sandstorm|[upkeep]
|-heal|p2a: E101mkII|72/100|[from] item: Leftovers
|upkeep
|turn|29
|
|t:|1729659441
|move|p2a: E101mkII|Protect||[still]
|-fail|p2a: E101mkII
|move|p1a: Dugtrio|Earthquake|p2a: E101mkII
|-supereffective|p2a: E101mkII
|-damage|p2a: E101mkII|0 fnt
|faint|p2a: E101mkII
|
|t:|1729659444
|switch|p2a: Nepto Dragon|Gyarados, M, shiny|100/100
|-ability|p2a: Nepto Dragon|Intimidate|boost
|-unboost|p1a: Dugtrio|atk|1
|
|-weather|Sandstorm|[upkeep]
|-damage|p2a: Nepto Dragon|94/100|[from] Sandstorm
|-heal|p2a: Nepto Dragon|100/100|[from] item: Leftovers
|upkeep
|turn|30
|
|t:|1729659449
|switch|p1a: Tyranitar|Tyranitar, M|100/100
|move|p2a: Nepto Dragon|Hidden Power|p1a: Tyranitar
|-resisted|p1a: Tyranitar
|-damage|p1a: Tyranitar|85/100
|
|-weather|Sandstorm|[upkeep]
|-damage|p2a: Nepto Dragon|94/100|[from] Sandstorm
|-heal|p2a: Nepto Dragon|100/100|[from] item: Leftovers
|upkeep
|turn|31
|
|t:|1729659458
|switch|p2a: Swagpert|Swampert, M|100/100 slp
|move|p1a: Tyranitar|Dragon Dance|p1a: Tyranitar
|-boost|p1a: Tyranitar|atk|1
|-boost|p1a: Tyranitar|spe|1
|
|-weather|Sandstorm|[upkeep]
|upkeep
|turn|32
|
|t:|1729659461
|-singleturn|p1a: Tyranitar|move: Focus Punch
|cant|p2a: Swagpert|slp
|move|p1a: Tyranitar|Focus Punch|p2a: Swagpert
|-damage|p2a: Swagpert|34/100 slp
|
|-weather|Sandstorm|[upkeep]
|-heal|p2a: Swagpert|40/100 slp|[from] item: Leftovers
|upkeep
|turn|33
|
|t:|1729659471
|move|p1a: Tyranitar|Earthquake|p2a: Swagpert
|-damage|p2a: Swagpert|0 fnt
|faint|p2a: Swagpert
|c|☆SteelSwaggy|gg
|-message|SteelSwaggy forfeited.
|
|win|Alecss
|player|p2|

</script>
<script type="application/json" class="data" id="replaydata-smogtours-gen3ou-801349">
{"id":"smogtours-gen3ou-801349","format":"[Gen 3] OU","players":["Alecss","SteelSwaggy"],"uploadtime":1729659479,"views":87,"formatid":"gen3ou","rating":null,"private":0,"password":null}
</script>

<script defer src="js/replays.js?9d40a366"></script>
