<!DOCTYPE html>
<meta charset="utf-8" />
<meta name="viewport" content="width=device-width" />

<title>[Gen 3] OU: SBMalus vs. TreinerOrenge - Replays - Pok&eacute;mon Showdown!</title>

<meta name="description" content="Watch a replay of a Pok&eacute;mon battle between SBMalus and TreinerOrenge! Format: [Gen 3] OU; Date: Oct 23, 2024" />
<!--

Hey, you! Looking in the source for the replay log?

You can find them in JSON format, just add `.json` at the end of a replay URL.

https://replay.pokemonshowdown.com/gen7randomdoublesbattle-865046831.json

Or, if you only need the log itself, add `.log` instead:

https://replay.pokemonshowdown.com/gen7randomdoublesbattle-865046831.log

-->

<link rel="stylesheet" href="//pokemonshowdown.com/style/global.css?0.023195364461161105" />
<link rel="stylesheet" href="//play.pokemonshowdown.com/style/font-awesome.css?0.13261647063804238" />
<link rel="stylesheet" href="//play.pokemonshowdown.com/style/battle.css?0.8753245789963631" />
<link rel="stylesheet" href="//play.pokemonshowdown.com/style/utilichart.css?0.8627959624976733" />

<!-- Global site tag (gtag.js) - Google Analytics -->
<script async src="https://www.googletagmanager.com/gtag/js?id=UA-26211653-1"></script>
<script>
  window.dataLayer = window.dataLayer || [];
  function gtag(){dataLayer.push(arguments);}
  gtag('js', new Date());

  gtag('config', 'UA-26211653-1');
</script>
<!-- End Google Analytics -->
<!-- Venatus Ad Manager - Install in <HEAD> of page -->
	<script src="https://hb.vntsm.com/v3/live/ad-manager.min.js" type="text/javascript" data-site-id="642aba63ec9a7b11c3c9c1be" data-mode="scan" async></script>
<!-- / Venatus Ad Manager -->

<style>
	@media (max-width:820px) {
		.battle {
			margin: 0 auto;
		}
		.battle-log {
			margin: 7px auto 0;
			max-width: 640px;
			height: 300px;
			position: static;
		}
	}
	.optgroup {
		display: inline-block;
		line-height: 22px;
		font-size: 10pt;
	}
	.optgroup .button {
		height: 25px;
		padding-top: 0;
		padding-bottom: 0;
	}
	.optgroup button.button {
		padding-left: 12px;
		padding-right: 12px;
	}
	.linklist {
		list-style: none;
		margin: 0.5em 0;
		padding: 0;
	}
	.linklist li {
		padding: 2px 0;
	}
	.sidebar {
		float: left;
		width: 320px;
	}
	.bar-wrapper {
		max-width: 1100px;
		margin: 0 auto;
	}
	.bar-wrapper.has-sidebar {
		max-width: 1430px;
	}
	.mainbar {
		margin: 0;
		padding-right: 1px;
	}
	.mainbar.has-sidebar {
		margin-left: 330px;
	}
	@media (min-width: 1511px) {
		.sidebar {
			width: 400px;
		}
		.bar-wrapper.has-sidebar {
			max-width: 1510px;
		}
		.mainbar.has-sidebar {
			margin-left: 410px;
		}
	}
	.section.first-section {
		margin-top: 9px;
	}
	.blocklink small {
		white-space: normal;
	}
	.button {
		vertical-align: middle;
	}
	.replay-controls {
		padding-top: 10px;
	}
	.replay-controls h1 {
		font-size: 16pt;
		font-weight: normal;
		color: #CCC;
	}
	.pagelink {
		text-align: center;
	}
	.pagelink a {
		width: 150px;
	}
	.textbox, .button {
		font-size: 11pt;
		vertical-align: middle;
	}
	@media (max-width: 450px) {
		.button {
			font-size: 9pt;
		}
	}
</style>

<div>

	<header>
		<div class="nav-wrapper"><ul class="nav">
			<li><a class="button nav-first" href="//pokemonshowdown.com/"><img src="//pokemonshowdown.com/images/pokemonshowdownbeta.png" srcset="//pokemonshowdown.com/images/pokemonshowdownbeta.png 1x, //pokemonshowdown.com/images/pokemonshowdownbeta@2x.png 2x" alt="Pok&eacute;mon Showdown" width="146" height="44" /> Home</a></li>
			<li><a class="button" href="//pokemonshowdown.com/dex/">Pok&eacute;dex</a></li>
			<li><a class="button cur" href="/">Replays</a></li>
			<li><a class="button" href="//pokemonshowdown.com/ladder/">Ladder</a></li>
			<li><a class="button nav-last" href="//pokemonshowdown.com/forums/">Forum</a></li>
			<li><a class="button greenbutton nav-first nav-last" href="//play.pokemonshowdown.com/">Play</a></li>
		</ul></div>
	</header>

	<div class="main" id="main">

		<noscript><section class="section">You need to enable JavaScript to use this page; sorry!</section></noscript>

	</div>

</div>

<script defer nomodule src="//play.pokemonshowdown.com/js/lib/ps-polyfill.js"></script>
<script defer src="//play.pokemonshowdown.com/js/lib/preact.min.js"></script>

<script defer src="//play.pokemonshowdown.com/config/config.js?2bddbc15"></script>
<script defer src="//play.pokemonshowdown.com/js/lib/jquery-1.11.0.min.js"></script>
<script defer src="//play.pokemonshowdown.com/js/lib/html-sanitizer-minified.js"></script>
<script defer src="//play.pokemonshowdown.com/js/battle-sound.js"></script>
<script defer src="//play.pokemonshowdown.com/js/battledata.js?0.7209276989879541"></script>
<script defer src="//play.pokemonshowdown.com/data/pokedex-mini.js?0.6111056340867951"></script>
<script defer src="//play.pokemonshowdown.com/data/pokedex-mini-bw.js?0.3532142036491459"></script>
<script defer src="//play.pokemonshowdown.com/data/graphics.js?0.24223875632456182"></script>
<script defer src="//play.pokemonshowdown.com/data/pokedex.js?0.38839984266356864"></script>
<script defer src="//play.pokemonshowdown.com/data/moves.js?0.21866028504024015"></script>
<script defer src="//play.pokemonshowdown.com/data/abilities.js?0.2005157953846628"></script>
<script defer src="//play.pokemonshowdown.com/data/items.js?0.9894211263848525"></script>
<script defer src="//play.pokemonshowdown.com/data/teambuilder-tables.js?0.6008791140282215"></script>
<script defer src="//play.pokemonshowdown.com/js/battle-tooltips.js?0.7580118955022959"></script>
<script defer src="//play.pokemonshowdown.com/js/battle.js?0.6057722274234274"></script>

<script defer src="js/utils.js?e31f9a17"></script>
<script defer src="js/replays-battle.js?7008c182"></script>

<!-- don't scrape this data! just add .json or .log after the URL!
Full API docs: https://github.com/smogon/pokemon-showdown-client/blob/master/WEB-API.md -->
<script type="text/plain" class="log" id="replaylog-smogtours-gen3ou-801323">
|inactive|Battle timer is ON: inactive players will automatically lose when time's up.
|t:|1729645507
|gametype|singles
|player|p1|SBMalus|170|
|player|p2|TreinerOrenge|#dpppliii|
|teamsize|p1|6
|teamsize|p2|6
|gen|3
|tier|[Gen 3] OU
|rule|Sleep Clause Mod: Limit one foe put to sleep
|rule|Switch Priority Clause Mod: Faster Pokémon switch first
|rule|Species Clause: Limit one of each Pokémon
|rule|OHKO Clause: OHKO moves are banned
|rule|Evasion Items Clause: Evasion items are banned
|rule|Evasion Moves Clause: Evasion moves are banned
|rule|Endless Battle Clause: Forcing endless battles is banned
|rule|HP Percentage Mod: HP is shown in percentages
|rule|One Boost Passer Clause: Limit one Baton Passer that has a way to boost its stats
|rule|Freeze Clause Mod: Limit one foe frozen
|
|t:|1729645507
|start
|switch|p1a: Diddy|Slaking, M|100/100
|switch|p2a: Zapdos|Zapdos|100/100
|turn|1
|
|t:|1729645511
|move|p2a: Zapdos|Protect|p2a: Zapdos
|-singleturn|p2a: Zapdos|Protect
|move|p1a: Diddy|Return|p2a: Zapdos
|-activate|p2a: Zapdos|Protect
|
|upkeep
|turn|2
|
|t:|1729645520
|switch|p1a: Sour Cream & Onion|Celebi|100/100
|move|p2a: Zapdos|Toxic|p1a: Sour Cream & Onion
|-status|p1a: Sour Cream & Onion|tox
|
|-damage|p1a: Sour Cream & Onion|94/100 tox|[from] psn
|upkeep
|turn|3
|
|t:|1729645529
|switch|p2a: Skarmory|Skarmory, F|100/100
|move|p1a: Sour Cream & Onion|Leech Seed|p2a: Skarmory
|-start|p2a: Skarmory|move: Leech Seed
|
|-heal|p1a: Sour Cream & Onion|100/100 tox|[from] item: Leftovers
|-damage|p1a: Sour Cream & Onion|88/100 tox|[from] psn
|-damage|p2a: Skarmory|88/100|[from] Leech Seed|[of] p1a: Sour Cream & Onion
|-heal|p1a: Sour Cream & Onion|98/100 tox|[silent]
|upkeep
|turn|4
|
|t:|1729645535
|-curestatus|p1a: Sour Cream & Onion|tox|[from] ability: Natural Cure
|switch|p1a: Skarmby|Skarmory, M|100/100
|move|p2a: Skarmory|Spikes|p1a: Skarmby
|-sidestart|p1: SBMalus|Spikes
|
|-heal|p2a: Skarmory|94/100|[from] item: Leftovers
|-damage|p2a: Skarmory|82/100|[from] Leech Seed|[of] p1a: Skarmby
|upkeep
|turn|5
|
|t:|1729645544
|move|p2a: Skarmory|Spikes|p1a: Skarmby
|-sidestart|p1: SBMalus|Spikes
|move|p1a: Skarmby|Spikes|p2a: Skarmory
|-sidestart|p2: TreinerOrenge|Spikes
|
|-heal|p2a: Skarmory|88/100|[from] item: Leftovers
|-damage|p2a: Skarmory|76/100|[from] Leech Seed|[of] p1a: Skarmby
|upkeep
|turn|6
|
|t:|1729645546
|switch|p2a: Zapdos|Zapdos|100/100
|move|p1a: Skarmby|Spikes|p2a: Zapdos
|-sidestart|p2: TreinerOrenge|Spikes
|
|upkeep
|turn|7
|
|t:|1729645553
|switch|p1a: Dolface|Claydol|100/100
|move|p2a: Zapdos|Thunderbolt|p1a: Dolface
|-immune|p1a: Dolface
|
|upkeep
|turn|8
|
|t:|1729645557
|switch|p2a: Gengar|Gengar, M|100/100
|move|p1a: Dolface|Rapid Spin|p2a: Gengar
|-immune|p2a: Gengar
|
|upkeep
|turn|9
|
|t:|1729645564
|move|p2a: Gengar|Hidden Power|p1a: Dolface
|-supereffective|p1a: Dolface
|-damage|p1a: Dolface|66/100
|move|p1a: Dolface|Shadow Ball|p2a: Gengar
|-supereffective|p2a: Gengar
|-damage|p2a: Gengar|39/100
|
|-heal|p2a: Gengar|45/100|[from] item: Leftovers
|-heal|p1a: Dolface|72/100|[from] item: Leftovers
|upkeep
|turn|10
|
|t:|1729645570
|switch|p1a: Skarmby|Skarmory, M|100/100
|move|p2a: Gengar|Will-O-Wisp|p1a: Skarmby
|-status|p1a: Skarmby|brn
|
|-heal|p2a: Gengar|51/100|[from] item: Leftovers
|-damage|p1a: Skarmby|88/100 brn|[from] brn
|upkeep
|turn|11
|
|t:|1729645576
|switch|p1a: Sour Cream & Onion|Celebi|98/100
|-damage|p1a: Sour Cream & Onion|82/100|[from] Spikes
|move|p2a: Gengar|Fire Punch|p1a: Sour Cream & Onion
|-supereffective|p1a: Sour Cream & Onion
|-damage|p1a: Sour Cream & Onion|46/100
|
|-heal|p2a: Gengar|57/100|[from] item: Leftovers
|-heal|p1a: Sour Cream & Onion|52/100|[from] item: Leftovers
|upkeep
|turn|12
|
|t:|1729645590
|move|p2a: Gengar|Fire Punch|p1a: Sour Cream & Onion
|-supereffective|p1a: Sour Cream & Onion
|-damage|p1a: Sour Cream & Onion|18/100
|move|p1a: Sour Cream & Onion|Psychic|p2a: Gengar
|-supereffective|p2a: Gengar
|-damage|p2a: Gengar|0 fnt
|faint|p2a: Gengar
|
|t:|1729645596
|switch|p2a: Tyranitar|Tyranitar, M|100/100
|-damage|p2a: Tyranitar|84/100|[from] Spikes
|-weather|Sandstorm|[from] ability: Sand Stream|[of] p2a: Tyranitar
|
|-weather|Sandstorm|[upkeep]
|-damage|p1a: Sour Cream & Onion|12/100|[from] Sandstorm
|-heal|p1a: Sour Cream & Onion|18/100|[from] item: Leftovers
|-heal|p2a: Tyranitar|90/100|[from] item: Leftovers
|upkeep
|turn|13
|
|t:|1729645601
|move|p1a: Sour Cream & Onion|Leech Seed|p2a: Tyranitar
|-start|p2a: Tyranitar|move: Leech Seed
|move|p2a: Tyranitar|Hidden Power|p1a: Sour Cream & Onion
|-supereffective|p1a: Sour Cream & Onion
|-damage|p1a: Sour Cream & Onion|0 fnt
|faint|p1a: Sour Cream & Onion
|
|t:|1729645608
|switch|p1a: Dolface|Claydol|72/100
|
|-weather|Sandstorm|[upkeep]
|-heal|p1a: Dolface|79/100|[from] item: Leftovers
|-heal|p2a: Tyranitar|96/100|[from] item: Leftovers
|-damage|p2a: Tyranitar|84/100|[from] Leech Seed|[of] p1a: Dolface
|-heal|p1a: Dolface|94/100|[silent]
|upkeep
|turn|14
|
|t:|1729645615
|switch|p2a: Skarmory|Skarmory, F|76/100
|move|p1a: Dolface|Rapid Spin|p2a: Skarmory
|-resisted|p2a: Skarmory
|-damage|p2a: Skarmory|74/100
|-sideend|p1: SBMalus|Spikes|[from] move: Rapid Spin|[of] p1a: Dolface
|
|-weather|Sandstorm|[upkeep]
|-heal|p1a: Dolface|99/100|[from] item: Leftovers
|-heal|p2a: Skarmory|80/100|[from] item: Leftovers
|upkeep
|turn|15
|
|t:|1729645618
|switch|p1a: Zappy!!|Zapdos|100/100
|move|p2a: Skarmory|Spikes|p1a: Zappy!!
|-sidestart|p1: SBMalus|Spikes
|
|-weather|Sandstorm|[upkeep]
|-damage|p1a: Zappy!!|94/100|[from] Sandstorm
|-heal|p1a: Zappy!!|100/100|[from] item: Leftovers
|-heal|p2a: Skarmory|86/100|[from] item: Leftovers
|upkeep
|turn|16
|
|t:|1729645623
|move|p2a: Skarmory|Protect|p2a: Skarmory
|-singleturn|p2a: Skarmory|Protect
|move|p1a: Zappy!!|Toxic|p2a: Skarmory
|-activate|p2a: Skarmory|Protect
|
|-weather|Sandstorm|[upkeep]
|-damage|p1a: Zappy!!|94/100|[from] Sandstorm
|-heal|p1a: Zappy!!|100/100|[from] item: Leftovers
|-heal|p2a: Skarmory|92/100|[from] item: Leftovers
|upkeep
|turn|17
|
|t:|1729645630
|switch|p2a: Blissey|Blissey, F|100/100
|-damage|p2a: Blissey|84/100|[from] Spikes
|move|p1a: Zappy!!|Thunderbolt|p2a: Blissey
|-damage|p2a: Blissey|69/100
|-status|p2a: Blissey|par
|
|-weather|Sandstorm|[upkeep]
|-damage|p1a: Zappy!!|94/100|[from] Sandstorm
|-damage|p2a: Blissey|63/100 par|[from] Sandstorm
|-heal|p1a: Zappy!!|100/100|[from] item: Leftovers
|-heal|p2a: Blissey|69/100 par|[from] item: Leftovers
|upkeep
|turn|18
|
|t:|1729645634
|switch|p1a: Skarmby|Skarmory, M|88/100 brn
|move|p2a: Blissey|Soft-Boiled|p2a: Blissey
|-heal|p2a: Blissey|100/100 par
|
|-weather|Sandstorm|[upkeep]
|-damage|p2a: Blissey|94/100 par|[from] Sandstorm
|-heal|p1a: Skarmby|94/100 brn|[from] item: Leftovers
|-damage|p1a: Skarmby|82/100 brn|[from] brn
|-heal|p2a: Blissey|100/100 par|[from] item: Leftovers
|upkeep
|turn|19
|
|t:|1729645637
|-curestatus|p2a: Blissey|par|[from] ability: Natural Cure
|switch|p2a: Skarmory|Skarmory, F|92/100
|move|p1a: Skarmby|Spikes|p2a: Skarmory
|-sidestart|p2: TreinerOrenge|Spikes
|
|-weather|Sandstorm|[upkeep]
|-heal|p2a: Skarmory|98/100|[from] item: Leftovers
|-heal|p1a: Skarmby|88/100 brn|[from] item: Leftovers
|-damage|p1a: Skarmby|76/100 brn|[from] brn
|upkeep
|turn|20
|
|t:|1729645641
|switch|p1a: Zappy!!|Zapdos|100/100
|move|p2a: Skarmory|Spikes|p1a: Zappy!!
|-sidestart|p1: SBMalus|Spikes
|
|-weather|Sandstorm|[upkeep]
|-damage|p1a: Zappy!!|94/100|[from] Sandstorm
|-heal|p1a: Zappy!!|100/100|[from] item: Leftovers
|-heal|p2a: Skarmory|100/100|[from] item: Leftovers
|upkeep
|turn|21
|
|t:|1729645645
|switch|p2a: Blissey|Blissey, F|100/100
|-damage|p2a: Blissey|75/100|[from] Spikes
|move|p1a: Zappy!!|Thunderbolt|p2a: Blissey
|-damage|p2a: Blissey|59/100
|
|-weather|Sandstorm|[upkeep]
|-damage|p1a: Zappy!!|94/100|[from] Sandstorm
|-damage|p2a: Blissey|53/100|[from] Sandstorm
|-heal|p1a: Zappy!!|100/100|[from] item: Leftovers
|-heal|p2a: Blissey|59/100|[from] item: Leftovers
|upkeep
|turn|22
|
|t:|1729645648
|move|p2a: Blissey|Soft-Boiled|p2a: Blissey
|-heal|p2a: Blissey|100/100
|move|p1a: Zappy!!|Roar|p2a: Blissey
|drag|p2a: Zapdos|Zapdos|100/100
|
|-weather|Sandstorm|[upkeep]
|-damage|p2a: Zapdos|94/100|[from] Sandstorm
|-damage|p1a: Zappy!!|94/100|[from] Sandstorm
|-heal|p2a: Zapdos|100/100|[from] item: Leftovers
|-heal|p1a: Zappy!!|100/100|[from] item: Leftovers
|upkeep
|turn|23
|
|t:|1729645652
|move|p2a: Zapdos|Toxic|p1a: Zappy!!
|-status|p1a: Zappy!!|tox
|move|p1a: Zappy!!|Toxic|p2a: Zapdos
|-status|p2a: Zapdos|tox
|
|-weather|Sandstorm|[upkeep]
|-damage|p2a: Zapdos|94/100 tox|[from] Sandstorm
|-damage|p1a: Zappy!!|94/100 tox|[from] Sandstorm
|-heal|p2a: Zapdos|100/100 tox|[from] item: Leftovers
|-damage|p2a: Zapdos|94/100 tox|[from] psn
|-heal|p1a: Zappy!!|100/100 tox|[from] item: Leftovers
|-damage|p1a: Zappy!!|94/100 tox|[from] psn
|upkeep
|turn|24
|
|t:|1729645661
|switch|p1a: Dolface|Claydol|99/100
|move|p2a: Zapdos|Hidden Power|p1a: Dolface
|-supereffective|p1a: Dolface
|-damage|p1a: Dolface|50/100
|
|-weather|Sandstorm|[upkeep]
|-damage|p2a: Zapdos|88/100 tox|[from] Sandstorm
|-heal|p2a: Zapdos|94/100 tox|[from] item: Leftovers
|-damage|p2a: Zapdos|82/100 tox|[from] psn
|-heal|p1a: Dolface|56/100|[from] item: Leftovers
|upkeep
|turn|25
|
|t:|1729645666
|move|p2a: Zapdos|Hidden Power|p1a: Dolface
|-supereffective|p1a: Dolface
|-damage|p1a: Dolface|6/100
|move|p1a: Dolface|Rapid Spin|p2a: Zapdos
|-damage|p2a: Zapdos|76/100 tox
|-sideend|p1: SBMalus|Spikes|[from] move: Rapid Spin|[of] p1a: Dolface
|
|-weather|Sandstorm|[upkeep]
|-damage|p2a: Zapdos|69/100 tox|[from] Sandstorm
|-heal|p2a: Zapdos|76/100 tox|[from] item: Leftovers
|-damage|p2a: Zapdos|57/100 tox|[from] psn
|-heal|p1a: Dolface|13/100|[from] item: Leftovers
|upkeep
|turn|26
|
|t:|1729645672
|switch|p1a: Zappy!!|Zapdos|94/100 tox
|move|p2a: Zapdos|Hidden Power|p1a: Zappy!!
|-resisted|p1a: Zappy!!
|-damage|p1a: Zappy!!|85/100 tox
|
|-weather|Sandstorm|[upkeep]
|-damage|p2a: Zapdos|51/100 tox|[from] Sandstorm
|-damage|p1a: Zappy!!|78/100 tox|[from] Sandstorm
|-heal|p2a: Zapdos|57/100 tox|[from] item: Leftovers
|-damage|p2a: Zapdos|32/100 tox|[from] psn
|-heal|p1a: Zappy!!|85/100 tox|[from] item: Leftovers
|-damage|p1a: Zappy!!|78/100 tox|[from] psn
|upkeep
|turn|27
|
|t:|1729645686
|switch|p1a: Skarmby|Skarmory, M|76/100 brn
|move|p2a: Zapdos|Thunderbolt|p1a: Skarmby
|-supereffective|p1a: Skarmby
|-damage|p1a: Skarmby|0 fnt
|faint|p1a: Skarmby
|
|t:|1729645689
|switch|p1a: Dolface|Claydol|13/100
|
|-weather|Sandstorm|[upkeep]
|-damage|p2a: Zapdos|26/100 tox|[from] Sandstorm
|-heal|p2a: Zapdos|32/100 tox|[from] item: Leftovers
|-damage|p2a: Zapdos|1/100 tox|[from] psn
|-heal|p1a: Dolface|19/100|[from] item: Leftovers
|upkeep
|turn|28
|
|t:|1729645694
|switch|p1a: Zappy!!|Zapdos|78/100 tox
|move|p2a: Zapdos|Thunderbolt|p1a: Zappy!!
|-damage|p1a: Zappy!!|40/100 tox
|
|-weather|Sandstorm|[upkeep]
|-damage|p2a: Zapdos|0 fnt|[from] Sandstorm
|-damage|p1a: Zappy!!|34/100 tox|[from] Sandstorm
|faint|p2a: Zapdos
|-heal|p1a: Zappy!!|40/100 tox|[from] item: Leftovers
|-damage|p1a: Zappy!!|34/100 tox|[from] psn
|upkeep
|
|t:|1729645698
|switch|p2a: Blissey|Blissey, F|100/100
|-damage|p2a: Blissey|75/100|[from] Spikes
|turn|29
|
|t:|1729645712
|move|p1a: Zappy!!|Rest|p1a: Zappy!!
|-status|p1a: Zappy!!|slp|[from] move: Rest
|-heal|p1a: Zappy!!|100/100 slp|[silent]
|move|p2a: Blissey|Ice Beam|p1a: Zappy!!
|-supereffective|p1a: Zappy!!
|-damage|p1a: Zappy!!|68/100 slp
|
|-weather|Sandstorm|[upkeep]
|-damage|p1a: Zappy!!|62/100 slp|[from] Sandstorm
|-damage|p2a: Blissey|69/100|[from] Sandstorm
|-heal|p1a: Zappy!!|68/100 slp|[from] item: Leftovers
|-heal|p2a: Blissey|75/100|[from] item: Leftovers
|upkeep
|turn|30
|
|t:|1729645717
|switch|p1a: Diddy|Slaking, M|100/100
|move|p2a: Blissey|Ice Beam|p1a: Diddy
|-damage|p1a: Diddy|74/100
|
|-weather|Sandstorm|[upkeep]
|-damage|p1a: Diddy|68/100|[from] Sandstorm
|-damage|p2a: Blissey|69/100|[from] Sandstorm
|-heal|p2a: Blissey|75/100|[from] item: Leftovers
|upkeep
|turn|31
|
|t:|1729645721
|-singleturn|p1a: Diddy|move: Focus Punch
|switch|p2a: Skarmory|Skarmory, F|100/100
|move|p1a: Diddy|Focus Punch|p2a: Skarmory
|-damage|p2a: Skarmory|20/100
|
|-weather|Sandstorm|[upkeep]
|-damage|p1a: Diddy|62/100|[from] Sandstorm
|-heal|p2a: Skarmory|26/100|[from] item: Leftovers
|upkeep
|turn|32
|
|t:|1729645725
|switch|p1a: Dolface|Claydol|19/100
|move|p2a: Skarmory|Spikes|p1a: Dolface
|-sidestart|p1: SBMalus|Spikes
|
|-weather|Sandstorm|[upkeep]
|-heal|p1a: Dolface|25/100|[from] item: Leftovers
|-heal|p2a: Skarmory|32/100|[from] item: Leftovers
|upkeep
|turn|33
|
|t:|1729645727
|move|p1a: Dolface|Rapid Spin|p2a: Skarmory
|-resisted|p2a: Skarmory
|-damage|p2a: Skarmory|30/100
|-sideend|p1: SBMalus|Spikes|[from] move: Rapid Spin|[of] p1a: Dolface
|move|p2a: Skarmory|Drill Peck|p1a: Dolface
|-damage|p1a: Dolface|3/100
|
|-weather|Sandstorm|[upkeep]
|-heal|p1a: Dolface|9/100|[from] item: Leftovers
|-heal|p2a: Skarmory|36/100|[from] item: Leftovers
|upkeep
|turn|34
|
|t:|1729645731
|move|p2a: Skarmory|Protect|p2a: Skarmory
|-singleturn|p2a: Skarmory|Protect
|move|p1a: Dolface|Explosion|p2a: Skarmory
|-activate|p2a: Skarmory|Protect
|faint|p1a: Dolface
|
|t:|1729645734
|switch|p1a: What the dog doin|Suicune, shiny|100/100
|
|-weather|Sandstorm|[upkeep]
|-damage|p1a: What the dog doin|94/100|[from] Sandstorm
|-heal|p1a: What the dog doin|100/100|[from] item: Leftovers
|-heal|p2a: Skarmory|42/100|[from] item: Leftovers
|upkeep
|turn|35
|
|t:|1729645737
|move|p1a: What the dog doin|Surf|p2a: Skarmory
|-damage|p2a: Skarmory|3/100
|move|p2a: Skarmory|Roar|p1a: What the dog doin
|drag|p1a: Diddy|Slaking, M|62/100
|
|-weather|Sandstorm|[upkeep]
|-damage|p1a: Diddy|55/100|[from] Sandstorm
|-heal|p2a: Skarmory|9/100|[from] item: Leftovers
|upkeep
|turn|36
|
|t:|1729645741
|switch|p1a: What the dog doin|Suicune, shiny|100/100
|move|p2a: Skarmory|Protect||[still]
|-fail|p2a: Skarmory
|
|-weather|Sandstorm|[upkeep]
|-damage|p1a: What the dog doin|94/100|[from] Sandstorm
|-heal|p1a: What the dog doin|100/100|[from] item: Leftovers
|-heal|p2a: Skarmory|15/100|[from] item: Leftovers
|upkeep
|turn|37
|
|t:|1729645745
|switch|p2a: Swampert|Swampert, F|100/100
|-damage|p2a: Swampert|76/100|[from] Spikes
|move|p1a: What the dog doin|Surf|p2a: Swampert
|-damage|p2a: Swampert|37/100
|
|-weather|Sandstorm|[upkeep]
|-damage|p1a: What the dog doin|94/100|[from] Sandstorm
|-heal|p1a: What the dog doin|100/100|[from] item: Leftovers
|-heal|p2a: Swampert|43/100|[from] item: Leftovers
|upkeep
|turn|38
|
|t:|1729645747
|move|p1a: What the dog doin|Calm Mind|p1a: What the dog doin
|-boost|p1a: What the dog doin|spa|1
|-boost|p1a: What the dog doin|spd|1
|move|p2a: Swampert|Roar|p1a: What the dog doin
|drag|p1a: Diddy|Slaking, M|55/100
|
|-weather|Sandstorm|[upkeep]
|-damage|p1a: Diddy|49/100|[from] Sandstorm
|-heal|p2a: Swampert|49/100|[from] item: Leftovers
|upkeep
|turn|39
|
|t:|1729645750
|move|p2a: Swampert|Protect|p2a: Swampert
|-singleturn|p2a: Swampert|Protect
|move|p1a: Diddy|Return|p2a: Swampert
|-activate|p2a: Swampert|Protect
|
|-weather|Sandstorm|[upkeep]
|-damage|p1a: Diddy|43/100|[from] Sandstorm
|-heal|p2a: Swampert|56/100|[from] item: Leftovers
|upkeep
|turn|40
|
|t:|1729645758
|switch|p1a: Zappy!!|Zapdos|68/100 slp
|move|p2a: Swampert|Roar|p1a: Zappy!!
|drag|p1a: Diddy|Slaking, M|43/100
|
|-weather|Sandstorm|[upkeep]
|-damage|p1a: Diddy|37/100|[from] Sandstorm
|-heal|p2a: Swampert|62/100|[from] item: Leftovers
|upkeep
|turn|41
|
|t:|1729645765
|switch|p1a: What the dog doin|Suicune, shiny|100/100
|move|p2a: Swampert|Surf|p1a: What the dog doin
|-resisted|p1a: What the dog doin
|-damage|p1a: What the dog doin|90/100
|
|-weather|Sandstorm|[upkeep]
|-damage|p1a: What the dog doin|84/100|[from] Sandstorm
|-heal|p1a: What the dog doin|90/100|[from] item: Leftovers
|-heal|p2a: Swampert|68/100|[from] item: Leftovers
|upkeep
|turn|42
|
|t:|1729645768
|switch|p2a: Blissey|Blissey, F|75/100
|-damage|p2a: Blissey|50/100|[from] Spikes
|move|p1a: What the dog doin|Surf|p2a: Blissey
|-damage|p2a: Blissey|32/100
|
|-weather|Sandstorm|[upkeep]
|-damage|p1a: What the dog doin|84/100|[from] Sandstorm
|-damage|p2a: Blissey|26/100|[from] Sandstorm
|-heal|p1a: What the dog doin|90/100|[from] item: Leftovers
|-heal|p2a: Blissey|32/100|[from] item: Leftovers
|upkeep
|turn|43
|
|t:|1729645771
|move|p1a: What the dog doin|Calm Mind|p1a: What the dog doin
|-boost|p1a: What the dog doin|spa|1
|-boost|p1a: What the dog doin|spd|1
|move|p2a: Blissey|Soft-Boiled|p2a: Blissey
|-heal|p2a: Blissey|82/100
|
|-weather|Sandstorm|[upkeep]
|-damage|p1a: What the dog doin|84/100|[from] Sandstorm
|-damage|p2a: Blissey|76/100|[from] Sandstorm
|-heal|p1a: What the dog doin|90/100|[from] item: Leftovers
|-heal|p2a: Blissey|82/100|[from] item: Leftovers
|upkeep
|turn|44
|
|t:|1729645774
|move|p1a: What the dog doin|Surf|p2a: Blissey
|-crit|p2a: Blissey
|-damage|p2a: Blissey|33/100
|move|p2a: Blissey|Seismic Toss|p1a: What the dog doin
|-damage|p1a: What the dog doin|65/100
|
|-weather|Sandstorm|[upkeep]
|-damage|p1a: What the dog doin|59/100|[from] Sandstorm
|-damage|p2a: Blissey|27/100|[from] Sandstorm
|-heal|p1a: What the dog doin|65/100|[from] item: Leftovers
|-heal|p2a: Blissey|33/100|[from] item: Leftovers
|upkeep
|turn|45
|
|t:|1729645784
|move|p1a: What the dog doin|Calm Mind|p1a: What the dog doin
|-boost|p1a: What the dog doin|spa|1
|-boost|p1a: What the dog doin|spd|1
|move|p2a: Blissey|Soft-Boiled|p2a: Blissey
|-heal|p2a: Blissey|83/100
|
|-weather|Sandstorm|[upkeep]
|-damage|p1a: What the dog doin|59/100|[from] Sandstorm
|-damage|p2a: Blissey|77/100|[from] Sandstorm
|-heal|p1a: What the dog doin|65/100|[from] item: Leftovers
|-heal|p2a: Blissey|83/100|[from] item: Leftovers
|upkeep
|turn|46
|
|t:|1729645791
|move|p1a: What the dog doin|Surf|p2a: Blissey
|-damage|p2a: Blissey|46/100
|move|p2a: Blissey|Wish|p2a: Blissey
|
|-weather|Sandstorm|[upkeep]
|-damage|p1a: What the dog doin|59/100|[from] Sandstorm
|-damage|p2a: Blissey|40/100|[from] Sandstorm
|-heal|p1a: What the dog doin|65/100|[from] item: Leftovers
|-heal|p2a: Blissey|46/100|[from] item: Leftovers
|upkeep
|turn|47
|
|t:|1729645794
|move|p1a: What the dog doin|Calm Mind|p1a: What the dog doin
|-boost|p1a: What the dog doin|spa|1
|-boost|p1a: What the dog doin|spd|1
|move|p2a: Blissey|Soft-Boiled|p2a: Blissey
|-heal|p2a: Blissey|96/100
|
|-heal|p2a: Blissey|100/100|[from] move: Wish|[wisher] Blissey
|-weather|Sandstorm|[upkeep]
|-damage|p1a: What the dog doin|59/100|[from] Sandstorm
|-damage|p2a: Blissey|94/100|[from] Sandstorm
|-heal|p1a: What the dog doin|65/100|[from] item: Leftovers
|-heal|p2a: Blissey|100/100|[from] item: Leftovers
|upkeep
|turn|48
|
|t:|1729645800
|move|p1a: What the dog doin|Calm Mind|p1a: What the dog doin
|-boost|p1a: What the dog doin|spa|1
|-boost|p1a: What the dog doin|spd|1
|move|p2a: Blissey|Seismic Toss|p1a: What the dog doin
|-damage|p1a: What the dog doin|40/100
|
|-weather|Sandstorm|[upkeep]
|-damage|p1a: What the dog doin|34/100|[from] Sandstorm
|-damage|p2a: Blissey|94/100|[from] Sandstorm
|-heal|p1a: What the dog doin|40/100|[from] item: Leftovers
|-heal|p2a: Blissey|100/100|[from] item: Leftovers
|upkeep
|turn|49
|
|t:|1729645807
|move|p1a: What the dog doin|Calm Mind|p1a: What the dog doin
|-boost|p1a: What the dog doin|spa|1
|-boost|p1a: What the dog doin|spd|1
|move|p2a: Blissey|Seismic Toss|p1a: What the dog doin
|-damage|p1a: What the dog doin|15/100
|
|-weather|Sandstorm|[upkeep]
|-damage|p1a: What the dog doin|9/100|[from] Sandstorm
|-damage|p2a: Blissey|94/100|[from] Sandstorm
|-heal|p1a: What the dog doin|15/100|[from] item: Leftovers
|-heal|p2a: Blissey|100/100|[from] item: Leftovers
|upkeep
|turn|50
|
|t:|1729645810
|switch|p2a: Skarmory|Skarmory, F|15/100
|move|p1a: What the dog doin|Rest|p1a: What the dog doin
|-status|p1a: What the dog doin|slp|[from] move: Rest
|-heal|p1a: What the dog doin|100/100 slp|[silent]
|
|-weather|Sandstorm|[upkeep]
|-damage|p1a: What the dog doin|94/100 slp|[from] Sandstorm
|-heal|p1a: What the dog doin|100/100 slp|[from] item: Leftovers
|-heal|p2a: Skarmory|21/100|[from] item: Leftovers
|upkeep
|turn|51
|
|t:|1729645813
|cant|p1a: What the dog doin|slp
|move|p1a: What the dog doin|Sleep Talk|p1a: What the dog doin
|move|p1a: What the dog doin|Rest|p1a: What the dog doin|[from]Sleep Talk
|move|p2a: Skarmory|Roar|p1a: What the dog doin
|drag|p1a: Diddy|Slaking, M|37/100
|
|-weather|Sandstorm|[upkeep]
|-damage|p1a: Diddy|31/100|[from] Sandstorm
|-heal|p2a: Skarmory|27/100|[from] item: Leftovers
|upkeep
|turn|52
|
|t:|1729645819
|switch|p1a: Zappy!!|Zapdos|68/100 slp
|move|p2a: Skarmory|Spikes|p1a: Zappy!!
|-sidestart|p1: SBMalus|Spikes
|
|-weather|Sandstorm|[upkeep]
|-damage|p1a: Zappy!!|62/100 slp|[from] Sandstorm
|-heal|p1a: Zappy!!|68/100 slp|[from] item: Leftovers
|-heal|p2a: Skarmory|33/100|[from] item: Leftovers
|upkeep
|turn|53
|
|t:|1729645824
|cant|p1a: Zappy!!|slp
|move|p2a: Skarmory|Spikes|p1a: Zappy!!
|-sidestart|p1: SBMalus|Spikes
|
|-weather|Sandstorm|[upkeep]
|-damage|p1a: Zappy!!|62/100 slp|[from] Sandstorm
|-heal|p1a: Zappy!!|68/100 slp|[from] item: Leftovers
|-heal|p2a: Skarmory|39/100|[from] item: Leftovers
|upkeep
|turn|54
|
|t:|1729645828
|cant|p1a: Zappy!!|slp
|move|p2a: Skarmory|Spikes|p1a: Zappy!!
|-sidestart|p1: SBMalus|Spikes
|
|-weather|Sandstorm|[upkeep]
|-damage|p1a: Zappy!!|62/100 slp|[from] Sandstorm
|-heal|p1a: Zappy!!|68/100 slp|[from] item: Leftovers
|-heal|p2a: Skarmory|45/100|[from] item: Leftovers
|upkeep
|turn|55
|
|t:|1729645834
|-curestatus|p1a: Zappy!!|slp|[msg]
|move|p1a: Zappy!!|Roar|p2a: Skarmory
|drag|p2a: Blissey|Blissey, F|100/100
|-damage|p2a: Blissey|75/100|[from] Spikes
|
|-weather|Sandstorm|[upkeep]
|-damage|p1a: Zappy!!|62/100|[from] Sandstorm
|-damage|p2a: Blissey|69/100|[from] Sandstorm
|-heal|p1a: Zappy!!|68/100|[from] item: Leftovers
|-heal|p2a: Blissey|75/100|[from] item: Leftovers
|upkeep
|turn|56
|
|t:|1729645843
|move|p1a: Zappy!!|Toxic|p2a: Blissey
|-status|p2a: Blissey|tox
|move|p2a: Blissey|Seismic Toss|p1a: Zappy!!
|-damage|p1a: Zappy!!|42/100
|
|-weather|Sandstorm|[upkeep]
|-damage|p1a: Zappy!!|36/100|[from] Sandstorm
|-damage|p2a: Blissey|69/100 tox|[from] Sandstorm
|-heal|p1a: Zappy!!|42/100|[from] item: Leftovers
|-heal|p2a: Blissey|75/100 tox|[from] item: Leftovers
|-damage|p2a: Blissey|69/100 tox|[from] psn
|upkeep
|turn|57
|
|t:|1729645847
|-curestatus|p2a: Blissey|tox|[from] ability: Natural Cure
|switch|p2a: Tyranitar|Tyranitar, M|84/100
|-damage|p2a: Tyranitar|59/100|[from] Spikes
|move|p1a: Zappy!!|Thunderbolt|p2a: Tyranitar
|-damage|p2a: Tyranitar|27/100
|
|-weather|Sandstorm|[upkeep]
|-damage|p1a: Zappy!!|36/100|[from] Sandstorm
|-heal|p1a: Zappy!!|42/100|[from] item: Leftovers
|-heal|p2a: Tyranitar|34/100|[from] item: Leftovers
|upkeep
|turn|58
|
|t:|1729645850
|move|p1a: Zappy!!|Thunderbolt|p2a: Tyranitar
|-crit|p2a: Tyranitar
|-damage|p2a: Tyranitar|0 fnt
|faint|p2a: Tyranitar
|c|☆SBMalus|Welp here we go
|
|t:|1729645867
|switch|p2a: Swampert|Swampert, F|68/100
|-damage|p2a: Swampert|43/100|[from] Spikes
|
|-weather|Sandstorm|[upkeep]
|-damage|p1a: Zappy!!|36/100|[from] Sandstorm
|-heal|p1a: Zappy!!|42/100|[from] item: Leftovers
|-heal|p2a: Swampert|49/100|[from] item: Leftovers
|upkeep
|turn|59
|
|t:|1729645872
|move|p1a: Zappy!!|Toxic|p2a: Swampert|[miss]
|-miss|p1a: Zappy!!|p2a: Swampert
|move|p2a: Swampert|Roar|p1a: Zappy!!
|drag|p1a: Diddy|Slaking, M|31/100
|-damage|p1a: Diddy|6/100|[from] Spikes
|
|-weather|Sandstorm|[upkeep]
|-damage|p1a: Diddy|0 fnt|[from] Sandstorm
|faint|p1a: Diddy
|-heal|p2a: Swampert|56/100|[from] item: Leftovers
|upkeep
|
|t:|1729645874
|switch|p1a: Zappy!!|Zapdos|42/100
|turn|60
|
|t:|1729645879
|move|p2a: Swampert|Protect|p2a: Swampert
|-singleturn|p2a: Swampert|Protect
|move|p1a: Zappy!!|Toxic|p2a: Swampert
|-activate|p2a: Swampert|Protect
|
|-weather|Sandstorm|[upkeep]
|-damage|p1a: Zappy!!|36/100|[from] Sandstorm
|-heal|p1a: Zappy!!|42/100|[from] item: Leftovers
|-heal|p2a: Swampert|62/100|[from] item: Leftovers
|upkeep
|turn|61
|
|t:|1729645881
|move|p1a: Zappy!!|Toxic|p2a: Swampert
|-status|p2a: Swampert|tox
|move|p2a: Swampert|Surf|p1a: Zappy!!
|-damage|p1a: Zappy!!|22/100
|
|-weather|Sandstorm|[upkeep]
|-damage|p1a: Zappy!!|15/100|[from] Sandstorm
|-heal|p1a: Zappy!!|22/100|[from] item: Leftovers
|-heal|p2a: Swampert|68/100 tox|[from] item: Leftovers
|-damage|p2a: Swampert|62/100 tox|[from] psn
|upkeep
|turn|62
|
|t:|1729645886
|move|p1a: Zappy!!|Rest|p1a: Zappy!!
|-status|p1a: Zappy!!|slp|[from] move: Rest
|-heal|p1a: Zappy!!|100/100 slp|[silent]
|move|p2a: Swampert|Refresh|p2a: Swampert
|-curestatus|p2a: Swampert|tox|[msg]
|
|-weather|Sandstorm|[upkeep]
|-damage|p1a: Zappy!!|94/100 slp|[from] Sandstorm
|-heal|p1a: Zappy!!|100/100 slp|[from] item: Leftovers
|-heal|p2a: Swampert|68/100|[from] item: Leftovers
|upkeep
|turn|63
|
|t:|1729645889
|cant|p1a: Zappy!!|slp
|move|p2a: Swampert|Roar|p1a: Zappy!!
|drag|p1a: What the dog doin|Suicune, shiny|100/100 slp
|-damage|p1a: What the dog doin|76/100 slp|[from] Spikes
|
|-weather|Sandstorm|[upkeep]
|-damage|p1a: What the dog doin|69/100 slp|[from] Sandstorm
|-heal|p1a: What the dog doin|76/100 slp|[from] item: Leftovers
|-heal|p2a: Swampert|74/100|[from] item: Leftovers
|upkeep
|turn|64
|
|t:|1729645891
|cant|p1a: What the dog doin|slp
|move|p2a: Swampert|Roar|p1a: What the dog doin
|drag|p1a: Zappy!!|Zapdos|100/100 slp
|
|-weather|Sandstorm|[upkeep]
|-damage|p1a: Zappy!!|94/100 slp|[from] Sandstorm
|-heal|p1a: Zappy!!|100/100 slp|[from] item: Leftovers
|-heal|p2a: Swampert|80/100|[from] item: Leftovers
|upkeep
|turn|65
|
|t:|1729645895
|cant|p1a: Zappy!!|slp
|move|p2a: Swampert|Roar|p1a: Zappy!!
|drag|p1a: What the dog doin|Suicune, shiny|76/100 slp
|-damage|p1a: What the dog doin|51/100 slp|[from] Spikes
|
|-weather|Sandstorm|[upkeep]
|-damage|p1a: What the dog doin|44/100 slp|[from] Sandstorm
|-heal|p1a: What the dog doin|51/100 slp|[from] item: Leftovers
|-heal|p2a: Swampert|87/100|[from] item: Leftovers
|upkeep
|turn|66
|
|t:|1729645898
|cant|p1a: What the dog doin|slp
|move|p2a: Swampert|Roar|p1a: What the dog doin
|drag|p1a: Zappy!!|Zapdos|100/100 slp
|
|-weather|Sandstorm|[upkeep]
|-damage|p1a: Zappy!!|94/100 slp|[from] Sandstorm
|-heal|p1a: Zappy!!|100/100 slp|[from] item: Leftovers
|-heal|p2a: Swampert|93/100|[from] item: Leftovers
|upkeep
|turn|67
|inactive|TreinerOrenge has 270 seconds left.
|
|t:|1729645942
|move|p2a: Swampert|Surf|p1a: Zappy!!
|-damage|p1a: Zappy!!|80/100 slp
|-curestatus|p1a: Zappy!!|slp|[msg]
|move|p1a: Zappy!!|Roar|p2a: Swampert
|drag|p2a: Skarmory|Skarmory, F|45/100
|
|-weather|Sandstorm|[upkeep]
|-damage|p1a: Zappy!!|74/100|[from] Sandstorm
|-heal|p1a: Zappy!!|80/100|[from] item: Leftovers
|-heal|p2a: Skarmory|50/100|[from] item: Leftovers
|upkeep
|turn|68
|
|t:|1729645947
|switch|p2a: Swampert|Swampert, F|93/100
|-damage|p2a: Swampert|68/100|[from] Spikes
|move|p1a: Zappy!!|Thunderbolt|p2a: Swampert
|-immune|p2a: Swampert
|
|-weather|Sandstorm|[upkeep]
|-damage|p1a: Zappy!!|74/100|[from] Sandstorm
|-heal|p1a: Zappy!!|80/100|[from] item: Leftovers
|-heal|p2a: Swampert|74/100|[from] item: Leftovers
|upkeep
|turn|69
|
|t:|1729645951
|move|p2a: Swampert|Surf|p1a: Zappy!!
|-crit|p1a: Zappy!!
|-damage|p1a: Zappy!!|44/100
|move|p1a: Zappy!!|Roar|p2a: Swampert
|drag|p2a: Blissey|Blissey, F|69/100
|-damage|p2a: Blissey|44/100|[from] Spikes
|
|-weather|Sandstorm|[upkeep]
|-damage|p1a: Zappy!!|38/100|[from] Sandstorm
|-damage|p2a: Blissey|38/100|[from] Sandstorm
|-heal|p1a: Zappy!!|44/100|[from] item: Leftovers
|-heal|p2a: Blissey|44/100|[from] item: Leftovers
|upkeep
|turn|70
|
|t:|1729645959
|move|p1a: Zappy!!|Toxic|p2a: Blissey
|-status|p2a: Blissey|tox
|move|p2a: Blissey|Ice Beam|p1a: Zappy!!
|-supereffective|p1a: Zappy!!
|-damage|p1a: Zappy!!|14/100
|
|-weather|Sandstorm|[upkeep]
|-damage|p1a: Zappy!!|8/100|[from] Sandstorm
|-damage|p2a: Blissey|38/100 tox|[from] Sandstorm
|-heal|p1a: Zappy!!|14/100|[from] item: Leftovers
|-heal|p2a: Blissey|44/100 tox|[from] item: Leftovers
|-damage|p2a: Blissey|38/100 tox|[from] psn
|upkeep
|turn|71
|
|t:|1729645962
|move|p1a: Zappy!!|Rest|p1a: Zappy!!
|-status|p1a: Zappy!!|slp|[from] move: Rest
|-heal|p1a: Zappy!!|100/100 slp|[silent]
|move|p2a: Blissey|Soft-Boiled|p2a: Blissey
|-heal|p2a: Blissey|88/100 tox
|
|-weather|Sandstorm|[upkeep]
|-damage|p1a: Zappy!!|94/100 slp|[from] Sandstorm
|-damage|p2a: Blissey|82/100 tox|[from] Sandstorm
|-heal|p1a: Zappy!!|100/100 slp|[from] item: Leftovers
|-heal|p2a: Blissey|88/100 tox|[from] item: Leftovers
|-damage|p2a: Blissey|76/100 tox|[from] psn
|upkeep
|turn|72
|
|t:|1729645969
|switch|p1a: What the dog doin|Suicune, shiny|51/100 slp
|-damage|p1a: What the dog doin|26/100 slp|[from] Spikes
|-curestatus|p2a: Blissey|tox|[from] ability: Natural Cure
|switch|p2a: Skarmory|Skarmory, F|50/100
|
|-weather|Sandstorm|[upkeep]
|-damage|p1a: What the dog doin|19/100 slp|[from] Sandstorm
|-heal|p1a: What the dog doin|26/100 slp|[from] item: Leftovers
|-heal|p2a: Skarmory|56/100|[from] item: Leftovers
|upkeep
|turn|73
|
|t:|1729645972
|-curestatus|p1a: What the dog doin|slp|[msg]
|move|p1a: What the dog doin|Rest|p1a: What the dog doin
|-status|p1a: What the dog doin|slp|[from] move: Rest
|-heal|p1a: What the dog doin|100/100 slp|[silent]
|move|p2a: Skarmory|Roar|p1a: What the dog doin
|drag|p1a: Zappy!!|Zapdos|100/100 slp
|
|-weather|Sandstorm|[upkeep]
|-damage|p1a: Zappy!!|94/100 slp|[from] Sandstorm
|-heal|p1a: Zappy!!|100/100 slp|[from] item: Leftovers
|-heal|p2a: Skarmory|62/100|[from] item: Leftovers
|upkeep
|turn|74
|
|t:|1729645984
|switch|p2a: Blissey|Blissey, F|76/100
|-damage|p2a: Blissey|51/100|[from] Spikes
|cant|p1a: Zappy!!|slp
|
|-weather|Sandstorm|[upkeep]
|-damage|p1a: Zappy!!|94/100 slp|[from] Sandstorm
|-damage|p2a: Blissey|45/100|[from] Sandstorm
|-heal|p1a: Zappy!!|100/100 slp|[from] item: Leftovers
|-heal|p2a: Blissey|51/100|[from] item: Leftovers
|upkeep
|turn|75
|
|t:|1729645988
|move|p2a: Blissey|Soft-Boiled|p2a: Blissey
|-heal|p2a: Blissey|100/100
|cant|p1a: Zappy!!|slp
|
|-weather|Sandstorm|[upkeep]
|-damage|p1a: Zappy!!|94/100 slp|[from] Sandstorm
|-damage|p2a: Blissey|94/100|[from] Sandstorm
|-heal|p1a: Zappy!!|100/100 slp|[from] item: Leftovers
|-heal|p2a: Blissey|100/100|[from] item: Leftovers
|upkeep
|turn|76
|
|t:|1729645995
|-curestatus|p1a: Zappy!!|slp|[msg]
|move|p1a: Zappy!!|Toxic|p2a: Blissey|[miss]
|-miss|p1a: Zappy!!|p2a: Blissey
|move|p2a: Blissey|Ice Beam|p1a: Zappy!!
|-supereffective|p1a: Zappy!!
|-damage|p1a: Zappy!!|68/100
|
|-weather|Sandstorm|[upkeep]
|-damage|p1a: Zappy!!|61/100|[from] Sandstorm
|-damage|p2a: Blissey|94/100|[from] Sandstorm
|-heal|p1a: Zappy!!|68/100|[from] item: Leftovers
|-heal|p2a: Blissey|100/100|[from] item: Leftovers
|upkeep
|turn|77
|
|t:|1729646001
|move|p1a: Zappy!!|Toxic|p2a: Blissey|[miss]
|-miss|p1a: Zappy!!|p2a: Blissey
|move|p2a: Blissey|Ice Beam|p1a: Zappy!!
|-supereffective|p1a: Zappy!!
|-damage|p1a: Zappy!!|36/100
|
|-weather|Sandstorm|[upkeep]
|-damage|p1a: Zappy!!|30/100|[from] Sandstorm
|-damage|p2a: Blissey|94/100|[from] Sandstorm
|-heal|p1a: Zappy!!|36/100|[from] item: Leftovers
|-heal|p2a: Blissey|100/100|[from] item: Leftovers
|upkeep
|turn|78
|
|t:|1729646014
|switch|p2a: Skarmory|Skarmory, F|62/100
|move|p1a: Zappy!!|Rest|p1a: Zappy!!
|-status|p1a: Zappy!!|slp|[from] move: Rest
|-heal|p1a: Zappy!!|100/100 slp|[silent]
|
|-weather|Sandstorm|[upkeep]
|-damage|p1a: Zappy!!|94/100 slp|[from] Sandstorm
|-heal|p1a: Zappy!!|100/100 slp|[from] item: Leftovers
|-heal|p2a: Skarmory|68/100|[from] item: Leftovers
|upkeep
|turn|79
|
|t:|1729646018
|cant|p1a: Zappy!!|slp
|move|p2a: Skarmory|Roar|p1a: Zappy!!
|drag|p1a: What the dog doin|Suicune, shiny|100/100 slp
|-damage|p1a: What the dog doin|76/100 slp|[from] Spikes
|
|-weather|Sandstorm|[upkeep]
|-damage|p1a: What the dog doin|69/100 slp|[from] Sandstorm
|-heal|p1a: What the dog doin|76/100 slp|[from] item: Leftovers
|-heal|p2a: Skarmory|74/100|[from] item: Leftovers
|upkeep
|turn|80
|
|t:|1729646022
|cant|p1a: What the dog doin|slp
|move|p2a: Skarmory|Roar|p1a: What the dog doin
|drag|p1a: Zappy!!|Zapdos|100/100 slp
|
|-weather|Sandstorm|[upkeep]
|-damage|p1a: Zappy!!|94/100 slp|[from] Sandstorm
|-heal|p1a: Zappy!!|100/100 slp|[from] item: Leftovers
|-heal|p2a: Skarmory|80/100|[from] item: Leftovers
|upkeep
|turn|81
|
|t:|1729646029
|cant|p1a: Zappy!!|slp
|move|p2a: Skarmory|Roar|p1a: Zappy!!
|drag|p1a: What the dog doin|Suicune, shiny|76/100 slp
|-damage|p1a: What the dog doin|51/100 slp|[from] Spikes
|
|-weather|Sandstorm|[upkeep]
|-damage|p1a: What the dog doin|44/100 slp|[from] Sandstorm
|-heal|p1a: What the dog doin|51/100 slp|[from] item: Leftovers
|-heal|p2a: Skarmory|86/100|[from] item: Leftovers
|upkeep
|turn|82
|
|t:|1729646042
|cant|p1a: What the dog doin|slp
|move|p2a: Skarmory|Roar|p1a: What the dog doin
|drag|p1a: Zappy!!|Zapdos|100/100 slp
|
|-weather|Sandstorm|[upkeep]
|-damage|p1a: Zappy!!|94/100 slp|[from] Sandstorm
|-heal|p1a: Zappy!!|100/100 slp|[from] item: Leftovers
|-heal|p2a: Skarmory|92/100|[from] item: Leftovers
|upkeep
|turn|83
|
|t:|1729646050
|-curestatus|p1a: Zappy!!|slp|[msg]
|move|p1a: Zappy!!|Roar|p2a: Skarmory
|drag|p2a: Blissey|Blissey, F|100/100
|-damage|p2a: Blissey|75/100|[from] Spikes
|
|-weather|Sandstorm|[upkeep]
|-damage|p1a: Zappy!!|94/100|[from] Sandstorm
|-damage|p2a: Blissey|69/100|[from] Sandstorm
|-heal|p1a: Zappy!!|100/100|[from] item: Leftovers
|-heal|p2a: Blissey|75/100|[from] item: Leftovers
|upkeep
|turn|84
|
|t:|1729646060
|switch|p1a: What the dog doin|Suicune, shiny|51/100 slp
|-damage|p1a: What the dog doin|26/100 slp|[from] Spikes
|move|p2a: Blissey|Ice Beam|p1a: What the dog doin
|-resisted|p1a: What the dog doin
|-damage|p1a: What the dog doin|17/100 slp
|
|-weather|Sandstorm|[upkeep]
|-damage|p1a: What the dog doin|11/100 slp|[from] Sandstorm
|-damage|p2a: Blissey|69/100|[from] Sandstorm
|-heal|p1a: What the dog doin|17/100 slp|[from] item: Leftovers
|-heal|p2a: Blissey|75/100|[from] item: Leftovers
|upkeep
|turn|85
|
|t:|1729646063
|-curestatus|p1a: What the dog doin|slp|[msg]
|move|p1a: What the dog doin|Rest|p1a: What the dog doin
|-status|p1a: What the dog doin|slp|[from] move: Rest
|-heal|p1a: What the dog doin|100/100 slp|[silent]
|move|p2a: Blissey|Seismic Toss|p1a: What the dog doin
|-damage|p1a: What the dog doin|76/100 slp
|
|-weather|Sandstorm|[upkeep]
|-damage|p1a: What the dog doin|69/100 slp|[from] Sandstorm
|-damage|p2a: Blissey|69/100|[from] Sandstorm
|-heal|p1a: What the dog doin|76/100 slp|[from] item: Leftovers
|-heal|p2a: Blissey|75/100|[from] item: Leftovers
|upkeep
|turn|86
|
|t:|1729646071
|cant|p1a: What the dog doin|slp
|move|p2a: Blissey|Seismic Toss|p1a: What the dog doin
|-damage|p1a: What the dog doin|51/100 slp
|
|-weather|Sandstorm|[upkeep]
|-damage|p1a: What the dog doin|44/100 slp|[from] Sandstorm
|-damage|p2a: Blissey|69/100|[from] Sandstorm
|-heal|p1a: What the dog doin|51/100 slp|[from] item: Leftovers
|-heal|p2a: Blissey|75/100|[from] item: Leftovers
|upkeep
|turn|87
|
|t:|1729646074
|cant|p1a: What the dog doin|slp
|move|p2a: Blissey|Seismic Toss|p1a: What the dog doin
|-damage|p1a: What the dog doin|26/100 slp
|
|-weather|Sandstorm|[upkeep]
|-damage|p1a: What the dog doin|19/100 slp|[from] Sandstorm
|-damage|p2a: Blissey|69/100|[from] Sandstorm
|-heal|p1a: What the dog doin|26/100 slp|[from] item: Leftovers
|-heal|p2a: Blissey|75/100|[from] item: Leftovers
|upkeep
|turn|88
|
|t:|1729646080
|switch|p2a: Skarmory|Skarmory, F|92/100
|-curestatus|p1a: What the dog doin|slp|[msg]
|move|p1a: What the dog doin|Rest|p1a: What the dog doin
|-status|p1a: What the dog doin|slp|[from] move: Rest
|-heal|p1a: What the dog doin|100/100 slp|[silent]
|
|-weather|Sandstorm|[upkeep]
|-damage|p1a: What the dog doin|94/100 slp|[from] Sandstorm
|-heal|p1a: What the dog doin|100/100 slp|[from] item: Leftovers
|-heal|p2a: Skarmory|98/100|[from] item: Leftovers
|upkeep
|turn|89
|
|t:|1729646092
|cant|p1a: What the dog doin|slp
|move|p2a: Skarmory|Drill Peck|p1a: What the dog doin
|-damage|p1a: What the dog doin|84/100 slp
|
|-weather|Sandstorm|[upkeep]
|-damage|p1a: What the dog doin|78/100 slp|[from] Sandstorm
|-heal|p1a: What the dog doin|84/100 slp|[from] item: Leftovers
|-heal|p2a: Skarmory|100/100|[from] item: Leftovers
|upkeep
|turn|90
|
|t:|1729646101
|cant|p1a: What the dog doin|slp
|move|p2a: Skarmory|Drill Peck|p1a: What the dog doin
|-damage|p1a: What the dog doin|66/100 slp
|
|-weather|Sandstorm|[upkeep]
|-damage|p1a: What the dog doin|60/100 slp|[from] Sandstorm
|-heal|p1a: What the dog doin|66/100 slp|[from] item: Leftovers
|upkeep
|turn|91
|
|t:|1729646111
|-curestatus|p1a: What the dog doin|slp|[msg]
|move|p1a: What the dog doin|Surf|p2a: Skarmory
|-damage|p2a: Skarmory|63/100
|move|p2a: Skarmory|Drill Peck|p1a: What the dog doin
|-crit|p1a: What the dog doin
|-damage|p1a: What the dog doin|30/100
|
|-weather|Sandstorm|[upkeep]
|-damage|p1a: What the dog doin|24/100|[from] Sandstorm
|-heal|p1a: What the dog doin|30/100|[from] item: Leftovers
|-heal|p2a: Skarmory|69/100|[from] item: Leftovers
|upkeep
|turn|92
|
|t:|1729646117
|move|p1a: What the dog doin|Rest|p1a: What the dog doin
|-status|p1a: What the dog doin|slp|[from] move: Rest
|-heal|p1a: What the dog doin|100/100 slp|[silent]
|move|p2a: Skarmory|Roar|p1a: What the dog doin
|drag|p1a: Zappy!!|Zapdos|100/100
|
|-weather|Sandstorm|[upkeep]
|-damage|p1a: Zappy!!|94/100|[from] Sandstorm
|-heal|p1a: Zappy!!|100/100|[from] item: Leftovers
|-heal|p2a: Skarmory|75/100|[from] item: Leftovers
|upkeep
|turn|93
|
|t:|1729646125
|switch|p2a: Swampert|Swampert, F|74/100
|-damage|p2a: Swampert|49/100|[from] Spikes
|move|p1a: Zappy!!|Thunderbolt|p2a: Swampert
|-immune|p2a: Swampert
|
|-weather|Sandstorm|[upkeep]
|-damage|p1a: Zappy!!|94/100|[from] Sandstorm
|-heal|p1a: Zappy!!|100/100|[from] item: Leftovers
|-heal|p2a: Swampert|56/100|[from] item: Leftovers
|upkeep
|turn|94
|
|t:|1729646130
|move|p2a: Swampert|Protect|p2a: Swampert
|-singleturn|p2a: Swampert|Protect
|move|p1a: Zappy!!|Roar|p2a: Swampert
|-activate|p2a: Swampert|Protect
|
|-weather|Sandstorm|[upkeep]
|-damage|p1a: Zappy!!|94/100|[from] Sandstorm
|-heal|p1a: Zappy!!|100/100|[from] item: Leftovers
|-heal|p2a: Swampert|62/100|[from] item: Leftovers
|upkeep
|turn|95
|
|t:|1729646135
|move|p1a: Zappy!!|Toxic|p2a: Swampert
|-status|p2a: Swampert|tox
|move|p2a: Swampert|Surf|p1a: Zappy!!
|-damage|p1a: Zappy!!|81/100
|
|-weather|Sandstorm|[upkeep]
|-damage|p1a: Zappy!!|74/100|[from] Sandstorm
|-heal|p1a: Zappy!!|81/100|[from] item: Leftovers
|-heal|p2a: Swampert|68/100 tox|[from] item: Leftovers
|-damage|p2a: Swampert|62/100 tox|[from] psn
|upkeep
|turn|96
|
|t:|1729646137
|move|p2a: Swampert|Refresh|p2a: Swampert
|-curestatus|p2a: Swampert|tox|[msg]
|move|p1a: Zappy!!|Roar|p2a: Swampert
|drag|p2a: Skarmory|Skarmory, F|75/100
|
|-weather|Sandstorm|[upkeep]
|-damage|p1a: Zappy!!|74/100|[from] Sandstorm
|-heal|p1a: Zappy!!|81/100|[from] item: Leftovers
|-heal|p2a: Skarmory|81/100|[from] item: Leftovers
|upkeep
|turn|97
|
|t:|1729646141
|move|p1a: Zappy!!|Roar|p2a: Skarmory
|drag|p2a: Swampert|Swampert, F|62/100
|-damage|p2a: Swampert|37/100|[from] Spikes
|
|-weather|Sandstorm|[upkeep]
|-damage|p1a: Zappy!!|74/100|[from] Sandstorm
|-heal|p1a: Zappy!!|81/100|[from] item: Leftovers
|-heal|p2a: Swampert|43/100|[from] item: Leftovers
|upkeep
|turn|98
|
|t:|1729646149
|move|p2a: Swampert|Protect|p2a: Swampert
|-singleturn|p2a: Swampert|Protect
|move|p1a: Zappy!!|Roar|p2a: Swampert
|-activate|p2a: Swampert|Protect
|
|-weather|Sandstorm|[upkeep]
|-damage|p1a: Zappy!!|74/100|[from] Sandstorm
|-heal|p1a: Zappy!!|81/100|[from] item: Leftovers
|-heal|p2a: Swampert|49/100|[from] item: Leftovers
|upkeep
|turn|99
|
|t:|1729646157
|move|p2a: Swampert|Surf|p1a: Zappy!!
|-damage|p1a: Zappy!!|60/100
|move|p1a: Zappy!!|Roar|p2a: Swampert
|drag|p2a: Blissey|Blissey, F|75/100
|-damage|p2a: Blissey|50/100|[from] Spikes
|
|-weather|Sandstorm|[upkeep]
|-damage|p1a: Zappy!!|54/100|[from] Sandstorm
|-damage|p2a: Blissey|44/100|[from] Sandstorm
|-heal|p1a: Zappy!!|60/100|[from] item: Leftovers
|-heal|p2a: Blissey|50/100|[from] item: Leftovers
|upkeep
|turn|100
|
|t:|1729646162
|move|p1a: Zappy!!|Toxic|p2a: Blissey
|-status|p2a: Blissey|tox
|move|p2a: Blissey|Soft-Boiled|p2a: Blissey
|-heal|p2a: Blissey|100/100 tox
|
|-weather|Sandstorm|[upkeep]
|-damage|p1a: Zappy!!|54/100|[from] Sandstorm
|-damage|p2a: Blissey|94/100 tox|[from] Sandstorm
|-heal|p1a: Zappy!!|60/100|[from] item: Leftovers
|-heal|p2a: Blissey|100/100 tox|[from] item: Leftovers
|-damage|p2a: Blissey|94/100 tox|[from] psn
|upkeep
|turn|101
|
|t:|1729646166
|move|p1a: Zappy!!|Thunderbolt|p2a: Blissey
|-damage|p2a: Blissey|78/100 tox
|move|p2a: Blissey|Seismic Toss|p1a: Zappy!!
|-damage|p1a: Zappy!!|34/100
|
|-weather|Sandstorm|[upkeep]
|-damage|p1a: Zappy!!|28/100|[from] Sandstorm
|-damage|p2a: Blissey|72/100 tox|[from] Sandstorm
|-heal|p1a: Zappy!!|34/100|[from] item: Leftovers
|-heal|p2a: Blissey|78/100 tox|[from] item: Leftovers
|-damage|p2a: Blissey|66/100 tox|[from] psn
|upkeep
|turn|102
|
|t:|1729646172
|move|p1a: Zappy!!|Rest|p1a: Zappy!!
|-status|p1a: Zappy!!|slp|[from] move: Rest
|-heal|p1a: Zappy!!|100/100 slp|[silent]
|move|p2a: Blissey|Seismic Toss|p1a: Zappy!!
|-damage|p1a: Zappy!!|74/100 slp
|
|-weather|Sandstorm|[upkeep]
|-damage|p1a: Zappy!!|68/100 slp|[from] Sandstorm
|-damage|p2a: Blissey|60/100 tox|[from] Sandstorm
|-heal|p1a: Zappy!!|74/100 slp|[from] item: Leftovers
|-heal|p2a: Blissey|66/100 tox|[from] item: Leftovers
|-damage|p2a: Blissey|48/100 tox|[from] psn
|upkeep
|turn|103
|
|t:|1729646179
|cant|p1a: Zappy!!|slp
|move|p2a: Blissey|Seismic Toss|p1a: Zappy!!
|-damage|p1a: Zappy!!|48/100 slp
|
|-weather|Sandstorm|[upkeep]
|-damage|p1a: Zappy!!|42/100 slp|[from] Sandstorm
|-damage|p2a: Blissey|42/100 tox|[from] Sandstorm
|-heal|p1a: Zappy!!|48/100 slp|[from] item: Leftovers
|-heal|p2a: Blissey|48/100 tox|[from] item: Leftovers
|-damage|p2a: Blissey|23/100 tox|[from] psn
|upkeep
|turn|104
|
|t:|1729646190
|cant|p1a: Zappy!!|slp
|move|p2a: Blissey|Seismic Toss|p1a: Zappy!!
|-damage|p1a: Zappy!!|22/100 slp
|
|-weather|Sandstorm|[upkeep]
|-damage|p1a: Zappy!!|16/100 slp|[from] Sandstorm
|-damage|p2a: Blissey|17/100 tox|[from] Sandstorm
|-heal|p1a: Zappy!!|22/100 slp|[from] item: Leftovers
|-heal|p2a: Blissey|23/100 tox|[from] item: Leftovers
|-damage|p2a: Blissey|0 fnt|[from] psn
|faint|p2a: Blissey
|upkeep
|
|t:|1729646192
|switch|p2a: Swampert|Swampert, F|49/100
|-damage|p2a: Swampert|25/100|[from] Spikes
|turn|105
|
|t:|1729646200
|move|p2a: Swampert|Protect|p2a: Swampert
|-singleturn|p2a: Swampert|Protect
|-curestatus|p1a: Zappy!!|slp|[msg]
|move|p1a: Zappy!!|Rest|p1a: Zappy!!
|-status|p1a: Zappy!!|slp|[from] move: Rest
|-heal|p1a: Zappy!!|100/100 slp|[silent]
|
|-weather|Sandstorm|[upkeep]
|-damage|p1a: Zappy!!|94/100 slp|[from] Sandstorm
|-heal|p1a: Zappy!!|100/100 slp|[from] item: Leftovers
|-heal|p2a: Swampert|31/100|[from] item: Leftovers
|upkeep
|turn|106
|
|t:|1729646202
|cant|p1a: Zappy!!|slp
|move|p2a: Swampert|Roar|p1a: Zappy!!
|drag|p1a: What the dog doin|Suicune, shiny|100/100 slp
|-damage|p1a: What the dog doin|76/100 slp|[from] Spikes
|
|-weather|Sandstorm|[upkeep]
|-damage|p1a: What the dog doin|69/100 slp|[from] Sandstorm
|-heal|p1a: What the dog doin|76/100 slp|[from] item: Leftovers
|-heal|p2a: Swampert|37/100|[from] item: Leftovers
|upkeep
|turn|107
|
|t:|1729646204
|cant|p1a: What the dog doin|slp
|move|p2a: Swampert|Roar|p1a: What the dog doin
|drag|p1a: Zappy!!|Zapdos|100/100 slp
|
|-weather|Sandstorm|[upkeep]
|-damage|p1a: Zappy!!|94/100 slp|[from] Sandstorm
|-heal|p1a: Zappy!!|100/100 slp|[from] item: Leftovers
|-heal|p2a: Swampert|43/100|[from] item: Leftovers
|upkeep
|turn|108
|
|t:|1729646207
|cant|p1a: Zappy!!|slp
|move|p2a: Swampert|Roar|p1a: Zappy!!
|drag|p1a: What the dog doin|Suicune, shiny|76/100 slp
|-damage|p1a: What the dog doin|51/100 slp|[from] Spikes
|
|-weather|Sandstorm|[upkeep]
|-damage|p1a: What the dog doin|44/100 slp|[from] Sandstorm
|-heal|p1a: What the dog doin|51/100 slp|[from] item: Leftovers
|-heal|p2a: Swampert|49/100|[from] item: Leftovers
|upkeep
|turn|109
|
|t:|1729646211
|cant|p1a: What the dog doin|slp
|move|p2a: Swampert|Roar|p1a: What the dog doin
|drag|p1a: Zappy!!|Zapdos|100/100 slp
|
|-weather|Sandstorm|[upkeep]
|-damage|p1a: Zappy!!|94/100 slp|[from] Sandstorm
|-heal|p1a: Zappy!!|100/100 slp|[from] item: Leftovers
|-heal|p2a: Swampert|56/100|[from] item: Leftovers
|upkeep
|turn|110
|
|t:|1729646216
|move|p2a: Swampert|Surf|p1a: Zappy!!
|-crit|p1a: Zappy!!
|-damage|p1a: Zappy!!|64/100 slp
|-curestatus|p1a: Zappy!!|slp|[msg]
|move|p1a: Zappy!!|Roar|p2a: Swampert
|drag|p2a: Skarmory|Skarmory, F|81/100
|
|-weather|Sandstorm|[upkeep]
|-damage|p1a: Zappy!!|58/100|[from] Sandstorm
|-heal|p1a: Zappy!!|64/100|[from] item: Leftovers
|-heal|p2a: Skarmory|87/100|[from] item: Leftovers
|upkeep
|turn|111
|
|t:|1729646236
|move|p1a: Zappy!!|Thunderbolt|p2a: Skarmory
|-supereffective|p2a: Skarmory
|-damage|p2a: Skarmory|12/100
|move|p2a: Skarmory|Roar|p1a: Zappy!!
|drag|p1a: What the dog doin|Suicune, shiny|51/100 slp
|-damage|p1a: What the dog doin|26/100 slp|[from] Spikes
|
|-weather|Sandstorm|[upkeep]
|-damage|p1a: What the dog doin|19/100 slp|[from] Sandstorm
|-heal|p1a: What the dog doin|26/100 slp|[from] item: Leftovers
|-heal|p2a: Skarmory|18/100|[from] item: Leftovers
|upkeep
|turn|112
|
|t:|1729646244
|-curestatus|p1a: What the dog doin|slp|[msg]
|move|p1a: What the dog doin|Surf|p2a: Skarmory
|-damage|p2a: Skarmory|0 fnt
|faint|p2a: Skarmory
|
|t:|1729646246
|switch|p2a: Swampert|Swampert, F|56/100
|-damage|p2a: Swampert|31/100|[from] Spikes
|
|-weather|Sandstorm|[upkeep]
|-damage|p1a: What the dog doin|19/100|[from] Sandstorm
|-heal|p1a: What the dog doin|26/100|[from] item: Leftovers
|-heal|p2a: Swampert|37/100|[from] item: Leftovers
|upkeep
|turn|113
|
|t:|1729646254
|move|p1a: What the dog doin|Rest|p1a: What the dog doin
|-status|p1a: What the dog doin|slp|[from] move: Rest
|-heal|p1a: What the dog doin|100/100 slp|[silent]
|move|p2a: Swampert|Roar|p1a: What the dog doin
|drag|p1a: Zappy!!|Zapdos|64/100
|
|-weather|Sandstorm|[upkeep]
|-damage|p1a: Zappy!!|58/100|[from] Sandstorm
|-heal|p1a: Zappy!!|64/100|[from] item: Leftovers
|-heal|p2a: Swampert|43/100|[from] item: Leftovers
|upkeep
|turn|114
|c|☆TreinerOrenge|gg
|c|☆SBMalus|yeah gg
|inactive|TreinerOrenge has 270 seconds left.
|-message|TreinerOrenge forfeited.
|
|win|SBMalus

</script>
<script type="application/json" class="data" id="replaydata-smogtours-gen3ou-801323">
{"id":"smogtours-gen3ou-801323","format":"[Gen 3] OU","players":["SBMalus","TreinerOrenge"],"uploadtime":1729646288,"views":133,"formatid":"gen3ou","rating":null,"private":0,"password":null}
</script>

<script defer src="js/replays.js?9d40a366"></script>
