<!DOCTYPE html>
<meta charset="utf-8" />
<meta name="viewport" content="width=device-width" />

<title>[Gen 3] OU: The_App15 vs. xdeacon - Replays - Pok&eacute;mon Showdown!</title>

<meta name="description" content="Watch a replay of a Pok&eacute;mon battle between The_App15 and xdeacon! Format: [Gen 3] OU; Date: Nov 3, 2024" />
<!--

Hey, you! Looking in the source for the replay log?

You can find them in JSON format, just add `.json` at the end of a replay URL.

https://replay.pokemonshowdown.com/gen7randomdoublesbattle-865046831.json

Or, if you only need the log itself, add `.log` instead:

https://replay.pokemonshowdown.com/gen7randomdoublesbattle-865046831.log

-->

<link rel="stylesheet" href="//pokemonshowdown.com/style/global.css?0.023195364461161105" />
<link rel="stylesheet" href="//play.pokemonshowdown.com/style/font-awesome.css?0.13261647063804238" />
<link rel="stylesheet" href="//play.pokemonshowdown.com/style/battle.css?0.8753245789963631" />
<link rel="stylesheet" href="//play.pokemonshowdown.com/style/utilichart.css?0.8627959624976733" />

<!-- Global site tag (gtag.js) - Google Analytics -->
<script async src="https://www.googletagmanager.com/gtag/js?id=UA-26211653-1"></script>
<script>
  window.dataLayer = window.dataLayer || [];
  function gtag(){dataLayer.push(arguments);}
  gtag('js', new Date());

  gtag('config', 'UA-26211653-1');
</script>
<!-- End Google Analytics -->
<!-- Venatus Ad Manager - Install in <HEAD> of page -->
	<script src="https://hb.vntsm.com/v3/live/ad-manager.min.js" type="text/javascript" data-site-id="642aba63ec9a7b11c3c9c1be" data-mode="scan" async></script>
<!-- / Venatus Ad Manager -->

<style>
	@media (max-width:820px) {
		.battle {
			margin: 0 auto;
		}
		.battle-log {
			margin: 7px auto 0;
			max-width: 640px;
			height: 300px;
			position: static;
		}
	}
	.optgroup {
		display: inline-block;
		line-height: 22px;
		font-size: 10pt;
	}
	.optgroup .button {
		height: 25px;
		padding-top: 0;
		padding-bottom: 0;
	}
	.optgroup button.button {
		padding-left: 12px;
		padding-right: 12px;
	}
	.linklist {
		list-style: none;
		margin: 0.5em 0;
		padding: 0;
	}
	.linklist li {
		padding: 2px 0;
	}
	.sidebar {
		float: left;
		width: 320px;
	}
	.bar-wrapper {
		max-width: 1100px;
		margin: 0 auto;
	}
	.bar-wrapper.has-sidebar {
		max-width: 1430px;
	}
	.mainbar {
		margin: 0;
		padding-right: 1px;
	}
	.mainbar.has-sidebar {
		margin-left: 330px;
	}
	@media (min-width: 1511px) {
		.sidebar {
			width: 400px;
		}
		.bar-wrapper.has-sidebar {
			max-width: 1510px;
		}
		.mainbar.has-sidebar {
			margin-left: 410px;
		}
	}
	.section.first-section {
		margin-top: 9px;
	}
	.blocklink small {
		white-space: normal;
	}
	.button {
		vertical-align: middle;
	}
	.replay-controls {
		padding-top: 10px;
	}
	.replay-controls h1 {
		font-size: 16pt;
		font-weight: normal;
		color: #CCC;
	}
	.pagelink {
		text-align: center;
	}
	.pagelink a {
		width: 150px;
	}
	.textbox, .button {
		font-size: 11pt;
		vertical-align: middle;
	}
	@media (max-width: 450px) {
		.button {
			font-size: 9pt;
		}
	}
</style>

<div>

	<header>
		<div class="nav-wrapper"><ul class="nav">
			<li><a class="button nav-first" href="//pokemonshowdown.com/"><img src="//pokemonshowdown.com/images/pokemonshowdownbeta.png" srcset="//pokemonshowdown.com/images/pokemonshowdownbeta.png 1x, //pokemonshowdown.com/images/pokemonshowdownbeta@2x.png 2x" alt="Pok&eacute;mon Showdown" width="146" height="44" /> Home</a></li>
			<li><a class="button" href="//pokemonshowdown.com/dex/">Pok&eacute;dex</a></li>
			<li><a class="button cur" href="/">Replays</a></li>
			<li><a class="button" href="//pokemonshowdown.com/ladder/">Ladder</a></li>
			<li><a class="button nav-last" href="//pokemonshowdown.com/forums/">Forum</a></li>
			<li><a class="button greenbutton nav-first nav-last" href="//play.pokemonshowdown.com/">Play</a></li>
		</ul></div>
	</header>

	<div class="main" id="main">

		<noscript><section class="section">You need to enable JavaScript to use this page; sorry!</section></noscript>

	</div>

</div>

<script defer nomodule src="//play.pokemonshowdown.com/js/lib/ps-polyfill.js"></script>
<script defer src="//play.pokemonshowdown.com/js/lib/preact.min.js"></script>

<script defer src="//play.pokemonshowdown.com/config/config.js?2bddbc15"></script>
<script defer src="//play.pokemonshowdown.com/js/lib/jquery-1.11.0.min.js"></script>
<script defer src="//play.pokemonshowdown.com/js/lib/html-sanitizer-minified.js"></script>
<script defer src="//play.pokemonshowdown.com/js/battle-sound.js"></script>
<script defer src="//play.pokemonshowdown.com/js/battledata.js?0.7209276989879541"></script>
<script defer src="//play.pokemonshowdown.com/data/pokedex-mini.js?0.6111056340867951"></script>
<script defer src="//play.pokemonshowdown.com/data/pokedex-mini-bw.js?0.3532142036491459"></script>
<script defer src="//play.pokemonshowdown.com/data/graphics.js?0.24223875632456182"></script>
<script defer src="//play.pokemonshowdown.com/data/pokedex.js?0.38839984266356864"></script>
<script defer src="//play.pokemonshowdown.com/data/moves.js?0.21866028504024015"></script>
<script defer src="//play.pokemonshowdown.com/data/abilities.js?0.2005157953846628"></script>
<script defer src="//play.pokemonshowdown.com/data/items.js?0.9894211263848525"></script>
<script defer src="//play.pokemonshowdown.com/data/teambuilder-tables.js?0.6008791140282215"></script>
<script defer src="//play.pokemonshowdown.com/js/battle-tooltips.js?0.7580118955022959"></script>
<script defer src="//play.pokemonshowdown.com/js/battle.js?0.6057722274234274"></script>

<script defer src="js/utils.js?e31f9a17"></script>
<script defer src="js/replays-battle.js?7008c182"></script>

<!-- don't scrape this data! just add .json or .log after the URL!
Full API docs: https://github.com/smogon/pokemon-showdown-client/blob/master/WEB-API.md -->
<script type="text/plain" class="log" id="replaylog-smogtours-gen3ou-804198">
|inactive|Battle timer is ON: inactive players will automatically lose when time's up.
|t:|1730596423
|gametype|singles
|player|p1|The_App15|169|
|player|p2|xdeacon|fisherman-gen4|
|teamsize|p1|6
|teamsize|p2|6
|gen|3
|tier|[Gen 3] OU
|rule|Sleep Clause Mod: Limit one foe put to sleep
|rule|Switch Priority Clause Mod: Faster Pokémon switch first
|rule|Species Clause: Limit one of each Pokémon
|rule|OHKO Clause: OHKO moves are banned
|rule|Evasion Items Clause: Evasion items are banned
|rule|Evasion Moves Clause: Evasion moves are banned
|rule|Endless Battle Clause: Forcing endless battles is banned
|rule|HP Percentage Mod: HP is shown in percentages
|rule|One Boost Passer Clause: Limit one Baton Passer that has a way to boost its stats
|rule|Freeze Clause Mod: Limit one foe frozen
|
|t:|1730596423
|start
|switch|p1a: Forretress|Forretress, M|100/100
|switch|p2a: Skarmory|Skarmory, F|100/100
|turn|1
|c|☆xdeacon|hf
|c|☆The_App15|u2
|
|t:|1730596448
|move|p2a: Skarmory|Spikes|p1a: Forretress
|-sidestart|p1: The_App15|Spikes
|move|p1a: Forretress|Spikes|p2a: Skarmory
|-sidestart|p2: xdeacon|Spikes
|
|upkeep
|turn|2
|
|t:|1730596458
|switch|p2a: Starmie|Starmie|100/100
|-damage|p2a: Starmie|88/100|[from] Spikes
|move|p1a: Forretress|Rapid Spin|p2a: Starmie
|-damage|p2a: Starmie|82/100
|-sideend|p1: The_App15|Spikes|[from] move: Rapid Spin|[of] p1a: Forretress
|
|-heal|p2a: Starmie|88/100|[from] item: Leftovers
|upkeep
|turn|3
|inactive|The_App15 has 270 seconds left.
|
|t:|1730596507
|switch|p1a: Gengar|Gengar, M|100/100
|move|p2a: Starmie|Hydro Pump|p1a: Gengar
|-damage|p1a: Gengar|43/100
|
|-heal|p2a: Starmie|94/100|[from] item: Leftovers
|-heal|p1a: Gengar|49/100|[from] item: Leftovers
|upkeep
|turn|4
|
|t:|1730596520
|switch|p1a: Blissey|Blissey, F|100/100
|move|p2a: Starmie|Hydro Pump|p1a: Blissey
|-damage|p1a: Blissey|77/100
|
|-heal|p2a: Starmie|100/100|[from] item: Leftovers
|-heal|p1a: Blissey|84/100|[from] item: Leftovers
|upkeep
|turn|5
|
|t:|1730596534
|switch|p2a: Swampert|Swampert, F|100/100
|-damage|p2a: Swampert|88/100|[from] Spikes
|move|p1a: Blissey|Seismic Toss|p2a: Swampert
|-damage|p2a: Swampert|63/100
|
|-heal|p2a: Swampert|69/100|[from] item: Leftovers
|-heal|p1a: Blissey|90/100|[from] item: Leftovers
|upkeep
|turn|6
|inactive|The_App15 has 270 seconds left.
|
|t:|1730596554
|switch|p1a: Forretress|Forretress, M|100/100
|move|p2a: Swampert|Earthquake|p1a: Forretress
|-damage|p1a: Forretress|73/100
|
|-heal|p2a: Swampert|76/100|[from] item: Leftovers
|-heal|p1a: Forretress|79/100|[from] item: Leftovers
|upkeep
|turn|7
|inactive|The_App15 has 270 seconds left.
|
|t:|1730596574
|move|p2a: Swampert|Hydro Pump|p1a: Forretress
|-damage|p1a: Forretress|43/100
|move|p1a: Forretress|Hidden Power|p2a: Swampert
|-damage|p2a: Swampert|64/100
|
|-heal|p2a: Swampert|71/100|[from] item: Leftovers
|-heal|p1a: Forretress|49/100|[from] item: Leftovers
|upkeep
|turn|8
|inactive|The_App15 has 270 seconds left.
|inactive|xdeacon has 270 seconds left.
|
|t:|1730596611
|switch|p1a: Blissey|Blissey, F|90/100
|move|p2a: Swampert|Earthquake|p1a: Blissey
|-damage|p1a: Blissey|53/100
|
|-heal|p2a: Swampert|77/100|[from] item: Leftovers
|-heal|p1a: Blissey|59/100|[from] item: Leftovers
|upkeep
|turn|9
|inactive|xdeacon has 270 seconds left.
|
|t:|1730596627
|move|p2a: Swampert|Earthquake|p1a: Blissey
|-damage|p1a: Blissey|18/100
|move|p1a: Blissey|Soft-Boiled|p1a: Blissey
|-heal|p1a: Blissey|68/100
|
|-heal|p2a: Swampert|83/100|[from] item: Leftovers
|-heal|p1a: Blissey|74/100|[from] item: Leftovers
|upkeep
|turn|10
|
|t:|1730596640
|switch|p2a: Gengar|Gengar, F|100/100
|switch|p1a: Gengar|Gengar, M|49/100
|
|-heal|p1a: Gengar|55/100|[from] item: Leftovers
|upkeep
|turn|11
|inactive|The_App15 has 270 seconds left.
|
|t:|1730596650
|switch|p1a: Tyranitar|Tyranitar, F|100/100
|-weather|Sandstorm|[from] ability: Sand Stream|[of] p1a: Tyranitar
|move|p2a: Gengar|Thunderbolt|p1a: Tyranitar
|-damage|p1a: Tyranitar|76/100
|-status|p1a: Tyranitar|par
|
|-weather|Sandstorm|[upkeep]
|-damage|p2a: Gengar|95/100|[from] Sandstorm
|-heal|p2a: Gengar|100/100|[from] item: Leftovers
|-heal|p1a: Tyranitar|82/100 par|[from] item: Leftovers
|upkeep
|turn|12
|inactive|xdeacon has 270 seconds left.
|
|t:|1730596661
|-activate|p2a: Gengar|move: Pursuit
|move|p1a: Tyranitar|Pursuit|p2a: Gengar|[from]Pursuit
|-supereffective|p2a: Gengar
|-damage|p2a: Gengar|17/100
|switch|p2a: Starmie|Starmie|100/100
|-damage|p2a: Starmie|88/100|[from] Spikes
|
|-weather|Sandstorm|[upkeep]
|-damage|p2a: Starmie|82/100|[from] Sandstorm
|-heal|p2a: Starmie|88/100|[from] item: Leftovers
|-heal|p1a: Tyranitar|88/100 par|[from] item: Leftovers
|upkeep
|turn|13
|inactive|xdeacon has 270 seconds left.
|
|t:|1730596669
|switch|p1a: Blissey|Blissey, F|74/100
|move|p2a: Starmie|Rapid Spin|p1a: Blissey
|-damage|p1a: Blissey|71/100
|-sideend|p2: xdeacon|Spikes|[from] move: Rapid Spin|[of] p2a: Starmie
|
|-weather|Sandstorm|[upkeep]
|-damage|p2a: Starmie|82/100|[from] Sandstorm
|-damage|p1a: Blissey|65/100|[from] Sandstorm
|-heal|p2a: Starmie|88/100|[from] item: Leftovers
|-heal|p1a: Blissey|71/100|[from] item: Leftovers
|upkeep
|turn|14
|inactive|xdeacon has 270 seconds left.
|
|t:|1730596682
|switch|p2a: Blissey|Blissey, F, shiny|100/100
|move|p1a: Blissey|Wish|p1a: Blissey
|
|-weather|Sandstorm|[upkeep]
|-damage|p2a: Blissey|94/100|[from] Sandstorm
|-damage|p1a: Blissey|65/100|[from] Sandstorm
|-heal|p1a: Blissey|71/100|[from] item: Leftovers
|-heal|p2a: Blissey|100/100|[from] item: Leftovers
|upkeep
|turn|15
|inactive|The_App15 has 270 seconds left.
|inactive|The_App15 disconnected and has 300 seconds to reconnect!
|player|p1|
|inactive|The_App15 reconnected and has 270 seconds left.
|player|p1|The_App15|169|
|
|t:|1730596718
|switch|p1a: Forretress|Forretress, M|49/100
|move|p2a: Blissey|Fire Blast|p1a: Forretress
|-supereffective|p1a: Forretress
|-damage|p1a: Forretress|0 fnt
|faint|p1a: Forretress
|inactive|The_App15 has 270 seconds left.
|
|t:|1730596752
|switch|p1a: Swampert|Swampert, F|100/100
|
|-weather|Sandstorm|[upkeep]
|-damage|p2a: Blissey|94/100|[from] Sandstorm
|-heal|p2a: Blissey|100/100|[from] item: Leftovers
|upkeep
|turn|16
|
|t:|1730596760
|move|p2a: Blissey|Toxic|p1a: Swampert
|-status|p1a: Swampert|tox
|move|p1a: Swampert|Earthquake|p2a: Blissey
|-damage|p2a: Blissey|60/100
|
|-weather|Sandstorm|[upkeep]
|-damage|p2a: Blissey|54/100|[from] Sandstorm
|-heal|p2a: Blissey|60/100|[from] item: Leftovers
|-damage|p1a: Swampert|94/100 tox|[from] psn
|upkeep
|turn|17
|
|t:|1730596771
|switch|p2a: Skarmory|Skarmory, F|100/100
|switch|p1a: Gengar|Gengar, M|55/100
|
|-weather|Sandstorm|[upkeep]
|-damage|p1a: Gengar|49/100|[from] Sandstorm
|-heal|p1a: Gengar|55/100|[from] item: Leftovers
|upkeep
|turn|18
|
|t:|1730596789
|move|p2a: Skarmory|Protect|p2a: Skarmory
|-singleturn|p2a: Skarmory|Protect
|move|p1a: Gengar|Will-O-Wisp|p2a: Skarmory
|-activate|p2a: Skarmory|Protect
|
|-weather|Sandstorm|[upkeep]
|-damage|p1a: Gengar|49/100|[from] Sandstorm
|-heal|p1a: Gengar|55/100|[from] item: Leftovers
|upkeep
|turn|19
|inactive|The_App15 has 270 seconds left.
|
|t:|1730596799
|switch|p2a: Gengar|Gengar, F|17/100
|move|p1a: Gengar|Will-O-Wisp|p2a: Gengar
|-status|p2a: Gengar|brn
|
|-weather|Sandstorm|[upkeep]
|-damage|p2a: Gengar|11/100 brn|[from] Sandstorm
|-damage|p1a: Gengar|49/100|[from] Sandstorm
|-heal|p2a: Gengar|17/100 brn|[from] item: Leftovers
|-damage|p2a: Gengar|5/100 brn|[from] brn
|-heal|p1a: Gengar|55/100|[from] item: Leftovers
|upkeep
|turn|20
|
|t:|1730596808
|switch|p1a: Tyranitar|Tyranitar, F|88/100 par
|move|p2a: Gengar|Thunderbolt|p1a: Tyranitar
|-damage|p1a: Tyranitar|65/100 par
|
|-weather|Sandstorm|[upkeep]
|-damage|p2a: Gengar|0 fnt|[from] Sandstorm
|faint|p2a: Gengar
|-heal|p1a: Tyranitar|72/100 par|[from] item: Leftovers
|upkeep
|
|t:|1730596821
|switch|p2a: Blissey|Blissey, F, shiny|60/100
|turn|21
|
|t:|1730596836
|switch|p1a: Blissey|Blissey, F|71/100
|move|p2a: Blissey|Soft-Boiled|p2a: Blissey
|-heal|p2a: Blissey|100/100
|
|-weather|Sandstorm|[upkeep]
|-damage|p1a: Blissey|65/100|[from] Sandstorm
|-damage|p2a: Blissey|94/100|[from] Sandstorm
|-heal|p1a: Blissey|71/100|[from] item: Leftovers
|-heal|p2a: Blissey|100/100|[from] item: Leftovers
|upkeep
|turn|22
|
|t:|1730596846
|switch|p2a: Skarmory|Skarmory, F|100/100
|move|p1a: Blissey|Wish|p1a: Blissey
|
|-weather|Sandstorm|[upkeep]
|-damage|p1a: Blissey|65/100|[from] Sandstorm
|-heal|p1a: Blissey|71/100|[from] item: Leftovers
|upkeep
|turn|23
|
|t:|1730596853
|switch|p1a: Gengar|Gengar, M|55/100
|move|p2a: Skarmory|Spikes|p1a: Gengar
|-sidestart|p1: The_App15|Spikes
|
|-heal|p1a: Gengar|100/100|[from] move: Wish|[wisher] Blissey
|-weather|Sandstorm|[upkeep]
|-damage|p1a: Gengar|94/100|[from] Sandstorm
|-heal|p1a: Gengar|100/100|[from] item: Leftovers
|upkeep
|turn|24
|
|t:|1730596861
|move|p1a: Gengar|Will-O-Wisp|p2a: Skarmory
|-status|p2a: Skarmory|brn
|move|p2a: Skarmory|Spikes|p1a: Gengar
|-sidestart|p1: The_App15|Spikes
|
|-weather|Sandstorm|[upkeep]
|-damage|p1a: Gengar|94/100|[from] Sandstorm
|-heal|p1a: Gengar|100/100|[from] item: Leftovers
|-damage|p2a: Skarmory|88/100 brn|[from] brn
|upkeep
|turn|25
|
|t:|1730596865
|move|p1a: Gengar|Thunderbolt|p2a: Skarmory
|-supereffective|p2a: Skarmory
|-damage|p2a: Skarmory|38/100 brn
|move|p2a: Skarmory|Spikes|p1a: Gengar
|-sidestart|p1: The_App15|Spikes
|
|-weather|Sandstorm|[upkeep]
|-damage|p1a: Gengar|94/100|[from] Sandstorm
|-heal|p1a: Gengar|100/100|[from] item: Leftovers
|-heal|p2a: Skarmory|44/100 brn|[from] item: Leftovers
|-damage|p2a: Skarmory|31/100 brn|[from] brn
|upkeep
|turn|26
|
|t:|1730596870
|switch|p2a: Blissey|Blissey, F, shiny|100/100
|move|p1a: Gengar|Thunderbolt|p2a: Blissey
|-damage|p2a: Blissey|89/100
|
|-weather|Sandstorm|[upkeep]
|-damage|p1a: Gengar|94/100|[from] Sandstorm
|-damage|p2a: Blissey|83/100|[from] Sandstorm
|-heal|p1a: Gengar|100/100|[from] item: Leftovers
|-heal|p2a: Blissey|89/100|[from] item: Leftovers
|upkeep
|turn|27
|
|t:|1730596876
|move|p1a: Gengar|Will-O-Wisp|p2a: Blissey
|-status|p2a: Blissey|brn
|move|p2a: Blissey|Ice Beam|p1a: Gengar
|-damage|p1a: Gengar|72/100
|
|-weather|Sandstorm|[upkeep]
|-damage|p1a: Gengar|66/100|[from] Sandstorm
|-damage|p2a: Blissey|83/100 brn|[from] Sandstorm
|-heal|p1a: Gengar|72/100|[from] item: Leftovers
|-heal|p2a: Blissey|89/100 brn|[from] item: Leftovers
|-damage|p2a: Blissey|77/100 brn|[from] brn
|upkeep
|turn|28
|
|t:|1730596885
|switch|p1a: Blissey|Blissey, F|71/100
|-damage|p1a: Blissey|47/100|[from] Spikes
|-curestatus|p2a: Blissey|brn|[from] ability: Natural Cure
|switch|p2a: Tyranitar|Tyranitar, F|100/100
|
|-weather|Sandstorm|[upkeep]
|-damage|p1a: Blissey|40/100|[from] Sandstorm
|-heal|p1a: Blissey|47/100|[from] item: Leftovers
|upkeep
|turn|29
|
|t:|1730596891
|-singleturn|p2a: Tyranitar|move: Focus Punch
|switch|p1a: Swampert|Swampert, F|94/100 tox
|-damage|p1a: Swampert|69/100 tox|[from] Spikes
|move|p2a: Tyranitar|Focus Punch|p1a: Swampert
|-damage|p1a: Swampert|33/100 tox
|
|-weather|Sandstorm|[upkeep]
|-heal|p1a: Swampert|39/100 tox|[from] item: Leftovers
|-damage|p1a: Swampert|33/100 tox|[from] psn
|upkeep
|turn|30
|
|t:|1730596917
|switch|p2a: Skarmory|Skarmory, F|31/100 brn
|move|p1a: Swampert|Hydro Pump|p2a: Skarmory
|-damage|p2a: Skarmory|0 fnt
|faint|p2a: Skarmory
|
|t:|1730596924
|switch|p2a: Starmie|Starmie|88/100
|
|-weather|Sandstorm|[upkeep]
|-damage|p2a: Starmie|82/100|[from] Sandstorm
|-heal|p2a: Starmie|88/100|[from] item: Leftovers
|-heal|p1a: Swampert|39/100 tox|[from] item: Leftovers
|-damage|p1a: Swampert|26/100 tox|[from] psn
|upkeep
|turn|31
|inactive|xdeacon has 270 seconds left.
|
|t:|1730596959
|move|p2a: Starmie|Hydro Pump|p1a: Swampert
|-damage|p1a: Swampert|0 fnt
|faint|p1a: Swampert
|inactive|The_App15 has 270 seconds left.
|
|t:|1730596994
|switch|p1a: Blissey|Blissey, F|47/100
|-damage|p1a: Blissey|22/100|[from] Spikes
|
|-weather|Sandstorm|[upkeep]
|-damage|p2a: Starmie|82/100|[from] Sandstorm
|-damage|p1a: Blissey|16/100|[from] Sandstorm
|-heal|p2a: Starmie|88/100|[from] item: Leftovers
|-heal|p1a: Blissey|22/100|[from] item: Leftovers
|upkeep
|turn|32
|
|t:|1730597013
|switch|p2a: Tyranitar|Tyranitar, F|100/100
|move|p1a: Blissey|Soft-Boiled|p1a: Blissey
|-heal|p1a: Blissey|72/100
|
|-weather|Sandstorm|[upkeep]
|-damage|p1a: Blissey|65/100|[from] Sandstorm
|-heal|p1a: Blissey|72/100|[from] item: Leftovers
|upkeep
|turn|33
|
|t:|1730597017
|move|p2a: Tyranitar|Rock Slide|p1a: Blissey
|-damage|p1a: Blissey|27/100
|move|p1a: Blissey|Seismic Toss|p2a: Tyranitar
|-damage|p2a: Tyranitar|76/100
|
|-weather|Sandstorm|[upkeep]
|-damage|p1a: Blissey|20/100|[from] Sandstorm
|-heal|p2a: Tyranitar|82/100|[from] item: Leftovers
|-heal|p1a: Blissey|27/100|[from] item: Leftovers
|upkeep
|turn|34
|
|t:|1730597027
|switch|p1a: Gengar|Gengar, M|72/100
|move|p2a: Tyranitar|Earthquake|p1a: Gengar
|-immune|p1a: Gengar
|
|-weather|Sandstorm|[upkeep]
|-damage|p1a: Gengar|66/100|[from] Sandstorm
|-heal|p1a: Gengar|72/100|[from] item: Leftovers
|-heal|p2a: Tyranitar|88/100|[from] item: Leftovers
|upkeep
|turn|35
|inactive|xdeacon has 270 seconds left.
|
|t:|1730597035
|switch|p2a: Starmie|Starmie|88/100
|move|p1a: Gengar|Will-O-Wisp|p2a: Starmie
|-status|p2a: Starmie|brn
|
|-weather|Sandstorm|[upkeep]
|-damage|p2a: Starmie|82/100 brn|[from] Sandstorm
|-damage|p1a: Gengar|66/100|[from] Sandstorm
|-heal|p2a: Starmie|88/100 brn|[from] item: Leftovers
|-damage|p2a: Starmie|76/100 brn|[from] brn
|-heal|p1a: Gengar|72/100|[from] item: Leftovers
|upkeep
|turn|36
|
|t:|1730597040
|move|p2a: Starmie|Hydro Pump|p1a: Gengar
|-damage|p1a: Gengar|10/100
|move|p1a: Gengar|Thunderbolt|p2a: Starmie
|-supereffective|p2a: Starmie
|-damage|p2a: Starmie|0 fnt
|faint|p2a: Starmie
|inactive|xdeacon has 270 seconds left.
|
|t:|1730597070
|switch|p2a: Blissey|Blissey, F, shiny|77/100
|
|-weather|Sandstorm|[upkeep]
|-damage|p1a: Gengar|4/100|[from] Sandstorm
|-damage|p2a: Blissey|71/100|[from] Sandstorm
|-heal|p1a: Gengar|10/100|[from] item: Leftovers
|-heal|p2a: Blissey|77/100|[from] item: Leftovers
|upkeep
|turn|37
|
|t:|1730597075
|move|p1a: Gengar|Will-O-Wisp|p2a: Blissey
|-status|p2a: Blissey|brn
|move|p2a: Blissey|Ice Beam|p1a: Gengar
|-damage|p1a: Gengar|0 fnt
|faint|p1a: Gengar
|
|t:|1730597078
|switch|p1a: Dugtrio|Dugtrio, F|100/100
|-damage|p1a: Dugtrio|76/100|[from] Spikes
|
|-weather|Sandstorm|[upkeep]
|-damage|p2a: Blissey|71/100 brn|[from] Sandstorm
|-heal|p2a: Blissey|77/100 brn|[from] item: Leftovers
|-damage|p2a: Blissey|65/100 brn|[from] brn
|upkeep
|turn|38
|
|t:|1730597083
|move|p1a: Dugtrio|Earthquake|p2a: Blissey
|-damage|p2a: Blissey|3/100 brn
|move|p2a: Blissey|Ice Beam|p1a: Dugtrio
|-supereffective|p1a: Dugtrio
|-damage|p1a: Dugtrio|0 fnt
|faint|p1a: Dugtrio
|
|t:|1730597089
|switch|p1a: Blissey|Blissey, F|27/100
|-damage|p1a: Blissey|2/100|[from] Spikes
|
|-weather|Sandstorm|[upkeep]
|-damage|p1a: Blissey|0 fnt|[from] Sandstorm
|-damage|p2a: Blissey|0 fnt|[from] Sandstorm
|faint|p1a: Blissey
|faint|p2a: Blissey
|upkeep
|
|t:|1730597095
|switch|p1a: Tyranitar|Tyranitar, F|72/100 par
|switch|p2a: Swampert|Swampert, F|83/100
|-damage|p1a: Tyranitar|47/100 par|[from] Spikes
|turn|39
|
|t:|1730597100
|move|p2a: Swampert|Earthquake|p1a: Tyranitar
|-supereffective|p1a: Tyranitar
|-damage|p1a: Tyranitar|0 fnt
|faint|p1a: Tyranitar
|
|win|xdeacon
|c|☆xdeacon|gg
|c|☆The_App15|gg

</script>
<script type="application/json" class="data" id="replaydata-smogtours-gen3ou-804198">
{"id":"smogtours-gen3ou-804198","format":"[Gen 3] OU","players":["The_App15","xdeacon"],"uploadtime":1730597100,"views":45,"formatid":"gen3ou","rating":null,"private":1,"password":null}
</script>

<script defer src="js/replays.js?9d40a366"></script>
