<!DOCTYPE html>
<meta charset="utf-8" />
<meta name="viewport" content="width=device-width" />

<title>[Gen 3] OU: AnotherAshenSoul vs. ProfessorKid - Replays - Pok&eacute;mon Showdown!</title>

<meta name="description" content="Watch a replay of a Pok&eacute;mon battle between AnotherAshenSoul and ProfessorKid! Format: [Gen 3] OU; Date: Oct 12, 2024" />
<!--

Hey, you! Looking in the source for the replay log?

You can find them in JSON format, just add `.json` at the end of a replay URL.

https://replay.pokemonshowdown.com/gen7randomdoublesbattle-865046831.json

Or, if you only need the log itself, add `.log` instead:

https://replay.pokemonshowdown.com/gen7randomdoublesbattle-865046831.log

-->

<link rel="stylesheet" href="//pokemonshowdown.com/style/global.css?0.023195364461161105" />
<link rel="stylesheet" href="//play.pokemonshowdown.com/style/font-awesome.css?0.13261647063804238" />
<link rel="stylesheet" href="//play.pokemonshowdown.com/style/battle.css?0.8753245789963631" />
<link rel="stylesheet" href="//play.pokemonshowdown.com/style/utilichart.css?0.8627959624976733" />

<!-- Global site tag (gtag.js) - Google Analytics -->
<script async src="https://www.googletagmanager.com/gtag/js?id=UA-26211653-1"></script>
<script>
  window.dataLayer = window.dataLayer || [];
  function gtag(){dataLayer.push(arguments);}
  gtag('js', new Date());

  gtag('config', 'UA-26211653-1');
</script>
<!-- End Google Analytics -->
<!-- Venatus Ad Manager - Install in <HEAD> of page -->
	<script src="https://hb.vntsm.com/v3/live/ad-manager.min.js" type="text/javascript" data-site-id="642aba63ec9a7b11c3c9c1be" data-mode="scan" async></script>
<!-- / Venatus Ad Manager -->

<style>
	@media (max-width:820px) {
		.battle {
			margin: 0 auto;
		}
		.battle-log {
			margin: 7px auto 0;
			max-width: 640px;
			height: 300px;
			position: static;
		}
	}
	.optgroup {
		display: inline-block;
		line-height: 22px;
		font-size: 10pt;
	}
	.optgroup .button {
		height: 25px;
		padding-top: 0;
		padding-bottom: 0;
	}
	.optgroup button.button {
		padding-left: 12px;
		padding-right: 12px;
	}
	.linklist {
		list-style: none;
		margin: 0.5em 0;
		padding: 0;
	}
	.linklist li {
		padding: 2px 0;
	}
	.sidebar {
		float: left;
		width: 320px;
	}
	.bar-wrapper {
		max-width: 1100px;
		margin: 0 auto;
	}
	.bar-wrapper.has-sidebar {
		max-width: 1430px;
	}
	.mainbar {
		margin: 0;
		padding-right: 1px;
	}
	.mainbar.has-sidebar {
		margin-left: 330px;
	}
	@media (min-width: 1511px) {
		.sidebar {
			width: 400px;
		}
		.bar-wrapper.has-sidebar {
			max-width: 1510px;
		}
		.mainbar.has-sidebar {
			margin-left: 410px;
		}
	}
	.section.first-section {
		margin-top: 9px;
	}
	.blocklink small {
		white-space: normal;
	}
	.button {
		vertical-align: middle;
	}
	.replay-controls {
		padding-top: 10px;
	}
	.replay-controls h1 {
		font-size: 16pt;
		font-weight: normal;
		color: #CCC;
	}
	.pagelink {
		text-align: center;
	}
	.pagelink a {
		width: 150px;
	}
	.textbox, .button {
		font-size: 11pt;
		vertical-align: middle;
	}
	@media (max-width: 450px) {
		.button {
			font-size: 9pt;
		}
	}
</style>

<div>

	<header>
		<div class="nav-wrapper"><ul class="nav">
			<li><a class="button nav-first" href="//pokemonshowdown.com/"><img src="//pokemonshowdown.com/images/pokemonshowdownbeta.png" srcset="//pokemonshowdown.com/images/pokemonshowdownbeta.png 1x, //pokemonshowdown.com/images/pokemonshowdownbeta@2x.png 2x" alt="Pok&eacute;mon Showdown" width="146" height="44" /> Home</a></li>
			<li><a class="button" href="//pokemonshowdown.com/dex/">Pok&eacute;dex</a></li>
			<li><a class="button cur" href="/">Replays</a></li>
			<li><a class="button" href="//pokemonshowdown.com/ladder/">Ladder</a></li>
			<li><a class="button nav-last" href="//pokemonshowdown.com/forums/">Forum</a></li>
			<li><a class="button greenbutton nav-first nav-last" href="//play.pokemonshowdown.com/">Play</a></li>
		</ul></div>
	</header>

	<div class="main" id="main">

		<noscript><section class="section">You need to enable JavaScript to use this page; sorry!</section></noscript>

	</div>

</div>

<script defer nomodule src="//play.pokemonshowdown.com/js/lib/ps-polyfill.js"></script>
<script defer src="//play.pokemonshowdown.com/js/lib/preact.min.js"></script>

<script defer src="//play.pokemonshowdown.com/config/config.js?2bddbc15"></script>
<script defer src="//play.pokemonshowdown.com/js/lib/jquery-1.11.0.min.js"></script>
<script defer src="//play.pokemonshowdown.com/js/lib/html-sanitizer-minified.js"></script>
<script defer src="//play.pokemonshowdown.com/js/battle-sound.js"></script>
<script defer src="//play.pokemonshowdown.com/js/battledata.js?0.7209276989879541"></script>
<script defer src="//play.pokemonshowdown.com/data/pokedex-mini.js?0.6111056340867951"></script>
<script defer src="//play.pokemonshowdown.com/data/pokedex-mini-bw.js?0.3532142036491459"></script>
<script defer src="//play.pokemonshowdown.com/data/graphics.js?0.24223875632456182"></script>
<script defer src="//play.pokemonshowdown.com/data/pokedex.js?0.38839984266356864"></script>
<script defer src="//play.pokemonshowdown.com/data/moves.js?0.21866028504024015"></script>
<script defer src="//play.pokemonshowdown.com/data/abilities.js?0.2005157953846628"></script>
<script defer src="//play.pokemonshowdown.com/data/items.js?0.9894211263848525"></script>
<script defer src="//play.pokemonshowdown.com/data/teambuilder-tables.js?0.6008791140282215"></script>
<script defer src="//play.pokemonshowdown.com/js/battle-tooltips.js?0.7580118955022959"></script>
<script defer src="//play.pokemonshowdown.com/js/battle.js?0.6057722274234274"></script>

<script defer src="js/utils.js?e31f9a17"></script>
<script defer src="js/replays-battle.js?7008c182"></script>

<!-- don't scrape this data! just add .json or .log after the URL!
Full API docs: https://github.com/smogon/pokemon-showdown-client/blob/master/WEB-API.md -->
<script type="text/plain" class="log" id="replaylog-smogtours-gen3ou-797478">
|inactive|Battle timer is ON: inactive players will automatically lose when time's up.
|t:|1728747188
|gametype|singles
|player|p1|AnotherAshenSoul|sabrina-masters|
|player|p2|ProfessorKid|1|
|teamsize|p1|6
|teamsize|p2|6
|gen|3
|tier|[Gen 3] OU
|rule|Sleep Clause Mod: Limit one foe put to sleep
|rule|Switch Priority Clause Mod: Faster Pokémon switch first
|rule|Species Clause: Limit one of each Pokémon
|rule|OHKO Clause: OHKO moves are banned
|rule|Evasion Items Clause: Evasion items are banned
|rule|Evasion Moves Clause: Evasion moves are banned
|rule|Endless Battle Clause: Forcing endless battles is banned
|rule|HP Percentage Mod: HP is shown in percentages
|rule|One Boost Passer Clause: Limit one Baton Passer that has a way to boost its stats
|rule|Freeze Clause Mod: Limit one foe frozen
|
|t:|1728747188
|start
|switch|p1a: Hot Fuzz|Jolteon, F|100/100
|switch|p2a: Metagross|Metagross|100/100
|turn|1
|
|t:|1728747198
|move|p1a: Hot Fuzz|Substitute|p1a: Hot Fuzz
|-start|p1a: Hot Fuzz|Substitute
|-damage|p1a: Hot Fuzz|76/100
|move|p2a: Metagross|Agility|p2a: Metagross
|-boost|p2a: Metagross|spe|2
|
|-heal|p1a: Hot Fuzz|82/100|[from] item: Leftovers
|upkeep
|turn|2
|
|t:|1728747208
|move|p2a: Metagross|Earthquake|p1a: Hot Fuzz
|-supereffective|p1a: Hot Fuzz
|-end|p1a: Hot Fuzz|Substitute
|move|p1a: Hot Fuzz|Baton Pass|p1a: Hot Fuzz
|
|t:|1728747215
|switch|p1a: Scott Pilgrim|Skarmory, M|100/100|[from] Baton Pass
|
|upkeep
|turn|3
|
|t:|1728747220
|switch|p2a: Breloom|Breloom, F|100/100
|move|p1a: Scott Pilgrim|Spikes|p2a: Breloom
|-sidestart|p2: ProfessorKid|Spikes
|
|upkeep
|turn|4
|
|t:|1728747225
|switch|p1a: Shaun of the Dead|Aerodactyl, M|100/100
|move|p2a: Breloom|Spore|p1a: Shaun of the Dead
|-status|p1a: Shaun of the Dead|slp|[from] move: Spore
|
|upkeep
|turn|5
|
|t:|1728747231
|cant|p1a: Shaun of the Dead|slp
|move|p1a: Shaun of the Dead|Sleep Talk|p1a: Shaun of the Dead
|move|p1a: Shaun of the Dead|Rock Slide|p2a: Breloom|[from]Sleep Talk
|-resisted|p2a: Breloom
|-damage|p2a: Breloom|60/100
|cant|p2a: Breloom|flinch
|
|-heal|p2a: Breloom|66/100|[from] item: Leftovers
|upkeep
|turn|6
|inactive|ProfessorKid has 270 seconds left.
|
|t:|1728747269
|switch|p1a: Scott Pilgrim|Skarmory, M|100/100
|move|p2a: Breloom|Substitute|p2a: Breloom
|-start|p2a: Breloom|Substitute
|-damage|p2a: Breloom|41/100
|
|-heal|p2a: Breloom|47/100|[from] item: Leftovers
|upkeep
|turn|7
|inactive|ProfessorKid has 270 seconds left.
|
|t:|1728747298
|-singleturn|p2a: Breloom|move: Focus Punch
|move|p2a: Breloom|Focus Punch|p1a: Scott Pilgrim
|-damage|p1a: Scott Pilgrim|54/100
|move|p1a: Scott Pilgrim|Roar|p2a: Breloom
|drag|p2a: Dugtrio|Dugtrio, F|100/100
|-damage|p2a: Dugtrio|88/100|[from] Spikes
|
|-heal|p1a: Scott Pilgrim|60/100|[from] item: Leftovers
|upkeep
|turn|8
|
|t:|1728747315
|switch|p2a: Suicune|Suicune|100/100
|-damage|p2a: Suicune|88/100|[from] Spikes
|move|p1a: Scott Pilgrim|Toxic|p2a: Suicune
|-status|p2a: Suicune|tox
|
|-heal|p2a: Suicune|94/100 tox|[from] item: Leftovers
|-damage|p2a: Suicune|88/100 tox|[from] psn
|-heal|p1a: Scott Pilgrim|66/100|[from] item: Leftovers
|upkeep
|turn|9
|
|t:|1728747323
|move|p2a: Suicune|Surf|p1a: Scott Pilgrim
|-damage|p1a: Scott Pilgrim|18/100
|move|p1a: Scott Pilgrim|Roar|p2a: Suicune
|drag|p2a: Breloom|Breloom, F|47/100
|-damage|p2a: Breloom|35/100|[from] Spikes
|
|-heal|p2a: Breloom|41/100|[from] item: Leftovers
|-heal|p1a: Scott Pilgrim|24/100|[from] item: Leftovers
|upkeep
|turn|10
|inactive|AnotherAshenSoul has 270 seconds left.
|
|t:|1728747356
|move|p2a: Breloom|Leech Seed|p1a: Scott Pilgrim
|-start|p1a: Scott Pilgrim|move: Leech Seed
|move|p1a: Scott Pilgrim|Roar|p2a: Breloom
|drag|p2a: Dugtrio|Dugtrio, F|88/100
|-damage|p2a: Dugtrio|76/100|[from] Spikes
|
|-heal|p1a: Scott Pilgrim|30/100|[from] item: Leftovers
|-damage|p1a: Scott Pilgrim|18/100|[from] Leech Seed|[of] p2a: Dugtrio
|-heal|p2a: Dugtrio|95/100|[silent]
|upkeep
|turn|11
|inactive|AnotherAshenSoul has 270 seconds left.
|
|t:|1728747368
|switch|p1a: Last Night in Soho|Claydol|100/100
|move|p2a: Dugtrio|Rock Slide|p1a: Last Night in Soho
|-resisted|p1a: Last Night in Soho
|-damage|p1a: Last Night in Soho|87/100
|
|-heal|p1a: Last Night in Soho|93/100|[from] item: Leftovers
|upkeep
|turn|12
|
|t:|1728747382
|switch|p2a: Suicune|Suicune|88/100 tox
|-damage|p2a: Suicune|76/100 tox|[from] Spikes
|switch|p1a: The World's End|Suicune|100/100
|
|-heal|p2a: Suicune|82/100 tox|[from] item: Leftovers
|-damage|p2a: Suicune|76/100 tox|[from] psn
|upkeep
|turn|13
|inactive|AnotherAshenSoul has 270 seconds left.
|
|t:|1728747404
|switch|p2a: Blissey|Blissey, F|100/100
|-damage|p2a: Blissey|88/100|[from] Spikes
|move|p1a: The World's End|Calm Mind|p1a: The World's End
|-boost|p1a: The World's End|spa|1
|-boost|p1a: The World's End|spd|1
|
|-heal|p2a: Blissey|94/100|[from] item: Leftovers
|upkeep
|turn|14
|
|t:|1728747408
|move|p2a: Blissey|Toxic|p1a: The World's End
|-status|p1a: The World's End|tox
|move|p1a: The World's End|Roar|p2a: Blissey
|drag|p2a: Dugtrio|Dugtrio, F|95/100
|-damage|p2a: Dugtrio|83/100|[from] Spikes
|
|-damage|p1a: The World's End|94/100 tox|[from] psn
|upkeep
|turn|15
|
|t:|1728747414
|switch|p2a: Blissey|Blissey, F|94/100
|-damage|p2a: Blissey|82/100|[from] Spikes
|move|p1a: The World's End|Hydro Pump|p2a: Blissey
|-damage|p2a: Blissey|52/100
|
|-heal|p1a: The World's End|100/100 tox|[from] item: Leftovers
|-damage|p1a: The World's End|88/100 tox|[from] psn
|-heal|p2a: Blissey|58/100|[from] item: Leftovers
|upkeep
|turn|16
|
|t:|1728747422
|switch|p1a: Baby Driver|Tyranitar, F|100/100
|-weather|Sandstorm|[from] ability: Sand Stream|[of] p1a: Baby Driver
|move|p2a: Blissey|Wish|p2a: Blissey
|
|-weather|Sandstorm|[upkeep]
|-damage|p2a: Blissey|52/100|[from] Sandstorm
|-heal|p2a: Blissey|58/100|[from] item: Leftovers
|upkeep
|turn|17
|
|t:|1728747429
|switch|p1a: Scott Pilgrim|Skarmory, M|18/100
|move|p2a: Blissey|Toxic|p1a: Scott Pilgrim
|-immune|p1a: Scott Pilgrim
|
|-heal|p2a: Blissey|100/100|[from] move: Wish|[wisher] Blissey
|-weather|Sandstorm|[upkeep]
|-damage|p2a: Blissey|94/100|[from] Sandstorm
|-heal|p1a: Scott Pilgrim|24/100|[from] item: Leftovers
|-heal|p2a: Blissey|100/100|[from] item: Leftovers
|upkeep
|turn|18
|
|t:|1728747436
|move|p1a: Scott Pilgrim|Toxic|p2a: Blissey
|-status|p2a: Blissey|tox
|move|p2a: Blissey|Seismic Toss|p1a: Scott Pilgrim
|-damage|p1a: Scott Pilgrim|0 fnt
|faint|p1a: Scott Pilgrim
|
|t:|1728747445
|switch|p1a: Baby Driver|Tyranitar, F|100/100
|
|-weather|Sandstorm|[upkeep]
|-damage|p2a: Blissey|94/100 tox|[from] Sandstorm
|-heal|p2a: Blissey|100/100 tox|[from] item: Leftovers
|-damage|p2a: Blissey|94/100 tox|[from] psn
|upkeep
|turn|19
|
|t:|1728747449
|move|p1a: Baby Driver|Dragon Dance|p1a: Baby Driver
|-boost|p1a: Baby Driver|atk|1
|-boost|p1a: Baby Driver|spe|1
|move|p2a: Blissey|Toxic|p1a: Baby Driver
|-status|p1a: Baby Driver|tox
|-enditem|p1a: Baby Driver|Lum Berry|[eat]
|-curestatus|p1a: Baby Driver|tox|[msg]
|
|-weather|Sandstorm|[upkeep]
|-damage|p2a: Blissey|88/100 tox|[from] Sandstorm
|-heal|p2a: Blissey|94/100 tox|[from] item: Leftovers
|-damage|p2a: Blissey|82/100 tox|[from] psn
|upkeep
|turn|20
|
|t:|1728747462
|move|p1a: Baby Driver|Rock Slide|p2a: Blissey
|-damage|p2a: Blissey|26/100 tox
|move|p2a: Blissey|Toxic|p1a: Baby Driver
|-status|p1a: Baby Driver|tox
|
|-weather|Sandstorm|[upkeep]
|-damage|p2a: Blissey|20/100 tox|[from] Sandstorm
|-damage|p1a: Baby Driver|94/100 tox|[from] psn
|-heal|p2a: Blissey|26/100 tox|[from] item: Leftovers
|-damage|p2a: Blissey|7/100 tox|[from] psn
|upkeep
|turn|21
|
|t:|1728747471
|move|p2a: Blissey|Protect|p2a: Blissey
|-singleturn|p2a: Blissey|Protect
|move|p1a: Baby Driver|Dragon Dance|p1a: Baby Driver
|-boost|p1a: Baby Driver|atk|1
|-boost|p1a: Baby Driver|spe|1
|
|-weather|Sandstorm|[upkeep]
|-damage|p2a: Blissey|1/100 tox|[from] Sandstorm
|-damage|p1a: Baby Driver|82/100 tox|[from] psn
|-heal|p2a: Blissey|7/100 tox|[from] item: Leftovers
|-damage|p2a: Blissey|0 fnt|[from] psn
|faint|p2a: Blissey
|upkeep
|
|t:|1728747478
|switch|p2a: Salamence|Salamence, F|100/100
|-ability|p2a: Salamence|Intimidate|boost
|-unboost|p1a: Baby Driver|atk|1
|turn|22
|
|t:|1728747484
|switch|p2a: Metagross|Metagross|100/100
|-damage|p2a: Metagross|88/100|[from] Spikes
|move|p1a: Baby Driver|Rock Slide|p2a: Metagross
|-resisted|p2a: Metagross
|-damage|p2a: Metagross|64/100
|
|-weather|Sandstorm|[upkeep]
|-damage|p1a: Baby Driver|64/100 tox|[from] psn
|upkeep
|turn|23
|
|t:|1728747494
|switch|p2a: Salamence|Salamence, F|100/100
|-ability|p2a: Salamence|Intimidate|boost
|-unboost|p1a: Baby Driver|atk|1
|move|p1a: Baby Driver|Earthquake|p2a: Salamence
|-immune|p2a: Salamence
|
|-weather|Sandstorm|[upkeep]
|-damage|p2a: Salamence|94/100|[from] Sandstorm
|-damage|p1a: Baby Driver|39/100 tox|[from] psn
|-heal|p2a: Salamence|100/100|[from] item: Leftovers
|upkeep
|turn|24
|
|t:|1728747501
|switch|p2a: Metagross|Metagross|64/100
|-damage|p2a: Metagross|52/100|[from] Spikes
|move|p1a: Baby Driver|Earthquake|p2a: Metagross
|-supereffective|p2a: Metagross
|-damage|p2a: Metagross|0 fnt
|faint|p2a: Metagross
|
|t:|1728747517
|switch|p2a: Suicune|Suicune|76/100 tox
|-damage|p2a: Suicune|63/100 tox|[from] Spikes
|
|-weather|Sandstorm|[upkeep]
|-damage|p2a: Suicune|57/100 tox|[from] Sandstorm
|-damage|p1a: Baby Driver|8/100 tox|[from] psn
|-heal|p2a: Suicune|63/100 tox|[from] item: Leftovers
|-damage|p2a: Suicune|57/100 tox|[from] psn
|upkeep
|turn|25
|inactive|ProfessorKid has 270 seconds left.
|inactive|ProfessorKid has 240 seconds left.
|
|t:|1728747585
|switch|p2a: Breloom|Breloom, F|41/100
|-damage|p2a: Breloom|29/100|[from] Spikes
|move|p1a: Baby Driver|Rock Slide|p2a: Breloom
|-resisted|p2a: Breloom
|-damage|p2a: Breloom|0 fnt
|faint|p2a: Breloom
|inactive|ProfessorKid has 210 seconds left.
|
|t:|1728747620
|switch|p2a: Salamence|Salamence, F|100/100
|-ability|p2a: Salamence|Intimidate|boost
|-unboost|p1a: Baby Driver|atk|1
|
|-weather|Sandstorm|[upkeep]
|-damage|p2a: Salamence|94/100|[from] Sandstorm
|-damage|p1a: Baby Driver|0 fnt|[from] psn
|faint|p1a: Baby Driver
|-heal|p2a: Salamence|100/100|[from] item: Leftovers
|upkeep
|
|t:|1728747633
|switch|p1a: The World's End|Suicune|88/100 tox
|turn|26
|inactive|ProfessorKid has 210 seconds left.
|
|t:|1728747659
|switch|p2a: Suicune|Suicune|57/100 tox
|-damage|p2a: Suicune|45/100 tox|[from] Spikes
|switch|p1a: Last Night in Soho|Claydol|93/100
|
|-weather|Sandstorm|[upkeep]
|-damage|p2a: Suicune|39/100 tox|[from] Sandstorm
|-heal|p2a: Suicune|45/100 tox|[from] item: Leftovers
|-damage|p2a: Suicune|39/100 tox|[from] psn
|-heal|p1a: Last Night in Soho|99/100|[from] item: Leftovers
|upkeep
|turn|27
|
|t:|1728747668
|move|p2a: Suicune|Surf|p1a: Last Night in Soho
|-supereffective|p1a: Last Night in Soho
|-damage|p1a: Last Night in Soho|21/100
|move|p1a: Last Night in Soho|Explosion|p2a: Suicune
|-damage|p2a: Suicune|0 fnt
|faint|p1a: Last Night in Soho
|faint|p2a: Suicune
|inactive|ProfessorKid has 180 seconds left.
|
|t:|1728747721
|switch|p2a: Salamence|Salamence, F|100/100
|switch|p1a: The World's End|Suicune|88/100 tox
|-ability|p2a: Salamence|Intimidate|boost
|-unboost|p1a: The World's End|atk|1
|
|-weather|Sandstorm|[upkeep]
|-damage|p2a: Salamence|94/100|[from] Sandstorm
|-damage|p1a: The World's End|82/100 tox|[from] Sandstorm
|-heal|p2a: Salamence|100/100|[from] item: Leftovers
|-heal|p1a: The World's End|88/100 tox|[from] item: Leftovers
|-damage|p1a: The World's End|82/100 tox|[from] psn
|upkeep
|turn|28
|
|t:|1728747732
|move|p2a: Salamence|Rock Slide|p1a: The World's End
|-damage|p1a: The World's End|60/100 tox
|move|p1a: The World's End|Ice Beam|p2a: Salamence
|-supereffective|p2a: Salamence
|-damage|p2a: Salamence|0 fnt
|faint|p2a: Salamence
|
|t:|1728747739
|switch|p2a: Dugtrio|Dugtrio, F|83/100
|-damage|p2a: Dugtrio|71/100|[from] Spikes
|
|-weather|Sandstorm|[upkeep]
|-damage|p1a: The World's End|54/100 tox|[from] Sandstorm
|-heal|p1a: The World's End|60/100 tox|[from] item: Leftovers
|-damage|p1a: The World's End|48/100 tox|[from] psn
|upkeep
|turn|29
|
|t:|1728747744
|move|p2a: Dugtrio|Rock Slide|p1a: The World's End
|-damage|p1a: The World's End|23/100 tox
|cant|p1a: The World's End|flinch
|
|-weather|Sandstorm|[upkeep]
|-damage|p1a: The World's End|17/100 tox|[from] Sandstorm
|-heal|p1a: The World's End|23/100 tox|[from] item: Leftovers
|-damage|p1a: The World's End|5/100 tox|[from] psn
|upkeep
|turn|30
|c|☆ProfessorKid|gg
|
|t:|1728747748
|move|p2a: Dugtrio|Rock Slide|p1a: The World's End|[miss]
|-miss|p2a: Dugtrio|p1a: The World's End
|move|p1a: The World's End|Hydro Pump|p2a: Dugtrio
|-supereffective|p2a: Dugtrio
|-damage|p2a: Dugtrio|0 fnt
|faint|p2a: Dugtrio
|
|win|AnotherAshenSoul
|c|☆AnotherAshenSoul|GG
|player|p2|

</script>
<script type="application/json" class="data" id="replaydata-smogtours-gen3ou-797478">
{"id":"smogtours-gen3ou-797478","format":"[Gen 3] OU","players":["AnotherAshenSoul","ProfessorKid"],"uploadtime":1728747748,"views":89,"formatid":"gen3ou","rating":null,"private":0,"password":null}
</script>

<script defer src="js/replays.js?9d40a366"></script>
