<!DOCTYPE html>
<meta charset="utf-8" />
<meta name="viewport" content="width=device-width" />

<title>[Gen 3] OU: beignet2 vs. TheMighty_Q - Replays - Pok&eacute;mon Showdown!</title>

<meta name="description" content="Watch a replay of a Pok&eacute;mon battle between beignet2 and TheMighty_Q! Format: [Gen 3] OU; Date: Oct 7, 2024" />
<!--

Hey, you! Looking in the source for the replay log?

You can find them in JSON format, just add `.json` at the end of a replay URL.

https://replay.pokemonshowdown.com/gen7randomdoublesbattle-865046831.json

Or, if you only need the log itself, add `.log` instead:

https://replay.pokemonshowdown.com/gen7randomdoublesbattle-865046831.log

-->

<link rel="stylesheet" href="//pokemonshowdown.com/style/global.css?0.023195364461161105" />
<link rel="stylesheet" href="//play.pokemonshowdown.com/style/font-awesome.css?0.13261647063804238" />
<link rel="stylesheet" href="//play.pokemonshowdown.com/style/battle.css?0.8753245789963631" />
<link rel="stylesheet" href="//play.pokemonshowdown.com/style/utilichart.css?0.8627959624976733" />

<!-- Global site tag (gtag.js) - Google Analytics -->
<script async src="https://www.googletagmanager.com/gtag/js?id=UA-26211653-1"></script>
<script>
  window.dataLayer = window.dataLayer || [];
  function gtag(){dataLayer.push(arguments);}
  gtag('js', new Date());

  gtag('config', 'UA-26211653-1');
</script>
<!-- End Google Analytics -->
<!-- Venatus Ad Manager - Install in <HEAD> of page -->
	<script src="https://hb.vntsm.com/v3/live/ad-manager.min.js" type="text/javascript" data-site-id="642aba63ec9a7b11c3c9c1be" data-mode="scan" async></script>
<!-- / Venatus Ad Manager -->

<style>
	@media (max-width:820px) {
		.battle {
			margin: 0 auto;
		}
		.battle-log {
			margin: 7px auto 0;
			max-width: 640px;
			height: 300px;
			position: static;
		}
	}
	.optgroup {
		display: inline-block;
		line-height: 22px;
		font-size: 10pt;
	}
	.optgroup .button {
		height: 25px;
		padding-top: 0;
		padding-bottom: 0;
	}
	.optgroup button.button {
		padding-left: 12px;
		padding-right: 12px;
	}
	.linklist {
		list-style: none;
		margin: 0.5em 0;
		padding: 0;
	}
	.linklist li {
		padding: 2px 0;
	}
	.sidebar {
		float: left;
		width: 320px;
	}
	.bar-wrapper {
		max-width: 1100px;
		margin: 0 auto;
	}
	.bar-wrapper.has-sidebar {
		max-width: 1430px;
	}
	.mainbar {
		margin: 0;
		padding-right: 1px;
	}
	.mainbar.has-sidebar {
		margin-left: 330px;
	}
	@media (min-width: 1511px) {
		.sidebar {
			width: 400px;
		}
		.bar-wrapper.has-sidebar {
			max-width: 1510px;
		}
		.mainbar.has-sidebar {
			margin-left: 410px;
		}
	}
	.section.first-section {
		margin-top: 9px;
	}
	.blocklink small {
		white-space: normal;
	}
	.button {
		vertical-align: middle;
	}
	.replay-controls {
		padding-top: 10px;
	}
	.replay-controls h1 {
		font-size: 16pt;
		font-weight: normal;
		color: #CCC;
	}
	.pagelink {
		text-align: center;
	}
	.pagelink a {
		width: 150px;
	}
	.textbox, .button {
		font-size: 11pt;
		vertical-align: middle;
	}
	@media (max-width: 450px) {
		.button {
			font-size: 9pt;
		}
	}
</style>

<div>

	<header>
		<div class="nav-wrapper"><ul class="nav">
			<li><a class="button nav-first" href="//pokemonshowdown.com/"><img src="//pokemonshowdown.com/images/pokemonshowdownbeta.png" srcset="//pokemonshowdown.com/images/pokemonshowdownbeta.png 1x, //pokemonshowdown.com/images/pokemonshowdownbeta@2x.png 2x" alt="Pok&eacute;mon Showdown" width="146" height="44" /> Home</a></li>
			<li><a class="button" href="//pokemonshowdown.com/dex/">Pok&eacute;dex</a></li>
			<li><a class="button cur" href="/">Replays</a></li>
			<li><a class="button" href="//pokemonshowdown.com/ladder/">Ladder</a></li>
			<li><a class="button nav-last" href="//pokemonshowdown.com/forums/">Forum</a></li>
			<li><a class="button greenbutton nav-first nav-last" href="//play.pokemonshowdown.com/">Play</a></li>
		</ul></div>
	</header>

	<div class="main" id="main">

		<noscript><section class="section">You need to enable JavaScript to use this page; sorry!</section></noscript>

	</div>

</div>

<script defer nomodule src="//play.pokemonshowdown.com/js/lib/ps-polyfill.js"></script>
<script defer src="//play.pokemonshowdown.com/js/lib/preact.min.js"></script>

<script defer src="//play.pokemonshowdown.com/config/config.js?2bddbc15"></script>
<script defer src="//play.pokemonshowdown.com/js/lib/jquery-1.11.0.min.js"></script>
<script defer src="//play.pokemonshowdown.com/js/lib/html-sanitizer-minified.js"></script>
<script defer src="//play.pokemonshowdown.com/js/battle-sound.js"></script>
<script defer src="//play.pokemonshowdown.com/js/battledata.js?0.7209276989879541"></script>
<script defer src="//play.pokemonshowdown.com/data/pokedex-mini.js?0.6111056340867951"></script>
<script defer src="//play.pokemonshowdown.com/data/pokedex-mini-bw.js?0.3532142036491459"></script>
<script defer src="//play.pokemonshowdown.com/data/graphics.js?0.24223875632456182"></script>
<script defer src="//play.pokemonshowdown.com/data/pokedex.js?0.38839984266356864"></script>
<script defer src="//play.pokemonshowdown.com/data/moves.js?0.21866028504024015"></script>
<script defer src="//play.pokemonshowdown.com/data/abilities.js?0.2005157953846628"></script>
<script defer src="//play.pokemonshowdown.com/data/items.js?0.9894211263848525"></script>
<script defer src="//play.pokemonshowdown.com/data/teambuilder-tables.js?0.6008791140282215"></script>
<script defer src="//play.pokemonshowdown.com/js/battle-tooltips.js?0.7580118955022959"></script>
<script defer src="//play.pokemonshowdown.com/js/battle.js?0.6057722274234274"></script>

<script defer src="js/utils.js?e31f9a17"></script>
<script defer src="js/replays-battle.js?7008c182"></script>

<!-- don't scrape this data! just add .json or .log after the URL!
Full API docs: https://github.com/smogon/pokemon-showdown-client/blob/master/WEB-API.md -->
<script type="text/plain" class="log" id="replaylog-smogtours-gen3ou-796280">
|inactive|Battle timer is ON: inactive players will automatically lose when time's up.
|t:|1728342964
|gametype|singles
|player|p1|beignet2|blue-gen3two|
|player|p2|TheMighty_Q|hiker-gen4|
|teamsize|p1|6
|teamsize|p2|6
|gen|3
|tier|[Gen 3] OU
|rule|Sleep Clause Mod: Limit one foe put to sleep
|rule|Switch Priority Clause Mod: Faster Pokémon switch first
|rule|Species Clause: Limit one of each Pokémon
|rule|OHKO Clause: OHKO moves are banned
|rule|Evasion Items Clause: Evasion items are banned
|rule|Evasion Moves Clause: Evasion moves are banned
|rule|Endless Battle Clause: Forcing endless battles is banned
|rule|HP Percentage Mod: HP is shown in percentages
|rule|One Boost Passer Clause: Limit one Baton Passer that has a way to boost its stats
|rule|Freeze Clause Mod: Limit one foe frozen
|
|t:|1728342964
|start
|switch|p1a: ButtonClickerJones|Metagross|100/100
|switch|p2a: Zapdos|Zapdos|100/100
|turn|1
|
|t:|1728342994
|move|p2a: Zapdos|Thunder Wave|p1a: ButtonClickerJones
|-status|p1a: ButtonClickerJones|par
|move|p1a: ButtonClickerJones|Meteor Mash|p2a: Zapdos
|-resisted|p2a: Zapdos
|-damage|p2a: Zapdos|48/100
|
|-heal|p2a: Zapdos|54/100|[from] item: Leftovers
|upkeep
|turn|2
|
|t:|1728343009
|move|p2a: Zapdos|Thunderbolt|p1a: ButtonClickerJones
|-damage|p1a: ButtonClickerJones|48/100 par
|move|p1a: ButtonClickerJones|Meteor Mash|p2a: Zapdos
|-resisted|p2a: Zapdos
|-damage|p2a: Zapdos|0 fnt
|faint|p2a: Zapdos
|
|t:|1728343020
|switch|p2a: Charizard|Charizard, M|100/100
|
|upkeep
|turn|3
|
|t:|1728343027
|move|p2a: Charizard|Substitute|p2a: Charizard
|-start|p2a: Charizard|Substitute
|-damage|p2a: Charizard|76/100
|move|p1a: ButtonClickerJones|Meteor Mash|p2a: Charizard
|-resisted|p2a: Charizard
|-end|p2a: Charizard|Substitute
|-boost|p1a: ButtonClickerJones|atk|1
|
|-heal|p2a: Charizard|82/100|[from] item: Leftovers
|upkeep
|turn|4
|
|t:|1728343043
|switch|p1a: Bad Dog|Houndoom, M|100/100
|move|p2a: Charizard|Fire Blast|p1a: Bad Dog
|-resisted|p1a: Bad Dog
|-damage|p1a: Bad Dog|58/100
|
|-heal|p1a: Bad Dog|64/100|[from] item: Leftovers
|-heal|p2a: Charizard|88/100|[from] item: Leftovers
|upkeep
|turn|5
|
|t:|1728343053
|move|p1a: Bad Dog|Crunch|p2a: Charizard
|-damage|p2a: Charizard|29/100
|move|p2a: Charizard|Substitute|p2a: Charizard
|-start|p2a: Charizard|Substitute
|-damage|p2a: Charizard|5/100
|
|-heal|p1a: Bad Dog|71/100|[from] item: Leftovers
|-heal|p2a: Charizard|11/100|[from] item: Leftovers
|upkeep
|turn|6
|
|t:|1728343067
|-singleturn|p2a: Charizard|move: Focus Punch
|switch|p1a: Clever Nickname|Gengar, F|100/100
|move|p2a: Charizard|Focus Punch|p1a: Clever Nickname
|-immune|p1a: Clever Nickname
|
|-heal|p2a: Charizard|17/100|[from] item: Leftovers
|upkeep
|turn|7
|
|t:|1728343072
|move|p1a: Clever Nickname|Thunderbolt|p2a: Charizard
|-supereffective|p2a: Charizard
|-crit|p2a: Charizard
|-end|p2a: Charizard|Substitute
|move|p2a: Charizard|Fire Blast|p1a: Clever Nickname|[miss]
|-miss|p2a: Charizard|p1a: Clever Nickname
|
|-heal|p2a: Charizard|23/100|[from] item: Leftovers
|upkeep
|turn|8
|
|t:|1728343079
|switch|p2a: Swampert|Swampert, F|100/100
|move|p1a: Clever Nickname|Thunderbolt|p2a: Swampert
|-immune|p2a: Swampert
|
|upkeep
|turn|9
|
|t:|1728343082
|move|p2a: Swampert|Protect|p2a: Swampert
|-singleturn|p2a: Swampert|Protect
|move|p1a: Clever Nickname|Hidden Power|p2a: Swampert
|-activate|p2a: Swampert|Protect
|
|upkeep
|turn|10
|
|t:|1728343089
|switch|p2a: Tyranitar|Tyranitar, M|100/100
|-weather|Sandstorm|[from] ability: Sand Stream|[of] p2a: Tyranitar
|move|p1a: Clever Nickname|Hidden Power|p2a: Tyranitar
|-supereffective|p2a: Tyranitar
|-damage|p2a: Tyranitar|58/100
|
|-weather|Sandstorm|[upkeep]
|-damage|p1a: Clever Nickname|94/100|[from] Sandstorm
|-heal|p1a: Clever Nickname|100/100|[from] item: Leftovers
|upkeep
|turn|11
|
|t:|1728343094
|move|p1a: Clever Nickname|Hidden Power|p2a: Tyranitar
|-supereffective|p2a: Tyranitar
|-damage|p2a: Tyranitar|13/100
|move|p2a: Tyranitar|Dragon Dance|p2a: Tyranitar
|-boost|p2a: Tyranitar|atk|1
|-boost|p2a: Tyranitar|spe|1
|
|-weather|Sandstorm|[upkeep]
|-damage|p1a: Clever Nickname|94/100|[from] Sandstorm
|-heal|p1a: Clever Nickname|100/100|[from] item: Leftovers
|upkeep
|turn|12
|
|t:|1728343099
|move|p1a: Clever Nickname|Hidden Power|p2a: Tyranitar
|-supereffective|p2a: Tyranitar
|-damage|p2a: Tyranitar|0 fnt
|faint|p2a: Tyranitar
|
|t:|1728343109
|switch|p2a: Metagross|Metagross|100/100
|
|-weather|Sandstorm|[upkeep]
|-damage|p1a: Clever Nickname|94/100|[from] Sandstorm
|-heal|p1a: Clever Nickname|100/100|[from] item: Leftovers
|upkeep
|turn|13
|
|t:|1728343117
|switch|p1a: Harmory|Skarmory, F|100/100
|move|p2a: Metagross|Meteor Mash|p1a: Harmory
|-resisted|p1a: Harmory
|-damage|p1a: Harmory|67/100
|
|-weather|Sandstorm|[upkeep]
|-heal|p1a: Harmory|73/100|[from] item: Leftovers
|upkeep
|turn|14
|
|t:|1728343125
|switch|p2a: Breloom|Breloom, F|100/100
|move|p1a: Harmory|Roar|p2a: Breloom
|drag|p2a: Metagross|Metagross|100/100
|
|-weather|Sandstorm|[upkeep]
|-heal|p1a: Harmory|79/100|[from] item: Leftovers
|upkeep
|turn|15
|
|t:|1728343131
|move|p1a: Harmory|Protect|p1a: Harmory
|-singleturn|p1a: Harmory|Protect
|move|p2a: Metagross|Meteor Mash|p1a: Harmory
|-activate|p1a: Harmory|Protect
|
|-weather|Sandstorm|[upkeep]
|-heal|p1a: Harmory|85/100|[from] item: Leftovers
|upkeep
|turn|16
|
|t:|1728343134
|move|p2a: Metagross|Meteor Mash|p1a: Harmory
|-resisted|p1a: Harmory
|-damage|p1a: Harmory|48/100
|-boost|p2a: Metagross|atk|1
|move|p1a: Harmory|Spikes|p2a: Metagross
|-sidestart|p2: TheMighty_Q|Spikes
|
|-weather|Sandstorm|[upkeep]
|-heal|p1a: Harmory|54/100|[from] item: Leftovers
|upkeep
|turn|17
|
|t:|1728343137
|move|p1a: Harmory|Protect|p1a: Harmory
|-singleturn|p1a: Harmory|Protect
|move|p2a: Metagross|Meteor Mash|p1a: Harmory
|-activate|p1a: Harmory|Protect
|
|-weather|Sandstorm|[upkeep]
|-heal|p1a: Harmory|60/100|[from] item: Leftovers
|upkeep
|turn|18
|
|t:|1728343140
|move|p2a: Metagross|Meteor Mash|p1a: Harmory
|-resisted|p1a: Harmory
|-damage|p1a: Harmory|9/100
|move|p1a: Harmory|Roar|p2a: Metagross
|drag|p2a: Charizard|Charizard, M|23/100
|
|-weather|Sandstorm|[upkeep]
|-damage|p2a: Charizard|17/100|[from] Sandstorm
|-heal|p2a: Charizard|23/100|[from] item: Leftovers
|-heal|p1a: Harmory|15/100|[from] item: Leftovers
|upkeep
|turn|19
|
|t:|1728343149
|move|p2a: Charizard|Fire Blast|p1a: Harmory
|-supereffective|p1a: Harmory
|-damage|p1a: Harmory|0 fnt
|faint|p1a: Harmory
|
|t:|1728343151
|switch|p1a: Clever Nickname|Gengar, F|100/100
|
|-weather|Sandstorm|[upkeep]
|-damage|p1a: Clever Nickname|94/100|[from] Sandstorm
|-damage|p2a: Charizard|17/100|[from] Sandstorm
|-heal|p1a: Clever Nickname|100/100|[from] item: Leftovers
|-heal|p2a: Charizard|23/100|[from] item: Leftovers
|upkeep
|turn|20
|
|t:|1728343158
|switch|p2a: Breloom|Breloom, F|100/100
|-damage|p2a: Breloom|88/100|[from] Spikes
|move|p1a: Clever Nickname|Ice Punch|p2a: Breloom
|-supereffective|p2a: Breloom
|-damage|p2a: Breloom|0 fnt
|faint|p2a: Breloom
|
|t:|1728343165
|switch|p2a: Metagross|Metagross|100/100
|-damage|p2a: Metagross|88/100|[from] Spikes
|
|-weather|Sandstorm|[upkeep]
|-damage|p1a: Clever Nickname|94/100|[from] Sandstorm
|-heal|p1a: Clever Nickname|100/100|[from] item: Leftovers
|upkeep
|turn|21
|
|t:|1728343170
|switch|p1a: ButtonClickerJones|Metagross|48/100 par
|move|p2a: Metagross|Meteor Mash|p1a: ButtonClickerJones
|-resisted|p1a: ButtonClickerJones
|-damage|p1a: ButtonClickerJones|10/100 par
|
|-weather|Sandstorm|[upkeep]
|upkeep
|turn|22
|
|t:|1728343174
|move|p2a: Metagross|Meteor Mash|p1a: ButtonClickerJones
|-resisted|p1a: ButtonClickerJones
|-damage|p1a: ButtonClickerJones|0 fnt
|faint|p1a: ButtonClickerJones
|
|t:|1728343177
|switch|p1a: Bad Dog|Houndoom, M|71/100
|
|-weather|Sandstorm|[upkeep]
|-damage|p1a: Bad Dog|64/100|[from] Sandstorm
|-heal|p1a: Bad Dog|71/100|[from] item: Leftovers
|upkeep
|turn|23
|
|t:|1728343184
|move|p1a: Bad Dog|Fire Blast|p2a: Metagross|[miss]
|-miss|p1a: Bad Dog|p2a: Metagross
|move|p2a: Metagross|Meteor Mash|p1a: Bad Dog|[miss]
|-miss|p2a: Metagross|p1a: Bad Dog
|
|-weather|Sandstorm|[upkeep]
|-damage|p1a: Bad Dog|64/100|[from] Sandstorm
|-heal|p1a: Bad Dog|71/100|[from] item: Leftovers
|upkeep
|turn|24
|
|t:|1728343192
|switch|p2a: Swampert|Swampert, F|100/100
|-damage|p2a: Swampert|88/100|[from] Spikes
|move|p1a: Bad Dog|Fire Blast|p2a: Swampert
|-resisted|p2a: Swampert
|-crit|p2a: Swampert
|-damage|p2a: Swampert|36/100
|
|-weather|Sandstorm|[upkeep]
|-damage|p1a: Bad Dog|64/100|[from] Sandstorm
|-heal|p1a: Bad Dog|71/100|[from] item: Leftovers
|-heal|p2a: Swampert|42/100|[from] item: Leftovers
|upkeep
|turn|25
|
|t:|1728343199
|move|p2a: Swampert|Protect|p2a: Swampert
|-singleturn|p2a: Swampert|Protect
|move|p1a: Bad Dog|Will-O-Wisp|p2a: Swampert
|-activate|p2a: Swampert|Protect
|
|-weather|Sandstorm|[upkeep]
|-damage|p1a: Bad Dog|64/100|[from] Sandstorm
|-heal|p1a: Bad Dog|71/100|[from] item: Leftovers
|-heal|p2a: Swampert|49/100|[from] item: Leftovers
|upkeep
|turn|26
|
|t:|1728343205
|move|p1a: Bad Dog|Crunch|p2a: Swampert
|-damage|p2a: Swampert|15/100
|-unboost|p2a: Swampert|spd|1
|move|p2a: Swampert|Hydro Pump|p1a: Bad Dog
|-supereffective|p1a: Bad Dog
|-damage|p1a: Bad Dog|0 fnt
|faint|p1a: Bad Dog
|
|t:|1728343214
|switch|p1a: Clever Nickname|Gengar, F|100/100
|
|-weather|Sandstorm|[upkeep]
|-damage|p1a: Clever Nickname|94/100|[from] Sandstorm
|-heal|p1a: Clever Nickname|100/100|[from] item: Leftovers
|-heal|p2a: Swampert|21/100|[from] item: Leftovers
|upkeep
|turn|27
|
|t:|1728343218
|move|p2a: Swampert|Protect|p2a: Swampert
|-singleturn|p2a: Swampert|Protect
|move|p1a: Clever Nickname|Hidden Power|p2a: Swampert
|-activate|p2a: Swampert|Protect
|
|-weather|Sandstorm|[upkeep]
|-damage|p1a: Clever Nickname|94/100|[from] Sandstorm
|-heal|p1a: Clever Nickname|100/100|[from] item: Leftovers
|-heal|p2a: Swampert|28/100|[from] item: Leftovers
|upkeep
|turn|28
|
|t:|1728343224
|switch|p2a: Metagross|Metagross|88/100
|-damage|p2a: Metagross|76/100|[from] Spikes
|move|p1a: Clever Nickname|Hidden Power|p2a: Metagross
|-resisted|p2a: Metagross
|-damage|p2a: Metagross|62/100
|
|-weather|Sandstorm|[upkeep]
|-damage|p1a: Clever Nickname|94/100|[from] Sandstorm
|-heal|p1a: Clever Nickname|100/100|[from] item: Leftovers
|upkeep
|turn|29
|
|t:|1728343229
|switch|p1a: Over Easy|Blissey, F|100/100
|move|p2a: Metagross|Meteor Mash|p1a: Over Easy|[miss]
|-miss|p2a: Metagross|p1a: Over Easy
|
|-weather|Sandstorm|[upkeep]
|-damage|p1a: Over Easy|94/100|[from] Sandstorm
|-heal|p1a: Over Easy|100/100|[from] item: Leftovers
|upkeep
|turn|30
|
|t:|1728343235
|move|p2a: Metagross|Meteor Mash|p1a: Over Easy
|-damage|p1a: Over Easy|9/100
|move|p1a: Over Easy|Thunderbolt|p2a: Metagross
|-damage|p2a: Metagross|34/100
|
|-weather|Sandstorm|[upkeep]
|-damage|p1a: Over Easy|3/100|[from] Sandstorm
|-heal|p1a: Over Easy|9/100|[from] item: Leftovers
|upkeep
|turn|31
|
|t:|1728343240
|move|p2a: Metagross|Meteor Mash|p1a: Over Easy
|-damage|p1a: Over Easy|0 fnt
|faint|p1a: Over Easy
|
|t:|1728343242
|switch|p1a: Clever Nickname|Gengar, F|100/100
|
|-weather|Sandstorm|[upkeep]
|-damage|p1a: Clever Nickname|94/100|[from] Sandstorm
|-heal|p1a: Clever Nickname|100/100|[from] item: Leftovers
|upkeep
|turn|32
|
|t:|1728343246
|move|p1a: Clever Nickname|Fire Punch|p2a: Metagross
|-supereffective|p2a: Metagross
|-damage|p2a: Metagross|0 fnt
|faint|p2a: Metagross
|
|t:|1728343250
|switch|p2a: Swampert|Swampert, F|28/100
|-damage|p2a: Swampert|15/100|[from] Spikes
|
|-weather|Sandstorm|[upkeep]
|-damage|p1a: Clever Nickname|94/100|[from] Sandstorm
|-heal|p1a: Clever Nickname|100/100|[from] item: Leftovers
|-heal|p2a: Swampert|21/100|[from] item: Leftovers
|upkeep
|turn|33
|
|t:|1728343252
|move|p2a: Swampert|Protect|p2a: Swampert
|-singleturn|p2a: Swampert|Protect
|move|p1a: Clever Nickname|Hidden Power|p2a: Swampert
|-activate|p2a: Swampert|Protect
|
|-weather|Sandstorm|[upkeep]
|-damage|p1a: Clever Nickname|94/100|[from] Sandstorm
|-heal|p1a: Clever Nickname|100/100|[from] item: Leftovers
|-heal|p2a: Swampert|28/100|[from] item: Leftovers
|upkeep
|turn|34
|
|t:|1728343257
|switch|p2a: Charizard|Charizard, M|23/100
|move|p1a: Clever Nickname|Hidden Power|p2a: Charizard
|-resisted|p2a: Charizard
|-damage|p2a: Charizard|15/100
|
|-weather|Sandstorm|[upkeep]
|-damage|p1a: Clever Nickname|94/100|[from] Sandstorm
|-damage|p2a: Charizard|9/100|[from] Sandstorm
|-heal|p1a: Clever Nickname|100/100|[from] item: Leftovers
|-heal|p2a: Charizard|15/100|[from] item: Leftovers
|upkeep
|turn|35
|
|t:|1728343262
|move|p1a: Clever Nickname|Thunderbolt|p2a: Charizard
|-supereffective|p2a: Charizard
|-damage|p2a: Charizard|0 fnt
|faint|p2a: Charizard
|
|t:|1728343264
|switch|p2a: Swampert|Swampert, F|28/100
|-damage|p2a: Swampert|15/100|[from] Spikes
|
|-weather|Sandstorm|[upkeep]
|-damage|p1a: Clever Nickname|94/100|[from] Sandstorm
|-heal|p1a: Clever Nickname|100/100|[from] item: Leftovers
|-heal|p2a: Swampert|21/100|[from] item: Leftovers
|upkeep
|turn|36
|
|t:|1728343266
|move|p2a: Swampert|Protect|p2a: Swampert
|-singleturn|p2a: Swampert|Protect
|move|p1a: Clever Nickname|Hidden Power|p2a: Swampert
|-activate|p2a: Swampert|Protect
|
|-weather|Sandstorm|[upkeep]
|-damage|p1a: Clever Nickname|94/100|[from] Sandstorm
|-heal|p1a: Clever Nickname|100/100|[from] item: Leftovers
|-heal|p2a: Swampert|28/100|[from] item: Leftovers
|upkeep
|turn|37
|
|t:|1728343270
|move|p2a: Swampert|Protect|p2a: Swampert
|-singleturn|p2a: Swampert|Protect
|move|p1a: Clever Nickname|Hidden Power|p2a: Swampert
|-activate|p2a: Swampert|Protect
|
|-weather|Sandstorm|[upkeep]
|-damage|p1a: Clever Nickname|94/100|[from] Sandstorm
|-heal|p1a: Clever Nickname|100/100|[from] item: Leftovers
|-heal|p2a: Swampert|34/100|[from] item: Leftovers
|upkeep
|turn|38
|
|t:|1728343274
|move|p1a: Clever Nickname|Hidden Power|p2a: Swampert
|-supereffective|p2a: Swampert
|-damage|p2a: Swampert|0 fnt
|faint|p2a: Swampert
|
|win|beignet2
|c|☆TheMighty_Q|gg
|c|☆beignet2|gg
|player|p1|

</script>
<script type="application/json" class="data" id="replaydata-smogtours-gen3ou-796280">
{"id":"smogtours-gen3ou-796280","format":"[Gen 3] OU","players":["beignet2","TheMighty_Q"],"uploadtime":1728343274,"views":105,"formatid":"gen3ou","rating":null,"private":0,"password":null}
</script>

<script defer src="js/replays.js?9d40a366"></script>
