<!DOCTYPE html>
<meta charset="utf-8" />
<meta name="viewport" content="width=device-width" />

<title>[Gen 3] OU: grandparoshi vs. BillGatesAlt - Replays - Pok&eacute;mon Showdown!</title>

<meta name="description" content="Watch a replay of a Pok&eacute;mon battle between grandparoshi and BillGatesAlt! Format: [Gen 3] OU; Date: Oct 9, 2024" />
<!--

Hey, you! Looking in the source for the replay log?

You can find them in JSON format, just add `.json` at the end of a replay URL.

https://replay.pokemonshowdown.com/gen7randomdoublesbattle-865046831.json

Or, if you only need the log itself, add `.log` instead:

https://replay.pokemonshowdown.com/gen7randomdoublesbattle-865046831.log

-->

<link rel="stylesheet" href="//pokemonshowdown.com/style/global.css?0.023195364461161105" />
<link rel="stylesheet" href="//play.pokemonshowdown.com/style/font-awesome.css?0.13261647063804238" />
<link rel="stylesheet" href="//play.pokemonshowdown.com/style/battle.css?0.8753245789963631" />
<link rel="stylesheet" href="//play.pokemonshowdown.com/style/utilichart.css?0.8627959624976733" />

<!-- Global site tag (gtag.js) - Google Analytics -->
<script async src="https://www.googletagmanager.com/gtag/js?id=UA-26211653-1"></script>
<script>
  window.dataLayer = window.dataLayer || [];
  function gtag(){dataLayer.push(arguments);}
  gtag('js', new Date());

  gtag('config', 'UA-26211653-1');
</script>
<!-- End Google Analytics -->
<!-- Venatus Ad Manager - Install in <HEAD> of page -->
	<script src="https://hb.vntsm.com/v3/live/ad-manager.min.js" type="text/javascript" data-site-id="642aba63ec9a7b11c3c9c1be" data-mode="scan" async></script>
<!-- / Venatus Ad Manager -->

<style>
	@media (max-width:820px) {
		.battle {
			margin: 0 auto;
		}
		.battle-log {
			margin: 7px auto 0;
			max-width: 640px;
			height: 300px;
			position: static;
		}
	}
	.optgroup {
		display: inline-block;
		line-height: 22px;
		font-size: 10pt;
	}
	.optgroup .button {
		height: 25px;
		padding-top: 0;
		padding-bottom: 0;
	}
	.optgroup button.button {
		padding-left: 12px;
		padding-right: 12px;
	}
	.linklist {
		list-style: none;
		margin: 0.5em 0;
		padding: 0;
	}
	.linklist li {
		padding: 2px 0;
	}
	.sidebar {
		float: left;
		width: 320px;
	}
	.bar-wrapper {
		max-width: 1100px;
		margin: 0 auto;
	}
	.bar-wrapper.has-sidebar {
		max-width: 1430px;
	}
	.mainbar {
		margin: 0;
		padding-right: 1px;
	}
	.mainbar.has-sidebar {
		margin-left: 330px;
	}
	@media (min-width: 1511px) {
		.sidebar {
			width: 400px;
		}
		.bar-wrapper.has-sidebar {
			max-width: 1510px;
		}
		.mainbar.has-sidebar {
			margin-left: 410px;
		}
	}
	.section.first-section {
		margin-top: 9px;
	}
	.blocklink small {
		white-space: normal;
	}
	.button {
		vertical-align: middle;
	}
	.replay-controls {
		padding-top: 10px;
	}
	.replay-controls h1 {
		font-size: 16pt;
		font-weight: normal;
		color: #CCC;
	}
	.pagelink {
		text-align: center;
	}
	.pagelink a {
		width: 150px;
	}
	.textbox, .button {
		font-size: 11pt;
		vertical-align: middle;
	}
	@media (max-width: 450px) {
		.button {
			font-size: 9pt;
		}
	}
</style>

<div>

	<header>
		<div class="nav-wrapper"><ul class="nav">
			<li><a class="button nav-first" href="//pokemonshowdown.com/"><img src="//pokemonshowdown.com/images/pokemonshowdownbeta.png" srcset="//pokemonshowdown.com/images/pokemonshowdownbeta.png 1x, //pokemonshowdown.com/images/pokemonshowdownbeta@2x.png 2x" alt="Pok&eacute;mon Showdown" width="146" height="44" /> Home</a></li>
			<li><a class="button" href="//pokemonshowdown.com/dex/">Pok&eacute;dex</a></li>
			<li><a class="button cur" href="/">Replays</a></li>
			<li><a class="button" href="//pokemonshowdown.com/ladder/">Ladder</a></li>
			<li><a class="button nav-last" href="//pokemonshowdown.com/forums/">Forum</a></li>
			<li><a class="button greenbutton nav-first nav-last" href="//play.pokemonshowdown.com/">Play</a></li>
		</ul></div>
	</header>

	<div class="main" id="main">

		<noscript><section class="section">You need to enable JavaScript to use this page; sorry!</section></noscript>

	</div>

</div>

<script defer nomodule src="//play.pokemonshowdown.com/js/lib/ps-polyfill.js"></script>
<script defer src="//play.pokemonshowdown.com/js/lib/preact.min.js"></script>

<script defer src="//play.pokemonshowdown.com/config/config.js?2bddbc15"></script>
<script defer src="//play.pokemonshowdown.com/js/lib/jquery-1.11.0.min.js"></script>
<script defer src="//play.pokemonshowdown.com/js/lib/html-sanitizer-minified.js"></script>
<script defer src="//play.pokemonshowdown.com/js/battle-sound.js"></script>
<script defer src="//play.pokemonshowdown.com/js/battledata.js?0.7209276989879541"></script>
<script defer src="//play.pokemonshowdown.com/data/pokedex-mini.js?0.6111056340867951"></script>
<script defer src="//play.pokemonshowdown.com/data/pokedex-mini-bw.js?0.3532142036491459"></script>
<script defer src="//play.pokemonshowdown.com/data/graphics.js?0.24223875632456182"></script>
<script defer src="//play.pokemonshowdown.com/data/pokedex.js?0.38839984266356864"></script>
<script defer src="//play.pokemonshowdown.com/data/moves.js?0.21866028504024015"></script>
<script defer src="//play.pokemonshowdown.com/data/abilities.js?0.2005157953846628"></script>
<script defer src="//play.pokemonshowdown.com/data/items.js?0.9894211263848525"></script>
<script defer src="//play.pokemonshowdown.com/data/teambuilder-tables.js?0.6008791140282215"></script>
<script defer src="//play.pokemonshowdown.com/js/battle-tooltips.js?0.7580118955022959"></script>
<script defer src="//play.pokemonshowdown.com/js/battle.js?0.6057722274234274"></script>

<script defer src="js/utils.js?e31f9a17"></script>
<script defer src="js/replays-battle.js?7008c182"></script>

<!-- don't scrape this data! just add .json or .log after the URL!
Full API docs: https://github.com/smogon/pokemon-showdown-client/blob/master/WEB-API.md -->
<script type="text/plain" class="log" id="replaylog-smogtours-gen3ou-796562">
|inactive|Battle timer is ON: inactive players will automatically lose when time's up.
|t:|1728435760
|gametype|singles
|player|p1|grandparoshi|silver|
|player|p2|BillGatesAlt|clown|
|teamsize|p1|6
|teamsize|p2|6
|gen|3
|tier|[Gen 3] OU
|rule|Sleep Clause Mod: Limit one foe put to sleep
|rule|Switch Priority Clause Mod: Faster Pokémon switch first
|rule|Species Clause: Limit one of each Pokémon
|rule|OHKO Clause: OHKO moves are banned
|rule|Evasion Items Clause: Evasion items are banned
|rule|Evasion Moves Clause: Evasion moves are banned
|rule|Endless Battle Clause: Forcing endless battles is banned
|rule|HP Percentage Mod: HP is shown in percentages
|rule|One Boost Passer Clause: Limit one Baton Passer that has a way to boost its stats
|rule|Freeze Clause Mod: Limit one foe frozen
|
|t:|1728435760
|start
|switch|p1a: Medicham|Medicham, F, shiny|100/100
|switch|p2a: Blissey|Blissey, F|100/100
|turn|1
|
|t:|1728435786
|-singleturn|p1a: Medicham|move: Focus Punch
|switch|p2a: Dusclops|Dusclops, M|100/100
|move|p1a: Medicham|Focus Punch|p2a: Dusclops
|-immune|p2a: Dusclops
|
|upkeep
|turn|2
|
|t:|1728435797
|move|p1a: Medicham|Shadow Ball|p2a: Dusclops
|-supereffective|p2a: Dusclops
|-damage|p2a: Dusclops|48/100
|move|p2a: Dusclops|Will-O-Wisp|p1a: Medicham
|-status|p1a: Medicham|brn
|-enditem|p1a: Medicham|Lum Berry|[eat]
|-curestatus|p1a: Medicham|brn|[msg]
|
|-heal|p2a: Dusclops|54/100|[from] item: Leftovers
|upkeep
|turn|3
|
|t:|1728435807
|move|p1a: Medicham|Shadow Ball|p2a: Dusclops
|-supereffective|p2a: Dusclops
|-damage|p2a: Dusclops|0 fnt
|faint|p2a: Dusclops
|
|t:|1728435825
|switch|p2a: Dugtrio|Dugtrio, M|100/100
|
|upkeep
|turn|4
|
|t:|1728435837
|move|p2a: Dugtrio|Aerial Ace|p1a: Medicham
|-supereffective|p1a: Medicham
|-damage|p1a: Medicham|32/100
|move|p1a: Medicham|Shadow Ball|p2a: Dugtrio
|-damage|p2a: Dugtrio|4/100
|
|upkeep
|turn|5
|
|t:|1728435858
|move|p2a: Dugtrio|Aerial Ace|p1a: Medicham
|-supereffective|p1a: Medicham
|-damage|p1a: Medicham|0 fnt
|faint|p1a: Medicham
|
|t:|1728435867
|switch|p1a: Jolteon|Jolteon, F|100/100
|
|upkeep
|turn|6
|
|t:|1728435873
|switch|p2a: Blissey|Blissey, F|100/100
|move|p1a: Jolteon|Hidden Power|p2a: Blissey
|-damage|p2a: Blissey|91/100
|
|-heal|p2a: Blissey|98/100|[from] item: Leftovers
|upkeep
|turn|7
|
|t:|1728435893
|switch|p1a: Metagross|Metagross|100/100
|move|p2a: Blissey|Ice Beam|p1a: Metagross
|-resisted|p1a: Metagross
|-damage|p1a: Metagross|86/100
|
|-heal|p2a: Blissey|100/100|[from] item: Leftovers
|upkeep
|turn|8
|
|t:|1728435909
|switch|p2a: Milotic|Milotic, F|100/100
|move|p1a: Metagross|Earthquake|p2a: Milotic
|-damage|p2a: Milotic|59/100
|
|-heal|p2a: Milotic|65/100|[from] item: Leftovers
|upkeep
|turn|9
|
|t:|1728435921
|move|p1a: Metagross|Earthquake|p2a: Milotic
|-damage|p2a: Milotic|24/100
|move|p2a: Milotic|Toxic|p1a: Metagross
|-immune|p1a: Metagross
|
|-heal|p2a: Milotic|30/100|[from] item: Leftovers
|upkeep
|turn|10
|
|t:|1728435928
|switch|p1a: Jolteon|Jolteon, F|100/100
|switch|p2a: Claydol|Claydol|100/100
|
|upkeep
|turn|11
|inactive|grandparoshi has 270 seconds left.
|
|t:|1728435952
|switch|p1a: Swampert|Swampert, F, shiny|100/100
|move|p2a: Claydol|Earthquake|p1a: Swampert
|-damage|p1a: Swampert|82/100
|
|-heal|p1a: Swampert|88/100|[from] item: Leftovers
|upkeep
|turn|12
|inactive|grandparoshi has 270 seconds left.
|
|t:|1728435964
|switch|p2a: Skarmory|Skarmory, M|100/100
|move|p1a: Swampert|Hydro Pump|p2a: Skarmory
|-damage|p2a: Skarmory|66/100
|
|-heal|p1a: Swampert|95/100|[from] item: Leftovers
|upkeep
|turn|13
|
|t:|1728435973
|switch|p1a: Jolteon|Jolteon, F|100/100
|move|p2a: Skarmory|Thief|p1a: Jolteon
|-damage|p1a: Jolteon|94/100
|-enditem|p1a: Jolteon|Leftovers|[silent]|[from] move: Thief|[of] p2a: Skarmory
|-item|p2a: Skarmory|Leftovers|[from] move: Thief|[of] p1a: Jolteon
|
|-heal|p2a: Skarmory|72/100|[from] item: Leftovers
|upkeep
|turn|14
|
|t:|1728435982
|switch|p2a: Blissey|Blissey, F|100/100
|move|p1a: Jolteon|Thunderbolt|p2a: Blissey
|-damage|p2a: Blissey|82/100
|
|-heal|p2a: Blissey|88/100|[from] item: Leftovers
|upkeep
|turn|15
|
|t:|1728435995
|switch|p1a: Metagross|Metagross|86/100
|move|p2a: Blissey|Seismic Toss|p1a: Metagross
|-damage|p1a: Metagross|56/100
|
|-heal|p2a: Blissey|94/100|[from] item: Leftovers
|upkeep
|turn|16
|
|t:|1728436003
|switch|p2a: Claydol|Claydol|100/100
|move|p1a: Metagross|Explosion|p2a: Claydol
|-crit|p2a: Claydol
|-damage|p2a: Claydol|0 fnt
|faint|p1a: Metagross
|faint|p2a: Claydol
|
|t:|1728436020
|switch|p1a: Swampert|Swampert, F, shiny|95/100
|switch|p2a: Skarmory|Skarmory, M|72/100
|
|-heal|p2a: Skarmory|78/100|[from] item: Leftovers
|-heal|p1a: Swampert|100/100|[from] item: Leftovers
|upkeep
|turn|17
|
|t:|1728436028
|move|p2a: Skarmory|Spikes|p1a: Swampert
|-sidestart|p1: grandparoshi|Spikes
|move|p1a: Swampert|Ice Beam|p2a: Skarmory
|-damage|p2a: Skarmory|59/100
|
|-heal|p2a: Skarmory|65/100|[from] item: Leftovers
|upkeep
|turn|18
|
|t:|1728436041
|switch|p1a: Moltres|Moltres|100/100
|move|p2a: Skarmory|Spikes|p1a: Moltres
|-sidestart|p1: grandparoshi|Spikes
|
|-heal|p2a: Skarmory|71/100|[from] item: Leftovers
|upkeep
|turn|19
|
|t:|1728436054
|switch|p1a: Swampert|Swampert, F, shiny|100/100
|-damage|p1a: Swampert|84/100|[from] Spikes
|switch|p2a: Blissey|Blissey, F|94/100
|
|-heal|p2a: Blissey|99/100|[from] item: Leftovers
|-heal|p1a: Swampert|90/100|[from] item: Leftovers
|upkeep
|turn|20
|
|t:|1728436068
|move|p2a: Blissey|Seismic Toss|p1a: Swampert
|-damage|p1a: Swampert|65/100
|move|p1a: Swampert|Earthquake|p2a: Blissey
|-damage|p2a: Blissey|63/100
|
|-heal|p2a: Blissey|69/100|[from] item: Leftovers
|-heal|p1a: Swampert|71/100|[from] item: Leftovers
|upkeep
|turn|21
|
|t:|1728436079
|move|p2a: Blissey|Ice Beam|p1a: Swampert
|-damage|p1a: Swampert|50/100
|move|p1a: Swampert|Hydro Pump|p2a: Blissey
|-damage|p2a: Blissey|54/100
|
|-heal|p2a: Blissey|60/100|[from] item: Leftovers
|-heal|p1a: Swampert|56/100|[from] item: Leftovers
|upkeep
|turn|22
|
|t:|1728436087
|move|p2a: Blissey|Soft-Boiled|p2a: Blissey
|-heal|p2a: Blissey|100/100
|move|p1a: Swampert|Earthquake|p2a: Blissey
|-damage|p2a: Blissey|59/100
|
|-heal|p2a: Blissey|65/100|[from] item: Leftovers
|-heal|p1a: Swampert|63/100|[from] item: Leftovers
|upkeep
|turn|23
|
|t:|1728436097
|move|p1a: Swampert|Protect|p1a: Swampert
|-singleturn|p1a: Swampert|Protect
|move|p2a: Blissey|Ice Beam|p1a: Swampert
|-activate|p1a: Swampert|Protect
|
|-heal|p2a: Blissey|71/100|[from] item: Leftovers
|-heal|p1a: Swampert|69/100|[from] item: Leftovers
|upkeep
|turn|24
|
|t:|1728436112
|move|p2a: Blissey|Seismic Toss|p1a: Swampert
|-damage|p1a: Swampert|44/100
|move|p1a: Swampert|Earthquake|p2a: Blissey
|-damage|p2a: Blissey|34/100
|
|-heal|p2a: Blissey|40/100|[from] item: Leftovers
|-heal|p1a: Swampert|50/100|[from] item: Leftovers
|upkeep
|turn|25
|inactive|grandparoshi has 270 seconds left.
|
|t:|1728436149
|move|p2a: Blissey|Soft-Boiled|p2a: Blissey
|-heal|p2a: Blissey|90/100
|move|p1a: Swampert|Earthquake|p2a: Blissey
|-damage|p2a: Blissey|54/100
|
|-heal|p2a: Blissey|60/100|[from] item: Leftovers
|-heal|p1a: Swampert|56/100|[from] item: Leftovers
|upkeep
|turn|26
|inactive|grandparoshi has 270 seconds left.
|
|t:|1728436164
|switch|p2a: Skarmory|Skarmory, M|71/100
|move|p1a: Swampert|Protect||[still]
|-fail|p1a: Swampert
|
|-heal|p2a: Skarmory|77/100|[from] item: Leftovers
|-heal|p1a: Swampert|63/100|[from] item: Leftovers
|upkeep
|turn|27
|inactive|grandparoshi has 270 seconds left.
|
|t:|1728436171
|switch|p1a: Moltres|Moltres|100/100
|move|p2a: Skarmory|Spikes|p1a: Moltres
|-sidestart|p1: grandparoshi|Spikes
|
|-heal|p2a: Skarmory|83/100|[from] item: Leftovers
|upkeep
|turn|28
|
|t:|1728436179
|switch|p2a: Blissey|Blissey, F|60/100
|move|p1a: Moltres|Will-O-Wisp|p2a: Blissey|[miss]
|-miss|p1a: Moltres|p2a: Blissey
|
|-heal|p2a: Blissey|67/100|[from] item: Leftovers
|upkeep
|turn|29
|
|t:|1728436187
|move|p1a: Moltres|Will-O-Wisp|p2a: Blissey
|-status|p2a: Blissey|brn
|move|p2a: Blissey|Soft-Boiled|p2a: Blissey
|-heal|p2a: Blissey|100/100 brn
|
|-damage|p2a: Blissey|88/100 brn|[from] brn
|upkeep
|turn|30
|
|t:|1728436204
|move|p1a: Moltres|Flamethrower|p2a: Blissey
|-damage|p2a: Blissey|67/100 brn
|move|p2a: Blissey|Ice Beam|p1a: Moltres
|-damage|p1a: Moltres|71/100
|
|-heal|p1a: Moltres|77/100|[from] item: Leftovers
|-heal|p2a: Blissey|73/100 brn|[from] item: Leftovers
|-damage|p2a: Blissey|61/100 brn|[from] brn
|upkeep
|turn|31
|
|t:|1728436219
|move|p1a: Moltres|Flamethrower|p2a: Blissey
|-damage|p2a: Blissey|41/100 brn
|move|p2a: Blissey|Soft-Boiled|p2a: Blissey
|-heal|p2a: Blissey|91/100 brn
|
|-heal|p1a: Moltres|83/100|[from] item: Leftovers
|-heal|p2a: Blissey|97/100 brn|[from] item: Leftovers
|-damage|p2a: Blissey|85/100 brn|[from] brn
|upkeep
|turn|32
|
|t:|1728436228
|-curestatus|p2a: Blissey|brn|[from] ability: Natural Cure
|switch|p2a: Milotic|Milotic, F|30/100
|move|p1a: Moltres|Flamethrower|p2a: Milotic
|-resisted|p2a: Milotic
|-damage|p2a: Milotic|10/100
|
|-heal|p1a: Moltres|89/100|[from] item: Leftovers
|-heal|p2a: Milotic|16/100|[from] item: Leftovers
|upkeep
|turn|33
|
|t:|1728436238
|move|p1a: Moltres|Overheat|p2a: Milotic
|-resisted|p2a: Milotic
|-damage|p2a: Milotic|0 fnt
|-unboost|p1a: Moltres|spa|2
|faint|p2a: Milotic
|
|t:|1728436250
|switch|p2a: Blissey|Blissey, F|85/100
|
|-heal|p1a: Moltres|96/100|[from] item: Leftovers
|-heal|p2a: Blissey|91/100|[from] item: Leftovers
|upkeep
|turn|34
|
|t:|1728436257
|move|p1a: Moltres|Will-O-Wisp|p2a: Blissey
|-status|p2a: Blissey|brn
|move|p2a: Blissey|Ice Beam|p1a: Moltres
|-damage|p1a: Moltres|64/100
|
|-heal|p1a: Moltres|70/100|[from] item: Leftovers
|-heal|p2a: Blissey|97/100 brn|[from] item: Leftovers
|-damage|p2a: Blissey|85/100 brn|[from] brn
|upkeep
|turn|35
|
|t:|1728436268
|move|p1a: Moltres|Flamethrower|p2a: Blissey
|-damage|p2a: Blissey|73/100 brn
|move|p2a: Blissey|Seismic Toss|p1a: Moltres
|-damage|p1a: Moltres|39/100
|
|-heal|p1a: Moltres|45/100|[from] item: Leftovers
|-heal|p2a: Blissey|79/100 brn|[from] item: Leftovers
|-damage|p2a: Blissey|67/100 brn|[from] brn
|upkeep
|turn|36
|
|t:|1728436278
|move|p1a: Moltres|Overheat|p2a: Blissey
|-damage|p2a: Blissey|51/100 brn
|-unboost|p1a: Moltres|spa|2
|move|p2a: Blissey|Seismic Toss|p1a: Moltres
|-damage|p1a: Moltres|14/100
|
|-heal|p1a: Moltres|20/100|[from] item: Leftovers
|-heal|p2a: Blissey|57/100 brn|[from] item: Leftovers
|-damage|p2a: Blissey|44/100 brn|[from] brn
|upkeep
|turn|37
|inactive|grandparoshi has 270 seconds left.
|
|t:|1728436309
|switch|p1a: Swampert|Swampert, F, shiny|63/100
|-damage|p1a: Swampert|38/100|[from] Spikes
|move|p2a: Blissey|Soft-Boiled|p2a: Blissey
|-heal|p2a: Blissey|94/100 brn
|
|-heal|p2a: Blissey|100/100 brn|[from] item: Leftovers
|-damage|p2a: Blissey|88/100 brn|[from] brn
|-heal|p1a: Swampert|44/100|[from] item: Leftovers
|upkeep
|turn|38
|
|t:|1728436319
|-curestatus|p2a: Blissey|brn|[from] ability: Natural Cure
|switch|p2a: Skarmory|Skarmory, M|83/100
|move|p1a: Swampert|Protect||[still]
|-fail|p1a: Swampert
|
|-heal|p2a: Skarmory|89/100|[from] item: Leftovers
|-heal|p1a: Swampert|50/100|[from] item: Leftovers
|upkeep
|turn|39
|inactive|grandparoshi has 270 seconds left.
|
|t:|1728436344
|move|p1a: Swampert|Protect|p1a: Swampert
|-singleturn|p1a: Swampert|Protect
|move|p2a: Skarmory|Roar|p1a: Swampert
|-activate|p1a: Swampert|Protect
|
|-heal|p2a: Skarmory|95/100|[from] item: Leftovers
|-heal|p1a: Swampert|56/100|[from] item: Leftovers
|upkeep
|turn|40
|
|t:|1728436355
|move|p1a: Swampert|Ice Beam|p2a: Skarmory
|-damage|p2a: Skarmory|77/100
|move|p2a: Skarmory|Roar|p1a: Swampert
|drag|p1a: Jolteon|Jolteon, F|94/100
|-damage|p1a: Jolteon|69/100|[from] Spikes
|
|-heal|p2a: Skarmory|83/100|[from] item: Leftovers
|upkeep
|turn|41
|
|t:|1728436369
|switch|p2a: Blissey|Blissey, F|88/100
|move|p1a: Jolteon|Baton Pass|p1a: Jolteon
|
|t:|1728436375
|switch|p1a: Swampert|Swampert, F, shiny|56/100|[from] Baton Pass
|-damage|p1a: Swampert|32/100|[from] Spikes
|
|-heal|p2a: Blissey|94/100|[from] item: Leftovers
|-heal|p1a: Swampert|38/100|[from] item: Leftovers
|upkeep
|turn|42
|
|t:|1728436385
|move|p2a: Blissey|Seismic Toss|p1a: Swampert
|-damage|p1a: Swampert|13/100
|move|p1a: Swampert|Earthquake|p2a: Blissey
|-damage|p2a: Blissey|55/100
|
|-heal|p2a: Blissey|62/100|[from] item: Leftovers
|-heal|p1a: Swampert|19/100|[from] item: Leftovers
|upkeep
|turn|43
|
|t:|1728436398
|move|p1a: Swampert|Protect|p1a: Swampert
|-singleturn|p1a: Swampert|Protect
|move|p2a: Blissey|Seismic Toss|p1a: Swampert
|-activate|p1a: Swampert|Protect
|
|-heal|p2a: Blissey|68/100|[from] item: Leftovers
|-heal|p1a: Swampert|25/100|[from] item: Leftovers
|upkeep
|turn|44
|
|t:|1728436410
|move|p2a: Blissey|Seismic Toss|p1a: Swampert
|-damage|p1a: Swampert|0 fnt
|faint|p1a: Swampert
|
|t:|1728436426
|switch|p1a: Butterfree|Butterfree, F|100/100
|
|-heal|p2a: Blissey|74/100|[from] item: Leftovers
|upkeep
|turn|45
|
|t:|1728436439
|switch|p2a: Dugtrio|Dugtrio, M|4/100
|move|p1a: Butterfree|Sleep Powder|p2a: Dugtrio
|-status|p2a: Dugtrio|slp|[from] move: Sleep Powder
|
|upkeep
|turn|46
|inactive|grandparoshi has 240 seconds left.
|
|t:|1728436474
|switch|p2a: Blissey|Blissey, F|74/100
|move|p1a: Butterfree|Hidden Power|p2a: Blissey
|-damage|p2a: Blissey|57/100
|
|-heal|p2a: Blissey|63/100|[from] item: Leftovers
|upkeep
|turn|47
|inactive|grandparoshi has 240 seconds left.
|
|t:|1728436482
|move|p1a: Butterfree|Stun Spore|p2a: Blissey
|-status|p2a: Blissey|par
|move|p2a: Blissey|Soft-Boiled|p2a: Blissey
|-heal|p2a: Blissey|100/100 par
|
|upkeep
|turn|48
|
|t:|1728436489
|move|p1a: Butterfree|Hidden Power|p2a: Blissey
|-damage|p2a: Blissey|85/100 par
|move|p2a: Blissey|Seismic Toss|p1a: Butterfree
|-damage|p1a: Butterfree|62/100
|
|-heal|p2a: Blissey|91/100 par|[from] item: Leftovers
|upkeep
|turn|49
|
|t:|1728436503
|move|p1a: Butterfree|Hidden Power|p2a: Blissey
|-damage|p2a: Blissey|75/100 par
|move|p2a: Blissey|Ice Beam|p1a: Butterfree
|-supereffective|p1a: Butterfree
|-damage|p1a: Butterfree|0 fnt
|faint|p1a: Butterfree
|
|t:|1728436513
|switch|p1a: Moltres|Moltres|20/100
|
|-heal|p1a: Moltres|27/100|[from] item: Leftovers
|-heal|p2a: Blissey|81/100 par|[from] item: Leftovers
|upkeep
|turn|50
|
|t:|1728436521
|move|p1a: Moltres|Flamethrower|p2a: Blissey
|-crit|p2a: Blissey
|-damage|p2a: Blissey|36/100 par
|move|p2a: Blissey|Seismic Toss|p1a: Moltres
|-damage|p1a: Moltres|0 fnt
|faint|p1a: Moltres
|
|t:|1728436528
|switch|p1a: Jolteon|Jolteon, F|69/100
|-damage|p1a: Jolteon|44/100|[from] Spikes
|
|-heal|p2a: Blissey|42/100 par|[from] item: Leftovers
|upkeep
|turn|51
|
|t:|1728436533
|move|p1a: Jolteon|Thunderbolt|p2a: Blissey
|-damage|p2a: Blissey|23/100 par
|move|p2a: Blissey|Soft-Boiled|p2a: Blissey
|-heal|p2a: Blissey|73/100 par
|
|-heal|p2a: Blissey|79/100 par|[from] item: Leftovers
|upkeep
|turn|52
|
|t:|1728436540
|move|p1a: Jolteon|Thunderbolt|p2a: Blissey
|-damage|p2a: Blissey|61/100 par
|move|p2a: Blissey|Seismic Toss|p1a: Jolteon
|-damage|p1a: Jolteon|7/100
|
|-heal|p2a: Blissey|68/100 par|[from] item: Leftovers
|upkeep
|turn|53
|
|t:|1728436547
|move|p1a: Jolteon|Thunderbolt|p2a: Blissey
|-damage|p2a: Blissey|50/100 par
|move|p2a: Blissey|Seismic Toss|p1a: Jolteon
|-damage|p1a: Jolteon|0 fnt
|faint|p1a: Jolteon
|
|win|BillGatesAlt

</script>
<script type="application/json" class="data" id="replaydata-smogtours-gen3ou-796562">
{"id":"smogtours-gen3ou-796562","format":"[Gen 3] OU","players":["grandparoshi","BillGatesAlt"],"uploadtime":1728436547,"views":88,"formatid":"gen3ou","rating":null,"private":0,"password":null}
</script>

<script defer src="js/replays.js?9d40a366"></script>
