<!DOCTYPE html>
<meta charset="utf-8" />
<meta name="viewport" content="width=device-width" />

<title>[Gen 3] OU: WW_FortniteGamR vs. MCJD931 - Replays - Pok&eacute;mon Showdown!</title>

<meta name="description" content="Watch a replay of a Pok&eacute;mon battle between WW_FortniteGamR and MCJD931! Format: [Gen 3] OU; Date: Oct 2, 2024" />
<!--

Hey, you! Looking in the source for the replay log?

You can find them in JSON format, just add `.json` at the end of a replay URL.

https://replay.pokemonshowdown.com/gen7randomdoublesbattle-865046831.json

Or, if you only need the log itself, add `.log` instead:

https://replay.pokemonshowdown.com/gen7randomdoublesbattle-865046831.log

-->

<link rel="stylesheet" href="//pokemonshowdown.com/style/global.css?0.023195364461161105" />
<link rel="stylesheet" href="//play.pokemonshowdown.com/style/font-awesome.css?0.13261647063804238" />
<link rel="stylesheet" href="//play.pokemonshowdown.com/style/battle.css?0.8753245789963631" />
<link rel="stylesheet" href="//play.pokemonshowdown.com/style/utilichart.css?0.8627959624976733" />

<!-- Global site tag (gtag.js) - Google Analytics -->
<script async src="https://www.googletagmanager.com/gtag/js?id=UA-26211653-1"></script>
<script>
  window.dataLayer = window.dataLayer || [];
  function gtag(){dataLayer.push(arguments);}
  gtag('js', new Date());

  gtag('config', 'UA-26211653-1');
</script>
<!-- End Google Analytics -->
<!-- Venatus Ad Manager - Install in <HEAD> of page -->
	<script src="https://hb.vntsm.com/v3/live/ad-manager.min.js" type="text/javascript" data-site-id="642aba63ec9a7b11c3c9c1be" data-mode="scan" async></script>
<!-- / Venatus Ad Manager -->

<style>
	@media (max-width:820px) {
		.battle {
			margin: 0 auto;
		}
		.battle-log {
			margin: 7px auto 0;
			max-width: 640px;
			height: 300px;
			position: static;
		}
	}
	.optgroup {
		display: inline-block;
		line-height: 22px;
		font-size: 10pt;
	}
	.optgroup .button {
		height: 25px;
		padding-top: 0;
		padding-bottom: 0;
	}
	.optgroup button.button {
		padding-left: 12px;
		padding-right: 12px;
	}
	.linklist {
		list-style: none;
		margin: 0.5em 0;
		padding: 0;
	}
	.linklist li {
		padding: 2px 0;
	}
	.sidebar {
		float: left;
		width: 320px;
	}
	.bar-wrapper {
		max-width: 1100px;
		margin: 0 auto;
	}
	.bar-wrapper.has-sidebar {
		max-width: 1430px;
	}
	.mainbar {
		margin: 0;
		padding-right: 1px;
	}
	.mainbar.has-sidebar {
		margin-left: 330px;
	}
	@media (min-width: 1511px) {
		.sidebar {
			width: 400px;
		}
		.bar-wrapper.has-sidebar {
			max-width: 1510px;
		}
		.mainbar.has-sidebar {
			margin-left: 410px;
		}
	}
	.section.first-section {
		margin-top: 9px;
	}
	.blocklink small {
		white-space: normal;
	}
	.button {
		vertical-align: middle;
	}
	.replay-controls {
		padding-top: 10px;
	}
	.replay-controls h1 {
		font-size: 16pt;
		font-weight: normal;
		color: #CCC;
	}
	.pagelink {
		text-align: center;
	}
	.pagelink a {
		width: 150px;
	}
	.textbox, .button {
		font-size: 11pt;
		vertical-align: middle;
	}
	@media (max-width: 450px) {
		.button {
			font-size: 9pt;
		}
	}
</style>

<div>

	<header>
		<div class="nav-wrapper"><ul class="nav">
			<li><a class="button nav-first" href="//pokemonshowdown.com/"><img src="//pokemonshowdown.com/images/pokemonshowdownbeta.png" srcset="//pokemonshowdown.com/images/pokemonshowdownbeta.png 1x, //pokemonshowdown.com/images/pokemonshowdownbeta@2x.png 2x" alt="Pok&eacute;mon Showdown" width="146" height="44" /> Home</a></li>
			<li><a class="button" href="//pokemonshowdown.com/dex/">Pok&eacute;dex</a></li>
			<li><a class="button cur" href="/">Replays</a></li>
			<li><a class="button" href="//pokemonshowdown.com/ladder/">Ladder</a></li>
			<li><a class="button nav-last" href="//pokemonshowdown.com/forums/">Forum</a></li>
			<li><a class="button greenbutton nav-first nav-last" href="//play.pokemonshowdown.com/">Play</a></li>
		</ul></div>
	</header>

	<div class="main" id="main">

		<noscript><section class="section">You need to enable JavaScript to use this page; sorry!</section></noscript>

	</div>

</div>

<script defer nomodule src="//play.pokemonshowdown.com/js/lib/ps-polyfill.js"></script>
<script defer src="//play.pokemonshowdown.com/js/lib/preact.min.js"></script>

<script defer src="//play.pokemonshowdown.com/config/config.js?2bddbc15"></script>
<script defer src="//play.pokemonshowdown.com/js/lib/jquery-1.11.0.min.js"></script>
<script defer src="//play.pokemonshowdown.com/js/lib/html-sanitizer-minified.js"></script>
<script defer src="//play.pokemonshowdown.com/js/battle-sound.js"></script>
<script defer src="//play.pokemonshowdown.com/js/battledata.js?0.7209276989879541"></script>
<script defer src="//play.pokemonshowdown.com/data/pokedex-mini.js?0.6111056340867951"></script>
<script defer src="//play.pokemonshowdown.com/data/pokedex-mini-bw.js?0.3532142036491459"></script>
<script defer src="//play.pokemonshowdown.com/data/graphics.js?0.24223875632456182"></script>
<script defer src="//play.pokemonshowdown.com/data/pokedex.js?0.38839984266356864"></script>
<script defer src="//play.pokemonshowdown.com/data/moves.js?0.21866028504024015"></script>
<script defer src="//play.pokemonshowdown.com/data/abilities.js?0.2005157953846628"></script>
<script defer src="//play.pokemonshowdown.com/data/items.js?0.9894211263848525"></script>
<script defer src="//play.pokemonshowdown.com/data/teambuilder-tables.js?0.6008791140282215"></script>
<script defer src="//play.pokemonshowdown.com/js/battle-tooltips.js?0.7580118955022959"></script>
<script defer src="//play.pokemonshowdown.com/js/battle.js?0.6057722274234274"></script>

<script defer src="js/utils.js?e31f9a17"></script>
<script defer src="js/replays-battle.js?7008c182"></script>

<!-- don't scrape this data! just add .json or .log after the URL!
Full API docs: https://github.com/smogon/pokemon-showdown-client/blob/master/WEB-API.md -->
<script type="text/plain" class="log" id="replaylog-smogtours-gen3ou-794129">
|inactive|Battle timer is ON: inactive players will automatically lose when time's up.
|t:|1727911648
|gametype|singles
|player|p1|WW_FortniteGamR|169|
|player|p2|MCJD931|102|
|teamsize|p1|6
|teamsize|p2|6
|gen|3
|tier|[Gen 3] OU
|rule|Sleep Clause Mod: Limit one foe put to sleep
|rule|Switch Priority Clause Mod: Faster Pokémon switch first
|rule|Species Clause: Limit one of each Pokémon
|rule|OHKO Clause: OHKO moves are banned
|rule|Evasion Items Clause: Evasion items are banned
|rule|Evasion Moves Clause: Evasion moves are banned
|rule|Endless Battle Clause: Forcing endless battles is banned
|rule|HP Percentage Mod: HP is shown in percentages
|rule|One Boost Passer Clause: Limit one Baton Passer that has a way to boost its stats
|rule|Freeze Clause Mod: Limit one foe frozen
|
|t:|1727911648
|start
|switch|p1a: Tyranitar|Tyranitar, M|100/100
|switch|p2a: Salamence|Salamence, M|100/100
|-ability|p2a: Salamence|Intimidate|boost
|-unboost|p1a: Tyranitar|atk|1
|-weather|Sandstorm|[from] ability: Sand Stream|[of] p1a: Tyranitar
|turn|1
|c|☆WW_FortniteGamR|glhf!
|c|☆MCJD931|glhf
|inactive|WW_FortniteGamR has 270 seconds left.
|inactive|WW_FortniteGamR has 240 seconds left.
|
|t:|1727911712
|switch|p1a: Jirachi|Jirachi|100/100
|move|p2a: Salamence|Brick Break|p1a: Jirachi
|-damage|p1a: Jirachi|62/100
|
|-weather|Sandstorm|[upkeep]
|-damage|p2a: Salamence|94/100|[from] Sandstorm
|-heal|p1a: Jirachi|68/100|[from] item: Leftovers
|upkeep
|turn|2
|
|t:|1727911736
|switch|p2a: Blissey|Blissey, F|100/100
|move|p1a: Jirachi|Calm Mind|p1a: Jirachi
|-boost|p1a: Jirachi|spa|1
|-boost|p1a: Jirachi|spd|1
|
|-weather|Sandstorm|[upkeep]
|-damage|p2a: Blissey|94/100|[from] Sandstorm
|-heal|p1a: Jirachi|74/100|[from] item: Leftovers
|-heal|p2a: Blissey|100/100|[from] item: Leftovers
|upkeep
|turn|3
|
|t:|1727911748
|switch|p1a: Tyranitar|Tyranitar, M|100/100
|move|p2a: Blissey|Thunderbolt|p1a: Tyranitar
|-crit|p1a: Tyranitar
|-damage|p1a: Tyranitar|53/100
|
|-weather|Sandstorm|[upkeep]
|-damage|p2a: Blissey|94/100|[from] Sandstorm
|-heal|p2a: Blissey|100/100|[from] item: Leftovers
|upkeep
|turn|4
|
|t:|1727911756
|switch|p2a: Salamence|Salamence, M|94/100
|-ability|p2a: Salamence|Intimidate|boost
|-unboost|p1a: Tyranitar|atk|1
|move|p1a: Tyranitar|Rock Slide|p2a: Salamence
|-supereffective|p2a: Salamence
|-crit|p2a: Salamence
|-damage|p2a: Salamence|0 fnt
|faint|p2a: Salamence
|
|t:|1727911766
|switch|p2a: Hariyama|Hariyama, F|100/100
|
|-weather|Sandstorm|[upkeep]
|-damage|p2a: Hariyama|94/100|[from] Sandstorm
|-heal|p2a: Hariyama|100/100|[from] item: Leftovers
|upkeep
|turn|5
|
|t:|1727911787
|switch|p1a: Claydol|Claydol|100/100
|move|p2a: Hariyama|Knock Off|p1a: Claydol
|-supereffective|p1a: Claydol
|-damage|p1a: Claydol|96/100
|-enditem|p1a: Claydol|Leftovers|[from] move: Knock Off|[of] p2a: Hariyama
|-hint|In Gens 3-4, Knock Off only makes the target's item unusable; it cannot obtain a new item.
|
|-weather|Sandstorm|[upkeep]
|-damage|p2a: Hariyama|94/100|[from] Sandstorm
|-heal|p2a: Hariyama|100/100|[from] item: Leftovers
|upkeep
|turn|6
|
|t:|1727911795
|move|p1a: Claydol|Psychic|p2a: Hariyama
|-supereffective|p2a: Hariyama
|-damage|p2a: Hariyama|60/100
|move|p2a: Hariyama|Hidden Power|p1a: Claydol
|-supereffective|p1a: Claydol
|-damage|p1a: Claydol|53/100
|
|-weather|Sandstorm|[upkeep]
|-damage|p2a: Hariyama|54/100|[from] Sandstorm
|-heal|p2a: Hariyama|60/100|[from] item: Leftovers
|upkeep
|turn|7
|inactive|WW_FortniteGamR has 270 seconds left.
|
|t:|1727911830
|switch|p2a: Claydol|Claydol|100/100
|move|p1a: Claydol|Psychic|p2a: Claydol
|-resisted|p2a: Claydol
|-crit|p2a: Claydol
|-damage|p2a: Claydol|81/100
|
|-weather|Sandstorm|[upkeep]
|-heal|p2a: Claydol|87/100|[from] item: Leftovers
|upkeep
|turn|8
|inactive|WW_FortniteGamR has 270 seconds left.
|
|t:|1727911847
|switch|p1a: Celebi|Celebi|100/100
|move|p2a: Claydol|Shadow Ball|p1a: Celebi
|-supereffective|p1a: Celebi
|-crit|p1a: Celebi
|-damage|p1a: Celebi|43/100
|-unboost|p1a: Celebi|spd|1
|
|-weather|Sandstorm|[upkeep]
|-damage|p1a: Celebi|36/100|[from] Sandstorm
|-heal|p1a: Celebi|43/100|[from] item: Leftovers
|-heal|p2a: Claydol|93/100|[from] item: Leftovers
|upkeep
|turn|9
|inactive|WW_FortniteGamR has 270 seconds left.
|
|t:|1727911857
|switch|p1a: Jirachi|Jirachi|74/100
|move|p2a: Claydol|Shadow Ball|p1a: Jirachi
|-damage|p1a: Jirachi|56/100
|
|-weather|Sandstorm|[upkeep]
|-heal|p1a: Jirachi|62/100|[from] item: Leftovers
|-heal|p2a: Claydol|99/100|[from] item: Leftovers
|upkeep
|turn|10
|inactive|WW_FortniteGamR has 270 seconds left.
|
|t:|1727911868
|switch|p1a: Tyranitar|Tyranitar, M|53/100
|move|p2a: Claydol|Earthquake|p1a: Tyranitar
|-supereffective|p1a: Tyranitar
|-crit|p1a: Tyranitar
|-damage|p1a: Tyranitar|0 fnt
|faint|p1a: Tyranitar
|inactive|WW_FortniteGamR has 270 seconds left.
|
|t:|1727911880
|switch|p1a: Aerodactyl|Aerodactyl, F|100/100
|
|-weather|Sandstorm|[upkeep]
|-heal|p2a: Claydol|100/100|[from] item: Leftovers
|upkeep
|turn|11
|
|t:|1727911891
|switch|p2a: Jirachi|Jirachi|100/100
|move|p1a: Aerodactyl|Double-Edge|p2a: Jirachi
|-resisted|p2a: Jirachi
|-crit|p2a: Jirachi
|-damage|p2a: Jirachi|67/100
|
|-weather|Sandstorm|[upkeep]
|-heal|p2a: Jirachi|73/100|[from] item: Leftovers
|upkeep
|turn|12
|
|t:|1727911905
|move|p1a: Aerodactyl|Double-Edge|p2a: Jirachi
|-resisted|p2a: Jirachi
|-damage|p2a: Jirachi|56/100
|move|p2a: Jirachi|Fire Punch|p1a: Aerodactyl
|-resisted|p1a: Aerodactyl
|-damage|p1a: Aerodactyl|89/100
|
|-weather|Sandstorm|[upkeep]
|-heal|p2a: Jirachi|62/100|[from] item: Leftovers
|upkeep
|turn|13
|
|t:|1727911916
|switch|p1a: Claydol|Claydol|53/100
|move|p2a: Jirachi|Fire Punch|p1a: Claydol
|-damage|p1a: Claydol|39/100
|
|-weather|Sandstorm|[upkeep]
|-heal|p2a: Jirachi|68/100|[from] item: Leftovers
|upkeep
|turn|14
|
|t:|1727911922
|move|p2a: Jirachi|Protect|p2a: Jirachi
|-singleturn|p2a: Jirachi|Protect
|move|p1a: Claydol|Earthquake|p2a: Jirachi
|-activate|p2a: Jirachi|Protect
|
|-weather|Sandstorm|[upkeep]
|-heal|p2a: Jirachi|75/100|[from] item: Leftovers
|upkeep
|turn|15
|
|t:|1727911926
|switch|p2a: Claydol|Claydol|100/100
|move|p1a: Claydol|Earthquake|p2a: Claydol
|-immune|p2a: Claydol
|
|-weather|Sandstorm|[upkeep]
|upkeep
|turn|16
|
|t:|1727911932
|switch|p1a: Metagross|Metagross|100/100
|move|p2a: Claydol|Shadow Ball|p1a: Metagross
|-damage|p1a: Metagross|85/100
|
|-weather|Sandstorm|[upkeep]
|upkeep
|turn|17
|
|t:|1727911937
|move|p2a: Claydol|Earthquake|p1a: Metagross
|-supereffective|p1a: Metagross
|-damage|p1a: Metagross|32/100
|move|p1a: Metagross|Meteor Mash|p2a: Claydol
|-damage|p2a: Claydol|12/100
|
|-weather|Sandstorm|[upkeep]
|-heal|p2a: Claydol|18/100|[from] item: Leftovers
|upkeep
|turn|18
|
|t:|1727911946
|switch|p1a: Aerodactyl|Aerodactyl, F|89/100
|move|p2a: Claydol|Earthquake|p1a: Aerodactyl
|-immune|p1a: Aerodactyl
|
|-weather|Sandstorm|[upkeep]
|-heal|p2a: Claydol|24/100|[from] item: Leftovers
|upkeep
|turn|19
|
|t:|1727911961
|switch|p2a: Jirachi|Jirachi|75/100
|move|p1a: Aerodactyl|Double-Edge|p2a: Jirachi
|-resisted|p2a: Jirachi
|-damage|p2a: Jirachi|59/100
|
|-weather|Sandstorm|[upkeep]
|-heal|p2a: Jirachi|65/100|[from] item: Leftovers
|upkeep
|turn|20
|
|t:|1727911967
|switch|p1a: Claydol|Claydol|39/100
|move|p2a: Jirachi|Wish|p2a: Jirachi
|
|-weather|Sandstorm|[upkeep]
|-heal|p2a: Jirachi|71/100|[from] item: Leftovers
|upkeep
|turn|21
|
|t:|1727911978
|switch|p2a: Claydol|Claydol|24/100
|switch|p1a: Metagross|Metagross|32/100
|
|-heal|p2a: Claydol|74/100|[from] move: Wish|[wisher] Jirachi
|-weather|Sandstorm|[upkeep]
|-heal|p2a: Claydol|81/100|[from] item: Leftovers
|upkeep
|turn|22
|
|t:|1727911994
|switch|p1a: Celebi|Celebi|43/100
|move|p2a: Claydol|Earthquake|p1a: Celebi
|-resisted|p1a: Celebi
|-damage|p1a: Celebi|29/100
|
|-weather|Sandstorm|[upkeep]
|-damage|p1a: Celebi|23/100|[from] Sandstorm
|-heal|p1a: Celebi|29/100|[from] item: Leftovers
|-heal|p2a: Claydol|87/100|[from] item: Leftovers
|upkeep
|turn|23
|inactive|WW_FortniteGamR has 270 seconds left.
|
|t:|1727912045
|switch|p1a: Jirachi|Jirachi|62/100
|move|p2a: Claydol|Shadow Ball|p1a: Jirachi
|-damage|p1a: Jirachi|44/100
|-unboost|p1a: Jirachi|spd|1
|
|-weather|Sandstorm|[upkeep]
|-heal|p1a: Jirachi|50/100|[from] item: Leftovers
|-heal|p2a: Claydol|93/100|[from] item: Leftovers
|upkeep
|turn|24
|
|t:|1727912055
|move|p1a: Jirachi|Hidden Power|p2a: Claydol
|-supereffective|p2a: Claydol
|-damage|p2a: Claydol|54/100
|move|p2a: Claydol|Earthquake|p1a: Jirachi
|-supereffective|p1a: Jirachi
|-damage|p1a: Jirachi|0 fnt
|faint|p1a: Jirachi
|
|t:|1727912063
|switch|p1a: Aerodactyl|Aerodactyl, F|89/100
|
|-weather|Sandstorm|[upkeep]
|-heal|p2a: Claydol|60/100|[from] item: Leftovers
|upkeep
|turn|25
|
|t:|1727912076
|move|p1a: Aerodactyl|Earthquake|p2a: Claydol
|-immune|p2a: Claydol
|move|p2a: Claydol|Shadow Ball|p1a: Aerodactyl
|-damage|p1a: Aerodactyl|57/100
|
|-weather|Sandstorm|[upkeep]
|-heal|p2a: Claydol|66/100|[from] item: Leftovers
|upkeep
|turn|26
|
|t:|1727912084
|move|p1a: Aerodactyl|Earthquake|p2a: Claydol
|-immune|p2a: Claydol
|move|p2a: Claydol|Shadow Ball|p1a: Aerodactyl
|-damage|p1a: Aerodactyl|23/100
|-unboost|p1a: Aerodactyl|spd|1
|
|-weather|Sandstorm|[upkeep]
|-heal|p2a: Claydol|72/100|[from] item: Leftovers
|upkeep
|turn|27
|
|t:|1727912092
|move|p1a: Aerodactyl|Earthquake|p2a: Claydol
|-immune|p2a: Claydol
|move|p2a: Claydol|Shadow Ball|p1a: Aerodactyl
|-damage|p1a: Aerodactyl|0 fnt
|faint|p1a: Aerodactyl
|
|t:|1727912094
|switch|p1a: Metagross|Metagross|32/100
|
|-weather|Sandstorm|[upkeep]
|-heal|p2a: Claydol|79/100|[from] item: Leftovers
|upkeep
|turn|28
|
|t:|1727912101
|move|p2a: Claydol|Shadow Ball|p1a: Metagross
|-damage|p1a: Metagross|16/100
|move|p1a: Metagross|Explosion|p2a: Claydol
|-crit|p2a: Claydol
|-damage|p2a: Claydol|0 fnt
|faint|p1a: Metagross
|faint|p2a: Claydol
|
|t:|1727912115
|switch|p2a: Hariyama|Hariyama, F|60/100
|switch|p1a: Celebi|Celebi|29/100
|
|-weather|Sandstorm|[upkeep]
|-damage|p1a: Celebi|23/100|[from] Sandstorm
|-damage|p2a: Hariyama|54/100|[from] Sandstorm
|-heal|p1a: Celebi|29/100|[from] item: Leftovers
|-heal|p2a: Hariyama|60/100|[from] item: Leftovers
|upkeep
|turn|29
|
|t:|1727912120
|move|p1a: Celebi|Leech Seed|p2a: Hariyama
|-start|p2a: Hariyama|move: Leech Seed
|move|p2a: Hariyama|Hidden Power|p1a: Celebi
|-supereffective|p1a: Celebi
|-damage|p1a: Celebi|0 fnt
|faint|p1a: Celebi
|
|t:|1727912123
|switch|p1a: Claydol|Claydol|39/100
|
|-weather|Sandstorm|[upkeep]
|-damage|p2a: Hariyama|54/100|[from] Sandstorm
|-heal|p2a: Hariyama|60/100|[from] item: Leftovers
|-damage|p2a: Hariyama|48/100|[from] Leech Seed|[of] p1a: Claydol
|-heal|p1a: Claydol|55/100|[silent]
|upkeep
|turn|30
|
|t:|1727912128
|switch|p2a: Jirachi|Jirachi|71/100
|move|p1a: Claydol|Earthquake|p2a: Jirachi
|-supereffective|p2a: Jirachi
|-damage|p2a: Jirachi|26/100
|
|-weather|Sandstorm|[upkeep]
|-heal|p2a: Jirachi|32/100|[from] item: Leftovers
|upkeep
|turn|31
|
|t:|1727912132
|move|p2a: Jirachi|Protect|p2a: Jirachi
|-singleturn|p2a: Jirachi|Protect
|move|p1a: Claydol|Earthquake|p2a: Jirachi
|-activate|p2a: Jirachi|Protect
|
|-weather|Sandstorm|[upkeep]
|-heal|p2a: Jirachi|38/100|[from] item: Leftovers
|upkeep
|turn|32
|
|t:|1727912137
|switch|p2a: Blissey|Blissey, F|100/100
|move|p1a: Claydol|Earthquake|p2a: Blissey
|-damage|p2a: Blissey|62/100
|
|-weather|Sandstorm|[upkeep]
|-damage|p2a: Blissey|55/100|[from] Sandstorm
|-heal|p2a: Blissey|62/100|[from] item: Leftovers
|upkeep
|turn|33
|
|t:|1727912139
|move|p1a: Claydol|Earthquake|p2a: Blissey
|-damage|p2a: Blissey|23/100
|move|p2a: Blissey|Ice Beam|p1a: Claydol
|-supereffective|p1a: Claydol
|-crit|p1a: Claydol
|-damage|p1a: Claydol|0 fnt
|faint|p1a: Claydol
|
|win|MCJD931
|c|☆WW_FortniteGamR|gg
|player|p1|
|player|p2|
|player|p1|WW_FortniteGamR|169|

</script>
<script type="application/json" class="data" id="replaydata-smogtours-gen3ou-794129">
{"id":"smogtours-gen3ou-794129","format":"[Gen 3] OU","players":["WW_FortniteGamR","MCJD931"],"uploadtime":1727912139,"views":105,"formatid":"gen3ou","rating":null,"private":0,"password":null}
</script>

<script defer src="js/replays.js?9d40a366"></script>
