<!DOCTYPE html>
<meta charset="utf-8" />
<meta name="viewport" content="width=device-width" />

<title>[Gen 3] OU: Yoink 0 vs. Sepulo - Replays - Pok&eacute;mon Showdown!</title>

<meta name="description" content="Watch a replay of a Pok&eacute;mon battle between Yoink 0 and Sepulo! Format: [Gen 3] OU; Date: Oct 12, 2024" />
<!--

Hey, you! Looking in the source for the replay log?

You can find them in JSON format, just add `.json` at the end of a replay URL.

https://replay.pokemonshowdown.com/gen7randomdoublesbattle-865046831.json

Or, if you only need the log itself, add `.log` instead:

https://replay.pokemonshowdown.com/gen7randomdoublesbattle-865046831.log

-->

<link rel="stylesheet" href="//pokemonshowdown.com/style/global.css?0.767286132409787" />
<link rel="stylesheet" href="//play.pokemonshowdown.com/style/font-awesome.css?0.9266228007934947" />
<link rel="stylesheet" href="//play.pokemonshowdown.com/style/battle.css?0.7924700842790926" />
<link rel="stylesheet" href="//play.pokemonshowdown.com/style/utilichart.css?0.8777417872839479" />

<!-- Global site tag (gtag.js) - Google Analytics -->
<script async src="https://www.googletagmanager.com/gtag/js?id=UA-26211653-1"></script>
<script>
  window.dataLayer = window.dataLayer || [];
  function gtag(){dataLayer.push(arguments);}
  gtag('js', new Date());

  gtag('config', 'UA-26211653-1');
</script>
<!-- End Google Analytics -->
<!-- Venatus Ad Manager - Install in <HEAD> of page -->
	<script src="https://hb.vntsm.com/v3/live/ad-manager.min.js" type="text/javascript" data-site-id="642aba63ec9a7b11c3c9c1be" data-mode="scan" async></script>
<!-- / Venatus Ad Manager -->

<style>
	@media (max-width:820px) {
		.battle {
			margin: 0 auto;
		}
		.battle-log {
			margin: 7px auto 0;
			max-width: 640px;
			height: 300px;
			position: static;
		}
	}
	.optgroup {
		display: inline-block;
		line-height: 22px;
		font-size: 10pt;
	}
	.optgroup .button {
		height: 25px;
		padding-top: 0;
		padding-bottom: 0;
	}
	.optgroup button.button {
		padding-left: 12px;
		padding-right: 12px;
	}
	.linklist {
		list-style: none;
		margin: 0.5em 0;
		padding: 0;
	}
	.linklist li {
		padding: 2px 0;
	}
	.sidebar {
		float: left;
		width: 320px;
	}
	.bar-wrapper {
		max-width: 1100px;
		margin: 0 auto;
	}
	.bar-wrapper.has-sidebar {
		max-width: 1430px;
	}
	.mainbar {
		margin: 0;
		padding-right: 1px;
	}
	.mainbar.has-sidebar {
		margin-left: 330px;
	}
	@media (min-width: 1511px) {
		.sidebar {
			width: 400px;
		}
		.bar-wrapper.has-sidebar {
			max-width: 1510px;
		}
		.mainbar.has-sidebar {
			margin-left: 410px;
		}
	}
	.section.first-section {
		margin-top: 9px;
	}
	.blocklink small {
		white-space: normal;
	}
	.button {
		vertical-align: middle;
	}
	.replay-controls {
		padding-top: 10px;
	}
	.replay-controls h1 {
		font-size: 16pt;
		font-weight: normal;
		color: #CCC;
	}
	.pagelink {
		text-align: center;
	}
	.pagelink a {
		width: 150px;
	}
	.textbox, .button {
		font-size: 11pt;
		vertical-align: middle;
	}
	@media (max-width: 450px) {
		.button {
			font-size: 9pt;
		}
	}
</style>

<div>

	<header>
		<div class="nav-wrapper"><ul class="nav">
			<li><a class="button nav-first" href="//pokemonshowdown.com/"><img src="//pokemonshowdown.com/images/pokemonshowdownbeta.png" srcset="//pokemonshowdown.com/images/pokemonshowdownbeta.png 1x, //pokemonshowdown.com/images/pokemonshowdownbeta@2x.png 2x" alt="Pok&eacute;mon Showdown" width="146" height="44" /> Home</a></li>
			<li><a class="button" href="//pokemonshowdown.com/dex/">Pok&eacute;dex</a></li>
			<li><a class="button cur" href="/">Replays</a></li>
			<li><a class="button" href="//pokemonshowdown.com/ladder/">Ladder</a></li>
			<li><a class="button nav-last" href="//pokemonshowdown.com/forums/">Forum</a></li>
			<li><a class="button greenbutton nav-first nav-last" href="//play.pokemonshowdown.com/">Play</a></li>
		</ul></div>
	</header>

	<div class="main" id="main">

		<noscript><section class="section">You need to enable JavaScript to use this page; sorry!</section></noscript>

	</div>

</div>

<script defer nomodule src="//play.pokemonshowdown.com/js/lib/ps-polyfill.js"></script>
<script defer src="//play.pokemonshowdown.com/js/lib/preact.min.js"></script>

<script defer src="//play.pokemonshowdown.com/config/config.js?6dec07f6"></script>
<script defer src="//play.pokemonshowdown.com/js/lib/jquery-1.11.0.min.js"></script>
<script defer src="//play.pokemonshowdown.com/js/lib/html-sanitizer-minified.js"></script>
<script defer src="//play.pokemonshowdown.com/js/battle-sound.js"></script>
<script defer src="//play.pokemonshowdown.com/js/battledata.js?0.6315294753075389"></script>
<script defer src="//play.pokemonshowdown.com/data/pokedex-mini.js?0.7603743185311358"></script>
<script defer src="//play.pokemonshowdown.com/data/pokedex-mini-bw.js?0.030888842834281283"></script>
<script defer src="//play.pokemonshowdown.com/data/graphics.js?0.05593094747507488"></script>
<script defer src="//play.pokemonshowdown.com/data/pokedex.js?0.47064822249611904"></script>
<script defer src="//play.pokemonshowdown.com/data/moves.js?0.8583693120512459"></script>
<script defer src="//play.pokemonshowdown.com/data/abilities.js?0.16017181182386842"></script>
<script defer src="//play.pokemonshowdown.com/data/items.js?0.4163379185673943"></script>
<script defer src="//play.pokemonshowdown.com/data/teambuilder-tables.js?0.31075597372830477"></script>
<script defer src="//play.pokemonshowdown.com/js/battle-tooltips.js?0.6536193500708172"></script>
<script defer src="//play.pokemonshowdown.com/js/battle.js?0.1916591943277901"></script>

<script defer src="js/utils.js?e31f9a17"></script>
<script defer src="js/replays-battle.js?7008c182"></script>

<!-- don't scrape this data! just add .json or .log after the URL!
Full API docs: https://github.com/smogon/pokemon-showdown-client/blob/master/WEB-API.md -->
<script type="text/plain" class="log" id="replaylog-smogtours-gen3ou-797714">
|inactive|Battle timer is ON: inactive players will automatically lose when time's up.
|t:|1728761528
|gametype|singles
|player|p1|Yoink 0|kukui|
|player|p2|Sepulo|pokemonbreeder|
|teamsize|p1|6
|teamsize|p2|6
|gen|3
|tier|[Gen 3] OU
|rule|Sleep Clause Mod: Limit one foe put to sleep
|rule|Switch Priority Clause Mod: Faster Pokémon switch first
|rule|Species Clause: Limit one of each Pokémon
|rule|OHKO Clause: OHKO moves are banned
|rule|Evasion Items Clause: Evasion items are banned
|rule|Evasion Moves Clause: Evasion moves are banned
|rule|Endless Battle Clause: Forcing endless battles is banned
|rule|HP Percentage Mod: HP is shown in percentages
|rule|One Boost Passer Clause: Limit one Baton Passer that has a way to boost its stats
|rule|Freeze Clause Mod: Limit one foe frozen
|
|t:|1728761528
|start
|switch|p1a: Salamence|Salamence, M|100/100
|switch|p2a: Regirock|Regirock, shiny|100/100
|-ability|p1a: Salamence|Intimidate|boost
|-fail|p2a: Regirock|unboost|[from] ability: Clear Body|[of] p2a: Regirock
|turn|1
|
|t:|1728761546
|-singleturn|p2a: Regirock|move: Focus Punch
|switch|p1a: Claydol|Claydol|100/100
|move|p2a: Regirock|Focus Punch|p1a: Claydol
|-resisted|p1a: Claydol
|-damage|p1a: Claydol|75/100
|
|-heal|p1a: Claydol|81/100|[from] item: Leftovers
|upkeep
|turn|2
|
|t:|1728761557
|switch|p1a: Jirachi|Jirachi|100/100
|switch|p2a: Regice|Regice|100/100
|
|upkeep
|turn|3
|inactive|Sepulo has 270 seconds left.
|
|t:|1728761606
|switch|p1a: Hariyama|Hariyama, M|100/100
|move|p2a: Regice|Hidden Power|p1a: Hariyama
|-damage|p1a: Hariyama|79/100
|
|-heal|p1a: Hariyama|85/100|[from] item: Leftovers
|upkeep
|turn|4
|inactive|Yoink 0 has 270 seconds left.
|
|t:|1728761623
|-singleturn|p1a: Hariyama|move: Focus Punch
|switch|p2a: Gengar|Gengar, F|100/100
|move|p1a: Hariyama|Focus Punch|p2a: Gengar
|-immune|p2a: Gengar
|
|-heal|p1a: Hariyama|91/100|[from] item: Leftovers
|upkeep
|turn|5
|
|t:|1728761628
|switch|p2a: Smeargle|Smeargle, F|100/100
|move|p1a: Hariyama|Knock Off|p2a: Smeargle
|-crit|p2a: Smeargle
|-damage|p2a: Smeargle|92/100
|-enditem|p2a: Smeargle|Leftovers|[from] move: Knock Off|[of] p1a: Hariyama
|-hint|In Gens 3-4, Knock Off only makes the target's item unusable; it cannot obtain a new item.
|
|-heal|p1a: Hariyama|97/100|[from] item: Leftovers
|upkeep
|turn|6
|
|t:|1728761642
|move|p2a: Smeargle|Spore|p1a: Hariyama
|-status|p1a: Hariyama|slp|[from] move: Spore
|cant|p1a: Hariyama|slp
|
|-heal|p1a: Hariyama|100/100 slp|[from] item: Leftovers
|upkeep
|turn|7
|
|t:|1728761645
|switch|p1a: Suicune|Suicune|100/100
|move|p2a: Smeargle|Dragon Dance|p2a: Smeargle
|-boost|p2a: Smeargle|atk|1
|-boost|p2a: Smeargle|spe|1
|
|upkeep
|turn|8
|inactive|Sepulo has 270 seconds left.
|
|t:|1728761660
|move|p2a: Smeargle|Explosion|p1a: Suicune
|-damage|p1a: Suicune|51/100
|faint|p2a: Smeargle
|
|t:|1728761665
|switch|p2a: Zapdos|Zapdos|100/100
|
|-heal|p1a: Suicune|57/100|[from] item: Leftovers
|upkeep
|turn|9
|
|t:|1728761670
|switch|p1a: Blissey|Blissey, F|100/100
|move|p2a: Zapdos|Substitute|p2a: Zapdos
|-start|p2a: Zapdos|Substitute
|-damage|p2a: Zapdos|76/100
|
|-heal|p2a: Zapdos|82/100|[from] item: Leftovers
|upkeep
|turn|10
|
|t:|1728761677
|move|p2a: Zapdos|Baton Pass|p2a: Zapdos
|
|t:|1728761690
|switch|p2a: Gengar|Gengar, F|100/100|[from] Baton Pass
|move|p1a: Blissey|Aromatherapy|p1a: Blissey
|-cureteam|p1a: Blissey|[from] move: Aromatherapy
|
|upkeep
|turn|11
|
|t:|1728761699
|-singleturn|p2a: Gengar|move: Focus Punch
|move|p1a: Blissey|Thunderbolt|p2a: Gengar
|-end|p2a: Gengar|Substitute
|move|p2a: Gengar|Focus Punch|p1a: Blissey
|-supereffective|p1a: Blissey
|-damage|p1a: Blissey|38/100
|
|-heal|p1a: Blissey|44/100|[from] item: Leftovers
|upkeep
|turn|12
|
|t:|1728761706
|move|p2a: Gengar|Explosion|p1a: Blissey
|-damage|p1a: Blissey|0 fnt
|faint|p2a: Gengar
|faint|p1a: Blissey
|
|t:|1728761718
|switch|p2a: Regice|Regice|100/100
|switch|p1a: Salamence|Salamence, M|100/100
|-ability|p1a: Salamence|Intimidate|boost
|-fail|p2a: Regice|unboost|[from] ability: Clear Body|[of] p2a: Regice
|
|upkeep
|turn|13
|
|t:|1728761722
|switch|p1a: Jirachi|Jirachi|100/100
|move|p2a: Regice|Ice Beam|p1a: Jirachi
|-resisted|p1a: Jirachi
|-damage|p1a: Jirachi|84/100
|
|-heal|p1a: Jirachi|90/100|[from] item: Leftovers
|upkeep
|turn|14
|
|t:|1728761733
|move|p1a: Jirachi|Toxic|p2a: Regice
|-status|p2a: Regice|tox
|move|p2a: Regice|Hidden Power|p1a: Jirachi
|-supereffective|p1a: Jirachi
|-damage|p1a: Jirachi|54/100
|
|-heal|p1a: Jirachi|60/100|[from] item: Leftovers
|-damage|p2a: Regice|94/100 tox|[from] psn
|upkeep
|turn|15
|
|t:|1728761738
|switch|p2a: Zapdos|Zapdos|82/100
|move|p1a: Jirachi|Wish|p1a: Jirachi
|
|-heal|p2a: Zapdos|88/100|[from] item: Leftovers
|-heal|p1a: Jirachi|66/100|[from] item: Leftovers
|upkeep
|turn|16
|
|t:|1728761741
|move|p2a: Zapdos|Substitute|p2a: Zapdos
|-start|p2a: Zapdos|Substitute
|-damage|p2a: Zapdos|63/100
|move|p1a: Jirachi|Fire Punch|p2a: Zapdos
|-activate|p2a: Zapdos|Substitute|[damage]
|
|-heal|p1a: Jirachi|100/100|[from] move: Wish|[wisher] Jirachi
|-heal|p2a: Zapdos|69/100|[from] item: Leftovers
|upkeep
|turn|17
|
|t:|1728761745
|move|p2a: Zapdos|Thunderbolt|p1a: Jirachi
|-damage|p1a: Jirachi|60/100
|move|p1a: Jirachi|Fire Punch|p2a: Zapdos
|-end|p2a: Zapdos|Substitute
|
|-heal|p2a: Zapdos|76/100|[from] item: Leftovers
|-heal|p1a: Jirachi|66/100|[from] item: Leftovers
|upkeep
|turn|18
|
|t:|1728761750
|switch|p1a: Salamence|Salamence, M|100/100
|-ability|p1a: Salamence|Intimidate|boost
|-unboost|p2a: Zapdos|atk|1
|move|p2a: Zapdos|Substitute|p2a: Zapdos
|-start|p2a: Zapdos|Substitute
|-damage|p2a: Zapdos|51/100
|
|-heal|p2a: Zapdos|57/100|[from] item: Leftovers
|upkeep
|turn|19
|
|t:|1728761761
|move|p1a: Salamence|Rock Slide|p2a: Zapdos
|-supereffective|p2a: Zapdos
|-end|p2a: Zapdos|Substitute
|move|p2a: Zapdos|Hidden Power|p1a: Salamence
|-resisted|p1a: Salamence
|-damage|p1a: Salamence|93/100
|
|-heal|p2a: Zapdos|63/100|[from] item: Leftovers
|upkeep
|turn|20
|
|t:|1728761768
|switch|p2a: Swampert|Swampert, F|100/100
|switch|p1a: Hariyama|Hariyama, M|100/100
|
|upkeep
|turn|21
|
|t:|1728761775
|move|p2a: Swampert|Hydro Pump|p1a: Hariyama
|-damage|p1a: Hariyama|59/100
|move|p1a: Hariyama|Brick Break|p2a: Swampert
|-damage|p2a: Swampert|65/100
|
|-heal|p2a: Swampert|71/100|[from] item: Leftovers
|-heal|p1a: Hariyama|65/100|[from] item: Leftovers
|upkeep
|turn|22
|
|t:|1728761789
|switch|p1a: Suicune|Suicune|57/100
|move|p2a: Swampert|Earthquake|p1a: Suicune
|-damage|p1a: Suicune|35/100
|
|-heal|p1a: Suicune|41/100|[from] item: Leftovers
|-heal|p2a: Swampert|77/100|[from] item: Leftovers
|upkeep
|turn|23
|
|t:|1728761797
|switch|p2a: Zapdos|Zapdos|63/100
|move|p1a: Suicune|Surf|p2a: Zapdos
|-damage|p2a: Zapdos|28/100
|
|-heal|p2a: Zapdos|35/100|[from] item: Leftovers
|-heal|p1a: Suicune|47/100|[from] item: Leftovers
|upkeep
|turn|24
|
|t:|1728761807
|switch|p1a: Claydol|Claydol|81/100
|move|p2a: Zapdos|Hidden Power|p1a: Claydol
|-supereffective|p1a: Claydol
|-damage|p1a: Claydol|33/100
|
|-heal|p2a: Zapdos|41/100|[from] item: Leftovers
|-heal|p1a: Claydol|39/100|[from] item: Leftovers
|upkeep
|turn|25
|
|t:|1728761813
|switch|p1a: Salamence|Salamence, M|93/100
|-ability|p1a: Salamence|Intimidate|boost
|-unboost|p2a: Zapdos|atk|1
|move|p2a: Zapdos|Substitute|p2a: Zapdos
|-start|p2a: Zapdos|Substitute
|-damage|p2a: Zapdos|16/100
|
|-heal|p2a: Zapdos|22/100|[from] item: Leftovers
|upkeep
|turn|26
|
|t:|1728761818
|move|p2a: Zapdos|Thunderbolt|p1a: Salamence
|-damage|p1a: Salamence|40/100
|move|p1a: Salamence|Hidden Power|p2a: Zapdos
|-resisted|p2a: Zapdos
|-end|p2a: Zapdos|Substitute
|
|-heal|p2a: Zapdos|28/100|[from] item: Leftovers
|upkeep
|turn|27
|
|t:|1728761832
|switch|p1a: Claydol|Claydol|39/100
|move|p2a: Zapdos|Thunderbolt|p1a: Claydol
|-immune|p1a: Claydol
|
|-heal|p2a: Zapdos|35/100|[from] item: Leftovers
|-heal|p1a: Claydol|45/100|[from] item: Leftovers
|upkeep
|turn|28
|
|t:|1728761839
|move|p2a: Zapdos|Hidden Power|p1a: Claydol
|-supereffective|p1a: Claydol
|-damage|p1a: Claydol|0 fnt
|faint|p1a: Claydol
|
|t:|1728761855
|switch|p1a: Salamence|Salamence, M|40/100
|-ability|p1a: Salamence|Intimidate|boost
|-unboost|p2a: Zapdos|atk|1
|
|-heal|p2a: Zapdos|41/100|[from] item: Leftovers
|upkeep
|turn|29
|
|t:|1728761859
|move|p2a: Zapdos|Thunderbolt|p1a: Salamence
|-damage|p1a: Salamence|0 fnt
|faint|p1a: Salamence
|
|t:|1728761862
|switch|p1a: Jirachi|Jirachi|66/100
|
|-heal|p2a: Zapdos|47/100|[from] item: Leftovers
|-heal|p1a: Jirachi|72/100|[from] item: Leftovers
|upkeep
|turn|30
|
|t:|1728761866
|move|p2a: Zapdos|Substitute|p2a: Zapdos
|-start|p2a: Zapdos|Substitute
|-damage|p2a: Zapdos|22/100
|move|p1a: Jirachi|Fire Punch|p2a: Zapdos
|-activate|p2a: Zapdos|Substitute|[damage]
|
|-heal|p2a: Zapdos|28/100|[from] item: Leftovers
|-heal|p1a: Jirachi|78/100|[from] item: Leftovers
|upkeep
|turn|31
|
|t:|1728761870
|move|p2a: Zapdos|Thunderbolt|p1a: Jirachi
|-damage|p1a: Jirachi|38/100
|move|p1a: Jirachi|Fire Punch|p2a: Zapdos
|-end|p2a: Zapdos|Substitute
|
|-heal|p2a: Zapdos|35/100|[from] item: Leftovers
|-heal|p1a: Jirachi|44/100|[from] item: Leftovers
|upkeep
|turn|32
|
|t:|1728761875
|move|p2a: Zapdos|Substitute|p2a: Zapdos
|-start|p2a: Zapdos|Substitute
|-damage|p2a: Zapdos|10/100
|move|p1a: Jirachi|Fire Punch|p2a: Zapdos
|-activate|p2a: Zapdos|Substitute|[damage]
|
|-heal|p2a: Zapdos|16/100|[from] item: Leftovers
|-heal|p1a: Jirachi|51/100|[from] item: Leftovers
|upkeep
|turn|33
|
|t:|1728761878
|move|p2a: Zapdos|Thunderbolt|p1a: Jirachi
|-damage|p1a: Jirachi|12/100
|move|p1a: Jirachi|Fire Punch|p2a: Zapdos
|-end|p2a: Zapdos|Substitute
|
|-heal|p2a: Zapdos|22/100|[from] item: Leftovers
|-heal|p1a: Jirachi|18/100|[from] item: Leftovers
|upkeep
|turn|34
|
|t:|1728761882
|move|p2a: Zapdos|Thunderbolt|p1a: Jirachi
|-damage|p1a: Jirachi|0 fnt
|faint|p1a: Jirachi
|
|t:|1728761884
|switch|p1a: Hariyama|Hariyama, M|65/100
|
|-heal|p2a: Zapdos|28/100|[from] item: Leftovers
|-heal|p1a: Hariyama|71/100|[from] item: Leftovers
|upkeep
|turn|35
|
|t:|1728761889
|switch|p2a: Swampert|Swampert, F|77/100
|move|p1a: Hariyama|Brick Break|p2a: Swampert
|-damage|p2a: Swampert|42/100
|
|-heal|p2a: Swampert|49/100|[from] item: Leftovers
|-heal|p1a: Hariyama|77/100|[from] item: Leftovers
|upkeep
|turn|36
|
|t:|1728761894
|move|p2a: Swampert|Earthquake|p1a: Hariyama
|-damage|p1a: Hariyama|43/100
|move|p1a: Hariyama|Brick Break|p2a: Swampert
|-damage|p2a: Swampert|14/100
|
|-heal|p2a: Swampert|20/100|[from] item: Leftovers
|-heal|p1a: Hariyama|49/100|[from] item: Leftovers
|upkeep
|turn|37
|
|t:|1728761898
|move|p2a: Swampert|Hydro Pump|p1a: Hariyama
|-damage|p1a: Hariyama|0 fnt
|faint|p1a: Hariyama
|
|t:|1728761900
|switch|p1a: Suicune|Suicune|47/100
|
|-heal|p1a: Suicune|53/100|[from] item: Leftovers
|-heal|p2a: Swampert|26/100|[from] item: Leftovers
|upkeep
|turn|38
|
|t:|1728761903
|switch|p2a: Regice|Regice|94/100 tox
|move|p1a: Suicune|Calm Mind|p1a: Suicune
|-boost|p1a: Suicune|spa|1
|-boost|p1a: Suicune|spd|1
|
|-heal|p1a: Suicune|60/100|[from] item: Leftovers
|-heal|p2a: Regice|100/100 tox|[from] item: Leftovers
|-damage|p2a: Regice|94/100 tox|[from] psn
|upkeep
|turn|39
|
|t:|1728761906
|move|p1a: Suicune|Calm Mind|p1a: Suicune
|-boost|p1a: Suicune|spa|1
|-boost|p1a: Suicune|spd|1
|move|p2a: Regice|Explosion|p1a: Suicune
|-damage|p1a: Suicune|22/100
|faint|p2a: Regice
|
|t:|1728761908
|switch|p2a: Zapdos|Zapdos|28/100
|
|-heal|p2a: Zapdos|35/100|[from] item: Leftovers
|-heal|p1a: Suicune|28/100|[from] item: Leftovers
|upkeep
|turn|40
|
|t:|1728761910
|move|p2a: Zapdos|Thunderbolt|p1a: Suicune
|-supereffective|p1a: Suicune
|-damage|p1a: Suicune|0 fnt
|faint|p1a: Suicune
|
|win|Sepulo
|c|☆Sepulo|gg
|c|☆Yoink 0|ggs

</script>
<script type="application/json" class="data" id="replaydata-smogtours-gen3ou-797714">
{"id":"smogtours-gen3ou-797714","format":"[Gen 3] OU","players":["Yoink 0","Sepulo"],"uploadtime":1728761910,"views":134,"formatid":"gen3ou","rating":null,"private":0,"password":null}
</script>

<script defer src="js/replays.js?9d40a366"></script>
