<!DOCTYPE html>
<meta charset="utf-8" />
<meta name="viewport" content="width=device-width" />

<title>[Gen 3] OU: monchooo vs. blanched - Replays - Pok&eacute;mon Showdown!</title>

<meta name="description" content="Watch a replay of a Pok&eacute;mon battle between monchooo and blanched! Format: [Gen 3] OU; Date: Nov 7, 2024" />
<!--

Hey, you! Looking in the source for the replay log?

You can find them in JSON format, just add `.json` at the end of a replay URL.

https://replay.pokemonshowdown.com/gen7randomdoublesbattle-865046831.json

Or, if you only need the log itself, add `.log` instead:

https://replay.pokemonshowdown.com/gen7randomdoublesbattle-865046831.log

-->

<link rel="stylesheet" href="//pokemonshowdown.com/style/global.css?0.023195364461161105" />
<link rel="stylesheet" href="//play.pokemonshowdown.com/style/font-awesome.css?0.13261647063804238" />
<link rel="stylesheet" href="//play.pokemonshowdown.com/style/battle.css?0.8753245789963631" />
<link rel="stylesheet" href="//play.pokemonshowdown.com/style/utilichart.css?0.8627959624976733" />

<!-- Global site tag (gtag.js) - Google Analytics -->
<script async src="https://www.googletagmanager.com/gtag/js?id=UA-26211653-1"></script>
<script>
  window.dataLayer = window.dataLayer || [];
  function gtag(){dataLayer.push(arguments);}
  gtag('js', new Date());

  gtag('config', 'UA-26211653-1');
</script>
<!-- End Google Analytics -->
<!-- Venatus Ad Manager - Install in <HEAD> of page -->
	<script src="https://hb.vntsm.com/v3/live/ad-manager.min.js" type="text/javascript" data-site-id="642aba63ec9a7b11c3c9c1be" data-mode="scan" async></script>
<!-- / Venatus Ad Manager -->

<style>
	@media (max-width:820px) {
		.battle {
			margin: 0 auto;
		}
		.battle-log {
			margin: 7px auto 0;
			max-width: 640px;
			height: 300px;
			position: static;
		}
	}
	.optgroup {
		display: inline-block;
		line-height: 22px;
		font-size: 10pt;
	}
	.optgroup .button {
		height: 25px;
		padding-top: 0;
		padding-bottom: 0;
	}
	.optgroup button.button {
		padding-left: 12px;
		padding-right: 12px;
	}
	.linklist {
		list-style: none;
		margin: 0.5em 0;
		padding: 0;
	}
	.linklist li {
		padding: 2px 0;
	}
	.sidebar {
		float: left;
		width: 320px;
	}
	.bar-wrapper {
		max-width: 1100px;
		margin: 0 auto;
	}
	.bar-wrapper.has-sidebar {
		max-width: 1430px;
	}
	.mainbar {
		margin: 0;
		padding-right: 1px;
	}
	.mainbar.has-sidebar {
		margin-left: 330px;
	}
	@media (min-width: 1511px) {
		.sidebar {
			width: 400px;
		}
		.bar-wrapper.has-sidebar {
			max-width: 1510px;
		}
		.mainbar.has-sidebar {
			margin-left: 410px;
		}
	}
	.section.first-section {
		margin-top: 9px;
	}
	.blocklink small {
		white-space: normal;
	}
	.button {
		vertical-align: middle;
	}
	.replay-controls {
		padding-top: 10px;
	}
	.replay-controls h1 {
		font-size: 16pt;
		font-weight: normal;
		color: #CCC;
	}
	.pagelink {
		text-align: center;
	}
	.pagelink a {
		width: 150px;
	}
	.textbox, .button {
		font-size: 11pt;
		vertical-align: middle;
	}
	@media (max-width: 450px) {
		.button {
			font-size: 9pt;
		}
	}
</style>

<div>

	<header>
		<div class="nav-wrapper"><ul class="nav">
			<li><a class="button nav-first" href="//pokemonshowdown.com/"><img src="//pokemonshowdown.com/images/pokemonshowdownbeta.png" srcset="//pokemonshowdown.com/images/pokemonshowdownbeta.png 1x, //pokemonshowdown.com/images/pokemonshowdownbeta@2x.png 2x" alt="Pok&eacute;mon Showdown" width="146" height="44" /> Home</a></li>
			<li><a class="button" href="//pokemonshowdown.com/dex/">Pok&eacute;dex</a></li>
			<li><a class="button cur" href="/">Replays</a></li>
			<li><a class="button" href="//pokemonshowdown.com/ladder/">Ladder</a></li>
			<li><a class="button nav-last" href="//pokemonshowdown.com/forums/">Forum</a></li>
			<li><a class="button greenbutton nav-first nav-last" href="//play.pokemonshowdown.com/">Play</a></li>
		</ul></div>
	</header>

	<div class="main" id="main">

		<noscript><section class="section">You need to enable JavaScript to use this page; sorry!</section></noscript>

	</div>

</div>

<script defer nomodule src="//play.pokemonshowdown.com/js/lib/ps-polyfill.js"></script>
<script defer src="//play.pokemonshowdown.com/js/lib/preact.min.js"></script>

<script defer src="//play.pokemonshowdown.com/config/config.js?2bddbc15"></script>
<script defer src="//play.pokemonshowdown.com/js/lib/jquery-1.11.0.min.js"></script>
<script defer src="//play.pokemonshowdown.com/js/lib/html-sanitizer-minified.js"></script>
<script defer src="//play.pokemonshowdown.com/js/battle-sound.js"></script>
<script defer src="//play.pokemonshowdown.com/js/battledata.js?0.7209276989879541"></script>
<script defer src="//play.pokemonshowdown.com/data/pokedex-mini.js?0.6111056340867951"></script>
<script defer src="//play.pokemonshowdown.com/data/pokedex-mini-bw.js?0.3532142036491459"></script>
<script defer src="//play.pokemonshowdown.com/data/graphics.js?0.24223875632456182"></script>
<script defer src="//play.pokemonshowdown.com/data/pokedex.js?0.38839984266356864"></script>
<script defer src="//play.pokemonshowdown.com/data/moves.js?0.21866028504024015"></script>
<script defer src="//play.pokemonshowdown.com/data/abilities.js?0.2005157953846628"></script>
<script defer src="//play.pokemonshowdown.com/data/items.js?0.9894211263848525"></script>
<script defer src="//play.pokemonshowdown.com/data/teambuilder-tables.js?0.6008791140282215"></script>
<script defer src="//play.pokemonshowdown.com/js/battle-tooltips.js?0.7580118955022959"></script>
<script defer src="//play.pokemonshowdown.com/js/battle.js?0.6057722274234274"></script>

<script defer src="js/utils.js?e31f9a17"></script>
<script defer src="js/replays-battle.js?7008c182"></script>

<!-- don't scrape this data! just add .json or .log after the URL!
Full API docs: https://github.com/smogon/pokemon-showdown-client/blob/master/WEB-API.md -->
<script type="text/plain" class="log" id="replaylog-smogtours-gen3ou-805118">
|inactive|Battle timer is ON: inactive players will automatically lose when time's up.
|t:|1731006296
|gametype|singles
|player|p1|monchooo|pryce-gen2|
|player|p2|blanched|#1v1plviiithwackeys|
|teamsize|p1|6
|teamsize|p2|6
|gen|3
|tier|[Gen 3] OU
|rule|Sleep Clause Mod: Limit one foe put to sleep
|rule|Switch Priority Clause Mod: Faster Pokémon switch first
|rule|Species Clause: Limit one of each Pokémon
|rule|OHKO Clause: OHKO moves are banned
|rule|Evasion Items Clause: Evasion items are banned
|rule|Evasion Moves Clause: Evasion moves are banned
|rule|Endless Battle Clause: Forcing endless battles is banned
|rule|HP Percentage Mod: HP is shown in percentages
|rule|One Boost Passer Clause: Limit one Baton Passer that has a way to boost its stats
|rule|Freeze Clause Mod: Limit one foe frozen
|
|t:|1731006296
|start
|switch|p1a: Celebi|Celebi|100/100
|switch|p2a: Jynx|Jynx, F|100/100
|turn|1
|c|☆monchooo|hf
|c|☆blanched|hf
|inactive|monchooo has 270 seconds left.
|inactive|monchooo has 240 seconds left.
|inactive|monchooo has 210 seconds left.
|
|t:|1731006391
|switch|p1a: Magneton|Magneton|100/100
|move|p2a: Jynx|Substitute|p2a: Jynx
|-start|p2a: Jynx|Substitute
|-damage|p2a: Jynx|76/100
|
|-heal|p2a: Jynx|82/100|[from] item: Leftovers
|upkeep
|turn|2
|
|t:|1731006401
|move|p2a: Jynx|Calm Mind|p2a: Jynx
|-boost|p2a: Jynx|spa|1
|-boost|p2a: Jynx|spd|1
|move|p1a: Magneton|Substitute|p1a: Magneton
|-start|p1a: Magneton|Substitute
|-damage|p1a: Magneton|76/100
|
|-heal|p2a: Jynx|88/100|[from] item: Leftovers
|upkeep
|turn|3
|
|t:|1731006409
|move|p2a: Jynx|Calm Mind|p2a: Jynx
|-boost|p2a: Jynx|spa|1
|-boost|p2a: Jynx|spd|1
|move|p1a: Magneton|Thunderbolt|p2a: Jynx
|-end|p2a: Jynx|Substitute
|
|-heal|p2a: Jynx|93/100|[from] item: Leftovers
|upkeep
|turn|4
|
|t:|1731006418
|move|p2a: Jynx|Ice Beam|p1a: Magneton
|-resisted|p1a: Magneton
|-end|p1a: Magneton|Substitute
|move|p1a: Magneton|Toxic|p2a: Jynx
|-status|p2a: Jynx|tox
|
|-heal|p2a: Jynx|99/100 tox|[from] item: Leftovers
|-damage|p2a: Jynx|93/100 tox|[from] psn
|upkeep
|turn|5
|
|t:|1731006440
|move|p2a: Jynx|Ice Beam|p1a: Magneton
|-resisted|p1a: Magneton
|-damage|p1a: Magneton|0 fnt
|faint|p1a: Magneton
|
|t:|1731006445
|switch|p1a: Tyranitar|Tyranitar, F|100/100
|-weather|Sandstorm|[from] ability: Sand Stream|[of] p1a: Tyranitar
|
|-weather|Sandstorm|[upkeep]
|-damage|p2a: Jynx|88/100 tox|[from] Sandstorm
|-heal|p2a: Jynx|93/100 tox|[from] item: Leftovers
|-damage|p2a: Jynx|82/100 tox|[from] psn
|upkeep
|turn|6
|
|t:|1731006449
|switch|p1a: Suicune|Suicune|100/100
|move|p2a: Jynx|Ice Beam|p1a: Suicune
|-resisted|p1a: Suicune
|-damage|p1a: Suicune|67/100
|
|-weather|Sandstorm|[upkeep]
|-damage|p2a: Jynx|76/100 tox|[from] Sandstorm
|-damage|p1a: Suicune|61/100|[from] Sandstorm
|-heal|p2a: Jynx|82/100 tox|[from] item: Leftovers
|-damage|p2a: Jynx|64/100 tox|[from] psn
|-heal|p1a: Suicune|67/100|[from] item: Leftovers
|upkeep
|turn|7
|
|t:|1731006459
|switch|p1a: Metagross|Metagross|100/100
|move|p2a: Jynx|Lovely Kiss|p1a: Metagross
|-status|p1a: Metagross|slp|[from] move: Lovely Kiss
|
|-weather|Sandstorm|[upkeep]
|-damage|p2a: Jynx|58/100 tox|[from] Sandstorm
|-heal|p2a: Jynx|64/100 tox|[from] item: Leftovers
|-damage|p2a: Jynx|40/100 tox|[from] psn
|upkeep
|turn|8
|
|t:|1731006469
|switch|p1a: Suicune|Suicune|67/100
|move|p2a: Jynx|Ice Beam|p1a: Suicune
|-resisted|p1a: Suicune
|-damage|p1a: Suicune|35/100
|
|-weather|Sandstorm|[upkeep]
|-damage|p2a: Jynx|34/100 tox|[from] Sandstorm
|-damage|p1a: Suicune|29/100|[from] Sandstorm
|-heal|p2a: Jynx|40/100 tox|[from] item: Leftovers
|-damage|p2a: Jynx|11/100 tox|[from] psn
|-heal|p1a: Suicune|35/100|[from] item: Leftovers
|upkeep
|turn|9
|
|t:|1731006473
|move|p2a: Jynx|Ice Beam|p1a: Suicune
|-resisted|p1a: Suicune
|-damage|p1a: Suicune|4/100
|move|p1a: Suicune|Rest|p1a: Suicune
|-status|p1a: Suicune|slp|[from] move: Rest
|-heal|p1a: Suicune|100/100 slp|[silent]
|
|-weather|Sandstorm|[upkeep]
|-damage|p2a: Jynx|5/100 tox|[from] Sandstorm
|-damage|p1a: Suicune|94/100 slp|[from] Sandstorm
|-heal|p2a: Jynx|11/100 tox|[from] item: Leftovers
|-damage|p2a: Jynx|0 fnt|[from] psn
|faint|p2a: Jynx
|-heal|p1a: Suicune|100/100 slp|[from] item: Leftovers
|upkeep
|
|t:|1731006487
|switch|p2a: Jirachi|Jirachi|100/100
|turn|10
|
|t:|1731006495
|switch|p1a: Celebi|Celebi|100/100
|move|p2a: Jirachi|Calm Mind|p2a: Jirachi
|-boost|p2a: Jirachi|spa|1
|-boost|p2a: Jirachi|spd|1
|
|-weather|Sandstorm|[upkeep]
|-damage|p1a: Celebi|94/100|[from] Sandstorm
|-heal|p1a: Celebi|100/100|[from] item: Leftovers
|upkeep
|turn|11
|
|t:|1731006502
|move|p2a: Jirachi|Calm Mind|p2a: Jirachi
|-boost|p2a: Jirachi|spa|1
|-boost|p2a: Jirachi|spd|1
|move|p1a: Celebi|Leech Seed|p2a: Jirachi
|-start|p2a: Jirachi|move: Leech Seed
|
|-weather|Sandstorm|[upkeep]
|-damage|p1a: Celebi|94/100|[from] Sandstorm
|-damage|p2a: Jirachi|88/100|[from] Leech Seed|[of] p1a: Celebi
|-heal|p1a: Celebi|100/100|[silent]
|upkeep
|turn|12
|
|t:|1731006520
|switch|p1a: Tyranitar|Tyranitar, F|100/100
|move|p2a: Jirachi|Fire Punch|p1a: Tyranitar
|-resisted|p1a: Tyranitar
|-damage|p1a: Tyranitar|80/100
|
|-weather|Sandstorm|[upkeep]
|-heal|p2a: Jirachi|94/100|[from] item: Leftovers
|-damage|p2a: Jirachi|82/100|[from] Leech Seed|[of] p1a: Tyranitar
|-heal|p1a: Tyranitar|93/100|[silent]
|upkeep
|turn|13
|
|t:|1731006529
|switch|p2a: Suicune|Suicune|100/100
|move|p1a: Tyranitar|Earthquake|p2a: Suicune
|-damage|p2a: Suicune|73/100
|
|-weather|Sandstorm|[upkeep]
|-damage|p2a: Suicune|67/100|[from] Sandstorm
|-heal|p2a: Suicune|73/100|[from] item: Leftovers
|upkeep
|turn|14
|
|t:|1731006538
|switch|p1a: Celebi|Celebi|100/100
|move|p2a: Suicune|Calm Mind|p2a: Suicune
|-boost|p2a: Suicune|spa|1
|-boost|p2a: Suicune|spd|1
|
|-weather|Sandstorm|[upkeep]
|-damage|p2a: Suicune|67/100|[from] Sandstorm
|-damage|p1a: Celebi|94/100|[from] Sandstorm
|-heal|p2a: Suicune|73/100|[from] item: Leftovers
|-heal|p1a: Celebi|100/100|[from] item: Leftovers
|upkeep
|turn|15
|
|t:|1731006541
|move|p2a: Suicune|Ice Beam|p1a: Celebi
|-supereffective|p1a: Celebi
|-damage|p1a: Celebi|19/100
|move|p1a: Celebi|Leech Seed|p2a: Suicune
|-start|p2a: Suicune|move: Leech Seed
|
|-weather|Sandstorm|[upkeep]
|-damage|p2a: Suicune|67/100|[from] Sandstorm
|-damage|p1a: Celebi|12/100|[from] Sandstorm
|-heal|p2a: Suicune|73/100|[from] item: Leftovers
|-damage|p2a: Suicune|60/100|[from] Leech Seed|[of] p1a: Celebi
|-heal|p1a: Celebi|25/100|[silent]
|-heal|p1a: Celebi|32/100|[from] item: Leftovers
|upkeep
|turn|16
|
|t:|1731006551
|switch|p2a: Jirachi|Jirachi|82/100
|switch|p1a: Suicune|Suicune|100/100 slp
|
|-weather|Sandstorm|[upkeep]
|-damage|p1a: Suicune|94/100 slp|[from] Sandstorm
|-heal|p2a: Jirachi|88/100|[from] item: Leftovers
|-heal|p1a: Suicune|100/100 slp|[from] item: Leftovers
|upkeep
|turn|17
|
|t:|1731006556
|switch|p1a: Tyranitar|Tyranitar, F|93/100
|move|p2a: Jirachi|Calm Mind|p2a: Jirachi
|-boost|p2a: Jirachi|spa|1
|-boost|p2a: Jirachi|spd|1
|
|-weather|Sandstorm|[upkeep]
|-heal|p2a: Jirachi|94/100|[from] item: Leftovers
|upkeep
|turn|18
|
|t:|1731006566
|move|p2a: Jirachi|Hidden Power|p1a: Tyranitar
|-supereffective|p1a: Tyranitar
|-damage|p1a: Tyranitar|41/100
|move|p1a: Tyranitar|Earthquake|p2a: Jirachi
|-supereffective|p2a: Jirachi
|-damage|p2a: Jirachi|31/100
|
|-weather|Sandstorm|[upkeep]
|-heal|p2a: Jirachi|37/100|[from] item: Leftovers
|upkeep
|turn|19
|
|t:|1731006580
|move|p2a: Jirachi|Hidden Power|p1a: Tyranitar
|-supereffective|p1a: Tyranitar
|-damage|p1a: Tyranitar|0 fnt
|faint|p1a: Tyranitar
|
|t:|1731006586
|switch|p1a: Gyarados|Gyarados, M|100/100
|-ability|p1a: Gyarados|Intimidate|boost
|-unboost|p2a: Jirachi|atk|1
|
|-weather|Sandstorm|[upkeep]
|-damage|p1a: Gyarados|94/100|[from] Sandstorm
|-heal|p1a: Gyarados|100/100|[from] item: Leftovers
|-heal|p2a: Jirachi|44/100|[from] item: Leftovers
|upkeep
|turn|20
|
|t:|1731006598
|move|p1a: Gyarados|Earthquake|p2a: Jirachi
|-supereffective|p2a: Jirachi
|-damage|p2a: Jirachi|0 fnt
|faint|p2a: Jirachi
|
|t:|1731006600
|switch|p2a: Gengar|Gengar, M|100/100
|
|-weather|Sandstorm|[upkeep]
|-damage|p2a: Gengar|94/100|[from] Sandstorm
|-damage|p1a: Gyarados|94/100|[from] Sandstorm
|-heal|p2a: Gengar|100/100|[from] item: Leftovers
|-heal|p1a: Gyarados|100/100|[from] item: Leftovers
|upkeep
|turn|21
|
|t:|1731006605
|switch|p1a: Celebi|Celebi|32/100
|move|p2a: Gengar|Thunderbolt|p1a: Celebi
|-resisted|p1a: Celebi
|-damage|p1a: Celebi|17/100
|
|-weather|Sandstorm|[upkeep]
|-damage|p2a: Gengar|94/100|[from] Sandstorm
|-damage|p1a: Celebi|11/100|[from] Sandstorm
|-heal|p2a: Gengar|100/100|[from] item: Leftovers
|-heal|p1a: Celebi|17/100|[from] item: Leftovers
|upkeep
|turn|22
|
|t:|1731006611
|switch|p1a: Metagross|Metagross|100/100 slp
|move|p2a: Gengar|Ice Punch|p1a: Metagross
|-resisted|p1a: Metagross
|-damage|p1a: Metagross|91/100 slp
|
|-weather|Sandstorm|[upkeep]
|-damage|p2a: Gengar|94/100|[from] Sandstorm
|-heal|p2a: Gengar|100/100|[from] item: Leftovers
|-heal|p1a: Metagross|97/100 slp|[from] item: Leftovers
|upkeep
|turn|23
|
|t:|1731006622
|switch|p2a: Suicune|Suicune|60/100
|cant|p1a: Metagross|slp
|
|-weather|Sandstorm|[upkeep]
|-damage|p2a: Suicune|54/100|[from] Sandstorm
|-heal|p2a: Suicune|60/100|[from] item: Leftovers
|-heal|p1a: Metagross|100/100 slp|[from] item: Leftovers
|upkeep
|turn|24
|
|t:|1731006637
|switch|p1a: Gyarados|Gyarados, M|100/100
|-ability|p1a: Gyarados|Intimidate|boost
|-unboost|p2a: Suicune|atk|1
|move|p2a: Suicune|Hydro Pump|p1a: Gyarados
|-resisted|p1a: Gyarados
|-damage|p1a: Gyarados|77/100
|
|-weather|Sandstorm|[upkeep]
|-damage|p1a: Gyarados|71/100|[from] Sandstorm
|-damage|p2a: Suicune|54/100|[from] Sandstorm
|-heal|p1a: Gyarados|77/100|[from] item: Leftovers
|-heal|p2a: Suicune|60/100|[from] item: Leftovers
|upkeep
|turn|25
|
|t:|1731006646
|move|p1a: Gyarados|Dragon Dance|p1a: Gyarados
|-boost|p1a: Gyarados|atk|1
|-boost|p1a: Gyarados|spe|1
|move|p2a: Suicune|Roar|p1a: Gyarados
|drag|p1a: Celebi|Celebi|17/100
|
|-weather|Sandstorm|[upkeep]
|-damage|p2a: Suicune|54/100|[from] Sandstorm
|-damage|p1a: Celebi|11/100|[from] Sandstorm
|-heal|p2a: Suicune|60/100|[from] item: Leftovers
|-heal|p1a: Celebi|17/100|[from] item: Leftovers
|upkeep
|turn|26
|
|t:|1731006653
|switch|p1a: Suicune|Suicune|100/100 slp
|move|p2a: Suicune|Ice Beam|p1a: Suicune
|-resisted|p1a: Suicune
|-damage|p1a: Suicune|91/100 slp
|
|-weather|Sandstorm|[upkeep]
|-damage|p2a: Suicune|54/100|[from] Sandstorm
|-damage|p1a: Suicune|85/100 slp|[from] Sandstorm
|-heal|p2a: Suicune|60/100|[from] item: Leftovers
|-heal|p1a: Suicune|91/100 slp|[from] item: Leftovers
|upkeep
|turn|27
|
|t:|1731006659
|switch|p1a: Gyarados|Gyarados, M|77/100
|-ability|p1a: Gyarados|Intimidate|boost
|-unboost|p2a: Suicune|atk|1
|move|p2a: Suicune|Roar|p1a: Gyarados
|drag|p1a: Metagross|Metagross|100/100 slp
|
|-weather|Sandstorm|[upkeep]
|-damage|p2a: Suicune|54/100|[from] Sandstorm
|-heal|p2a: Suicune|60/100|[from] item: Leftovers
|upkeep
|turn|28
|
|t:|1731006664
|switch|p1a: Gyarados|Gyarados, M|77/100
|-ability|p1a: Gyarados|Intimidate|boost
|-unboost|p2a: Suicune|atk|1
|move|p2a: Suicune|Calm Mind|p2a: Suicune
|-boost|p2a: Suicune|spa|1
|-boost|p2a: Suicune|spd|1
|
|-weather|Sandstorm|[upkeep]
|-damage|p1a: Gyarados|71/100|[from] Sandstorm
|-damage|p2a: Suicune|54/100|[from] Sandstorm
|-heal|p1a: Gyarados|77/100|[from] item: Leftovers
|-heal|p2a: Suicune|60/100|[from] item: Leftovers
|upkeep
|turn|29
|
|t:|1731006669
|move|p1a: Gyarados|Double-Edge|p2a: Suicune
|-damage|p2a: Suicune|27/100
|-damage|p1a: Gyarados|64/100|[from] Recoil|[of] p2a: Suicune
|move|p2a: Suicune|Ice Beam|p1a: Gyarados
|-damage|p1a: Gyarados|22/100
|
|-weather|Sandstorm|[upkeep]
|-damage|p1a: Gyarados|16/100|[from] Sandstorm
|-damage|p2a: Suicune|21/100|[from] Sandstorm
|-heal|p1a: Gyarados|22/100|[from] item: Leftovers
|-heal|p2a: Suicune|27/100|[from] item: Leftovers
|upkeep
|turn|30
|
|t:|1731006675
|move|p1a: Gyarados|Double-Edge|p2a: Suicune
|-damage|p2a: Suicune|0 fnt
|-damage|p1a: Gyarados|12/100|[from] Recoil|[of] p2a: Suicune
|faint|p2a: Suicune
|
|t:|1731006677
|switch|p2a: Gengar|Gengar, M|100/100
|
|-weather|Sandstorm|[upkeep]
|-damage|p2a: Gengar|94/100|[from] Sandstorm
|-damage|p1a: Gyarados|6/100|[from] Sandstorm
|-heal|p2a: Gengar|100/100|[from] item: Leftovers
|-heal|p1a: Gyarados|12/100|[from] item: Leftovers
|upkeep
|turn|31
|
|t:|1731006682
|switch|p1a: Celebi|Celebi|17/100
|move|p2a: Gengar|Thunderbolt|p1a: Celebi
|-resisted|p1a: Celebi
|-damage|p1a: Celebi|5/100
|
|-weather|Sandstorm|[upkeep]
|-damage|p2a: Gengar|94/100|[from] Sandstorm
|-damage|p1a: Celebi|0 fnt|[from] Sandstorm
|faint|p1a: Celebi
|-heal|p2a: Gengar|100/100|[from] item: Leftovers
|upkeep
|
|t:|1731006684
|switch|p1a: Metagross|Metagross|100/100 slp
|turn|32
|
|t:|1731006694
|move|p2a: Gengar|Thunderbolt|p1a: Metagross
|-damage|p1a: Metagross|77/100 slp
|cant|p1a: Metagross|slp
|
|-weather|Sandstorm|[upkeep]
|-damage|p2a: Gengar|94/100|[from] Sandstorm
|-heal|p2a: Gengar|100/100|[from] item: Leftovers
|-heal|p1a: Metagross|83/100 slp|[from] item: Leftovers
|upkeep
|turn|33
|
|t:|1731006704
|move|p2a: Gengar|Thunderbolt|p1a: Metagross
|-damage|p1a: Metagross|54/100 slp
|cant|p1a: Metagross|slp
|
|-weather|Sandstorm|[upkeep]
|-damage|p2a: Gengar|94/100|[from] Sandstorm
|-heal|p2a: Gengar|100/100|[from] item: Leftovers
|-heal|p1a: Metagross|61/100 slp|[from] item: Leftovers
|upkeep
|turn|34
|
|t:|1731006719
|move|p2a: Gengar|Thunderbolt|p1a: Metagross
|-damage|p1a: Metagross|37/100 slp
|-curestatus|p1a: Metagross|slp|[msg]
|move|p1a: Metagross|Meteor Mash|p2a: Gengar
|-damage|p2a: Gengar|5/100
|
|-weather|Sandstorm|[upkeep]
|-damage|p2a: Gengar|0 fnt|[from] Sandstorm
|faint|p2a: Gengar
|-heal|p1a: Metagross|43/100|[from] item: Leftovers
|upkeep
|
|t:|1731006721
|switch|p2a: Dugtrio|Dugtrio, F|100/100
|turn|35
|
|t:|1731006727
|move|p2a: Dugtrio|Earthquake|p1a: Metagross
|-supereffective|p1a: Metagross
|-damage|p1a: Metagross|0 fnt
|faint|p1a: Metagross
|
|t:|1731006729
|switch|p1a: Gyarados|Gyarados, M|12/100
|-ability|p1a: Gyarados|Intimidate|boost
|-unboost|p2a: Dugtrio|atk|1
|
|-weather|Sandstorm|[upkeep]
|-damage|p1a: Gyarados|6/100|[from] Sandstorm
|-heal|p1a: Gyarados|12/100|[from] item: Leftovers
|upkeep
|turn|36
|
|t:|1731006733
|switch|p2a: Tyranitar|Tyranitar, F|100/100
|move|p1a: Gyarados|Dragon Dance|p1a: Gyarados
|-boost|p1a: Gyarados|atk|1
|-boost|p1a: Gyarados|spe|1
|
|-weather|Sandstorm|[upkeep]
|-damage|p1a: Gyarados|6/100|[from] Sandstorm
|-heal|p1a: Gyarados|12/100|[from] item: Leftovers
|upkeep
|turn|37
|
|t:|1731006740
|move|p1a: Gyarados|Earthquake|p2a: Tyranitar
|-supereffective|p2a: Tyranitar
|-damage|p2a: Tyranitar|16/100
|move|p2a: Tyranitar|Dragon Dance|p2a: Tyranitar
|-boost|p2a: Tyranitar|atk|1
|-boost|p2a: Tyranitar|spe|1
|
|-weather|Sandstorm|[upkeep]
|-damage|p1a: Gyarados|6/100|[from] Sandstorm
|-heal|p1a: Gyarados|12/100|[from] item: Leftovers
|-enditem|p2a: Tyranitar|Salac Berry|[eat]
|-boost|p2a: Tyranitar|spe|1|[from] item: Salac Berry
|upkeep
|turn|38
|
|t:|1731006747
|move|p2a: Tyranitar|Rock Slide|p1a: Gyarados
|-supereffective|p1a: Gyarados
|-damage|p1a: Gyarados|0 fnt
|faint|p1a: Gyarados
|
|t:|1731006749
|switch|p1a: Suicune|Suicune|91/100 slp
|
|-weather|Sandstorm|[upkeep]
|-damage|p1a: Suicune|85/100 slp|[from] Sandstorm
|-heal|p1a: Suicune|91/100 slp|[from] item: Leftovers
|upkeep
|turn|39
|
|t:|1731006761
|move|p2a: Tyranitar|Rock Slide|p1a: Suicune
|-damage|p1a: Suicune|49/100 slp
|cant|p1a: Suicune|slp
|move|p1a: Suicune|Sleep Talk|p1a: Suicune
|move|p1a: Suicune|Surf|p2a: Tyranitar|[from]Sleep Talk
|-supereffective|p2a: Tyranitar
|-damage|p2a: Tyranitar|0 fnt
|faint|p2a: Tyranitar
|
|t:|1731006765
|switch|p2a: Dugtrio|Dugtrio, F|100/100
|
|-weather|Sandstorm|[upkeep]
|-damage|p1a: Suicune|43/100 slp|[from] Sandstorm
|-heal|p1a: Suicune|49/100 slp|[from] item: Leftovers
|upkeep
|turn|40
|
|t:|1731006769
|move|p2a: Dugtrio|Earthquake|p1a: Suicune
|-damage|p1a: Suicune|7/100 slp
|cant|p1a: Suicune|slp
|move|p1a: Suicune|Sleep Talk|p1a: Suicune
|move|p1a: Suicune|Surf|p2a: Dugtrio|[from]Sleep Talk
|-supereffective|p2a: Dugtrio
|-damage|p2a: Dugtrio|0 fnt
|faint|p2a: Dugtrio
|
|win|monchooo
|c|☆blanched|gg
|c|☆monchooo|sorry
|c|☆monchooo|gg
|c|☆monchooo|/log monchooo made the replay of this battle unlisted.

</script>
<script type="application/json" class="data" id="replaydata-smogtours-gen3ou-805118">
{"id":"smogtours-gen3ou-805118","format":"[Gen 3] OU","players":["monchooo","blanched"],"uploadtime":1731006769,"views":53,"formatid":"gen3ou","rating":null,"private":1,"password":null}
</script>

<script defer src="js/replays.js?9d40a366"></script>
