<!DOCTYPE html>
<meta charset="utf-8" />
<meta name="viewport" content="width=device-width" />

<title>[Gen 3] OU: triangles vs. LilBigBamSam - Replays - Pok&eacute;mon Showdown!</title>

<meta name="description" content="Watch a replay of a Pok&eacute;mon battle between triangles and LilBigBamSam! Format: [Gen 3] OU; Date: Oct 9, 2024" />
<!--

Hey, you! Looking in the source for the replay log?

You can find them in JSON format, just add `.json` at the end of a replay URL.

https://replay.pokemonshowdown.com/gen7randomdoublesbattle-865046831.json

Or, if you only need the log itself, add `.log` instead:

https://replay.pokemonshowdown.com/gen7randomdoublesbattle-865046831.log

-->

<link rel="stylesheet" href="//pokemonshowdown.com/style/global.css?0.023195364461161105" />
<link rel="stylesheet" href="//play.pokemonshowdown.com/style/font-awesome.css?0.13261647063804238" />
<link rel="stylesheet" href="//play.pokemonshowdown.com/style/battle.css?0.8753245789963631" />
<link rel="stylesheet" href="//play.pokemonshowdown.com/style/utilichart.css?0.8627959624976733" />

<!-- Global site tag (gtag.js) - Google Analytics -->
<script async src="https://www.googletagmanager.com/gtag/js?id=UA-26211653-1"></script>
<script>
  window.dataLayer = window.dataLayer || [];
  function gtag(){dataLayer.push(arguments);}
  gtag('js', new Date());

  gtag('config', 'UA-26211653-1');
</script>
<!-- End Google Analytics -->
<!-- Venatus Ad Manager - Install in <HEAD> of page -->
	<script src="https://hb.vntsm.com/v3/live/ad-manager.min.js" type="text/javascript" data-site-id="642aba63ec9a7b11c3c9c1be" data-mode="scan" async></script>
<!-- / Venatus Ad Manager -->

<style>
	@media (max-width:820px) {
		.battle {
			margin: 0 auto;
		}
		.battle-log {
			margin: 7px auto 0;
			max-width: 640px;
			height: 300px;
			position: static;
		}
	}
	.optgroup {
		display: inline-block;
		line-height: 22px;
		font-size: 10pt;
	}
	.optgroup .button {
		height: 25px;
		padding-top: 0;
		padding-bottom: 0;
	}
	.optgroup button.button {
		padding-left: 12px;
		padding-right: 12px;
	}
	.linklist {
		list-style: none;
		margin: 0.5em 0;
		padding: 0;
	}
	.linklist li {
		padding: 2px 0;
	}
	.sidebar {
		float: left;
		width: 320px;
	}
	.bar-wrapper {
		max-width: 1100px;
		margin: 0 auto;
	}
	.bar-wrapper.has-sidebar {
		max-width: 1430px;
	}
	.mainbar {
		margin: 0;
		padding-right: 1px;
	}
	.mainbar.has-sidebar {
		margin-left: 330px;
	}
	@media (min-width: 1511px) {
		.sidebar {
			width: 400px;
		}
		.bar-wrapper.has-sidebar {
			max-width: 1510px;
		}
		.mainbar.has-sidebar {
			margin-left: 410px;
		}
	}
	.section.first-section {
		margin-top: 9px;
	}
	.blocklink small {
		white-space: normal;
	}
	.button {
		vertical-align: middle;
	}
	.replay-controls {
		padding-top: 10px;
	}
	.replay-controls h1 {
		font-size: 16pt;
		font-weight: normal;
		color: #CCC;
	}
	.pagelink {
		text-align: center;
	}
	.pagelink a {
		width: 150px;
	}
	.textbox, .button {
		font-size: 11pt;
		vertical-align: middle;
	}
	@media (max-width: 450px) {
		.button {
			font-size: 9pt;
		}
	}
</style>

<div>

	<header>
		<div class="nav-wrapper"><ul class="nav">
			<li><a class="button nav-first" href="//pokemonshowdown.com/"><img src="//pokemonshowdown.com/images/pokemonshowdownbeta.png" srcset="//pokemonshowdown.com/images/pokemonshowdownbeta.png 1x, //pokemonshowdown.com/images/pokemonshowdownbeta@2x.png 2x" alt="Pok&eacute;mon Showdown" width="146" height="44" /> Home</a></li>
			<li><a class="button" href="//pokemonshowdown.com/dex/">Pok&eacute;dex</a></li>
			<li><a class="button cur" href="/">Replays</a></li>
			<li><a class="button" href="//pokemonshowdown.com/ladder/">Ladder</a></li>
			<li><a class="button nav-last" href="//pokemonshowdown.com/forums/">Forum</a></li>
			<li><a class="button greenbutton nav-first nav-last" href="//play.pokemonshowdown.com/">Play</a></li>
		</ul></div>
	</header>

	<div class="main" id="main">

		<noscript><section class="section">You need to enable JavaScript to use this page; sorry!</section></noscript>

	</div>

</div>

<script defer nomodule src="//play.pokemonshowdown.com/js/lib/ps-polyfill.js"></script>
<script defer src="//play.pokemonshowdown.com/js/lib/preact.min.js"></script>

<script defer src="//play.pokemonshowdown.com/config/config.js?2bddbc15"></script>
<script defer src="//play.pokemonshowdown.com/js/lib/jquery-1.11.0.min.js"></script>
<script defer src="//play.pokemonshowdown.com/js/lib/html-sanitizer-minified.js"></script>
<script defer src="//play.pokemonshowdown.com/js/battle-sound.js"></script>
<script defer src="//play.pokemonshowdown.com/js/battledata.js?0.7209276989879541"></script>
<script defer src="//play.pokemonshowdown.com/data/pokedex-mini.js?0.6111056340867951"></script>
<script defer src="//play.pokemonshowdown.com/data/pokedex-mini-bw.js?0.3532142036491459"></script>
<script defer src="//play.pokemonshowdown.com/data/graphics.js?0.24223875632456182"></script>
<script defer src="//play.pokemonshowdown.com/data/pokedex.js?0.38839984266356864"></script>
<script defer src="//play.pokemonshowdown.com/data/moves.js?0.21866028504024015"></script>
<script defer src="//play.pokemonshowdown.com/data/abilities.js?0.2005157953846628"></script>
<script defer src="//play.pokemonshowdown.com/data/items.js?0.9894211263848525"></script>
<script defer src="//play.pokemonshowdown.com/data/teambuilder-tables.js?0.6008791140282215"></script>
<script defer src="//play.pokemonshowdown.com/js/battle-tooltips.js?0.7580118955022959"></script>
<script defer src="//play.pokemonshowdown.com/js/battle.js?0.6057722274234274"></script>

<script defer src="js/utils.js?e31f9a17"></script>
<script defer src="js/replays-battle.js?7008c182"></script>

<!-- don't scrape this data! just add .json or .log after the URL!
Full API docs: https://github.com/smogon/pokemon-showdown-client/blob/master/WEB-API.md -->
<script type="text/plain" class="log" id="replaylog-smogtours-gen3ou-796604">
|inactive|Battle timer is ON: inactive players will automatically lose when time's up.
|t:|1728475142
|gametype|singles
|player|p1|triangles|lucas|
|player|p2|LilBigBamSam|169|
|teamsize|p1|6
|teamsize|p2|6
|gen|3
|tier|[Gen 3] OU
|rule|Sleep Clause Mod: Limit one foe put to sleep
|rule|Switch Priority Clause Mod: Faster Pokémon switch first
|rule|Species Clause: Limit one of each Pokémon
|rule|OHKO Clause: OHKO moves are banned
|rule|Evasion Items Clause: Evasion items are banned
|rule|Evasion Moves Clause: Evasion moves are banned
|rule|Endless Battle Clause: Forcing endless battles is banned
|rule|HP Percentage Mod: HP is shown in percentages
|rule|One Boost Passer Clause: Limit one Baton Passer that has a way to boost its stats
|rule|Freeze Clause Mod: Limit one foe frozen
|
|t:|1728475142
|start
|switch|p1a: Tyranitar|Tyranitar, M, shiny|100/100
|switch|p2a: Tyranitar|Tyranitar, F|100/100
|-weather|Sandstorm|[from] ability: Sand Stream|[of] p1a: Tyranitar
|turn|1
|c|☆triangles|hf
|c|☆LilBigBamSam|you too
|inactive|LilBigBamSam has 270 seconds left.
|
|t:|1728475175
|switch|p2a: Metagross|Metagross|100/100
|move|p1a: Tyranitar|Earthquake|p2a: Metagross
|-supereffective|p2a: Metagross
|-damage|p2a: Metagross|38/100
|
|-weather|Sandstorm|[upkeep]
|-heal|p2a: Metagross|44/100|[from] item: Leftovers
|upkeep
|turn|2
|inactive|triangles has 270 seconds left.
|inactive|LilBigBamSam has 270 seconds left.
|
|t:|1728475208
|switch|p2a: Gyarados|Gyarados, F|100/100
|-ability|p2a: Gyarados|Intimidate|boost
|-unboost|p1a: Tyranitar|atk|1
|move|p1a: Tyranitar|Earthquake|p2a: Gyarados
|-immune|p2a: Gyarados
|
|-weather|Sandstorm|[upkeep]
|-damage|p2a: Gyarados|94/100|[from] Sandstorm
|-heal|p2a: Gyarados|100/100|[from] item: Leftovers
|upkeep
|turn|3
|inactive|triangles has 270 seconds left.
|
|t:|1728475226
|switch|p1a: Zapdos|Zapdos|100/100
|move|p2a: Gyarados|Hidden Power|p1a: Zapdos
|-resisted|p1a: Zapdos
|-damage|p1a: Zapdos|82/100
|
|-weather|Sandstorm|[upkeep]
|-damage|p1a: Zapdos|76/100|[from] Sandstorm
|-damage|p2a: Gyarados|94/100|[from] Sandstorm
|-heal|p1a: Zapdos|82/100|[from] item: Leftovers
|-heal|p2a: Gyarados|100/100|[from] item: Leftovers
|upkeep
|turn|4
|inactive|triangles has 270 seconds left.
|
|t:|1728475238
|switch|p2a: Primal Groudon|Camerupt, M|100/100
|move|p1a: Zapdos|Baton Pass|p1a: Zapdos
|c|☆triangles|my boy
|
|t:|1728475250
|switch|p1a: Smeargle|Smeargle, M, shiny|100/100|[from] Baton Pass
|
|-weather|Sandstorm|[upkeep]
|-damage|p1a: Smeargle|95/100|[from] Sandstorm
|upkeep
|turn|5
|inactive|LilBigBamSam has 270 seconds left.
|
|t:|1728475284
|switch|p2a: Metagross|Metagross|44/100
|move|p1a: Smeargle|Spore|p2a: Metagross
|-status|p2a: Metagross|slp|[from] move: Spore
|
|-weather|Sandstorm|[upkeep]
|-damage|p1a: Smeargle|89/100|[from] Sandstorm
|-heal|p2a: Metagross|50/100 slp|[from] item: Leftovers
|upkeep
|turn|6
|inactive|LilBigBamSam has 270 seconds left.
|
|t:|1728475298
|switch|p2a: Gyarados|Gyarados, F|100/100
|-ability|p2a: Gyarados|Intimidate|boost
|-unboost|p1a: Smeargle|atk|1
|move|p1a: Smeargle|Spikes|p2a: Gyarados
|-sidestart|p2: LilBigBamSam|Spikes
|
|-weather|Sandstorm|[upkeep]
|-damage|p1a: Smeargle|83/100|[from] Sandstorm
|-damage|p2a: Gyarados|94/100|[from] Sandstorm
|-heal|p2a: Gyarados|100/100|[from] item: Leftovers
|upkeep
|turn|7
|inactive|LilBigBamSam has 270 seconds left.
|inactive|triangles has 270 seconds left.
|
|t:|1728475319
|switch|p2a: Primal Groudon|Camerupt, M|100/100
|-damage|p2a: Primal Groudon|88/100|[from] Spikes
|move|p1a: Smeargle|Explosion|p2a: Primal Groudon
|-damage|p2a: Primal Groudon|31/100
|faint|p1a: Smeargle
|
|t:|1728475331
|switch|p1a: Aerodactyl|Aerodactyl, F, shiny|100/100
|
|-weather|Sandstorm|[upkeep]
|-heal|p2a: Primal Groudon|37/100|[from] item: Leftovers
|upkeep
|turn|8
|inactive|LilBigBamSam has 270 seconds left.
|
|t:|1728475351
|switch|p2a: Metagross|Metagross|50/100 slp
|-damage|p2a: Metagross|37/100 slp|[from] Spikes
|move|p1a: Aerodactyl|Earthquake|p2a: Metagross
|-supereffective|p2a: Metagross
|-damage|p2a: Metagross|0 fnt
|faint|p2a: Metagross
|
|t:|1728475379
|switch|p2a: Starmie|Starmie|100/100
|-damage|p2a: Starmie|88/100|[from] Spikes
|
|-weather|Sandstorm|[upkeep]
|-damage|p2a: Starmie|82/100|[from] Sandstorm
|-heal|p2a: Starmie|88/100|[from] item: Leftovers
|upkeep
|turn|9
|inactive|triangles has 240 seconds left.
|
|t:|1728475410
|move|p1a: Aerodactyl|Substitute|p1a: Aerodactyl
|-start|p1a: Aerodactyl|Substitute
|-damage|p1a: Aerodactyl|75/100
|move|p2a: Starmie|Thunder Wave||[still]
|-fail|p2a: Starmie
|
|-weather|Sandstorm|[upkeep]
|-damage|p2a: Starmie|82/100|[from] Sandstorm
|-heal|p2a: Starmie|88/100|[from] item: Leftovers
|upkeep
|turn|10
|
|t:|1728475419
|move|p1a: Aerodactyl|Rock Slide|p2a: Starmie
|-damage|p2a: Starmie|48/100
|cant|p2a: Starmie|flinch
|
|-weather|Sandstorm|[upkeep]
|-damage|p2a: Starmie|42/100|[from] Sandstorm
|-heal|p2a: Starmie|48/100|[from] item: Leftovers
|upkeep
|turn|11
|
|t:|1728475428
|move|p1a: Aerodactyl|Rock Slide|p2a: Starmie
|-damage|p2a: Starmie|6/100
|move|p2a: Starmie|Recover|p2a: Starmie
|-heal|p2a: Starmie|56/100
|
|-weather|Sandstorm|[upkeep]
|-damage|p2a: Starmie|50/100|[from] Sandstorm
|-heal|p2a: Starmie|56/100|[from] item: Leftovers
|upkeep
|turn|12
|
|t:|1728475442
|move|p1a: Aerodactyl|Rock Slide|p2a: Starmie
|-damage|p2a: Starmie|19/100
|move|p2a: Starmie|Recover|p2a: Starmie
|-heal|p2a: Starmie|69/100
|
|-weather|Sandstorm|[upkeep]
|-damage|p2a: Starmie|63/100|[from] Sandstorm
|-heal|p2a: Starmie|69/100|[from] item: Leftovers
|upkeep
|turn|13
|
|t:|1728475452
|move|p1a: Aerodactyl|Rock Slide|p2a: Starmie
|-crit|p2a: Starmie
|-damage|p2a: Starmie|0 fnt
|faint|p2a: Starmie
|
|t:|1728475460
|switch|p2a: Porygon2|Porygon2|100/100
|-damage|p2a: Porygon2|88/100|[from] Spikes
|-ability|p2a: Porygon2|Rock Head|[from] ability: Trace|[of] p1a: Aerodactyl
|
|-weather|Sandstorm|[upkeep]
|-damage|p2a: Porygon2|82/100|[from] Sandstorm
|-heal|p2a: Porygon2|88/100|[from] item: Leftovers
|upkeep
|turn|14
|inactive|LilBigBamSam has 270 seconds left.
|
|t:|1728475471
|move|p1a: Aerodactyl|Rock Slide|p2a: Porygon2
|-damage|p2a: Porygon2|65/100
|move|p2a: Porygon2|Ice Beam|p1a: Aerodactyl
|-supereffective|p1a: Aerodactyl
|-end|p1a: Aerodactyl|Substitute
|
|-weather|Sandstorm|[upkeep]
|-damage|p2a: Porygon2|59/100|[from] Sandstorm
|-heal|p2a: Porygon2|65/100|[from] item: Leftovers
|upkeep
|turn|15
|inactive|LilBigBamSam has 270 seconds left.
|
|t:|1728475489
|move|p1a: Aerodactyl|Substitute|p1a: Aerodactyl
|-start|p1a: Aerodactyl|Substitute
|-damage|p1a: Aerodactyl|50/100
|move|p2a: Porygon2|Recover|p2a: Porygon2
|-heal|p2a: Porygon2|100/100
|
|-weather|Sandstorm|[upkeep]
|-damage|p2a: Porygon2|94/100|[from] Sandstorm
|-heal|p2a: Porygon2|100/100|[from] item: Leftovers
|upkeep
|turn|16
|
|t:|1728475498
|move|p1a: Aerodactyl|Hidden Power|p2a: Porygon2
|-damage|p2a: Porygon2|76/100
|move|p2a: Porygon2|Ice Beam|p1a: Aerodactyl
|-supereffective|p1a: Aerodactyl
|-end|p1a: Aerodactyl|Substitute
|
|-weather|Sandstorm|[upkeep]
|-damage|p2a: Porygon2|70/100|[from] Sandstorm
|-heal|p2a: Porygon2|76/100|[from] item: Leftovers
|upkeep
|turn|17
|inactive|LilBigBamSam has 270 seconds left.
|
|t:|1728475519
|switch|p1a: Tyranitar|Tyranitar, M, shiny|100/100
|move|p2a: Porygon2|Ice Beam|p1a: Tyranitar
|-damage|p1a: Tyranitar|79/100
|
|-weather|Sandstorm|[upkeep]
|-damage|p2a: Porygon2|70/100|[from] Sandstorm
|-heal|p2a: Porygon2|76/100|[from] item: Leftovers
|upkeep
|turn|18
|inactive|LilBigBamSam has 270 seconds left.
|inactive|LilBigBamSam has 240 seconds left.
|inactive|LilBigBamSam has 210 seconds left.
|
|t:|1728475588
|move|p1a: Tyranitar|Dragon Dance|p1a: Tyranitar
|-boost|p1a: Tyranitar|atk|1
|-boost|p1a: Tyranitar|spe|1
|move|p2a: Porygon2|Recover|p2a: Porygon2
|-heal|p2a: Porygon2|100/100
|
|-weather|Sandstorm|[upkeep]
|-damage|p2a: Porygon2|94/100|[from] Sandstorm
|-heal|p2a: Porygon2|100/100|[from] item: Leftovers
|upkeep
|turn|19
|inactive|LilBigBamSam has 210 seconds left.
|
|t:|1728475617
|move|p1a: Tyranitar|Rock Slide|p2a: Porygon2
|-damage|p2a: Porygon2|48/100
|move|p2a: Porygon2|Thunder Wave|p1a: Tyranitar
|-status|p1a: Tyranitar|par
|
|-weather|Sandstorm|[upkeep]
|-damage|p2a: Porygon2|41/100|[from] Sandstorm
|-heal|p2a: Porygon2|48/100|[from] item: Leftovers
|upkeep
|turn|20
|inactive|LilBigBamSam has 210 seconds left.
|
|t:|1728475639
|move|p2a: Porygon2|Recover|p2a: Porygon2
|-heal|p2a: Porygon2|98/100
|move|p1a: Tyranitar|Dragon Dance|p1a: Tyranitar
|-boost|p1a: Tyranitar|atk|1
|-boost|p1a: Tyranitar|spe|1
|
|-weather|Sandstorm|[upkeep]
|-damage|p2a: Porygon2|91/100|[from] Sandstorm
|-heal|p2a: Porygon2|98/100|[from] item: Leftovers
|upkeep
|turn|21
|
|t:|1728475656
|switch|p2a: Tyranitar|Tyranitar, F|100/100
|-damage|p2a: Tyranitar|88/100|[from] Spikes
|move|p1a: Tyranitar|Double-Edge|p2a: Tyranitar
|-resisted|p2a: Tyranitar
|-damage|p2a: Tyranitar|48/100
|-damage|p1a: Tyranitar|64/100 par|[from] Recoil|[of] p2a: Tyranitar
|
|-weather|Sandstorm|[upkeep]
|-heal|p2a: Tyranitar|55/100|[from] item: Leftovers
|upkeep
|turn|22
|inactive|triangles has 270 seconds left.
|
|t:|1728475676
|move|p2a: Tyranitar|Rock Slide|p1a: Tyranitar
|-damage|p1a: Tyranitar|26/100 par
|cant|p1a: Tyranitar|par
|
|-weather|Sandstorm|[upkeep]
|-heal|p2a: Tyranitar|61/100|[from] item: Leftovers
|upkeep
|turn|23
|inactive|triangles has 270 seconds left.
|
|t:|1728475685
|move|p2a: Tyranitar|Rock Slide|p1a: Tyranitar
|-damage|p1a: Tyranitar|0 fnt
|faint|p1a: Tyranitar
|inactive|triangles has 270 seconds left.
|
|t:|1728475691
|switch|p1a: Metagross|Metagross, shiny|100/100
|
|-weather|Sandstorm|[upkeep]
|-heal|p2a: Tyranitar|67/100|[from] item: Leftovers
|upkeep
|turn|24
|inactive|LilBigBamSam has 210 seconds left.
|inactive|LilBigBamSam has 180 seconds left.
|
|t:|1728475748
|switch|p2a: Gyarados|Gyarados, F|100/100
|-ability|p2a: Gyarados|Intimidate|boost
|-fail|p1a: Metagross|unboost|[from] ability: Clear Body|[of] p1a: Metagross
|move|p1a: Metagross|Meteor Mash|p2a: Gyarados
|-resisted|p2a: Gyarados
|-damage|p2a: Gyarados|65/100
|
|-weather|Sandstorm|[upkeep]
|-damage|p2a: Gyarados|59/100|[from] Sandstorm
|-heal|p2a: Gyarados|65/100|[from] item: Leftovers
|upkeep
|turn|25
|inactive|triangles has 270 seconds left.
|inactive|LilBigBamSam has 150 seconds left.
|
|t:|1728475785
|move|p2a: Gyarados|Earthquake|p1a: Metagross
|-supereffective|p1a: Metagross
|-damage|p1a: Metagross|36/100
|move|p1a: Metagross|Rock Slide|p2a: Gyarados
|-supereffective|p2a: Gyarados
|-damage|p2a: Gyarados|0 fnt
|faint|p2a: Gyarados
|inactive|LilBigBamSam has 150 seconds left.
|inactive|LilBigBamSam has 120 seconds left.
|inactive|LilBigBamSam has 90 seconds left.
|
|t:|1728475855
|switch|p2a: Porygon2|Porygon2|98/100
|-damage|p2a: Porygon2|85/100|[from] Spikes
|-ability|p2a: Porygon2|Clear Body|[from] ability: Trace|[of] p1a: Metagross
|
|-weather|Sandstorm|[upkeep]
|-damage|p2a: Porygon2|79/100|[from] Sandstorm
|-heal|p1a: Metagross|42/100|[from] item: Leftovers
|-heal|p2a: Porygon2|85/100|[from] item: Leftovers
|upkeep
|turn|26
|inactive|LilBigBamSam has 90 seconds left.
|
|t:|1728475871
|move|p1a: Metagross|Meteor Mash|p2a: Porygon2
|-damage|p2a: Porygon2|41/100
|move|p2a: Porygon2|Thunder Wave|p1a: Metagross
|-status|p1a: Metagross|par
|
|-weather|Sandstorm|[upkeep]
|-damage|p2a: Porygon2|35/100|[from] Sandstorm
|-heal|p2a: Porygon2|41/100|[from] item: Leftovers
|-heal|p1a: Metagross|49/100 par|[from] item: Leftovers
|upkeep
|turn|27
|inactive|triangles has 270 seconds left.
|
|t:|1728475881
|move|p2a: Porygon2|Recover|p2a: Porygon2
|-heal|p2a: Porygon2|91/100
|cant|p1a: Metagross|par
|
|-weather|Sandstorm|[upkeep]
|-damage|p2a: Porygon2|85/100|[from] Sandstorm
|-heal|p2a: Porygon2|91/100|[from] item: Leftovers
|-heal|p1a: Metagross|55/100 par|[from] item: Leftovers
|upkeep
|turn|28
|
|t:|1728475891
|move|p2a: Porygon2|Thunderbolt|p1a: Metagross
|-damage|p1a: Metagross|31/100 par
|move|p1a: Metagross|Meteor Mash|p2a: Porygon2
|-damage|p2a: Porygon2|48/100
|
|-weather|Sandstorm|[upkeep]
|-damage|p2a: Porygon2|42/100|[from] Sandstorm
|-heal|p2a: Porygon2|48/100|[from] item: Leftovers
|-heal|p1a: Metagross|38/100 par|[from] item: Leftovers
|upkeep
|turn|29
|inactive|LilBigBamSam has 90 seconds left.
|
|t:|1728475900
|move|p2a: Porygon2|Recover|p2a: Porygon2
|-heal|p2a: Porygon2|98/100
|move|p1a: Metagross|Meteor Mash|p2a: Porygon2|[miss]
|-miss|p1a: Metagross|p2a: Porygon2
|
|-weather|Sandstorm|[upkeep]
|-damage|p2a: Porygon2|92/100|[from] Sandstorm
|-heal|p2a: Porygon2|98/100|[from] item: Leftovers
|-heal|p1a: Metagross|44/100 par|[from] item: Leftovers
|upkeep
|turn|30
|
|t:|1728475910
|switch|p1a: Zapdos|Zapdos|82/100
|move|p2a: Porygon2|Thunderbolt|p1a: Zapdos
|-damage|p1a: Zapdos|65/100
|
|-weather|Sandstorm|[upkeep]
|-damage|p1a: Zapdos|59/100|[from] Sandstorm
|-damage|p2a: Porygon2|92/100|[from] Sandstorm
|-heal|p1a: Zapdos|65/100|[from] item: Leftovers
|-heal|p2a: Porygon2|98/100|[from] item: Leftovers
|upkeep
|turn|31
|inactive|LilBigBamSam has 90 seconds left.
|
|t:|1728475933
|move|p1a: Zapdos|Thunder Wave|p2a: Porygon2
|-status|p2a: Porygon2|par
|move|p2a: Porygon2|Thunder Wave|p1a: Zapdos
|-status|p1a: Zapdos|par
|
|-weather|Sandstorm|[upkeep]
|-damage|p1a: Zapdos|59/100 par|[from] Sandstorm
|-damage|p2a: Porygon2|92/100 par|[from] Sandstorm
|-heal|p1a: Zapdos|65/100 par|[from] item: Leftovers
|-heal|p2a: Porygon2|98/100 par|[from] item: Leftovers
|upkeep
|turn|32
|inactive|LilBigBamSam has 90 seconds left.
|
|t:|1728475945
|cant|p1a: Zapdos|par
|cant|p2a: Porygon2|par
|
|-weather|Sandstorm|[upkeep]
|-damage|p1a: Zapdos|59/100 par|[from] Sandstorm
|-damage|p2a: Porygon2|92/100 par|[from] Sandstorm
|-heal|p1a: Zapdos|65/100 par|[from] item: Leftovers
|-heal|p2a: Porygon2|98/100 par|[from] item: Leftovers
|upkeep
|turn|33
|inactive|LilBigBamSam has 90 seconds left.
|
|t:|1728475954
|switch|p2a: Primal Groudon|Camerupt, M|37/100
|-damage|p2a: Primal Groudon|25/100|[from] Spikes
|move|p1a: Zapdos|Baton Pass|p1a: Zapdos
|
|t:|1728475959
|switch|p1a: Aerodactyl|Aerodactyl, F, shiny|50/100|[from] Baton Pass
|
|-weather|Sandstorm|[upkeep]
|-heal|p2a: Primal Groudon|31/100|[from] item: Leftovers
|upkeep
|turn|34
|
|t:|1728475966
|move|p1a: Aerodactyl|Earthquake|p2a: Primal Groudon
|-supereffective|p2a: Primal Groudon
|-damage|p2a: Primal Groudon|0 fnt
|faint|p2a: Primal Groudon
|
|t:|1728475978
|switch|p2a: Porygon2|Porygon2|98/100 par
|-damage|p2a: Porygon2|86/100 par|[from] Spikes
|-ability|p2a: Porygon2|Rock Head|[from] ability: Trace|[of] p1a: Aerodactyl
|
|-weather|Sandstorm|[upkeep]
|-damage|p2a: Porygon2|80/100 par|[from] Sandstorm
|-heal|p2a: Porygon2|86/100 par|[from] item: Leftovers
|upkeep
|turn|35
|
|t:|1728475986
|switch|p1a: Metagross|Metagross, shiny|44/100 par
|move|p2a: Porygon2|Ice Beam|p1a: Metagross
|-resisted|p1a: Metagross
|-damage|p1a: Metagross|32/100 par
|
|-weather|Sandstorm|[upkeep]
|-damage|p2a: Porygon2|80/100 par|[from] Sandstorm
|-heal|p1a: Metagross|38/100 par|[from] item: Leftovers
|-heal|p2a: Porygon2|86/100 par|[from] item: Leftovers
|upkeep
|turn|36
|
|t:|1728475997
|move|p1a: Metagross|Meteor Mash|p2a: Porygon2
|-damage|p2a: Porygon2|42/100 par
|move|p2a: Porygon2|Thunderbolt|p1a: Metagross
|-damage|p1a: Metagross|15/100 par
|
|-weather|Sandstorm|[upkeep]
|-damage|p2a: Porygon2|36/100 par|[from] Sandstorm
|-heal|p1a: Metagross|21/100 par|[from] item: Leftovers
|-heal|p2a: Porygon2|42/100 par|[from] item: Leftovers
|upkeep
|turn|37
|
|t:|1728476006
|move|p1a: Metagross|Meteor Mash|p2a: Porygon2
|-damage|p2a: Porygon2|0 fnt
|faint|p2a: Porygon2
|
|t:|1728476009
|switch|p2a: Tyranitar|Tyranitar, F|67/100
|-damage|p2a: Tyranitar|55/100|[from] Spikes
|
|-weather|Sandstorm|[upkeep]
|-heal|p2a: Tyranitar|61/100|[from] item: Leftovers
|-heal|p1a: Metagross|27/100 par|[from] item: Leftovers
|upkeep
|turn|38
|
|t:|1728476030
|move|p2a: Tyranitar|Rock Slide|p1a: Metagross
|-resisted|p1a: Metagross
|-damage|p1a: Metagross|10/100 par
|cant|p1a: Metagross|par
|
|-weather|Sandstorm|[upkeep]
|-heal|p2a: Tyranitar|67/100|[from] item: Leftovers
|-heal|p1a: Metagross|16/100 par|[from] item: Leftovers
|upkeep
|turn|39
|
|t:|1728476038
|move|p2a: Tyranitar|Earthquake|p1a: Metagross
|-supereffective|p1a: Metagross
|-damage|p1a: Metagross|0 fnt
|faint|p1a: Metagross
|
|t:|1728476040
|switch|p1a: Gengar|Gengar, M, shiny|100/100
|
|-weather|Sandstorm|[upkeep]
|-damage|p1a: Gengar|94/100|[from] Sandstorm
|-heal|p1a: Gengar|100/100|[from] item: Leftovers
|-heal|p2a: Tyranitar|73/100|[from] item: Leftovers
|upkeep
|turn|40
|
|t:|1728476050
|move|p1a: Gengar|Will-O-Wisp|p2a: Tyranitar
|-status|p2a: Tyranitar|brn
|move|p2a: Tyranitar|Rock Slide|p1a: Gengar
|-damage|p1a: Gengar|65/100
|
|-weather|Sandstorm|[upkeep]
|-damage|p1a: Gengar|59/100|[from] Sandstorm
|-heal|p1a: Gengar|65/100|[from] item: Leftovers
|-heal|p2a: Tyranitar|79/100 brn|[from] item: Leftovers
|-damage|p2a: Tyranitar|67/100 brn|[from] brn
|upkeep
|turn|41
|
|t:|1728476065
|move|p1a: Gengar|Explosion|p2a: Tyranitar
|-resisted|p2a: Tyranitar
|-damage|p2a: Tyranitar|38/100 brn
|faint|p1a: Gengar
|
|t:|1728476068
|switch|p1a: Aerodactyl|Aerodactyl, F, shiny|50/100
|
|-weather|Sandstorm|[upkeep]
|-heal|p2a: Tyranitar|44/100 brn|[from] item: Leftovers
|-damage|p2a: Tyranitar|32/100 brn|[from] brn
|upkeep
|turn|42
|
|t:|1728476075
|move|p1a: Aerodactyl|Substitute|p1a: Aerodactyl
|-start|p1a: Aerodactyl|Substitute
|-damage|p1a: Aerodactyl|25/100
|move|p2a: Tyranitar|Rock Slide|p1a: Aerodactyl
|-supereffective|p1a: Aerodactyl
|-end|p1a: Aerodactyl|Substitute
|
|-weather|Sandstorm|[upkeep]
|-enditem|p1a: Aerodactyl|Liechi Berry|[eat]
|-boost|p1a: Aerodactyl|atk|1|[from] item: Liechi Berry
|-heal|p2a: Tyranitar|38/100 brn|[from] item: Leftovers
|-damage|p2a: Tyranitar|26/100 brn|[from] brn
|upkeep
|turn|43
|c|☆triangles|gg
|
|t:|1728476086
|move|p1a: Aerodactyl|Earthquake|p2a: Tyranitar
|-supereffective|p2a: Tyranitar
|-damage|p2a: Tyranitar|0 fnt
|faint|p2a: Tyranitar
|
|win|triangles
|c|☆LilBigBamSam|gg
|player|p1|

</script>
<script type="application/json" class="data" id="replaydata-smogtours-gen3ou-796604">
{"id":"smogtours-gen3ou-796604","format":"[Gen 3] OU","players":["triangles","LilBigBamSam"],"uploadtime":1728476086,"views":114,"formatid":"gen3ou","rating":null,"private":0,"password":null}
</script>

<script defer src="js/replays.js?9d40a366"></script>
