<!DOCTYPE html>
<meta charset="utf-8" />
<meta name="viewport" content="width=device-width" />

<title>[Gen 3] OU: aldrich_unfaithful vs. drogasas - Replays - Pok&eacute;mon Showdown!</title>

<meta name="description" content="Watch a replay of a Pok&eacute;mon battle between aldrich_unfaithful and drogasas! Format: [Gen 3] OU; Date: Oct 9, 2024" />
<!--

Hey, you! Looking in the source for the replay log?

You can find them in JSON format, just add `.json` at the end of a replay URL.

https://replay.pokemonshowdown.com/gen7randomdoublesbattle-865046831.json

Or, if you only need the log itself, add `.log` instead:

https://replay.pokemonshowdown.com/gen7randomdoublesbattle-865046831.log

-->

<link rel="stylesheet" href="//pokemonshowdown.com/style/global.css?0.023195364461161105" />
<link rel="stylesheet" href="//play.pokemonshowdown.com/style/font-awesome.css?0.13261647063804238" />
<link rel="stylesheet" href="//play.pokemonshowdown.com/style/battle.css?0.8753245789963631" />
<link rel="stylesheet" href="//play.pokemonshowdown.com/style/utilichart.css?0.8627959624976733" />

<!-- Global site tag (gtag.js) - Google Analytics -->
<script async src="https://www.googletagmanager.com/gtag/js?id=UA-26211653-1"></script>
<script>
  window.dataLayer = window.dataLayer || [];
  function gtag(){dataLayer.push(arguments);}
  gtag('js', new Date());

  gtag('config', 'UA-26211653-1');
</script>
<!-- End Google Analytics -->
<!-- Venatus Ad Manager - Install in <HEAD> of page -->
	<script src="https://hb.vntsm.com/v3/live/ad-manager.min.js" type="text/javascript" data-site-id="642aba63ec9a7b11c3c9c1be" data-mode="scan" async></script>
<!-- / Venatus Ad Manager -->

<style>
	@media (max-width:820px) {
		.battle {
			margin: 0 auto;
		}
		.battle-log {
			margin: 7px auto 0;
			max-width: 640px;
			height: 300px;
			position: static;
		}
	}
	.optgroup {
		display: inline-block;
		line-height: 22px;
		font-size: 10pt;
	}
	.optgroup .button {
		height: 25px;
		padding-top: 0;
		padding-bottom: 0;
	}
	.optgroup button.button {
		padding-left: 12px;
		padding-right: 12px;
	}
	.linklist {
		list-style: none;
		margin: 0.5em 0;
		padding: 0;
	}
	.linklist li {
		padding: 2px 0;
	}
	.sidebar {
		float: left;
		width: 320px;
	}
	.bar-wrapper {
		max-width: 1100px;
		margin: 0 auto;
	}
	.bar-wrapper.has-sidebar {
		max-width: 1430px;
	}
	.mainbar {
		margin: 0;
		padding-right: 1px;
	}
	.mainbar.has-sidebar {
		margin-left: 330px;
	}
	@media (min-width: 1511px) {
		.sidebar {
			width: 400px;
		}
		.bar-wrapper.has-sidebar {
			max-width: 1510px;
		}
		.mainbar.has-sidebar {
			margin-left: 410px;
		}
	}
	.section.first-section {
		margin-top: 9px;
	}
	.blocklink small {
		white-space: normal;
	}
	.button {
		vertical-align: middle;
	}
	.replay-controls {
		padding-top: 10px;
	}
	.replay-controls h1 {
		font-size: 16pt;
		font-weight: normal;
		color: #CCC;
	}
	.pagelink {
		text-align: center;
	}
	.pagelink a {
		width: 150px;
	}
	.textbox, .button {
		font-size: 11pt;
		vertical-align: middle;
	}
	@media (max-width: 450px) {
		.button {
			font-size: 9pt;
		}
	}
</style>

<div>

	<header>
		<div class="nav-wrapper"><ul class="nav">
			<li><a class="button nav-first" href="//pokemonshowdown.com/"><img src="//pokemonshowdown.com/images/pokemonshowdownbeta.png" srcset="//pokemonshowdown.com/images/pokemonshowdownbeta.png 1x, //pokemonshowdown.com/images/pokemonshowdownbeta@2x.png 2x" alt="Pok&eacute;mon Showdown" width="146" height="44" /> Home</a></li>
			<li><a class="button" href="//pokemonshowdown.com/dex/">Pok&eacute;dex</a></li>
			<li><a class="button cur" href="/">Replays</a></li>
			<li><a class="button" href="//pokemonshowdown.com/ladder/">Ladder</a></li>
			<li><a class="button nav-last" href="//pokemonshowdown.com/forums/">Forum</a></li>
			<li><a class="button greenbutton nav-first nav-last" href="//play.pokemonshowdown.com/">Play</a></li>
		</ul></div>
	</header>

	<div class="main" id="main">

		<noscript><section class="section">You need to enable JavaScript to use this page; sorry!</section></noscript>

	</div>

</div>

<script defer nomodule src="//play.pokemonshowdown.com/js/lib/ps-polyfill.js"></script>
<script defer src="//play.pokemonshowdown.com/js/lib/preact.min.js"></script>

<script defer src="//play.pokemonshowdown.com/config/config.js?2bddbc15"></script>
<script defer src="//play.pokemonshowdown.com/js/lib/jquery-1.11.0.min.js"></script>
<script defer src="//play.pokemonshowdown.com/js/lib/html-sanitizer-minified.js"></script>
<script defer src="//play.pokemonshowdown.com/js/battle-sound.js"></script>
<script defer src="//play.pokemonshowdown.com/js/battledata.js?0.7209276989879541"></script>
<script defer src="//play.pokemonshowdown.com/data/pokedex-mini.js?0.6111056340867951"></script>
<script defer src="//play.pokemonshowdown.com/data/pokedex-mini-bw.js?0.3532142036491459"></script>
<script defer src="//play.pokemonshowdown.com/data/graphics.js?0.24223875632456182"></script>
<script defer src="//play.pokemonshowdown.com/data/pokedex.js?0.38839984266356864"></script>
<script defer src="//play.pokemonshowdown.com/data/moves.js?0.21866028504024015"></script>
<script defer src="//play.pokemonshowdown.com/data/abilities.js?0.2005157953846628"></script>
<script defer src="//play.pokemonshowdown.com/data/items.js?0.9894211263848525"></script>
<script defer src="//play.pokemonshowdown.com/data/teambuilder-tables.js?0.6008791140282215"></script>
<script defer src="//play.pokemonshowdown.com/js/battle-tooltips.js?0.7580118955022959"></script>
<script defer src="//play.pokemonshowdown.com/js/battle.js?0.6057722274234274"></script>

<script defer src="js/utils.js?e31f9a17"></script>
<script defer src="js/replays-battle.js?7008c182"></script>

<!-- don't scrape this data! just add .json or .log after the URL!
Full API docs: https://github.com/smogon/pokemon-showdown-client/blob/master/WEB-API.md -->
<script type="text/plain" class="log" id="replaylog-smogtours-gen3ou-796621">
|inactive|Battle timer is ON: inactive players will automatically lose when time's up.
|t:|1728483435
|gametype|singles
|player|p1|aldrich_unfaithful|veteranf|
|player|p2|drogasas|scientist-gen4|
|teamsize|p1|6
|teamsize|p2|6
|gen|3
|tier|[Gen 3] OU
|rule|Sleep Clause Mod: Limit one foe put to sleep
|rule|Switch Priority Clause Mod: Faster Pokémon switch first
|rule|Species Clause: Limit one of each Pokémon
|rule|OHKO Clause: OHKO moves are banned
|rule|Evasion Items Clause: Evasion items are banned
|rule|Evasion Moves Clause: Evasion moves are banned
|rule|Endless Battle Clause: Forcing endless battles is banned
|rule|HP Percentage Mod: HP is shown in percentages
|rule|One Boost Passer Clause: Limit one Baton Passer that has a way to boost its stats
|rule|Freeze Clause Mod: Limit one foe frozen
|
|t:|1728483435
|start
|switch|p1a: Metagross|Metagross|100/100
|switch|p2a: Metagross|Metagross|100/100
|turn|1
|c|☆drogasas|gl
|c|☆aldrich_unfaithful|glhf
|
|t:|1728483452
|switch|p2a: Gyarados|Gyarados, M|100/100
|-ability|p2a: Gyarados|Intimidate|boost
|-fail|p1a: Metagross|unboost|[from] ability: Clear Body|[of] p1a: Metagross
|switch|p1a: Dragonite|Dragonite, F|100/100
|
|upkeep
|turn|2
|
|t:|1728483464
|switch|p2a: Porygon2|Porygon2|100/100
|-ability|p2a: Porygon2|Inner Focus|[from] ability: Trace|[of] p1a: Dragonite
|move|p1a: Dragonite|Hidden Power|p2a: Porygon2
|-damage|p2a: Porygon2|79/100
|
|-heal|p2a: Porygon2|85/100|[from] item: Leftovers
|upkeep
|turn|3
|
|t:|1728483486
|switch|p1a: Zapdos|Zapdos|100/100
|move|p2a: Porygon2|Thunder Wave|p1a: Zapdos
|-status|p1a: Zapdos|par
|
|-heal|p2a: Porygon2|91/100|[from] item: Leftovers
|upkeep
|turn|4
|
|t:|1728483491
|move|p2a: Porygon2|Ice Beam|p1a: Zapdos
|-supereffective|p1a: Zapdos
|-crit|p1a: Zapdos
|-damage|p1a: Zapdos|38/100 par
|move|p1a: Zapdos|Toxic|p2a: Porygon2
|-status|p2a: Porygon2|tox
|
|-heal|p2a: Porygon2|97/100 tox|[from] item: Leftovers
|-damage|p2a: Porygon2|91/100 tox|[from] psn
|-heal|p1a: Zapdos|44/100 par|[from] item: Leftovers
|upkeep
|turn|5
|
|t:|1728483500
|switch|p2a: Celebi|Celebi|100/100
|cant|p1a: Zapdos|par
|
|-heal|p1a: Zapdos|50/100 par|[from] item: Leftovers
|upkeep
|turn|6
|
|t:|1728483504
|move|p2a: Celebi|Calm Mind|p2a: Celebi
|-boost|p2a: Celebi|spa|1
|-boost|p2a: Celebi|spd|1
|move|p1a: Zapdos|Rest|p1a: Zapdos
|-status|p1a: Zapdos|slp|[from] move: Rest
|-heal|p1a: Zapdos|100/100 slp|[silent]
|
|upkeep
|turn|7
|
|t:|1728483509
|switch|p1a: Blissey|Blissey, F|100/100
|move|p2a: Celebi|Calm Mind|p2a: Celebi
|-boost|p2a: Celebi|spa|1
|-boost|p2a: Celebi|spd|1
|
|upkeep
|turn|8
|
|t:|1728483512
|move|p2a: Celebi|Psychic|p1a: Blissey
|-damage|p1a: Blissey|67/100
|move|p1a: Blissey|Calm Mind|p1a: Blissey
|-boost|p1a: Blissey|spa|1
|-boost|p1a: Blissey|spd|1
|
|-heal|p1a: Blissey|73/100|[from] item: Leftovers
|upkeep
|turn|9
|
|t:|1728483519
|switch|p2a: Metagross|Metagross|100/100
|move|p1a: Blissey|Flamethrower|p2a: Metagross
|-supereffective|p2a: Metagross
|-damage|p2a: Metagross|13/100
|
|-heal|p1a: Blissey|79/100|[from] item: Leftovers
|upkeep
|turn|10
|
|t:|1728483529
|switch|p1a: Metagross|Metagross|100/100
|move|p2a: Metagross|Meteor Mash|p1a: Metagross|[miss]
|-miss|p2a: Metagross|p1a: Metagross
|
|upkeep
|turn|11
|
|t:|1728483535
|switch|p2a: Gyarados|Gyarados, M|100/100
|-ability|p2a: Gyarados|Intimidate|boost
|-fail|p1a: Metagross|unboost|[from] ability: Clear Body|[of] p1a: Metagross
|move|p1a: Metagross|Meteor Mash|p2a: Gyarados
|-resisted|p2a: Gyarados
|-damage|p2a: Gyarados|67/100
|
|-heal|p2a: Gyarados|73/100|[from] item: Leftovers
|upkeep
|turn|12
|
|t:|1728483547
|switch|p1a: Claydol|Claydol|100/100
|move|p2a: Gyarados|Hidden Power|p1a: Claydol
|-crit|p1a: Claydol
|-damage|p1a: Claydol|22/100
|
|-heal|p2a: Gyarados|79/100|[from] item: Leftovers
|-heal|p1a: Claydol|28/100|[from] item: Leftovers
|upkeep
|turn|13
|
|t:|1728483562
|move|p2a: Gyarados|Double-Edge|p1a: Claydol
|-damage|p1a: Claydol|0 fnt
|-damage|p2a: Gyarados|70/100|[from] Recoil|[of] p1a: Claydol
|faint|p1a: Claydol
|c|☆drogasas|mb for the crits
|
|t:|1728483575
|switch|p1a: Dragonite|Dragonite, F|100/100
|
|-heal|p2a: Gyarados|76/100|[from] item: Leftovers
|upkeep
|turn|14
|
|t:|1728483585
|switch|p2a: Porygon2|Porygon2|91/100 tox
|-ability|p2a: Porygon2|Inner Focus|[from] ability: Trace|[of] p1a: Dragonite
|move|p1a: Dragonite|Hidden Power|p2a: Porygon2
|-damage|p2a: Porygon2|69/100 tox
|
|-heal|p2a: Porygon2|75/100 tox|[from] item: Leftovers
|-damage|p2a: Porygon2|69/100 tox|[from] psn
|upkeep
|turn|15
|
|t:|1728483590
|switch|p1a: Blissey|Blissey, F|79/100
|switch|p2a: Metagross|Metagross|13/100
|
|-heal|p1a: Blissey|85/100|[from] item: Leftovers
|upkeep
|turn|16
|
|t:|1728483600
|switch|p1a: Metagross|Metagross|100/100
|move|p2a: Metagross|Earthquake|p1a: Metagross
|-supereffective|p1a: Metagross
|-damage|p1a: Metagross|48/100
|
|-heal|p1a: Metagross|54/100|[from] item: Leftovers
|upkeep
|turn|17
|
|t:|1728483607
|switch|p2a: Gyarados|Gyarados, M|76/100
|-ability|p2a: Gyarados|Intimidate|boost
|-fail|p1a: Metagross|unboost|[from] ability: Clear Body|[of] p1a: Metagross
|switch|p1a: Zapdos|Zapdos|100/100 slp
|
|-heal|p2a: Gyarados|82/100|[from] item: Leftovers
|upkeep
|turn|18
|
|t:|1728483615
|switch|p2a: Camerupt|Camerupt, F|100/100
|switch|p1a: Swampert|Swampert, F|100/100
|
|upkeep
|turn|19
|
|t:|1728483621
|switch|p2a: Celebi|Celebi|100/100
|move|p1a: Swampert|Surf|p2a: Celebi
|-resisted|p2a: Celebi
|-damage|p2a: Celebi|87/100
|
|-heal|p2a: Celebi|93/100|[from] item: Leftovers
|upkeep
|turn|20
|
|t:|1728483633
|switch|p2a: Metagross|Metagross|13/100
|move|p1a: Swampert|Roar|p2a: Metagross
|drag|p2a: Gyarados|Gyarados, M|82/100
|-ability|p2a: Gyarados|Intimidate|boost
|-unboost|p1a: Swampert|atk|1
|
|-heal|p2a: Gyarados|88/100|[from] item: Leftovers
|upkeep
|turn|21
|
|t:|1728483646
|switch|p2a: Celebi|Celebi|93/100
|move|p1a: Swampert|Roar|p2a: Celebi
|drag|p2a: Gyarados|Gyarados, M|88/100
|-ability|p2a: Gyarados|Intimidate|boost
|-unboost|p1a: Swampert|atk|1
|
|-heal|p2a: Gyarados|94/100|[from] item: Leftovers
|upkeep
|turn|22
|
|t:|1728483654
|move|p2a: Gyarados|Hidden Power|p1a: Swampert
|-damage|p1a: Swampert|72/100
|move|p1a: Swampert|Surf|p2a: Gyarados
|-resisted|p2a: Gyarados
|-damage|p2a: Gyarados|81/100
|
|-heal|p2a: Gyarados|87/100|[from] item: Leftovers
|-heal|p1a: Swampert|78/100|[from] item: Leftovers
|upkeep
|turn|23
|
|t:|1728483663
|switch|p2a: Celebi|Celebi|93/100
|switch|p1a: Dragonite|Dragonite, F|100/100
|
|-heal|p2a: Celebi|99/100|[from] item: Leftovers
|upkeep
|turn|24
|
|t:|1728483669
|move|p2a: Celebi|Psychic|p1a: Dragonite
|-damage|p1a: Dragonite|68/100
|move|p1a: Dragonite|Hidden Power|p2a: Celebi
|-supereffective|p2a: Celebi
|-damage|p2a: Celebi|36/100
|
|-heal|p2a: Celebi|42/100|[from] item: Leftovers
|-heal|p1a: Dragonite|75/100|[from] item: Leftovers
|upkeep
|turn|25
|
|t:|1728483679
|switch|p2a: Gyarados|Gyarados, M|87/100
|-ability|p2a: Gyarados|Intimidate|boost
|-unboost|p1a: Dragonite|atk|1
|move|p1a: Dragonite|Hidden Power|p2a: Gyarados
|-damage|p2a: Gyarados|61/100
|
|-heal|p2a: Gyarados|67/100|[from] item: Leftovers
|-heal|p1a: Dragonite|81/100|[from] item: Leftovers
|upkeep
|turn|26
|
|t:|1728483686
|move|p2a: Gyarados|Dragon Dance|p2a: Gyarados
|-boost|p2a: Gyarados|atk|1
|-boost|p2a: Gyarados|spe|1
|move|p1a: Dragonite|Hidden Power|p2a: Gyarados
|-damage|p2a: Gyarados|42/100
|
|-heal|p2a: Gyarados|48/100|[from] item: Leftovers
|-heal|p1a: Dragonite|87/100|[from] item: Leftovers
|upkeep
|turn|27
|inactive|aldrich_unfaithful has 270 seconds left.
|inactive|aldrich_unfaithful has 240 seconds left.
|
|t:|1728483752
|move|p2a: Gyarados|Hidden Power|p1a: Dragonite
|-crit|p1a: Dragonite
|-damage|p1a: Dragonite|16/100
|move|p1a: Dragonite|Hidden Power|p2a: Gyarados
|-damage|p2a: Gyarados|24/100
|
|-heal|p2a: Gyarados|30/100|[from] item: Leftovers
|-heal|p1a: Dragonite|22/100|[from] item: Leftovers
|upkeep
|turn|28
|inactive|aldrich_unfaithful has 240 seconds left.
|
|t:|1728483762
|move|p2a: Gyarados|Hidden Power|p1a: Dragonite
|-crit|p1a: Dragonite
|-damage|p1a: Dragonite|0 fnt
|faint|p1a: Dragonite
|
|t:|1728483772
|switch|p1a: Blissey|Blissey, F|85/100
|
|-heal|p2a: Gyarados|37/100|[from] item: Leftovers
|-heal|p1a: Blissey|91/100|[from] item: Leftovers
|upkeep
|turn|29
|
|t:|1728483776
|move|p2a: Gyarados|Double-Edge|p1a: Blissey
|-damage|p1a: Blissey|26/100
|-damage|p2a: Gyarados|0 fnt|[from] Recoil|[of] p1a: Blissey
|faint|p2a: Gyarados
|
|t:|1728483784
|switch|p2a: Metagross|Metagross|13/100
|
|-heal|p1a: Blissey|32/100|[from] item: Leftovers
|upkeep
|turn|30
|
|t:|1728483797
|switch|p1a: Zapdos|Zapdos|100/100 slp
|move|p2a: Metagross|Earthquake|p1a: Zapdos
|-immune|p1a: Zapdos
|
|upkeep
|turn|31
|
|t:|1728483809
|switch|p1a: Metagross|Metagross|54/100
|switch|p2a: Camerupt|Camerupt, F|100/100
|
|-heal|p1a: Metagross|60/100|[from] item: Leftovers
|upkeep
|turn|32
|
|t:|1728483821
|switch|p1a: Swampert|Swampert, F|78/100
|switch|p2a: Celebi|Celebi|42/100
|
|-heal|p2a: Celebi|48/100|[from] item: Leftovers
|-heal|p1a: Swampert|85/100|[from] item: Leftovers
|upkeep
|turn|33
|
|t:|1728483830
|switch|p1a: Blissey|Blissey, F|32/100
|move|p2a: Celebi|Calm Mind|p2a: Celebi
|-boost|p2a: Celebi|spa|1
|-boost|p2a: Celebi|spd|1
|
|-heal|p2a: Celebi|54/100|[from] item: Leftovers
|-heal|p1a: Blissey|39/100|[from] item: Leftovers
|upkeep
|turn|34
|inactive|aldrich_unfaithful has 240 seconds left.
|
|t:|1728483869
|move|p2a: Celebi|Psychic|p1a: Blissey
|-damage|p1a: Blissey|15/100
|move|p1a: Blissey|Soft-Boiled|p1a: Blissey
|-heal|p1a: Blissey|65/100
|
|-heal|p2a: Celebi|60/100|[from] item: Leftovers
|-heal|p1a: Blissey|71/100|[from] item: Leftovers
|upkeep
|turn|35
|inactive|aldrich_unfaithful has 240 seconds left.
|inactive|aldrich_unfaithful has 210 seconds left.
|
|t:|1728483916
|switch|p2a: Metagross|Metagross|13/100
|move|p1a: Blissey|Flamethrower|p2a: Metagross
|-supereffective|p2a: Metagross
|-damage|p2a: Metagross|0 fnt
|faint|p2a: Metagross
|
|t:|1728483921
|switch|p2a: Camerupt|Camerupt, F|100/100
|
|-heal|p1a: Blissey|77/100|[from] item: Leftovers
|upkeep
|turn|36
|
|t:|1728483926
|switch|p1a: Swampert|Swampert, F|85/100
|move|p2a: Camerupt|Toxic|p1a: Swampert
|-status|p1a: Swampert|tox
|
|-heal|p1a: Swampert|91/100 tox|[from] item: Leftovers
|-damage|p1a: Swampert|85/100 tox|[from] psn
|upkeep
|turn|37
|
|t:|1728483944
|switch|p2a: Celebi|Celebi|60/100
|move|p1a: Swampert|Rest|p1a: Swampert
|-status|p1a: Swampert|slp|[from] move: Rest
|-heal|p1a: Swampert|100/100 slp|[silent]
|
|-heal|p2a: Celebi|66/100|[from] item: Leftovers
|upkeep
|turn|38
|
|t:|1728483951
|switch|p2a: Camerupt|Camerupt, F|100/100
|switch|p1a: Blissey|Blissey, F|77/100
|
|-heal|p1a: Blissey|83/100|[from] item: Leftovers
|upkeep
|turn|39
|
|t:|1728483964
|switch|p1a: Zapdos|Zapdos|100/100 slp
|move|p2a: Camerupt|Earthquake|p1a: Zapdos
|-immune|p1a: Zapdos
|
|upkeep
|turn|40
|
|t:|1728483969
|cant|p1a: Zapdos|slp
|move|p2a: Camerupt|Fire Blast|p1a: Zapdos
|-damage|p1a: Zapdos|68/100 slp
|
|-heal|p1a: Zapdos|74/100 slp|[from] item: Leftovers
|upkeep
|turn|41
|
|t:|1728483974
|cant|p1a: Zapdos|slp
|move|p2a: Camerupt|Fire Blast|p1a: Zapdos
|-damage|p1a: Zapdos|37/100 slp
|
|-heal|p1a: Zapdos|44/100 slp|[from] item: Leftovers
|upkeep
|turn|42
|
|t:|1728483980
|switch|p2a: Celebi|Celebi|66/100
|-curestatus|p1a: Zapdos|slp|[msg]
|move|p1a: Zapdos|Toxic|p2a: Celebi
|-status|p2a: Celebi|tox
|
|-heal|p2a: Celebi|72/100 tox|[from] item: Leftovers
|-damage|p2a: Celebi|66/100 tox|[from] psn
|-heal|p1a: Zapdos|50/100|[from] item: Leftovers
|upkeep
|turn|43
|
|t:|1728483993
|-curestatus|p2a: Celebi|tox|[from] ability: Natural Cure
|switch|p2a: Magneton|Magneton|100/100
|move|p1a: Zapdos|Rest|p1a: Zapdos
|-status|p1a: Zapdos|slp|[from] move: Rest
|-heal|p1a: Zapdos|100/100 slp|[silent]
|
|upkeep
|turn|44
|
|t:|1728484000
|switch|p1a: Blissey|Blissey, F|83/100
|move|p2a: Magneton|Thunderbolt|p1a: Blissey
|-damage|p1a: Blissey|62/100
|
|-heal|p1a: Blissey|68/100|[from] item: Leftovers
|upkeep
|turn|45
|inactive|aldrich_unfaithful has 270 seconds left.
|
|t:|1728484009
|move|p2a: Magneton|Toxic|p1a: Blissey|[miss]
|-miss|p2a: Magneton|p1a: Blissey
|move|p1a: Blissey|Flamethrower|p2a: Magneton
|-supereffective|p2a: Magneton
|-crit|p2a: Magneton
|-damage|p2a: Magneton|0 fnt
|faint|p2a: Magneton
|
|t:|1728484014
|switch|p2a: Camerupt|Camerupt, F|100/100
|
|-heal|p1a: Blissey|74/100|[from] item: Leftovers
|upkeep
|turn|46
|
|t:|1728484018
|switch|p1a: Zapdos|Zapdos|100/100 slp
|move|p2a: Camerupt|Earthquake|p1a: Zapdos
|-immune|p1a: Zapdos
|
|upkeep
|turn|47
|
|t:|1728484022
|cant|p1a: Zapdos|slp
|move|p2a: Camerupt|Fire Blast|p1a: Zapdos
|-damage|p1a: Zapdos|67/100 slp
|
|-heal|p1a: Zapdos|73/100 slp|[from] item: Leftovers
|upkeep
|turn|48
|
|t:|1728484029
|switch|p2a: Celebi|Celebi|66/100
|cant|p1a: Zapdos|slp
|
|-heal|p2a: Celebi|72/100|[from] item: Leftovers
|-heal|p1a: Zapdos|80/100 slp|[from] item: Leftovers
|upkeep
|turn|49
|
|t:|1728484037
|switch|p1a: Blissey|Blissey, F|74/100
|move|p2a: Celebi|Calm Mind|p2a: Celebi
|-boost|p2a: Celebi|spa|1
|-boost|p2a: Celebi|spd|1
|
|-heal|p2a: Celebi|79/100|[from] item: Leftovers
|-heal|p1a: Blissey|80/100|[from] item: Leftovers
|upkeep
|turn|50
|
|t:|1728484045
|move|p2a: Celebi|Calm Mind|p2a: Celebi
|-boost|p2a: Celebi|spa|1
|-boost|p2a: Celebi|spd|1
|move|p1a: Blissey|Calm Mind|p1a: Blissey
|-boost|p1a: Blissey|spa|1
|-boost|p1a: Blissey|spd|1
|
|-heal|p2a: Celebi|85/100|[from] item: Leftovers
|-heal|p1a: Blissey|86/100|[from] item: Leftovers
|upkeep
|turn|51
|
|t:|1728484049
|move|p2a: Celebi|Psychic|p1a: Blissey
|-damage|p1a: Blissey|65/100
|move|p1a: Blissey|Calm Mind|p1a: Blissey
|-boost|p1a: Blissey|spa|1
|-boost|p1a: Blissey|spd|1
|
|-heal|p2a: Celebi|91/100|[from] item: Leftovers
|-heal|p1a: Blissey|71/100|[from] item: Leftovers
|upkeep
|turn|52
|
|t:|1728484053
|move|p2a: Celebi|Psychic|p1a: Blissey
|-damage|p1a: Blissey|54/100
|move|p1a: Blissey|Calm Mind|p1a: Blissey
|-boost|p1a: Blissey|spa|1
|-boost|p1a: Blissey|spd|1
|
|-heal|p2a: Celebi|97/100|[from] item: Leftovers
|-heal|p1a: Blissey|60/100|[from] item: Leftovers
|upkeep
|turn|53
|
|t:|1728484057
|move|p2a: Celebi|Calm Mind|p2a: Celebi
|-boost|p2a: Celebi|spa|1
|-boost|p2a: Celebi|spd|1
|move|p1a: Blissey|Soft-Boiled|p1a: Blissey
|-heal|p1a: Blissey|100/100
|
|-heal|p2a: Celebi|100/100|[from] item: Leftovers
|upkeep
|turn|54
|
|t:|1728484061
|move|p2a: Celebi|Calm Mind|p2a: Celebi
|-boost|p2a: Celebi|spa|1
|-boost|p2a: Celebi|spd|1
|move|p1a: Blissey|Calm Mind|p1a: Blissey
|-boost|p1a: Blissey|spa|1
|-boost|p1a: Blissey|spd|1
|
|upkeep
|turn|55
|
|t:|1728484063
|move|p2a: Celebi|Calm Mind|p2a: Celebi
|-boost|p2a: Celebi|spa|1
|-boost|p2a: Celebi|spd|1
|move|p1a: Blissey|Toxic|p2a: Celebi
|-status|p2a: Celebi|tox
|
|-damage|p2a: Celebi|94/100 tox|[from] psn
|upkeep
|turn|56
|
|t:|1728484067
|move|p2a: Celebi|Psychic|p1a: Blissey
|-damage|p1a: Blissey|81/100
|move|p1a: Blissey|Calm Mind|p1a: Blissey
|-boost|p1a: Blissey|spa|1
|-boost|p1a: Blissey|spd|1
|
|-heal|p2a: Celebi|100/100 tox|[from] item: Leftovers
|-damage|p2a: Celebi|88/100 tox|[from] psn
|-heal|p1a: Blissey|87/100|[from] item: Leftovers
|upkeep
|turn|57
|
|t:|1728484074
|move|p2a: Celebi|Psychic|p1a: Blissey
|-damage|p1a: Blissey|72/100
|move|p1a: Blissey|Calm Mind|p1a: Blissey
|-boost|p1a: Blissey|spa|1
|-boost|p1a: Blissey|spd|1
|
|-heal|p2a: Celebi|94/100 tox|[from] item: Leftovers
|-damage|p2a: Celebi|76/100 tox|[from] psn
|-heal|p1a: Blissey|78/100|[from] item: Leftovers
|upkeep
|turn|58
|
|t:|1728484080
|move|p2a: Celebi|Psychic|p1a: Blissey
|-damage|p1a: Blissey|63/100
|move|p1a: Blissey|Soft-Boiled|p1a: Blissey
|-heal|p1a: Blissey|100/100
|
|-heal|p2a: Celebi|82/100 tox|[from] item: Leftovers
|-damage|p2a: Celebi|58/100 tox|[from] psn
|upkeep
|turn|59
|
|t:|1728484087
|move|p2a: Celebi|Giga Drain|p1a: Blissey
|-damage|p1a: Blissey|91/100
|-heal|p2a: Celebi|67/100 tox|[from] drain|[of] p1a: Blissey
|move|p1a: Blissey|Flamethrower|p2a: Celebi
|-supereffective|p2a: Celebi
|-damage|p2a: Celebi|14/100 tox
|
|-heal|p2a: Celebi|20/100 tox|[from] item: Leftovers
|-damage|p2a: Celebi|0 fnt|[from] psn
|faint|p2a: Celebi
|-heal|p1a: Blissey|97/100|[from] item: Leftovers
|upkeep
|c|☆drogasas|gg
|-message|drogasas forfeited.
|
|win|aldrich_unfaithful
|player|p2|
|c|☆aldrich_unfaithful|gg
|player|p2|drogasas|scientist-gen4|
|player|p1|

</script>
<script type="application/json" class="data" id="replaydata-smogtours-gen3ou-796621">
{"id":"smogtours-gen3ou-796621","format":"[Gen 3] OU","players":["aldrich_unfaithful","drogasas"],"uploadtime":1728484095,"views":92,"formatid":"gen3ou","rating":null,"private":0,"password":null}
</script>

<script defer src="js/replays.js?9d40a366"></script>
