<!DOCTYPE html>
<meta charset="utf-8" />
<meta name="viewport" content="width=device-width" />

<title>[Gen 3] OU: Hipimochi vs. yeamints - Replays - Pok&eacute;mon Showdown!</title>

<meta name="description" content="Watch a replay of a Pok&eacute;mon battle between Hipimochi and yeamints! Format: [Gen 3] OU; Date: Oct 3, 2024" />
<!--

Hey, you! Looking in the source for the replay log?

You can find them in JSON format, just add `.json` at the end of a replay URL.

https://replay.pokemonshowdown.com/gen7randomdoublesbattle-865046831.json

Or, if you only need the log itself, add `.log` instead:

https://replay.pokemonshowdown.com/gen7randomdoublesbattle-865046831.log

-->

<link rel="stylesheet" href="//pokemonshowdown.com/style/global.css?0.023195364461161105" />
<link rel="stylesheet" href="//play.pokemonshowdown.com/style/font-awesome.css?0.13261647063804238" />
<link rel="stylesheet" href="//play.pokemonshowdown.com/style/battle.css?0.8753245789963631" />
<link rel="stylesheet" href="//play.pokemonshowdown.com/style/utilichart.css?0.8627959624976733" />

<!-- Global site tag (gtag.js) - Google Analytics -->
<script async src="https://www.googletagmanager.com/gtag/js?id=UA-26211653-1"></script>
<script>
  window.dataLayer = window.dataLayer || [];
  function gtag(){dataLayer.push(arguments);}
  gtag('js', new Date());

  gtag('config', 'UA-26211653-1');
</script>
<!-- End Google Analytics -->
<!-- Venatus Ad Manager - Install in <HEAD> of page -->
	<script src="https://hb.vntsm.com/v3/live/ad-manager.min.js" type="text/javascript" data-site-id="642aba63ec9a7b11c3c9c1be" data-mode="scan" async></script>
<!-- / Venatus Ad Manager -->

<style>
	@media (max-width:820px) {
		.battle {
			margin: 0 auto;
		}
		.battle-log {
			margin: 7px auto 0;
			max-width: 640px;
			height: 300px;
			position: static;
		}
	}
	.optgroup {
		display: inline-block;
		line-height: 22px;
		font-size: 10pt;
	}
	.optgroup .button {
		height: 25px;
		padding-top: 0;
		padding-bottom: 0;
	}
	.optgroup button.button {
		padding-left: 12px;
		padding-right: 12px;
	}
	.linklist {
		list-style: none;
		margin: 0.5em 0;
		padding: 0;
	}
	.linklist li {
		padding: 2px 0;
	}
	.sidebar {
		float: left;
		width: 320px;
	}
	.bar-wrapper {
		max-width: 1100px;
		margin: 0 auto;
	}
	.bar-wrapper.has-sidebar {
		max-width: 1430px;
	}
	.mainbar {
		margin: 0;
		padding-right: 1px;
	}
	.mainbar.has-sidebar {
		margin-left: 330px;
	}
	@media (min-width: 1511px) {
		.sidebar {
			width: 400px;
		}
		.bar-wrapper.has-sidebar {
			max-width: 1510px;
		}
		.mainbar.has-sidebar {
			margin-left: 410px;
		}
	}
	.section.first-section {
		margin-top: 9px;
	}
	.blocklink small {
		white-space: normal;
	}
	.button {
		vertical-align: middle;
	}
	.replay-controls {
		padding-top: 10px;
	}
	.replay-controls h1 {
		font-size: 16pt;
		font-weight: normal;
		color: #CCC;
	}
	.pagelink {
		text-align: center;
	}
	.pagelink a {
		width: 150px;
	}
	.textbox, .button {
		font-size: 11pt;
		vertical-align: middle;
	}
	@media (max-width: 450px) {
		.button {
			font-size: 9pt;
		}
	}
</style>

<div>

	<header>
		<div class="nav-wrapper"><ul class="nav">
			<li><a class="button nav-first" href="//pokemonshowdown.com/"><img src="//pokemonshowdown.com/images/pokemonshowdownbeta.png" srcset="//pokemonshowdown.com/images/pokemonshowdownbeta.png 1x, //pokemonshowdown.com/images/pokemonshowdownbeta@2x.png 2x" alt="Pok&eacute;mon Showdown" width="146" height="44" /> Home</a></li>
			<li><a class="button" href="//pokemonshowdown.com/dex/">Pok&eacute;dex</a></li>
			<li><a class="button cur" href="/">Replays</a></li>
			<li><a class="button" href="//pokemonshowdown.com/ladder/">Ladder</a></li>
			<li><a class="button nav-last" href="//pokemonshowdown.com/forums/">Forum</a></li>
			<li><a class="button greenbutton nav-first nav-last" href="//play.pokemonshowdown.com/">Play</a></li>
		</ul></div>
	</header>

	<div class="main" id="main">

		<noscript><section class="section">You need to enable JavaScript to use this page; sorry!</section></noscript>

	</div>

</div>

<script defer nomodule src="//play.pokemonshowdown.com/js/lib/ps-polyfill.js"></script>
<script defer src="//play.pokemonshowdown.com/js/lib/preact.min.js"></script>

<script defer src="//play.pokemonshowdown.com/config/config.js?2bddbc15"></script>
<script defer src="//play.pokemonshowdown.com/js/lib/jquery-1.11.0.min.js"></script>
<script defer src="//play.pokemonshowdown.com/js/lib/html-sanitizer-minified.js"></script>
<script defer src="//play.pokemonshowdown.com/js/battle-sound.js"></script>
<script defer src="//play.pokemonshowdown.com/js/battledata.js?0.7209276989879541"></script>
<script defer src="//play.pokemonshowdown.com/data/pokedex-mini.js?0.6111056340867951"></script>
<script defer src="//play.pokemonshowdown.com/data/pokedex-mini-bw.js?0.3532142036491459"></script>
<script defer src="//play.pokemonshowdown.com/data/graphics.js?0.24223875632456182"></script>
<script defer src="//play.pokemonshowdown.com/data/pokedex.js?0.38839984266356864"></script>
<script defer src="//play.pokemonshowdown.com/data/moves.js?0.21866028504024015"></script>
<script defer src="//play.pokemonshowdown.com/data/abilities.js?0.2005157953846628"></script>
<script defer src="//play.pokemonshowdown.com/data/items.js?0.9894211263848525"></script>
<script defer src="//play.pokemonshowdown.com/data/teambuilder-tables.js?0.6008791140282215"></script>
<script defer src="//play.pokemonshowdown.com/js/battle-tooltips.js?0.7580118955022959"></script>
<script defer src="//play.pokemonshowdown.com/js/battle.js?0.6057722274234274"></script>

<script defer src="js/utils.js?e31f9a17"></script>
<script defer src="js/replays-battle.js?7008c182"></script>

<!-- don't scrape this data! just add .json or .log after the URL!
Full API docs: https://github.com/smogon/pokemon-showdown-client/blob/master/WEB-API.md -->
<script type="text/plain" class="log" id="replaylog-smogtours-gen3ou-794282">
|inactive|Battle timer is ON: inactive players will automatically lose when time's up.
|t:|1727978509
|gametype|singles
|player|p1|Hipimochi|iris-gen5bw2|
|player|p2|yeamints|265|
|teamsize|p1|6
|teamsize|p2|6
|gen|3
|tier|[Gen 3] OU
|rule|Sleep Clause Mod: Limit one foe put to sleep
|rule|Switch Priority Clause Mod: Faster Pokémon switch first
|rule|Species Clause: Limit one of each Pokémon
|rule|OHKO Clause: OHKO moves are banned
|rule|Evasion Items Clause: Evasion items are banned
|rule|Evasion Moves Clause: Evasion moves are banned
|rule|Endless Battle Clause: Forcing endless battles is banned
|rule|HP Percentage Mod: HP is shown in percentages
|rule|One Boost Passer Clause: Limit one Baton Passer that has a way to boost its stats
|rule|Freeze Clause Mod: Limit one foe frozen
|
|t:|1727978509
|start
|switch|p1a: Salamence|Salamence, M|100/100
|switch|p2a: Jolteon|Jolteon, M|100/100
|-ability|p1a: Salamence|Intimidate|boost
|-unboost|p2a: Jolteon|atk|1
|turn|1
|
|t:|1727978534
|move|p2a: Jolteon|Hidden Power|p1a: Salamence
|-supereffective|p1a: Salamence
|-damage|p1a: Salamence|0 fnt
|faint|p1a: Salamence
|
|t:|1727978541
|switch|p1a: Blissey|Blissey, F|100/100
|
|upkeep
|turn|2
|
|t:|1727978561
|move|p2a: Jolteon|Baton Pass|p2a: Jolteon
|
|t:|1727978565
|switch|p2a: Umbreon|Umbreon, F|100/100|[from] Baton Pass
|move|p1a: Blissey|Ice Beam|p2a: Umbreon
|-damage|p2a: Umbreon|87/100
|
|-heal|p2a: Umbreon|93/100|[from] item: Leftovers
|upkeep
|turn|3
|
|t:|1727978585
|move|p2a: Umbreon|Toxic|p1a: Blissey
|-status|p1a: Blissey|tox
|move|p1a: Blissey|Seismic Toss|p2a: Umbreon
|-damage|p2a: Umbreon|68/100
|
|-heal|p2a: Umbreon|74/100|[from] item: Leftovers
|-damage|p1a: Blissey|94/100 tox|[from] psn
|upkeep
|turn|4
|
|t:|1727978604
|-curestatus|p1a: Blissey|tox|[from] ability: Natural Cure
|switch|p1a: Skarmory|Skarmory, M|100/100
|move|p2a: Umbreon|Wish|p2a: Umbreon
|
|-heal|p2a: Umbreon|80/100|[from] item: Leftovers
|upkeep
|turn|5
|inactive|yeamints has 270 seconds left.
|
|t:|1727978622
|switch|p2a: Jolteon|Jolteon, M|100/100
|move|p1a: Skarmory|Roar|p2a: Jolteon
|drag|p2a: Umbreon|Umbreon, F|80/100
|
|-heal|p2a: Umbreon|100/100|[from] move: Wish|[wisher] Umbreon
|upkeep
|turn|6
|inactive|yeamints has 270 seconds left.
|
|t:|1727978643
|switch|p2a: Jolteon|Jolteon, M|100/100
|move|p1a: Skarmory|Spikes|p2a: Jolteon
|-sidestart|p2: yeamints|Spikes
|
|upkeep
|turn|7
|
|t:|1727978656
|switch|p1a: Blissey|Blissey, F|94/100
|move|p2a: Jolteon|Thunderbolt|p1a: Blissey
|-damage|p1a: Blissey|76/100
|-status|p1a: Blissey|par
|
|-heal|p1a: Blissey|83/100 par|[from] item: Leftovers
|upkeep
|turn|8
|
|t:|1727978671
|switch|p2a: Slaking|Slaking, F|100/100
|-damage|p2a: Slaking|88/100|[from] Spikes
|-curestatus|p1a: Blissey|par|[from] ability: Natural Cure
|switch|p1a: Magneton|Magneton|100/100
|
|upkeep
|turn|9
|
|t:|1727978685
|-singleturn|p2a: Slaking|move: Focus Punch
|move|p1a: Magneton|Protect|p1a: Magneton
|-singleturn|p1a: Magneton|Protect
|move|p2a: Slaking|Focus Punch|p1a: Magneton
|-activate|p1a: Magneton|Protect
|
|upkeep
|turn|10
|
|t:|1727978698
|switch|p2a: Claydol|Claydol|100/100
|move|p1a: Magneton|Thunderbolt|p2a: Claydol
|-immune|p2a: Claydol
|
|upkeep
|turn|11
|
|t:|1727978711
|switch|p1a: Skarmory|Skarmory, M|100/100
|move|p2a: Claydol|Earthquake|p1a: Skarmory
|-immune|p1a: Skarmory
|
|upkeep
|turn|12
|
|t:|1727978725
|move|p2a: Claydol|Rapid Spin|p1a: Skarmory
|-resisted|p1a: Skarmory
|-damage|p1a: Skarmory|99/100
|-sideend|p2: yeamints|Spikes|[from] move: Rapid Spin|[of] p2a: Claydol
|move|p1a: Skarmory|Spikes|p2a: Claydol
|-sidestart|p2: yeamints|Spikes
|
|-heal|p1a: Skarmory|100/100|[from] item: Leftovers
|upkeep
|turn|13
|
|t:|1727978742
|switch|p2a: Jolteon|Jolteon, M|100/100
|-damage|p2a: Jolteon|88/100|[from] Spikes
|switch|p1a: Zapdos|Zapdos|100/100
|
|-heal|p2a: Jolteon|94/100|[from] item: Leftovers
|upkeep
|turn|14
|
|t:|1727978757
|move|p2a: Jolteon|Thunderbolt|p1a: Zapdos
|-crit|p1a: Zapdos
|-damage|p1a: Zapdos|43/100
|move|p1a: Zapdos|Toxic|p2a: Jolteon
|-status|p2a: Jolteon|tox
|
|-heal|p2a: Jolteon|100/100 tox|[from] item: Leftovers
|-damage|p2a: Jolteon|94/100 tox|[from] psn
|-heal|p1a: Zapdos|49/100|[from] item: Leftovers
|upkeep
|turn|15
|
|t:|1727978773
|switch|p2a: Slaking|Slaking, F|88/100
|-damage|p2a: Slaking|76/100|[from] Spikes
|move|p1a: Zapdos|Rest|p1a: Zapdos
|-status|p1a: Zapdos|slp|[from] move: Rest
|-heal|p1a: Zapdos|100/100 slp|[silent]
|
|upkeep
|turn|16
|
|t:|1727978787
|switch|p1a: Skarmory|Skarmory, M|100/100
|move|p2a: Slaking|Return|p1a: Skarmory
|-resisted|p1a: Skarmory
|-damage|p1a: Skarmory|61/100
|
|-heal|p1a: Skarmory|67/100|[from] item: Leftovers
|upkeep
|turn|17
|inactive|yeamints has 240 seconds left.
|
|t:|1727978805
|switch|p1a: Magneton|Magneton|100/100
|cant|p2a: Slaking|ability: Truant
|
|upkeep
|turn|18
|inactive|yeamints has 240 seconds left.
|
|t:|1727978817
|switch|p2a: Claydol|Claydol|100/100
|move|p1a: Magneton|Toxic|p2a: Claydol
|-status|p2a: Claydol|tox
|
|-damage|p2a: Claydol|94/100 tox|[from] psn
|upkeep
|turn|19
|inactive|yeamints has 240 seconds left.
|
|t:|1727978849
|switch|p1a: Zapdos|Zapdos|100/100 slp
|switch|p2a: Slaking|Slaking, F|76/100
|-damage|p2a: Slaking|63/100|[from] Spikes
|
|upkeep
|turn|20
|inactive|Hipimochi has 270 seconds left.
|inactive|yeamints has 210 seconds left.
|
|t:|1727978879
|-singleturn|p2a: Slaking|move: Focus Punch
|switch|p1a: Magneton|Magneton|100/100
|move|p2a: Slaking|Focus Punch|p1a: Magneton
|-supereffective|p1a: Magneton
|-damage|p1a: Magneton|0 fnt
|faint|p1a: Magneton
|
|t:|1727978895
|switch|p1a: Swampert|Swampert, M|100/100
|
|upkeep
|turn|21
|
|t:|1727978907
|switch|p2a: Umbreon|Umbreon, F|100/100
|-damage|p2a: Umbreon|88/100|[from] Spikes
|move|p1a: Swampert|Curse|p1a: Swampert
|-unboost|p1a: Swampert|spe|1
|-boost|p1a: Swampert|atk|1
|-boost|p1a: Swampert|def|1
|
|-heal|p2a: Umbreon|94/100|[from] item: Leftovers
|upkeep
|turn|22
|inactive|yeamints has 210 seconds left.
|
|t:|1727978924
|move|p2a: Umbreon|Toxic|p1a: Swampert
|-status|p1a: Swampert|tox
|move|p1a: Swampert|Curse|p1a: Swampert
|-unboost|p1a: Swampert|spe|1
|-boost|p1a: Swampert|atk|1
|-boost|p1a: Swampert|def|1
|
|-heal|p2a: Umbreon|99/100|[from] item: Leftovers
|-damage|p1a: Swampert|94/100 tox|[from] psn
|upkeep
|turn|23
|inactive|yeamints has 210 seconds left.
|
|t:|1727978937
|move|p2a: Umbreon|Curse|p2a: Umbreon
|-unboost|p2a: Umbreon|spe|1
|-boost|p2a: Umbreon|atk|1
|-boost|p2a: Umbreon|def|1
|move|p1a: Swampert|Rock Slide|p2a: Umbreon
|-damage|p2a: Umbreon|80/100
|
|-heal|p2a: Umbreon|86/100|[from] item: Leftovers
|-heal|p1a: Swampert|100/100 tox|[from] item: Leftovers
|-damage|p1a: Swampert|88/100 tox|[from] psn
|upkeep
|turn|24
|inactive|yeamints has 210 seconds left.
|
|t:|1727978953
|move|p2a: Umbreon|Curse|p2a: Umbreon
|-unboost|p2a: Umbreon|spe|1
|-boost|p2a: Umbreon|atk|1
|-boost|p2a: Umbreon|def|1
|move|p1a: Swampert|Earthquake|p2a: Umbreon
|-damage|p2a: Umbreon|59/100
|
|-heal|p2a: Umbreon|65/100|[from] item: Leftovers
|-heal|p1a: Swampert|94/100 tox|[from] item: Leftovers
|-damage|p1a: Swampert|76/100 tox|[from] psn
|upkeep
|turn|25
|inactive|yeamints has 210 seconds left.
|
|t:|1727978970
|switch|p1a: Blissey|Blissey, F|83/100
|move|p2a: Umbreon|Wish|p2a: Umbreon
|
|-heal|p1a: Blissey|89/100|[from] item: Leftovers
|-heal|p2a: Umbreon|71/100|[from] item: Leftovers
|upkeep
|turn|26
|
|t:|1727979000
|move|p1a: Blissey|Seismic Toss|p2a: Umbreon
|-damage|p2a: Umbreon|45/100
|move|p2a: Umbreon|Toxic|p1a: Blissey
|-status|p1a: Blissey|tox
|
|-heal|p2a: Umbreon|95/100|[from] move: Wish|[wisher] Umbreon
|-heal|p1a: Blissey|95/100 tox|[from] item: Leftovers
|-damage|p1a: Blissey|89/100 tox|[from] psn
|-heal|p2a: Umbreon|100/100|[from] item: Leftovers
|upkeep
|turn|27
|inactive|Hipimochi has 270 seconds left.
|inactive|yeamints has 180 seconds left.
|
|t:|1727979024
|move|p1a: Blissey|Seismic Toss|p2a: Umbreon
|-damage|p2a: Umbreon|75/100
|move|p2a: Umbreon|Curse|p2a: Umbreon
|-unboost|p2a: Umbreon|spe|1
|-boost|p2a: Umbreon|atk|1
|-boost|p2a: Umbreon|def|1
|
|-heal|p1a: Blissey|95/100 tox|[from] item: Leftovers
|-damage|p1a: Blissey|83/100 tox|[from] psn
|-heal|p2a: Umbreon|81/100|[from] item: Leftovers
|upkeep
|turn|28
|inactive|yeamints has 180 seconds left.
|
|t:|1727979037
|-curestatus|p1a: Blissey|tox|[from] ability: Natural Cure
|switch|p1a: Skarmory|Skarmory, M|67/100
|move|p2a: Umbreon|Wish|p2a: Umbreon
|
|-heal|p1a: Skarmory|73/100|[from] item: Leftovers
|-heal|p2a: Umbreon|87/100|[from] item: Leftovers
|upkeep
|turn|29
|inactive|yeamints has 180 seconds left.
|
|t:|1727979057
|switch|p1a: Swampert|Swampert, M|76/100 tox
|move|p2a: Umbreon|Toxic|p1a: Swampert
|-fail|p1a: Swampert|tox
|
|-heal|p2a: Umbreon|100/100|[from] move: Wish|[wisher] Umbreon
|-heal|p1a: Swampert|82/100 tox|[from] item: Leftovers
|-damage|p1a: Swampert|76/100 tox|[from] psn
|upkeep
|turn|30
|
|t:|1727979072
|switch|p1a: Skarmory|Skarmory, M|73/100
|move|p2a: Umbreon|Baton Pass|p2a: Umbreon
|
|t:|1727979075
|switch|p2a: Aerodactyl|Aerodactyl, F|100/100|[from] Baton Pass
|-enditem|p2a: Aerodactyl|White Herb
|-clearnegativeboost|p2a: Aerodactyl|[silent]
|
|-heal|p1a: Skarmory|79/100|[from] item: Leftovers
|upkeep
|turn|31
|
|t:|1727979086
|move|p2a: Aerodactyl|Rock Slide|p1a: Skarmory
|-crit|p1a: Skarmory
|-damage|p1a: Skarmory|0 fnt
|faint|p1a: Skarmory
|
|t:|1727979090
|switch|p1a: Swampert|Swampert, M|76/100 tox
|
|-heal|p1a: Swampert|82/100 tox|[from] item: Leftovers
|-damage|p1a: Swampert|76/100 tox|[from] psn
|upkeep
|turn|32
|inactive|yeamints has 180 seconds left.
|
|t:|1727979097
|move|p2a: Aerodactyl|Substitute|p2a: Aerodactyl
|-start|p2a: Aerodactyl|Substitute
|-damage|p2a: Aerodactyl|76/100
|move|p1a: Swampert|Rock Slide|p2a: Aerodactyl
|-supereffective|p2a: Aerodactyl
|-activate|p2a: Aerodactyl|Substitute|[damage]
|
|-heal|p1a: Swampert|82/100 tox|[from] item: Leftovers
|-damage|p1a: Swampert|69/100 tox|[from] psn
|upkeep
|turn|33
|inactive|yeamints has 180 seconds left.
|
|t:|1727979109
|move|p2a: Aerodactyl|Hidden Power|p1a: Swampert
|-damage|p1a: Swampert|16/100 tox
|move|p1a: Swampert|Rock Slide|p2a: Aerodactyl
|-supereffective|p2a: Aerodactyl
|-end|p2a: Aerodactyl|Substitute
|
|-heal|p1a: Swampert|22/100 tox|[from] item: Leftovers
|-damage|p1a: Swampert|3/100 tox|[from] psn
|upkeep
|turn|34
|
|t:|1727979118
|move|p2a: Aerodactyl|Hidden Power|p1a: Swampert
|-damage|p1a: Swampert|0 fnt
|faint|p1a: Swampert
|
|t:|1727979121
|switch|p1a: Zapdos|Zapdos|100/100 slp
|
|upkeep
|turn|35
|
|t:|1727979128
|move|p2a: Aerodactyl|Rock Slide|p1a: Zapdos
|-supereffective|p1a: Zapdos
|-damage|p1a: Zapdos|0 fnt
|faint|p1a: Zapdos
|
|t:|1727979131
|switch|p1a: Blissey|Blissey, F|83/100
|
|-heal|p1a: Blissey|89/100|[from] item: Leftovers
|upkeep
|turn|36
|
|t:|1727979137
|move|p2a: Aerodactyl|Rock Slide|p1a: Blissey
|-damage|p1a: Blissey|5/100
|move|p1a: Blissey|Ice Beam|p2a: Aerodactyl
|-supereffective|p2a: Aerodactyl
|-damage|p2a: Aerodactyl|1/100
|
|-heal|p1a: Blissey|11/100|[from] item: Leftovers
|upkeep
|turn|37
|inactive|yeamints has 210 seconds left.
|
|t:|1727979145
|move|p2a: Aerodactyl|Hidden Power|p1a: Blissey
|-damage|p1a: Blissey|0 fnt
|faint|p1a: Blissey
|
|win|yeamints
|c|☆Hipimochi|gg 
|c|☆yeamints|ggs im sorry for the skarm crit
|player|p2|
|player|p2|yeamints|pokemonbreederf-gen4|

</script>
<script type="application/json" class="data" id="replaydata-smogtours-gen3ou-794282">
{"id":"smogtours-gen3ou-794282","format":"[Gen 3] OU","players":["Hipimochi","yeamints"],"uploadtime":1727979145,"views":89,"formatid":"gen3ou","rating":null,"private":0,"password":null}
</script>

<script defer src="js/replays.js?9d40a366"></script>
