<!DOCTYPE html>
<meta charset="utf-8" />
<meta name="viewport" content="width=device-width" />

<title>[Gen 3] OU: leoperi99 vs. Quarante8 - Replays - Pok&eacute;mon Showdown!</title>

<meta name="description" content="Watch a replay of a Pok&eacute;mon battle between leoperi99 and Quarante8! Format: [Gen 3] OU; Date: Oct 11, 2024" />
<!--

Hey, you! Looking in the source for the replay log?

You can find them in JSON format, just add `.json` at the end of a replay URL.

https://replay.pokemonshowdown.com/gen7randomdoublesbattle-865046831.json

Or, if you only need the log itself, add `.log` instead:

https://replay.pokemonshowdown.com/gen7randomdoublesbattle-865046831.log

-->

<link rel="stylesheet" href="//pokemonshowdown.com/style/global.css?0.023195364461161105" />
<link rel="stylesheet" href="//play.pokemonshowdown.com/style/font-awesome.css?0.13261647063804238" />
<link rel="stylesheet" href="//play.pokemonshowdown.com/style/battle.css?0.8753245789963631" />
<link rel="stylesheet" href="//play.pokemonshowdown.com/style/utilichart.css?0.8627959624976733" />

<!-- Global site tag (gtag.js) - Google Analytics -->
<script async src="https://www.googletagmanager.com/gtag/js?id=UA-26211653-1"></script>
<script>
  window.dataLayer = window.dataLayer || [];
  function gtag(){dataLayer.push(arguments);}
  gtag('js', new Date());

  gtag('config', 'UA-26211653-1');
</script>
<!-- End Google Analytics -->
<!-- Venatus Ad Manager - Install in <HEAD> of page -->
	<script src="https://hb.vntsm.com/v3/live/ad-manager.min.js" type="text/javascript" data-site-id="642aba63ec9a7b11c3c9c1be" data-mode="scan" async></script>
<!-- / Venatus Ad Manager -->

<style>
	@media (max-width:820px) {
		.battle {
			margin: 0 auto;
		}
		.battle-log {
			margin: 7px auto 0;
			max-width: 640px;
			height: 300px;
			position: static;
		}
	}
	.optgroup {
		display: inline-block;
		line-height: 22px;
		font-size: 10pt;
	}
	.optgroup .button {
		height: 25px;
		padding-top: 0;
		padding-bottom: 0;
	}
	.optgroup button.button {
		padding-left: 12px;
		padding-right: 12px;
	}
	.linklist {
		list-style: none;
		margin: 0.5em 0;
		padding: 0;
	}
	.linklist li {
		padding: 2px 0;
	}
	.sidebar {
		float: left;
		width: 320px;
	}
	.bar-wrapper {
		max-width: 1100px;
		margin: 0 auto;
	}
	.bar-wrapper.has-sidebar {
		max-width: 1430px;
	}
	.mainbar {
		margin: 0;
		padding-right: 1px;
	}
	.mainbar.has-sidebar {
		margin-left: 330px;
	}
	@media (min-width: 1511px) {
		.sidebar {
			width: 400px;
		}
		.bar-wrapper.has-sidebar {
			max-width: 1510px;
		}
		.mainbar.has-sidebar {
			margin-left: 410px;
		}
	}
	.section.first-section {
		margin-top: 9px;
	}
	.blocklink small {
		white-space: normal;
	}
	.button {
		vertical-align: middle;
	}
	.replay-controls {
		padding-top: 10px;
	}
	.replay-controls h1 {
		font-size: 16pt;
		font-weight: normal;
		color: #CCC;
	}
	.pagelink {
		text-align: center;
	}
	.pagelink a {
		width: 150px;
	}
	.textbox, .button {
		font-size: 11pt;
		vertical-align: middle;
	}
	@media (max-width: 450px) {
		.button {
			font-size: 9pt;
		}
	}
</style>

<div>

	<header>
		<div class="nav-wrapper"><ul class="nav">
			<li><a class="button nav-first" href="//pokemonshowdown.com/"><img src="//pokemonshowdown.com/images/pokemonshowdownbeta.png" srcset="//pokemonshowdown.com/images/pokemonshowdownbeta.png 1x, //pokemonshowdown.com/images/pokemonshowdownbeta@2x.png 2x" alt="Pok&eacute;mon Showdown" width="146" height="44" /> Home</a></li>
			<li><a class="button" href="//pokemonshowdown.com/dex/">Pok&eacute;dex</a></li>
			<li><a class="button cur" href="/">Replays</a></li>
			<li><a class="button" href="//pokemonshowdown.com/ladder/">Ladder</a></li>
			<li><a class="button nav-last" href="//pokemonshowdown.com/forums/">Forum</a></li>
			<li><a class="button greenbutton nav-first nav-last" href="//play.pokemonshowdown.com/">Play</a></li>
		</ul></div>
	</header>

	<div class="main" id="main">

		<noscript><section class="section">You need to enable JavaScript to use this page; sorry!</section></noscript>

	</div>

</div>

<script defer nomodule src="//play.pokemonshowdown.com/js/lib/ps-polyfill.js"></script>
<script defer src="//play.pokemonshowdown.com/js/lib/preact.min.js"></script>

<script defer src="//play.pokemonshowdown.com/config/config.js?2bddbc15"></script>
<script defer src="//play.pokemonshowdown.com/js/lib/jquery-1.11.0.min.js"></script>
<script defer src="//play.pokemonshowdown.com/js/lib/html-sanitizer-minified.js"></script>
<script defer src="//play.pokemonshowdown.com/js/battle-sound.js"></script>
<script defer src="//play.pokemonshowdown.com/js/battledata.js?0.7209276989879541"></script>
<script defer src="//play.pokemonshowdown.com/data/pokedex-mini.js?0.6111056340867951"></script>
<script defer src="//play.pokemonshowdown.com/data/pokedex-mini-bw.js?0.3532142036491459"></script>
<script defer src="//play.pokemonshowdown.com/data/graphics.js?0.24223875632456182"></script>
<script defer src="//play.pokemonshowdown.com/data/pokedex.js?0.38839984266356864"></script>
<script defer src="//play.pokemonshowdown.com/data/moves.js?0.21866028504024015"></script>
<script defer src="//play.pokemonshowdown.com/data/abilities.js?0.2005157953846628"></script>
<script defer src="//play.pokemonshowdown.com/data/items.js?0.9894211263848525"></script>
<script defer src="//play.pokemonshowdown.com/data/teambuilder-tables.js?0.6008791140282215"></script>
<script defer src="//play.pokemonshowdown.com/js/battle-tooltips.js?0.7580118955022959"></script>
<script defer src="//play.pokemonshowdown.com/js/battle.js?0.6057722274234274"></script>

<script defer src="js/utils.js?e31f9a17"></script>
<script defer src="js/replays-battle.js?7008c182"></script>

<!-- don't scrape this data! just add .json or .log after the URL!
Full API docs: https://github.com/smogon/pokemon-showdown-client/blob/master/WEB-API.md -->
<script type="text/plain" class="log" id="replaylog-smogtours-gen3ou-797227">
|inactive|Battle timer is ON: inactive players will automatically lose when time's up.
|t:|1728669586
|gametype|singles
|player|p1|leoperi99|hala|
|player|p2|Quarante8|pilot|
|teamsize|p1|6
|teamsize|p2|6
|gen|3
|tier|[Gen 3] OU
|rule|Sleep Clause Mod: Limit one foe put to sleep
|rule|Switch Priority Clause Mod: Faster Pokémon switch first
|rule|Species Clause: Limit one of each Pokémon
|rule|OHKO Clause: OHKO moves are banned
|rule|Evasion Items Clause: Evasion items are banned
|rule|Evasion Moves Clause: Evasion moves are banned
|rule|Endless Battle Clause: Forcing endless battles is banned
|rule|HP Percentage Mod: HP is shown in percentages
|rule|One Boost Passer Clause: Limit one Baton Passer that has a way to boost its stats
|rule|Freeze Clause Mod: Limit one foe frozen
|
|t:|1728669586
|start
|switch|p1a: Medicham|Medicham, F, shiny|100/100
|switch|p2a: Tyranitar|Tyranitar, M|100/100
|-weather|Sandstorm|[from] ability: Sand Stream|[of] p2a: Tyranitar
|turn|1
|c|☆Quarante8|hf!
|c|☆leoperi99|glhf
|
|t:|1728669615
|switch|p2a: Salamence|Salamence, M|100/100
|-ability|p2a: Salamence|Intimidate|boost
|-unboost|p1a: Medicham|atk|1
|move|p1a: Medicham|Rock Slide|p2a: Salamence
|-supereffective|p2a: Salamence
|-damage|p2a: Salamence|47/100
|
|-weather|Sandstorm|[upkeep]
|-damage|p2a: Salamence|41/100|[from] Sandstorm
|-damage|p1a: Medicham|94/100|[from] Sandstorm
|-heal|p2a: Salamence|47/100|[from] item: Leftovers
|upkeep
|turn|2
|
|t:|1728669637
|switch|p2a: Skarmory|Skarmory, F|100/100
|switch|p1a: Suicune|Suicune, shiny|100/100
|
|-weather|Sandstorm|[upkeep]
|-damage|p1a: Suicune|94/100|[from] Sandstorm
|-heal|p1a: Suicune|100/100|[from] item: Leftovers
|upkeep
|turn|3
|
|t:|1728669641
|move|p1a: Suicune|Surf|p2a: Skarmory
|-damage|p2a: Skarmory|64/100
|move|p2a: Skarmory|Spikes|p1a: Suicune
|-sidestart|p1: leoperi99|Spikes
|
|-weather|Sandstorm|[upkeep]
|-damage|p1a: Suicune|94/100|[from] Sandstorm
|-heal|p1a: Suicune|100/100|[from] item: Leftovers
|-heal|p2a: Skarmory|70/100|[from] item: Leftovers
|upkeep
|turn|4
|
|t:|1728669644
|move|p1a: Suicune|Surf|p2a: Skarmory
|-damage|p2a: Skarmory|29/100
|move|p2a: Skarmory|Toxic|p1a: Suicune
|-status|p1a: Suicune|tox
|
|-weather|Sandstorm|[upkeep]
|-damage|p1a: Suicune|94/100 tox|[from] Sandstorm
|-heal|p1a: Suicune|100/100 tox|[from] item: Leftovers
|-damage|p1a: Suicune|94/100 tox|[from] psn
|-heal|p2a: Skarmory|35/100|[from] item: Leftovers
|upkeep
|turn|5
|
|t:|1728669653
|switch|p2a: Blissey|Blissey, F|100/100
|move|p1a: Suicune|Calm Mind|p1a: Suicune
|-boost|p1a: Suicune|spa|1
|-boost|p1a: Suicune|spd|1
|
|-weather|Sandstorm|[upkeep]
|-damage|p1a: Suicune|88/100 tox|[from] Sandstorm
|-damage|p2a: Blissey|94/100|[from] Sandstorm
|-heal|p1a: Suicune|94/100 tox|[from] item: Leftovers
|-damage|p1a: Suicune|82/100 tox|[from] psn
|-heal|p2a: Blissey|100/100|[from] item: Leftovers
|upkeep
|turn|6
|
|t:|1728669657
|move|p1a: Suicune|Calm Mind|p1a: Suicune
|-boost|p1a: Suicune|spa|1
|-boost|p1a: Suicune|spd|1
|move|p2a: Blissey|Seismic Toss|p1a: Suicune
|-damage|p1a: Suicune|57/100 tox
|
|-weather|Sandstorm|[upkeep]
|-damage|p1a: Suicune|51/100 tox|[from] Sandstorm
|-damage|p2a: Blissey|94/100|[from] Sandstorm
|-heal|p1a: Suicune|57/100 tox|[from] item: Leftovers
|-damage|p1a: Suicune|38/100 tox|[from] psn
|-heal|p2a: Blissey|100/100|[from] item: Leftovers
|upkeep
|turn|7
|
|t:|1728669662
|switch|p2a: Skarmory|Skarmory, F|35/100
|move|p1a: Suicune|Rest|p1a: Suicune
|-status|p1a: Suicune|slp|[from] move: Rest
|-heal|p1a: Suicune|100/100 slp|[silent]
|
|-weather|Sandstorm|[upkeep]
|-damage|p1a: Suicune|94/100 slp|[from] Sandstorm
|-heal|p1a: Suicune|100/100 slp|[from] item: Leftovers
|-heal|p2a: Skarmory|41/100|[from] item: Leftovers
|upkeep
|turn|8
|
|t:|1728669665
|cant|p1a: Suicune|slp
|move|p2a: Skarmory|Roar|p1a: Suicune
|drag|p1a: Medicham|Medicham, F, shiny|94/100
|-damage|p1a: Medicham|82/100|[from] Spikes
|
|-weather|Sandstorm|[upkeep]
|-damage|p1a: Medicham|76/100|[from] Sandstorm
|-heal|p2a: Skarmory|47/100|[from] item: Leftovers
|upkeep
|turn|9
|
|t:|1728669670
|move|p2a: Skarmory|Protect|p2a: Skarmory
|-singleturn|p2a: Skarmory|Protect
|move|p1a: Medicham|Brick Break|p2a: Skarmory
|-activate|p2a: Skarmory|Protect
|
|-weather|Sandstorm|[upkeep]
|-damage|p1a: Medicham|70/100|[from] Sandstorm
|-heal|p2a: Skarmory|53/100|[from] item: Leftovers
|upkeep
|turn|10
|
|t:|1728669677
|-singleturn|p1a: Medicham|move: Focus Punch
|move|p2a: Skarmory|Spikes|p1a: Medicham
|-sidestart|p1: leoperi99|Spikes
|move|p1a: Medicham|Focus Punch|p2a: Skarmory
|-damage|p2a: Skarmory|0 fnt
|faint|p2a: Skarmory
|
|t:|1728669685
|switch|p2a: Salamence|Salamence, M|47/100
|-ability|p2a: Salamence|Intimidate|boost
|-unboost|p1a: Medicham|atk|1
|
|-weather|Sandstorm|[upkeep]
|-damage|p2a: Salamence|41/100|[from] Sandstorm
|-damage|p1a: Medicham|64/100|[from] Sandstorm
|-heal|p2a: Salamence|47/100|[from] item: Leftovers
|upkeep
|turn|11
|
|t:|1728669704
|switch|p1a: Salamence|Salamence, M|100/100
|-ability|p1a: Salamence|Intimidate|boost
|-unboost|p2a: Salamence|atk|1
|move|p2a: Salamence|Dragon Claw|p1a: Salamence
|-supereffective|p1a: Salamence
|-damage|p1a: Salamence|16/100
|
|-weather|Sandstorm|[upkeep]
|-damage|p2a: Salamence|41/100|[from] Sandstorm
|-damage|p1a: Salamence|10/100|[from] Sandstorm
|-heal|p2a: Salamence|47/100|[from] item: Leftovers
|-heal|p1a: Salamence|16/100|[from] item: Leftovers
|upkeep
|turn|12
|
|t:|1728669709
|switch|p1a: Claydol|Claydol|100/100
|move|p2a: Salamence|Dragon Claw|p1a: Claydol
|-damage|p1a: Claydol|65/100
|
|-weather|Sandstorm|[upkeep]
|-damage|p2a: Salamence|41/100|[from] Sandstorm
|-heal|p2a: Salamence|47/100|[from] item: Leftovers
|-heal|p1a: Claydol|71/100|[from] item: Leftovers
|upkeep
|turn|13
|
|t:|1728669717
|move|p2a: Salamence|Hidden Power|p1a: Claydol
|-supereffective|p1a: Claydol
|-damage|p1a: Claydol|30/100
|move|p1a: Claydol|Psychic|p2a: Salamence
|-crit|p2a: Salamence
|-damage|p2a: Salamence|0 fnt
|faint|p2a: Salamence
|c|☆Quarante8|--
|inactive|Quarante8 has 270 seconds left.
|
|t:|1728669748
|switch|p2a: Blissey|Blissey, F|100/100
|
|-weather|Sandstorm|[upkeep]
|-damage|p2a: Blissey|94/100|[from] Sandstorm
|-heal|p1a: Claydol|36/100|[from] item: Leftovers
|-heal|p2a: Blissey|100/100|[from] item: Leftovers
|upkeep
|turn|14
|
|t:|1728669757
|move|p1a: Claydol|Rapid Spin|p2a: Blissey
|-damage|p2a: Blissey|96/100
|-sideend|p1: leoperi99|Spikes|[from] move: Rapid Spin|[of] p1a: Claydol
|move|p2a: Blissey|Ice Beam|p1a: Claydol
|-supereffective|p1a: Claydol
|-damage|p1a: Claydol|0 fnt
|faint|p1a: Claydol
|
|t:|1728669760
|switch|p1a: Medicham|Medicham, F, shiny|64/100
|
|-weather|Sandstorm|[upkeep]
|-damage|p1a: Medicham|58/100|[from] Sandstorm
|-damage|p2a: Blissey|89/100|[from] Sandstorm
|-heal|p2a: Blissey|96/100|[from] item: Leftovers
|upkeep
|turn|15
|
|t:|1728669766
|switch|p2a: Claydol|Claydol|100/100
|move|p1a: Medicham|Brick Break|p2a: Claydol
|-resisted|p2a: Claydol
|-damage|p2a: Claydol|78/100
|
|-weather|Sandstorm|[upkeep]
|-damage|p1a: Medicham|52/100|[from] Sandstorm
|-heal|p2a: Claydol|84/100|[from] item: Leftovers
|upkeep
|turn|16
|
|t:|1728669778
|move|p1a: Medicham|Shadow Ball|p2a: Claydol
|-supereffective|p2a: Claydol
|-damage|p2a: Claydol|11/100
|move|p2a: Claydol|Earthquake|p1a: Medicham
|-damage|p1a: Medicham|0 fnt
|faint|p1a: Medicham
|
|t:|1728669783
|switch|p1a: Salamence|Salamence, M|16/100
|-ability|p1a: Salamence|Intimidate|boost
|-unboost|p2a: Claydol|atk|1
|
|-weather|Sandstorm|[upkeep]
|-damage|p1a: Salamence|10/100|[from] Sandstorm
|-heal|p1a: Salamence|16/100|[from] item: Leftovers
|-heal|p2a: Claydol|17/100|[from] item: Leftovers
|upkeep
|turn|17
|
|t:|1728669790
|switch|p2a: Tyranitar|Tyranitar, M|100/100
|move|p1a: Salamence|Hidden Power|p2a: Tyranitar
|-resisted|p2a: Tyranitar
|-damage|p2a: Tyranitar|84/100
|
|-weather|Sandstorm|[upkeep]
|-damage|p1a: Salamence|10/100|[from] Sandstorm
|-heal|p1a: Salamence|16/100|[from] item: Leftovers
|-heal|p2a: Tyranitar|90/100|[from] item: Leftovers
|upkeep
|turn|18
|
|t:|1728669807
|move|p1a: Salamence|Earthquake|p2a: Tyranitar
|-supereffective|p2a: Tyranitar
|-damage|p2a: Tyranitar|24/100
|move|p2a: Tyranitar|Hidden Power|p1a: Salamence
|-resisted|p1a: Salamence
|-damage|p1a: Salamence|0 fnt
|faint|p1a: Salamence
|
|t:|1728669829
|switch|p1a: Metagross|Metagross|100/100
|
|-weather|Sandstorm|[upkeep]
|-heal|p2a: Tyranitar|31/100|[from] item: Leftovers
|upkeep
|turn|19
|
|t:|1728669837
|switch|p2a: Jirachi|Jirachi|100/100
|move|p1a: Metagross|Agility|p1a: Metagross
|-boost|p1a: Metagross|spe|2
|
|-weather|Sandstorm|[upkeep]
|upkeep
|turn|20
|
|t:|1728669840
|switch|p1a: Snorlax|Snorlax, F, shiny|100/100
|move|p2a: Jirachi|Wish|p2a: Jirachi
|
|-weather|Sandstorm|[upkeep]
|-damage|p1a: Snorlax|94/100|[from] Sandstorm
|-heal|p1a: Snorlax|100/100|[from] item: Leftovers
|upkeep
|turn|21
|
|t:|1728669860
|-singleturn|p1a: Snorlax|move: Focus Punch
|switch|p2a: Tyranitar|Tyranitar, M|31/100
|move|p1a: Snorlax|Focus Punch|p2a: Tyranitar
|-supereffective|p2a: Tyranitar
|-damage|p2a: Tyranitar|0 fnt
|faint|p2a: Tyranitar
|
|t:|1728669862
|switch|p2a: Claydol|Claydol|17/100
|
|-heal|p2a: Claydol|67/100|[from] move: Wish|[wisher] Jirachi
|-weather|Sandstorm|[upkeep]
|-damage|p1a: Snorlax|94/100|[from] Sandstorm
|-heal|p2a: Claydol|73/100|[from] item: Leftovers
|-heal|p1a: Snorlax|100/100|[from] item: Leftovers
|upkeep
|turn|22
|
|t:|1728669873
|switch|p2a: Blissey|Blissey, F|96/100
|switch|p1a: Suicune|Suicune, shiny|100/100 slp
|
|-weather|Sandstorm|[upkeep]
|-damage|p1a: Suicune|94/100 slp|[from] Sandstorm
|-damage|p2a: Blissey|89/100|[from] Sandstorm
|-heal|p1a: Suicune|100/100 slp|[from] item: Leftovers
|-heal|p2a: Blissey|96/100|[from] item: Leftovers
|upkeep
|turn|23
|
|t:|1728669876
|cant|p1a: Suicune|slp
|move|p2a: Blissey|Seismic Toss|p1a: Suicune
|-damage|p1a: Suicune|76/100 slp
|
|-weather|Sandstorm|[upkeep]
|-damage|p1a: Suicune|69/100 slp|[from] Sandstorm
|-damage|p2a: Blissey|89/100|[from] Sandstorm
|-heal|p1a: Suicune|76/100 slp|[from] item: Leftovers
|-heal|p2a: Blissey|96/100|[from] item: Leftovers
|upkeep
|turn|24
|
|t:|1728669878
|switch|p1a: Snorlax|Snorlax, F, shiny|100/100
|move|p2a: Blissey|Seismic Toss|p1a: Snorlax
|-damage|p1a: Snorlax|79/100
|
|-weather|Sandstorm|[upkeep]
|-damage|p2a: Blissey|89/100|[from] Sandstorm
|-damage|p1a: Snorlax|73/100|[from] Sandstorm
|-heal|p2a: Blissey|96/100|[from] item: Leftovers
|-heal|p1a: Snorlax|79/100|[from] item: Leftovers
|upkeep
|turn|25
|
|t:|1728669885
|move|p2a: Blissey|Thunder Wave|p1a: Snorlax
|-status|p1a: Snorlax|par
|move|p1a: Snorlax|Body Slam|p2a: Blissey
|-damage|p2a: Blissey|57/100
|-status|p2a: Blissey|par
|
|-weather|Sandstorm|[upkeep]
|-damage|p2a: Blissey|51/100 par|[from] Sandstorm
|-damage|p1a: Snorlax|73/100 par|[from] Sandstorm
|-heal|p2a: Blissey|57/100 par|[from] item: Leftovers
|-heal|p1a: Snorlax|79/100 par|[from] item: Leftovers
|upkeep
|turn|26
|
|t:|1728669891
|-singleturn|p1a: Snorlax|move: Focus Punch
|move|p2a: Blissey|Soft-Boiled|p2a: Blissey
|-heal|p2a: Blissey|100/100 par
|move|p1a: Snorlax|Focus Punch|p2a: Blissey
|-supereffective|p2a: Blissey
|-damage|p2a: Blissey|17/100 par
|
|-weather|Sandstorm|[upkeep]
|-damage|p2a: Blissey|11/100 par|[from] Sandstorm
|-damage|p1a: Snorlax|73/100 par|[from] Sandstorm
|-heal|p2a: Blissey|17/100 par|[from] item: Leftovers
|-heal|p1a: Snorlax|79/100 par|[from] item: Leftovers
|upkeep
|turn|27
|
|t:|1728669901
|-singleturn|p1a: Snorlax|move: Focus Punch
|move|p2a: Blissey|Soft-Boiled|p2a: Blissey
|-heal|p2a: Blissey|67/100 par
|cant|p1a: Snorlax|par
|
|-weather|Sandstorm|[upkeep]
|-damage|p2a: Blissey|61/100 par|[from] Sandstorm
|-damage|p1a: Snorlax|73/100 par|[from] Sandstorm
|-heal|p2a: Blissey|67/100 par|[from] item: Leftovers
|-heal|p1a: Snorlax|79/100 par|[from] item: Leftovers
|upkeep
|turn|28
|
|t:|1728669906
|cant|p2a: Blissey|par
|cant|p1a: Snorlax|par
|
|-weather|Sandstorm|[upkeep]
|-damage|p2a: Blissey|61/100 par|[from] Sandstorm
|-damage|p1a: Snorlax|73/100 par|[from] Sandstorm
|-heal|p2a: Blissey|67/100 par|[from] item: Leftovers
|-heal|p1a: Snorlax|79/100 par|[from] item: Leftovers
|upkeep
|turn|29
|
|t:|1728669912
|move|p2a: Blissey|Seismic Toss|p1a: Snorlax
|-damage|p1a: Snorlax|57/100 par
|move|p1a: Snorlax|Body Slam|p2a: Blissey
|-damage|p2a: Blissey|27/100 par
|
|-weather|Sandstorm|[upkeep]
|-damage|p2a: Blissey|21/100 par|[from] Sandstorm
|-damage|p1a: Snorlax|51/100 par|[from] Sandstorm
|-heal|p2a: Blissey|27/100 par|[from] item: Leftovers
|-heal|p1a: Snorlax|57/100 par|[from] item: Leftovers
|upkeep
|turn|30
|
|t:|1728669917
|-singleturn|p1a: Snorlax|move: Focus Punch
|move|p2a: Blissey|Seismic Toss|p1a: Snorlax
|-damage|p1a: Snorlax|35/100 par
|move|p1a: Snorlax|Focus Punch||[still]
|cant|p1a: Snorlax|Focus Punch|Focus Punch
|
|-weather|Sandstorm|[upkeep]
|-damage|p2a: Blissey|21/100 par|[from] Sandstorm
|-damage|p1a: Snorlax|29/100 par|[from] Sandstorm
|-heal|p2a: Blissey|27/100 par|[from] item: Leftovers
|-heal|p1a: Snorlax|35/100 par|[from] item: Leftovers
|upkeep
|turn|31
|
|t:|1728669920
|-singleturn|p1a: Snorlax|move: Focus Punch
|move|p2a: Blissey|Seismic Toss|p1a: Snorlax
|-damage|p1a: Snorlax|14/100 par
|move|p1a: Snorlax|Focus Punch||[still]
|cant|p1a: Snorlax|Focus Punch|Focus Punch
|
|-weather|Sandstorm|[upkeep]
|-damage|p2a: Blissey|21/100 par|[from] Sandstorm
|-damage|p1a: Snorlax|8/100 par|[from] Sandstorm
|-heal|p2a: Blissey|27/100 par|[from] item: Leftovers
|-heal|p1a: Snorlax|14/100 par|[from] item: Leftovers
|upkeep
|turn|32
|
|t:|1728669927
|switch|p1a: Metagross|Metagross|100/100
|move|p2a: Blissey|Seismic Toss|p1a: Metagross
|-damage|p1a: Metagross|73/100
|
|-weather|Sandstorm|[upkeep]
|-damage|p2a: Blissey|21/100 par|[from] Sandstorm
|-heal|p1a: Metagross|79/100|[from] item: Leftovers
|-heal|p2a: Blissey|27/100 par|[from] item: Leftovers
|upkeep
|turn|33
|
|t:|1728669932
|-curestatus|p2a: Blissey|par|[from] ability: Natural Cure
|switch|p2a: Jirachi|Jirachi|100/100
|move|p1a: Metagross|Meteor Mash|p2a: Jirachi
|-resisted|p2a: Jirachi
|-damage|p2a: Jirachi|85/100
|
|-weather|Sandstorm|[upkeep]
|-heal|p2a: Jirachi|91/100|[from] item: Leftovers
|-heal|p1a: Metagross|85/100|[from] item: Leftovers
|upkeep
|turn|34
|
|t:|1728669939
|switch|p1a: Snorlax|Snorlax, F, shiny|14/100 par
|move|p2a: Jirachi|Wish|p2a: Jirachi
|
|-weather|Sandstorm|[upkeep]
|-damage|p1a: Snorlax|8/100 par|[from] Sandstorm
|-heal|p2a: Jirachi|97/100|[from] item: Leftovers
|-heal|p1a: Snorlax|14/100 par|[from] item: Leftovers
|upkeep
|turn|35
|
|t:|1728669959
|move|p2a: Jirachi|Fire Punch|p1a: Snorlax
|-damage|p1a: Snorlax|4/100 par
|move|p1a: Snorlax|Self-Destruct|p2a: Jirachi
|-resisted|p2a: Jirachi
|-damage|p2a: Jirachi|37/100
|faint|p1a: Snorlax
|
|t:|1728669975
|switch|p1a: Metagross|Metagross|85/100
|
|-heal|p2a: Jirachi|87/100|[from] move: Wish|[wisher] Jirachi
|-weather|Sandstorm|[upkeep]
|-heal|p2a: Jirachi|94/100|[from] item: Leftovers
|-heal|p1a: Metagross|91/100|[from] item: Leftovers
|upkeep
|turn|36
|
|t:|1728669986
|move|p2a: Jirachi|Wish|p2a: Jirachi
|move|p1a: Metagross|Earthquake|p2a: Jirachi
|-supereffective|p2a: Jirachi
|-damage|p2a: Jirachi|47/100
|
|-weather|Sandstorm|[upkeep]
|-heal|p2a: Jirachi|53/100|[from] item: Leftovers
|-heal|p1a: Metagross|97/100|[from] item: Leftovers
|upkeep
|turn|37
|
|t:|1728669991
|move|p2a: Jirachi|Fire Punch|p1a: Metagross
|-supereffective|p1a: Metagross
|-damage|p1a: Metagross|61/100
|move|p1a: Metagross|Agility|p1a: Metagross
|-boost|p1a: Metagross|spe|2
|
|-heal|p2a: Jirachi|100/100|[from] move: Wish|[wisher] Jirachi
|-weather|Sandstorm|[upkeep]
|-heal|p1a: Metagross|67/100|[from] item: Leftovers
|upkeep
|turn|38
|
|t:|1728669995
|move|p1a: Metagross|Earthquake|p2a: Jirachi
|-supereffective|p2a: Jirachi
|-damage|p2a: Jirachi|57/100
|move|p2a: Jirachi|Wish|p2a: Jirachi
|
|-weather|Sandstorm|[upkeep]
|-heal|p1a: Metagross|73/100|[from] item: Leftovers
|-heal|p2a: Jirachi|63/100|[from] item: Leftovers
|upkeep
|turn|39
|
|t:|1728669998
|move|p1a: Metagross|Earthquake|p2a: Jirachi
|-supereffective|p2a: Jirachi
|-damage|p2a: Jirachi|17/100
|move|p2a: Jirachi|Fire Punch|p1a: Metagross
|-supereffective|p1a: Metagross
|-damage|p1a: Metagross|35/100
|
|-heal|p2a: Jirachi|67/100|[from] move: Wish|[wisher] Jirachi
|-weather|Sandstorm|[upkeep]
|-heal|p1a: Metagross|41/100|[from] item: Leftovers
|-heal|p2a: Jirachi|73/100|[from] item: Leftovers
|upkeep
|turn|40
|
|t:|1728670001
|move|p1a: Metagross|Earthquake|p2a: Jirachi
|-supereffective|p2a: Jirachi
|-damage|p2a: Jirachi|25/100
|move|p2a: Jirachi|Wish|p2a: Jirachi
|
|-weather|Sandstorm|[upkeep]
|-heal|p1a: Metagross|47/100|[from] item: Leftovers
|-heal|p2a: Jirachi|31/100|[from] item: Leftovers
|upkeep
|turn|41
|
|t:|1728670004
|move|p2a: Jirachi|Protect|p2a: Jirachi
|-singleturn|p2a: Jirachi|Protect
|move|p1a: Metagross|Meteor Mash|p2a: Jirachi
|-activate|p2a: Jirachi|Protect
|
|-heal|p2a: Jirachi|81/100|[from] move: Wish|[wisher] Jirachi
|-weather|Sandstorm|[upkeep]
|-heal|p1a: Metagross|53/100|[from] item: Leftovers
|-heal|p2a: Jirachi|87/100|[from] item: Leftovers
|upkeep
|turn|42
|
|t:|1728670007
|switch|p1a: Suicune|Suicune, shiny|76/100 slp
|move|p2a: Jirachi|Wish|p2a: Jirachi
|
|-weather|Sandstorm|[upkeep]
|-damage|p1a: Suicune|69/100 slp|[from] Sandstorm
|-heal|p2a: Jirachi|94/100|[from] item: Leftovers
|-heal|p1a: Suicune|76/100 slp|[from] item: Leftovers
|upkeep
|turn|43
|
|t:|1728670010
|switch|p2a: Blissey|Blissey, F|27/100
|-curestatus|p1a: Suicune|slp|[msg]
|move|p1a: Suicune|Calm Mind|p1a: Suicune
|-boost|p1a: Suicune|spa|1
|-boost|p1a: Suicune|spd|1
|
|-heal|p2a: Blissey|77/100|[from] move: Wish|[wisher] Jirachi
|-weather|Sandstorm|[upkeep]
|-damage|p1a: Suicune|69/100|[from] Sandstorm
|-damage|p2a: Blissey|71/100|[from] Sandstorm
|-heal|p1a: Suicune|76/100|[from] item: Leftovers
|-heal|p2a: Blissey|77/100|[from] item: Leftovers
|upkeep
|turn|44
|
|t:|1728670014
|switch|p1a: Metagross|Metagross|53/100
|move|p2a: Blissey|Thunder Wave|p1a: Metagross
|-status|p1a: Metagross|par
|
|-weather|Sandstorm|[upkeep]
|-damage|p2a: Blissey|71/100|[from] Sandstorm
|-heal|p2a: Blissey|77/100|[from] item: Leftovers
|-heal|p1a: Metagross|59/100 par|[from] item: Leftovers
|upkeep
|turn|45
|
|t:|1728670016
|switch|p2a: Jirachi|Jirachi|94/100
|move|p1a: Metagross|Meteor Mash|p2a: Jirachi
|-resisted|p2a: Jirachi
|-damage|p2a: Jirachi|75/100
|
|-weather|Sandstorm|[upkeep]
|-heal|p2a: Jirachi|81/100|[from] item: Leftovers
|-heal|p1a: Metagross|65/100 par|[from] item: Leftovers
|upkeep
|turn|46
|
|t:|1728670021
|switch|p1a: Suicune|Suicune, shiny|76/100
|move|p2a: Jirachi|Fire Punch|p1a: Suicune
|-resisted|p1a: Suicune
|-damage|p1a: Suicune|69/100
|
|-weather|Sandstorm|[upkeep]
|-damage|p1a: Suicune|63/100|[from] Sandstorm
|-heal|p2a: Jirachi|87/100|[from] item: Leftovers
|-heal|p1a: Suicune|69/100|[from] item: Leftovers
|upkeep
|turn|47
|
|t:|1728670026
|move|p2a: Jirachi|Toxic|p1a: Suicune
|-status|p1a: Suicune|tox
|move|p1a: Suicune|Calm Mind|p1a: Suicune
|-boost|p1a: Suicune|spa|1
|-boost|p1a: Suicune|spd|1
|
|-weather|Sandstorm|[upkeep]
|-damage|p1a: Suicune|63/100 tox|[from] Sandstorm
|-heal|p2a: Jirachi|94/100|[from] item: Leftovers
|-heal|p1a: Suicune|69/100 tox|[from] item: Leftovers
|-damage|p1a: Suicune|63/100 tox|[from] psn
|upkeep
|turn|48
|
|t:|1728670028
|switch|p2a: Blissey|Blissey, F|77/100
|move|p1a: Suicune|Surf|p2a: Blissey
|-damage|p2a: Blissey|52/100
|
|-weather|Sandstorm|[upkeep]
|-damage|p1a: Suicune|56/100 tox|[from] Sandstorm
|-damage|p2a: Blissey|46/100|[from] Sandstorm
|-heal|p1a: Suicune|63/100 tox|[from] item: Leftovers
|-damage|p1a: Suicune|50/100 tox|[from] psn
|-heal|p2a: Blissey|52/100|[from] item: Leftovers
|upkeep
|turn|49
|
|t:|1728670030
|move|p1a: Suicune|Rest|p1a: Suicune
|-status|p1a: Suicune|slp|[from] move: Rest
|-heal|p1a: Suicune|100/100 slp|[silent]
|move|p2a: Blissey|Soft-Boiled|p2a: Blissey
|-heal|p2a: Blissey|100/100
|
|-weather|Sandstorm|[upkeep]
|-damage|p1a: Suicune|94/100 slp|[from] Sandstorm
|-damage|p2a: Blissey|94/100|[from] Sandstorm
|-heal|p1a: Suicune|100/100 slp|[from] item: Leftovers
|-heal|p2a: Blissey|100/100|[from] item: Leftovers
|upkeep
|turn|50
|
|t:|1728670032
|cant|p1a: Suicune|slp
|move|p2a: Blissey|Seismic Toss|p1a: Suicune
|-damage|p1a: Suicune|76/100 slp
|
|-weather|Sandstorm|[upkeep]
|-damage|p1a: Suicune|69/100 slp|[from] Sandstorm
|-damage|p2a: Blissey|94/100|[from] Sandstorm
|-heal|p1a: Suicune|76/100 slp|[from] item: Leftovers
|-heal|p2a: Blissey|100/100|[from] item: Leftovers
|upkeep
|turn|51
|
|t:|1728670034
|cant|p1a: Suicune|slp
|move|p2a: Blissey|Seismic Toss|p1a: Suicune
|-damage|p1a: Suicune|51/100 slp
|
|-weather|Sandstorm|[upkeep]
|-damage|p1a: Suicune|44/100 slp|[from] Sandstorm
|-damage|p2a: Blissey|94/100|[from] Sandstorm
|-heal|p1a: Suicune|51/100 slp|[from] item: Leftovers
|-heal|p2a: Blissey|100/100|[from] item: Leftovers
|upkeep
|turn|52
|
|t:|1728670038
|-curestatus|p1a: Suicune|slp|[msg]
|move|p1a: Suicune|Calm Mind|p1a: Suicune
|-boost|p1a: Suicune|spa|1
|-boost|p1a: Suicune|spd|1
|move|p2a: Blissey|Seismic Toss|p1a: Suicune
|-damage|p1a: Suicune|26/100
|
|-weather|Sandstorm|[upkeep]
|-damage|p1a: Suicune|19/100|[from] Sandstorm
|-damage|p2a: Blissey|94/100|[from] Sandstorm
|-heal|p1a: Suicune|26/100|[from] item: Leftovers
|-heal|p2a: Blissey|100/100|[from] item: Leftovers
|upkeep
|turn|53
|
|t:|1728670041
|switch|p2a: Claydol|Claydol|73/100
|move|p1a: Suicune|Rest|p1a: Suicune
|-status|p1a: Suicune|slp|[from] move: Rest
|-heal|p1a: Suicune|100/100 slp|[silent]
|
|-weather|Sandstorm|[upkeep]
|-damage|p1a: Suicune|94/100 slp|[from] Sandstorm
|-heal|p1a: Suicune|100/100 slp|[from] item: Leftovers
|-heal|p2a: Claydol|79/100|[from] item: Leftovers
|upkeep
|turn|54
|
|t:|1728670045
|switch|p1a: Metagross|Metagross|65/100 par
|move|p2a: Claydol|Earthquake|p1a: Metagross
|-supereffective|p1a: Metagross
|-damage|p1a: Metagross|14/100 par
|
|-weather|Sandstorm|[upkeep]
|-heal|p2a: Claydol|85/100|[from] item: Leftovers
|-heal|p1a: Metagross|20/100 par|[from] item: Leftovers
|upkeep
|turn|55
|
|t:|1728670046
|move|p2a: Claydol|Earthquake|p1a: Metagross
|-supereffective|p1a: Metagross
|-damage|p1a: Metagross|0 fnt
|faint|p1a: Metagross
|
|t:|1728670047
|switch|p1a: Suicune|Suicune, shiny|100/100 slp
|
|-weather|Sandstorm|[upkeep]
|-damage|p1a: Suicune|94/100 slp|[from] Sandstorm
|-heal|p1a: Suicune|100/100 slp|[from] item: Leftovers
|-heal|p2a: Claydol|92/100|[from] item: Leftovers
|upkeep
|turn|56
|c|☆leoperi99|gg
|
|t:|1728670051
|cant|p1a: Suicune|slp
|move|p2a: Claydol|Earthquake|p1a: Suicune
|-damage|p1a: Suicune|75/100 slp
|
|-weather|Sandstorm|[upkeep]
|-damage|p1a: Suicune|69/100 slp|[from] Sandstorm
|-heal|p1a: Suicune|75/100 slp|[from] item: Leftovers
|-heal|p2a: Claydol|98/100|[from] item: Leftovers
|upkeep
|turn|57
|
|t:|1728670053
|cant|p1a: Suicune|slp
|move|p2a: Claydol|Explosion|p1a: Suicune
|-damage|p1a: Suicune|0 fnt
|faint|p2a: Claydol
|faint|p1a: Suicune
|
|win|Quarante8
|c|☆Quarante8|gg

</script>
<script type="application/json" class="data" id="replaydata-smogtours-gen3ou-797227">
{"id":"smogtours-gen3ou-797227","format":"[Gen 3] OU","players":["leoperi99","Quarante8"],"uploadtime":1728670053,"views":112,"formatid":"gen3ou","rating":null,"private":0,"password":null}
</script>

<script defer src="js/replays.js?9d40a366"></script>
