<!DOCTYPE html>
<meta charset="utf-8" />
<meta name="viewport" content="width=device-width" />

<title>[Gen 3] OU: wiilink100 vs. chiefbeef1234 - Replays - Pok&eacute;mon Showdown!</title>

<meta name="description" content="Watch a replay of a Pok&eacute;mon battle between wiilink100 and chiefbeef1234! Format: [Gen 3] OU; Date: Oct 5, 2024" />
<!--

Hey, you! Looking in the source for the replay log?

You can find them in JSON format, just add `.json` at the end of a replay URL.

https://replay.pokemonshowdown.com/gen7randomdoublesbattle-865046831.json

Or, if you only need the log itself, add `.log` instead:

https://replay.pokemonshowdown.com/gen7randomdoublesbattle-865046831.log

-->

<link rel="stylesheet" href="//pokemonshowdown.com/style/global.css?0.767286132409787" />
<link rel="stylesheet" href="//play.pokemonshowdown.com/style/font-awesome.css?0.9266228007934947" />
<link rel="stylesheet" href="//play.pokemonshowdown.com/style/battle.css?0.7924700842790926" />
<link rel="stylesheet" href="//play.pokemonshowdown.com/style/utilichart.css?0.8777417872839479" />

<!-- Global site tag (gtag.js) - Google Analytics -->
<script async src="https://www.googletagmanager.com/gtag/js?id=UA-26211653-1"></script>
<script>
  window.dataLayer = window.dataLayer || [];
  function gtag(){dataLayer.push(arguments);}
  gtag('js', new Date());

  gtag('config', 'UA-26211653-1');
</script>
<!-- End Google Analytics -->
<!-- Venatus Ad Manager - Install in <HEAD> of page -->
	<script src="https://hb.vntsm.com/v3/live/ad-manager.min.js" type="text/javascript" data-site-id="642aba63ec9a7b11c3c9c1be" data-mode="scan" async></script>
<!-- / Venatus Ad Manager -->

<style>
	@media (max-width:820px) {
		.battle {
			margin: 0 auto;
		}
		.battle-log {
			margin: 7px auto 0;
			max-width: 640px;
			height: 300px;
			position: static;
		}
	}
	.optgroup {
		display: inline-block;
		line-height: 22px;
		font-size: 10pt;
	}
	.optgroup .button {
		height: 25px;
		padding-top: 0;
		padding-bottom: 0;
	}
	.optgroup button.button {
		padding-left: 12px;
		padding-right: 12px;
	}
	.linklist {
		list-style: none;
		margin: 0.5em 0;
		padding: 0;
	}
	.linklist li {
		padding: 2px 0;
	}
	.sidebar {
		float: left;
		width: 320px;
	}
	.bar-wrapper {
		max-width: 1100px;
		margin: 0 auto;
	}
	.bar-wrapper.has-sidebar {
		max-width: 1430px;
	}
	.mainbar {
		margin: 0;
		padding-right: 1px;
	}
	.mainbar.has-sidebar {
		margin-left: 330px;
	}
	@media (min-width: 1511px) {
		.sidebar {
			width: 400px;
		}
		.bar-wrapper.has-sidebar {
			max-width: 1510px;
		}
		.mainbar.has-sidebar {
			margin-left: 410px;
		}
	}
	.section.first-section {
		margin-top: 9px;
	}
	.blocklink small {
		white-space: normal;
	}
	.button {
		vertical-align: middle;
	}
	.replay-controls {
		padding-top: 10px;
	}
	.replay-controls h1 {
		font-size: 16pt;
		font-weight: normal;
		color: #CCC;
	}
	.pagelink {
		text-align: center;
	}
	.pagelink a {
		width: 150px;
	}
	.textbox, .button {
		font-size: 11pt;
		vertical-align: middle;
	}
	@media (max-width: 450px) {
		.button {
			font-size: 9pt;
		}
	}
</style>

<div>

	<header>
		<div class="nav-wrapper"><ul class="nav">
			<li><a class="button nav-first" href="//pokemonshowdown.com/"><img src="//pokemonshowdown.com/images/pokemonshowdownbeta.png" srcset="//pokemonshowdown.com/images/pokemonshowdownbeta.png 1x, //pokemonshowdown.com/images/pokemonshowdownbeta@2x.png 2x" alt="Pok&eacute;mon Showdown" width="146" height="44" /> Home</a></li>
			<li><a class="button" href="//pokemonshowdown.com/dex/">Pok&eacute;dex</a></li>
			<li><a class="button cur" href="/">Replays</a></li>
			<li><a class="button" href="//pokemonshowdown.com/ladder/">Ladder</a></li>
			<li><a class="button nav-last" href="//pokemonshowdown.com/forums/">Forum</a></li>
			<li><a class="button greenbutton nav-first nav-last" href="//play.pokemonshowdown.com/">Play</a></li>
		</ul></div>
	</header>

	<div class="main" id="main">

		<noscript><section class="section">You need to enable JavaScript to use this page; sorry!</section></noscript>

	</div>

</div>

<script defer nomodule src="//play.pokemonshowdown.com/js/lib/ps-polyfill.js"></script>
<script defer src="//play.pokemonshowdown.com/js/lib/preact.min.js"></script>

<script defer src="//play.pokemonshowdown.com/config/config.js?6dec07f6"></script>
<script defer src="//play.pokemonshowdown.com/js/lib/jquery-1.11.0.min.js"></script>
<script defer src="//play.pokemonshowdown.com/js/lib/html-sanitizer-minified.js"></script>
<script defer src="//play.pokemonshowdown.com/js/battle-sound.js"></script>
<script defer src="//play.pokemonshowdown.com/js/battledata.js?0.6315294753075389"></script>
<script defer src="//play.pokemonshowdown.com/data/pokedex-mini.js?0.7603743185311358"></script>
<script defer src="//play.pokemonshowdown.com/data/pokedex-mini-bw.js?0.030888842834281283"></script>
<script defer src="//play.pokemonshowdown.com/data/graphics.js?0.05593094747507488"></script>
<script defer src="//play.pokemonshowdown.com/data/pokedex.js?0.47064822249611904"></script>
<script defer src="//play.pokemonshowdown.com/data/moves.js?0.8583693120512459"></script>
<script defer src="//play.pokemonshowdown.com/data/abilities.js?0.16017181182386842"></script>
<script defer src="//play.pokemonshowdown.com/data/items.js?0.4163379185673943"></script>
<script defer src="//play.pokemonshowdown.com/data/teambuilder-tables.js?0.31075597372830477"></script>
<script defer src="//play.pokemonshowdown.com/js/battle-tooltips.js?0.6536193500708172"></script>
<script defer src="//play.pokemonshowdown.com/js/battle.js?0.1916591943277901"></script>

<script defer src="js/utils.js?e31f9a17"></script>
<script defer src="js/replays-battle.js?7008c182"></script>

<!-- don't scrape this data! just add .json or .log after the URL!
Full API docs: https://github.com/smogon/pokemon-showdown-client/blob/master/WEB-API.md -->
<script type="text/plain" class="log" id="replaylog-smogtours-gen3ou-795036">
|inactive|Battle timer is ON: inactive players will automatically lose when time's up.
|t:|1728148278
|gametype|singles
|player|p1|wiilink100|101|
|player|p2|chiefbeef1234|volkner|
|teamsize|p1|6
|teamsize|p2|6
|gen|3
|tier|[Gen 3] OU
|rule|Sleep Clause Mod: Limit one foe put to sleep
|rule|Switch Priority Clause Mod: Faster Pokémon switch first
|rule|Species Clause: Limit one of each Pokémon
|rule|OHKO Clause: OHKO moves are banned
|rule|Evasion Items Clause: Evasion items are banned
|rule|Evasion Moves Clause: Evasion moves are banned
|rule|Endless Battle Clause: Forcing endless battles is banned
|rule|HP Percentage Mod: HP is shown in percentages
|rule|One Boost Passer Clause: Limit one Baton Passer that has a way to boost its stats
|rule|Freeze Clause Mod: Limit one foe frozen
|
|t:|1728148278
|start
|switch|p1a: Skarmory|Skarmory, F|100/100
|switch|p2a: Tyranitar|Tyranitar, F|100/100
|-weather|Sandstorm|[from] ability: Sand Stream|[of] p2a: Tyranitar
|turn|1
|c|☆chiefbeef1234|Glhf
|c|☆wiilink100|glfh
|
|t:|1728148291
|switch|p2a: Moltres|Moltres|100/100
|move|p1a: Skarmory|Spikes|p2a: Moltres
|-sidestart|p2: chiefbeef1234|Spikes
|
|-weather|Sandstorm|[upkeep]
|-damage|p2a: Moltres|94/100|[from] Sandstorm
|-heal|p2a: Moltres|100/100|[from] item: Leftovers
|upkeep
|turn|2
|
|t:|1728148299
|switch|p1a: Blissey|Blissey, F|100/100
|move|p2a: Moltres|Will-O-Wisp|p1a: Blissey|[miss]
|-miss|p2a: Moltres|p1a: Blissey
|
|-weather|Sandstorm|[upkeep]
|-damage|p2a: Moltres|94/100|[from] Sandstorm
|-damage|p1a: Blissey|94/100|[from] Sandstorm
|-heal|p2a: Moltres|100/100|[from] item: Leftovers
|-heal|p1a: Blissey|100/100|[from] item: Leftovers
|upkeep
|turn|3
|
|t:|1728148319
|switch|p2a: Tyranitar|Tyranitar, F|100/100
|-damage|p2a: Tyranitar|88/100|[from] Spikes
|move|p1a: Blissey|Toxic|p2a: Tyranitar
|-status|p2a: Tyranitar|tox
|-enditem|p2a: Tyranitar|Lum Berry|[eat]
|-curestatus|p2a: Tyranitar|tox|[msg]
|
|-weather|Sandstorm|[upkeep]
|-damage|p1a: Blissey|94/100|[from] Sandstorm
|-heal|p1a: Blissey|100/100|[from] item: Leftovers
|upkeep
|turn|4
|
|t:|1728148326
|switch|p1a: Swampert|Swampert, F|100/100
|move|p2a: Tyranitar|Rock Slide|p1a: Swampert
|-resisted|p1a: Swampert
|-damage|p1a: Swampert|86/100
|
|-weather|Sandstorm|[upkeep]
|-heal|p1a: Swampert|92/100|[from] item: Leftovers
|upkeep
|turn|5
|
|t:|1728148337
|switch|p2a: Starmie|Starmie|100/100
|-damage|p2a: Starmie|88/100|[from] Spikes
|move|p1a: Swampert|Hydro Pump|p2a: Starmie|[miss]
|-miss|p1a: Swampert|p2a: Starmie
|
|-weather|Sandstorm|[upkeep]
|-damage|p2a: Starmie|82/100|[from] Sandstorm
|-heal|p2a: Starmie|88/100|[from] item: Leftovers
|-heal|p1a: Swampert|98/100|[from] item: Leftovers
|upkeep
|turn|6
|
|t:|1728148341
|move|p2a: Starmie|Rapid Spin|p1a: Swampert
|-damage|p1a: Swampert|96/100
|-sideend|p2: chiefbeef1234|Spikes|[from] move: Rapid Spin|[of] p2a: Starmie
|move|p1a: Swampert|Earthquake|p2a: Starmie
|-damage|p2a: Starmie|34/100
|
|-weather|Sandstorm|[upkeep]
|-damage|p2a: Starmie|28/100|[from] Sandstorm
|-heal|p2a: Starmie|34/100|[from] item: Leftovers
|-heal|p1a: Swampert|100/100|[from] item: Leftovers
|upkeep
|turn|7
|
|t:|1728148345
|move|p2a: Starmie|Hydro Pump|p1a: Swampert
|-damage|p1a: Swampert|51/100
|move|p1a: Swampert|Earthquake|p2a: Starmie
|-damage|p2a: Starmie|0 fnt
|faint|p2a: Starmie
|
|t:|1728148348
|switch|p2a: Moltres|Moltres|100/100
|
|-weather|Sandstorm|[upkeep]
|-damage|p2a: Moltres|94/100|[from] Sandstorm
|-heal|p2a: Moltres|100/100|[from] item: Leftovers
|-heal|p1a: Swampert|57/100|[from] item: Leftovers
|upkeep
|turn|8
|
|t:|1728148352
|move|p1a: Swampert|Protect|p1a: Swampert
|-singleturn|p1a: Swampert|Protect
|move|p2a: Moltres|Hidden Power|p1a: Swampert
|-activate|p1a: Swampert|Protect
|
|-weather|Sandstorm|[upkeep]
|-damage|p2a: Moltres|94/100|[from] Sandstorm
|-heal|p2a: Moltres|100/100|[from] item: Leftovers
|-heal|p1a: Swampert|64/100|[from] item: Leftovers
|upkeep
|turn|9
|
|t:|1728148358
|switch|p1a: Blissey|Blissey, F|100/100
|move|p2a: Moltres|Will-O-Wisp|p1a: Blissey|[miss]
|-miss|p2a: Moltres|p1a: Blissey
|
|-weather|Sandstorm|[upkeep]
|-damage|p2a: Moltres|94/100|[from] Sandstorm
|-damage|p1a: Blissey|94/100|[from] Sandstorm
|-heal|p2a: Moltres|100/100|[from] item: Leftovers
|-heal|p1a: Blissey|100/100|[from] item: Leftovers
|upkeep
|turn|10
|
|t:|1728148367
|switch|p2a: Skarmory|Skarmory, F|100/100
|move|p1a: Blissey|Toxic|p2a: Skarmory
|-immune|p2a: Skarmory
|
|-weather|Sandstorm|[upkeep]
|-damage|p1a: Blissey|94/100|[from] Sandstorm
|-heal|p1a: Blissey|100/100|[from] item: Leftovers
|upkeep
|turn|11
|
|t:|1728148374
|switch|p1a: Starmie|Starmie|100/100
|move|p2a: Skarmory|Spikes|p1a: Starmie
|-sidestart|p1: wiilink100|Spikes
|
|-weather|Sandstorm|[upkeep]
|-damage|p1a: Starmie|94/100|[from] Sandstorm
|-heal|p1a: Starmie|100/100|[from] item: Leftovers
|upkeep
|turn|12
|
|t:|1728148380
|switch|p2a: Jolteon|Jolteon, F|100/100
|move|p1a: Starmie|Thunderbolt|p2a: Jolteon
|-immune|p2a: Jolteon|[from] ability: Volt Absorb
|
|-weather|Sandstorm|[upkeep]
|-damage|p2a: Jolteon|94/100|[from] Sandstorm
|-damage|p1a: Starmie|94/100|[from] Sandstorm
|-heal|p2a: Jolteon|100/100|[from] item: Leftovers
|-heal|p1a: Starmie|100/100|[from] item: Leftovers
|upkeep
|turn|13
|
|t:|1728148389
|switch|p1a: Blissey|Blissey, F|100/100
|-damage|p1a: Blissey|88/100|[from] Spikes
|move|p2a: Jolteon|Baton Pass|p2a: Jolteon
|
|t:|1728148411
|switch|p2a: Swampert|Swampert, F|100/100|[from] Baton Pass
|
|-weather|Sandstorm|[upkeep]
|-damage|p1a: Blissey|82/100|[from] Sandstorm
|-heal|p1a: Blissey|88/100|[from] item: Leftovers
|upkeep
|turn|14
|
|t:|1728148415
|move|p2a: Swampert|Hydro Pump|p1a: Blissey
|-damage|p1a: Blissey|69/100
|move|p1a: Blissey|Toxic|p2a: Swampert|[miss]
|-miss|p1a: Blissey|p2a: Swampert
|
|-weather|Sandstorm|[upkeep]
|-damage|p1a: Blissey|63/100|[from] Sandstorm
|-heal|p1a: Blissey|69/100|[from] item: Leftovers
|upkeep
|turn|15
|
|t:|1728148420
|-singleturn|p2a: Swampert|move: Focus Punch
|move|p1a: Blissey|Soft-Boiled|p1a: Blissey
|-heal|p1a: Blissey|100/100
|move|p2a: Swampert|Focus Punch|p1a: Blissey
|-supereffective|p1a: Blissey
|-damage|p1a: Blissey|23/100
|
|-weather|Sandstorm|[upkeep]
|-damage|p1a: Blissey|16/100|[from] Sandstorm
|-heal|p1a: Blissey|23/100|[from] item: Leftovers
|upkeep
|turn|16
|
|t:|1728148424
|switch|p1a: Gengar|Gengar, F|100/100
|move|p2a: Swampert|Earthquake|p1a: Gengar
|-immune|p1a: Gengar
|
|-weather|Sandstorm|[upkeep]
|-damage|p1a: Gengar|95/100|[from] Sandstorm
|-heal|p1a: Gengar|100/100|[from] item: Leftovers
|upkeep
|turn|17
|
|t:|1728148432
|move|p1a: Gengar|Will-O-Wisp|p2a: Swampert
|-status|p2a: Swampert|brn
|move|p2a: Swampert|Hydro Pump|p1a: Gengar
|-damage|p1a: Gengar|38/100
|
|-weather|Sandstorm|[upkeep]
|-damage|p1a: Gengar|32/100|[from] Sandstorm
|-heal|p1a: Gengar|38/100|[from] item: Leftovers
|-damage|p2a: Swampert|88/100 brn|[from] brn
|upkeep
|turn|18
|
|t:|1728148452
|switch|p1a: Skarmory|Skarmory, F|100/100
|move|p2a: Swampert|Hydro Pump|p1a: Skarmory
|-damage|p1a: Skarmory|56/100
|
|-weather|Sandstorm|[upkeep]
|-heal|p2a: Swampert|94/100 brn|[from] item: Leftovers
|-damage|p2a: Swampert|82/100 brn|[from] brn
|-heal|p1a: Skarmory|62/100|[from] item: Leftovers
|upkeep
|turn|19
|
|t:|1728148458
|switch|p2a: Moltres|Moltres|100/100
|move|p1a: Skarmory|Spikes|p2a: Moltres
|-sidestart|p2: chiefbeef1234|Spikes
|
|-weather|Sandstorm|[upkeep]
|-damage|p2a: Moltres|94/100|[from] Sandstorm
|-heal|p2a: Moltres|100/100|[from] item: Leftovers
|-heal|p1a: Skarmory|68/100|[from] item: Leftovers
|upkeep
|turn|20
|
|t:|1728148462
|move|p1a: Skarmory|Protect|p1a: Skarmory
|-singleturn|p1a: Skarmory|Protect
|move|p2a: Moltres|Flamethrower|p1a: Skarmory
|-activate|p1a: Skarmory|Protect
|
|-weather|Sandstorm|[upkeep]
|-damage|p2a: Moltres|94/100|[from] Sandstorm
|-heal|p2a: Moltres|100/100|[from] item: Leftovers
|-heal|p1a: Skarmory|74/100|[from] item: Leftovers
|upkeep
|turn|21
|
|t:|1728148477
|switch|p1a: Tyranitar|Tyranitar, F|100/100
|-damage|p1a: Tyranitar|88/100|[from] Spikes
|move|p2a: Moltres|Flamethrower|p1a: Tyranitar
|-resisted|p1a: Tyranitar
|-damage|p1a: Tyranitar|70/100
|
|-weather|Sandstorm|[upkeep]
|-damage|p2a: Moltres|94/100|[from] Sandstorm
|-heal|p2a: Moltres|100/100|[from] item: Leftovers
|-heal|p1a: Tyranitar|76/100|[from] item: Leftovers
|upkeep
|turn|22
|
|t:|1728148483
|switch|p2a: Swampert|Swampert, F|82/100 brn
|-damage|p2a: Swampert|70/100 brn|[from] Spikes
|move|p1a: Tyranitar|Rock Slide|p2a: Swampert
|-resisted|p2a: Swampert
|-damage|p2a: Swampert|51/100 brn
|
|-weather|Sandstorm|[upkeep]
|-heal|p2a: Swampert|57/100 brn|[from] item: Leftovers
|-damage|p2a: Swampert|44/100 brn|[from] brn
|-heal|p1a: Tyranitar|82/100|[from] item: Leftovers
|upkeep
|turn|23
|
|t:|1728148487
|switch|p1a: Skarmory|Skarmory, F|74/100
|move|p2a: Swampert|Hydro Pump|p1a: Skarmory
|-damage|p1a: Skarmory|26/100
|
|-weather|Sandstorm|[upkeep]
|-heal|p2a: Swampert|51/100 brn|[from] item: Leftovers
|-damage|p2a: Swampert|38/100 brn|[from] brn
|-heal|p1a: Skarmory|32/100|[from] item: Leftovers
|upkeep
|turn|24
|
|t:|1728148492
|move|p2a: Swampert|Hydro Pump|p1a: Skarmory
|-damage|p1a: Skarmory|0 fnt
|faint|p1a: Skarmory
|
|t:|1728148510
|switch|p1a: Blissey|Blissey, F|23/100
|-damage|p1a: Blissey|10/100|[from] Spikes
|
|-weather|Sandstorm|[upkeep]
|-damage|p1a: Blissey|4/100|[from] Sandstorm
|-heal|p2a: Swampert|44/100 brn|[from] item: Leftovers
|-damage|p2a: Swampert|32/100 brn|[from] brn
|-heal|p1a: Blissey|10/100|[from] item: Leftovers
|upkeep
|turn|25
|
|t:|1728148530
|move|p2a: Swampert|Earthquake|p1a: Blissey
|-damage|p1a: Blissey|0 fnt
|faint|p1a: Blissey
|
|t:|1728148541
|switch|p1a: Gengar|Gengar, F|38/100
|
|-weather|Sandstorm|[upkeep]
|-damage|p1a: Gengar|32/100|[from] Sandstorm
|-heal|p1a: Gengar|38/100|[from] item: Leftovers
|-heal|p2a: Swampert|38/100 brn|[from] item: Leftovers
|-damage|p2a: Swampert|26/100 brn|[from] brn
|upkeep
|turn|26
|
|t:|1728148561
|move|p1a: Gengar|Ice Punch|p2a: Swampert
|-damage|p2a: Swampert|0 fnt
|faint|p2a: Swampert
|inactive|chiefbeef1234 has 270 seconds left.
|
|t:|1728148590
|switch|p2a: Jolteon|Jolteon, F|100/100
|-damage|p2a: Jolteon|88/100|[from] Spikes
|
|-weather|Sandstorm|[upkeep]
|-damage|p2a: Jolteon|82/100|[from] Sandstorm
|-damage|p1a: Gengar|32/100|[from] Sandstorm
|-heal|p2a: Jolteon|88/100|[from] item: Leftovers
|-heal|p1a: Gengar|38/100|[from] item: Leftovers
|upkeep
|turn|27
|
|t:|1728148601
|switch|p1a: Tyranitar|Tyranitar, F|82/100
|-damage|p1a: Tyranitar|70/100|[from] Spikes
|move|p2a: Jolteon|Thunderbolt|p1a: Tyranitar
|-damage|p1a: Tyranitar|34/100
|
|-weather|Sandstorm|[upkeep]
|-damage|p2a: Jolteon|82/100|[from] Sandstorm
|-heal|p2a: Jolteon|88/100|[from] item: Leftovers
|-heal|p1a: Tyranitar|40/100|[from] item: Leftovers
|upkeep
|turn|28
|
|t:|1728148608
|move|p2a: Jolteon|Baton Pass|p2a: Jolteon
|
|t:|1728148610
|switch|p2a: Skarmory|Skarmory, F|100/100|[from] Baton Pass
|move|p1a: Tyranitar|Rock Slide|p2a: Skarmory
|-damage|p2a: Skarmory|63/100
|
|-weather|Sandstorm|[upkeep]
|-heal|p2a: Skarmory|70/100|[from] item: Leftovers
|-heal|p1a: Tyranitar|47/100|[from] item: Leftovers
|upkeep
|turn|29
|
|t:|1728148615
|-singleturn|p1a: Tyranitar|move: Focus Punch
|move|p2a: Skarmory|Hidden Power|p1a: Tyranitar
|-supereffective|p1a: Tyranitar
|-damage|p1a: Tyranitar|17/100
|move|p1a: Tyranitar|Focus Punch||[still]
|cant|p1a: Tyranitar|Focus Punch|Focus Punch
|
|-weather|Sandstorm|[upkeep]
|-heal|p2a: Skarmory|76/100|[from] item: Leftovers
|-heal|p1a: Tyranitar|24/100|[from] item: Leftovers
|upkeep
|turn|30
|
|t:|1728148626
|switch|p1a: Gengar|Gengar, F|38/100
|move|p2a: Skarmory|Hidden Power|p1a: Gengar
|-immune|p1a: Gengar
|
|-weather|Sandstorm|[upkeep]
|-damage|p1a: Gengar|32/100|[from] Sandstorm
|-heal|p1a: Gengar|38/100|[from] item: Leftovers
|-heal|p2a: Skarmory|82/100|[from] item: Leftovers
|upkeep
|turn|31
|
|t:|1728148630
|switch|p2a: Jolteon|Jolteon, F|88/100
|-damage|p2a: Jolteon|76/100|[from] Spikes
|move|p1a: Gengar|Will-O-Wisp|p2a: Jolteon|[miss]
|-miss|p1a: Gengar|p2a: Jolteon
|
|-weather|Sandstorm|[upkeep]
|-damage|p2a: Jolteon|69/100|[from] Sandstorm
|-damage|p1a: Gengar|32/100|[from] Sandstorm
|-heal|p2a: Jolteon|76/100|[from] item: Leftovers
|-heal|p1a: Gengar|38/100|[from] item: Leftovers
|upkeep
|turn|32
|
|t:|1728148637
|switch|p1a: Swampert|Swampert, F|64/100
|-damage|p1a: Swampert|51/100|[from] Spikes
|move|p2a: Jolteon|Thunderbolt|p1a: Swampert
|-immune|p1a: Swampert
|
|-weather|Sandstorm|[upkeep]
|-damage|p2a: Jolteon|69/100|[from] Sandstorm
|-heal|p2a: Jolteon|76/100|[from] item: Leftovers
|-heal|p1a: Swampert|57/100|[from] item: Leftovers
|upkeep
|turn|33
|
|t:|1728148647
|move|p2a: Jolteon|Baton Pass|p2a: Jolteon
|
|t:|1728148648
|switch|p2a: Skarmory|Skarmory, F|82/100|[from] Baton Pass
|move|p1a: Swampert|Hydro Pump|p2a: Skarmory|[miss]
|-miss|p1a: Swampert|p2a: Skarmory
|
|-weather|Sandstorm|[upkeep]
|-heal|p2a: Skarmory|88/100|[from] item: Leftovers
|-heal|p1a: Swampert|64/100|[from] item: Leftovers
|upkeep
|turn|34
|
|t:|1728148655
|move|p2a: Skarmory|Drill Peck|p1a: Swampert
|-damage|p1a: Swampert|39/100
|move|p1a: Swampert|Hydro Pump|p2a: Skarmory
|-damage|p2a: Skarmory|22/100
|
|-weather|Sandstorm|[upkeep]
|-heal|p2a: Skarmory|28/100|[from] item: Leftovers
|-heal|p1a: Swampert|46/100|[from] item: Leftovers
|upkeep
|turn|35
|
|t:|1728148664
|move|p1a: Swampert|Protect|p1a: Swampert
|-singleturn|p1a: Swampert|Protect
|move|p2a: Skarmory|Spikes|p1a: Swampert
|-sidestart|p1: wiilink100|Spikes
|
|-weather|Sandstorm|[upkeep]
|-heal|p2a: Skarmory|34/100|[from] item: Leftovers
|-heal|p1a: Swampert|52/100|[from] item: Leftovers
|upkeep
|turn|36
|
|t:|1728148677
|move|p2a: Skarmory|Taunt|p1a: Swampert
|-start|p1a: Swampert|move: Taunt
|move|p1a: Swampert|Hydro Pump|p2a: Skarmory
|-damage|p2a: Skarmory|0 fnt
|faint|p2a: Skarmory
|
|t:|1728148679
|switch|p2a: Moltres|Moltres|100/100
|
|-weather|Sandstorm|[upkeep]
|-damage|p2a: Moltres|94/100|[from] Sandstorm
|-heal|p2a: Moltres|100/100|[from] item: Leftovers
|-heal|p1a: Swampert|58/100|[from] item: Leftovers
|upkeep
|turn|37
|
|t:|1728148685
|switch|p1a: Tyranitar|Tyranitar, F|24/100
|-damage|p1a: Tyranitar|7/100|[from] Spikes
|move|p2a: Moltres|Hidden Power|p1a: Tyranitar
|-supereffective|p1a: Tyranitar
|-damage|p1a: Tyranitar|0 fnt
|faint|p1a: Tyranitar
|
|t:|1728148687
|switch|p1a: Starmie|Starmie|100/100
|-damage|p1a: Starmie|84/100|[from] Spikes
|
|-weather|Sandstorm|[upkeep]
|-damage|p1a: Starmie|78/100|[from] Sandstorm
|-damage|p2a: Moltres|94/100|[from] Sandstorm
|-heal|p1a: Starmie|84/100|[from] item: Leftovers
|-heal|p2a: Moltres|100/100|[from] item: Leftovers
|upkeep
|turn|38
|
|t:|1728148696
|move|p1a: Starmie|Hydro Pump|p2a: Moltres
|-supereffective|p2a: Moltres
|-damage|p2a: Moltres|0 fnt
|faint|p2a: Moltres
|
|t:|1728148698
|switch|p2a: Jolteon|Jolteon, F|76/100
|-damage|p2a: Jolteon|63/100|[from] Spikes
|
|-weather|Sandstorm|[upkeep]
|-damage|p2a: Jolteon|57/100|[from] Sandstorm
|-damage|p1a: Starmie|78/100|[from] Sandstorm
|-heal|p2a: Jolteon|63/100|[from] item: Leftovers
|-heal|p1a: Starmie|84/100|[from] item: Leftovers
|upkeep
|turn|39
|
|t:|1728148701
|switch|p1a: Swampert|Swampert, F|58/100
|-damage|p1a: Swampert|42/100|[from] Spikes
|move|p2a: Jolteon|Hidden Power|p1a: Swampert
|-damage|p1a: Swampert|25/100
|
|-weather|Sandstorm|[upkeep]
|-damage|p2a: Jolteon|57/100|[from] Sandstorm
|-heal|p2a: Jolteon|63/100|[from] item: Leftovers
|-heal|p1a: Swampert|31/100|[from] item: Leftovers
|upkeep
|turn|40
|
|t:|1728148707
|move|p2a: Jolteon|Hidden Power|p1a: Swampert
|-damage|p1a: Swampert|12/100
|move|p1a: Swampert|Earthquake|p2a: Jolteon
|-supereffective|p2a: Jolteon
|-damage|p2a: Jolteon|0 fnt
|faint|p2a: Jolteon
|
|t:|1728148709
|switch|p2a: Tyranitar|Tyranitar, F|88/100
|-damage|p2a: Tyranitar|76/100|[from] Spikes
|
|-weather|Sandstorm|[upkeep]
|-heal|p1a: Swampert|18/100|[from] item: Leftovers
|upkeep
|turn|41
|
|t:|1728148713
|move|p2a: Tyranitar|Dragon Dance|p2a: Tyranitar
|-boost|p2a: Tyranitar|atk|1
|-boost|p2a: Tyranitar|spe|1
|move|p1a: Swampert|Hydro Pump|p2a: Tyranitar|[miss]
|-miss|p1a: Swampert|p2a: Tyranitar
|
|-weather|Sandstorm|[upkeep]
|-heal|p1a: Swampert|24/100|[from] item: Leftovers
|upkeep
|turn|42
|
|t:|1728148721
|move|p2a: Tyranitar|Earthquake|p1a: Swampert
|-crit|p1a: Swampert
|-damage|p1a: Swampert|0 fnt
|faint|p1a: Swampert
|
|t:|1728148727
|switch|p1a: Starmie|Starmie|84/100
|-damage|p1a: Starmie|68/100|[from] Spikes
|
|-weather|Sandstorm|[upkeep]
|-damage|p1a: Starmie|62/100|[from] Sandstorm
|-heal|p1a: Starmie|68/100|[from] item: Leftovers
|upkeep
|turn|43
|c|☆chiefbeef1234|I'm actuallysorry
|
|t:|1728148734
|move|p2a: Tyranitar|Hidden Power|p1a: Starmie
|-supereffective|p1a: Starmie
|-damage|p1a: Starmie|0 fnt
|faint|p1a: Starmie
|
|t:|1728148736
|switch|p1a: Gengar|Gengar, F|38/100
|
|-weather|Sandstorm|[upkeep]
|-damage|p1a: Gengar|32/100|[from] Sandstorm
|-heal|p1a: Gengar|38/100|[from] item: Leftovers
|upkeep
|turn|44
|c|☆wiilink100|So many hydro misses lol
|
|t:|1728148745
|move|p2a: Tyranitar|Rock Slide|p1a: Gengar
|-damage|p1a: Gengar|0 fnt
|faint|p1a: Gengar
|
|win|chiefbeef1234
|c|☆wiilink100|gg wp
|c|☆chiefbeef1234|Not saying gg to that
|c|☆chiefbeef1234|That was horrible
|c|☆chiefbeef1234|I would've lost 10 times over

</script>
<script type="application/json" class="data" id="replaydata-smogtours-gen3ou-795036">
{"id":"smogtours-gen3ou-795036","format":"[Gen 3] OU","players":["wiilink100","chiefbeef1234"],"uploadtime":1728148745,"views":105,"formatid":"gen3ou","rating":null,"private":0,"password":null}
</script>

<script defer src="js/replays.js?9d40a366"></script>
