<!DOCTYPE html>
<meta charset="utf-8" />
<meta name="viewport" content="width=device-width" />

<title>[Gen 3] OU: triskeriaki vs. yt-cyber-dj - Replays - Pok&eacute;mon Showdown!</title>

<meta name="description" content="Watch a replay of a Pok&eacute;mon battle between triskeriaki and yt-cyber-dj! Format: [Gen 3] OU; Date: Oct 5, 2024" />
<!--

Hey, you! Looking in the source for the replay log?

You can find them in JSON format, just add `.json` at the end of a replay URL.

https://replay.pokemonshowdown.com/gen7randomdoublesbattle-865046831.json

Or, if you only need the log itself, add `.log` instead:

https://replay.pokemonshowdown.com/gen7randomdoublesbattle-865046831.log

-->

<link rel="stylesheet" href="//pokemonshowdown.com/style/global.css?0.023195364461161105" />
<link rel="stylesheet" href="//play.pokemonshowdown.com/style/font-awesome.css?0.13261647063804238" />
<link rel="stylesheet" href="//play.pokemonshowdown.com/style/battle.css?0.8753245789963631" />
<link rel="stylesheet" href="//play.pokemonshowdown.com/style/utilichart.css?0.8627959624976733" />

<!-- Global site tag (gtag.js) - Google Analytics -->
<script async src="https://www.googletagmanager.com/gtag/js?id=UA-26211653-1"></script>
<script>
  window.dataLayer = window.dataLayer || [];
  function gtag(){dataLayer.push(arguments);}
  gtag('js', new Date());

  gtag('config', 'UA-26211653-1');
</script>
<!-- End Google Analytics -->
<!-- Venatus Ad Manager - Install in <HEAD> of page -->
	<script src="https://hb.vntsm.com/v3/live/ad-manager.min.js" type="text/javascript" data-site-id="642aba63ec9a7b11c3c9c1be" data-mode="scan" async></script>
<!-- / Venatus Ad Manager -->

<style>
	@media (max-width:820px) {
		.battle {
			margin: 0 auto;
		}
		.battle-log {
			margin: 7px auto 0;
			max-width: 640px;
			height: 300px;
			position: static;
		}
	}
	.optgroup {
		display: inline-block;
		line-height: 22px;
		font-size: 10pt;
	}
	.optgroup .button {
		height: 25px;
		padding-top: 0;
		padding-bottom: 0;
	}
	.optgroup button.button {
		padding-left: 12px;
		padding-right: 12px;
	}
	.linklist {
		list-style: none;
		margin: 0.5em 0;
		padding: 0;
	}
	.linklist li {
		padding: 2px 0;
	}
	.sidebar {
		float: left;
		width: 320px;
	}
	.bar-wrapper {
		max-width: 1100px;
		margin: 0 auto;
	}
	.bar-wrapper.has-sidebar {
		max-width: 1430px;
	}
	.mainbar {
		margin: 0;
		padding-right: 1px;
	}
	.mainbar.has-sidebar {
		margin-left: 330px;
	}
	@media (min-width: 1511px) {
		.sidebar {
			width: 400px;
		}
		.bar-wrapper.has-sidebar {
			max-width: 1510px;
		}
		.mainbar.has-sidebar {
			margin-left: 410px;
		}
	}
	.section.first-section {
		margin-top: 9px;
	}
	.blocklink small {
		white-space: normal;
	}
	.button {
		vertical-align: middle;
	}
	.replay-controls {
		padding-top: 10px;
	}
	.replay-controls h1 {
		font-size: 16pt;
		font-weight: normal;
		color: #CCC;
	}
	.pagelink {
		text-align: center;
	}
	.pagelink a {
		width: 150px;
	}
	.textbox, .button {
		font-size: 11pt;
		vertical-align: middle;
	}
	@media (max-width: 450px) {
		.button {
			font-size: 9pt;
		}
	}
</style>

<div>

	<header>
		<div class="nav-wrapper"><ul class="nav">
			<li><a class="button nav-first" href="//pokemonshowdown.com/"><img src="//pokemonshowdown.com/images/pokemonshowdownbeta.png" srcset="//pokemonshowdown.com/images/pokemonshowdownbeta.png 1x, //pokemonshowdown.com/images/pokemonshowdownbeta@2x.png 2x" alt="Pok&eacute;mon Showdown" width="146" height="44" /> Home</a></li>
			<li><a class="button" href="//pokemonshowdown.com/dex/">Pok&eacute;dex</a></li>
			<li><a class="button cur" href="/">Replays</a></li>
			<li><a class="button" href="//pokemonshowdown.com/ladder/">Ladder</a></li>
			<li><a class="button nav-last" href="//pokemonshowdown.com/forums/">Forum</a></li>
			<li><a class="button greenbutton nav-first nav-last" href="//play.pokemonshowdown.com/">Play</a></li>
		</ul></div>
	</header>

	<div class="main" id="main">

		<noscript><section class="section">You need to enable JavaScript to use this page; sorry!</section></noscript>

	</div>

</div>

<script defer nomodule src="//play.pokemonshowdown.com/js/lib/ps-polyfill.js"></script>
<script defer src="//play.pokemonshowdown.com/js/lib/preact.min.js"></script>

<script defer src="//play.pokemonshowdown.com/config/config.js?2bddbc15"></script>
<script defer src="//play.pokemonshowdown.com/js/lib/jquery-1.11.0.min.js"></script>
<script defer src="//play.pokemonshowdown.com/js/lib/html-sanitizer-minified.js"></script>
<script defer src="//play.pokemonshowdown.com/js/battle-sound.js"></script>
<script defer src="//play.pokemonshowdown.com/js/battledata.js?0.7209276989879541"></script>
<script defer src="//play.pokemonshowdown.com/data/pokedex-mini.js?0.6111056340867951"></script>
<script defer src="//play.pokemonshowdown.com/data/pokedex-mini-bw.js?0.3532142036491459"></script>
<script defer src="//play.pokemonshowdown.com/data/graphics.js?0.24223875632456182"></script>
<script defer src="//play.pokemonshowdown.com/data/pokedex.js?0.38839984266356864"></script>
<script defer src="//play.pokemonshowdown.com/data/moves.js?0.21866028504024015"></script>
<script defer src="//play.pokemonshowdown.com/data/abilities.js?0.2005157953846628"></script>
<script defer src="//play.pokemonshowdown.com/data/items.js?0.9894211263848525"></script>
<script defer src="//play.pokemonshowdown.com/data/teambuilder-tables.js?0.6008791140282215"></script>
<script defer src="//play.pokemonshowdown.com/js/battle-tooltips.js?0.7580118955022959"></script>
<script defer src="//play.pokemonshowdown.com/js/battle.js?0.6057722274234274"></script>

<script defer src="js/utils.js?e31f9a17"></script>
<script defer src="js/replays-battle.js?7008c182"></script>

<!-- don't scrape this data! just add .json or .log after the URL!
Full API docs: https://github.com/smogon/pokemon-showdown-client/blob/master/WEB-API.md -->
<script type="text/plain" class="log" id="replaylog-gen3ou-2216237005-v63fpednrkmyi9v4y6yl0imghy85g2xpw">
|j|☆triskeriaki
|j|☆yt-cyber-dj
|t:|1728097059
|gametype|singles
|player|p1|triskeriaki|medium-gen2jp|
|player|p2|yt-cyber-dj|gambler|
|teamsize|p1|6
|teamsize|p2|6
|gen|3
|tier|[Gen 3] OU
|rule|Sleep Clause Mod: Limit one foe put to sleep
|rule|Switch Priority Clause Mod: Faster Pokémon switch first
|rule|Species Clause: Limit one of each Pokémon
|rule|OHKO Clause: OHKO moves are banned
|rule|Evasion Items Clause: Evasion items are banned
|rule|Evasion Moves Clause: Evasion moves are banned
|rule|Endless Battle Clause: Forcing endless battles is banned
|rule|HP Percentage Mod: HP is shown in percentages
|rule|One Boost Passer Clause: Limit one Baton Passer that has a way to boost its stats
|rule|Freeze Clause Mod: Limit one foe frozen
|
|t:|1728097059
|start
|switch|p1a: dog 1|Raikou|100/100
|switch|p2a: Gutsy Shinobi|Hariyama, M|100/100
|turn|1
|inactive|Battle timer is ON: inactive players will automatically lose when time's up. (requested by yt-cyber-dj)
|c|☆yt-cyber-dj|GLHF
|c|☆triskeriaki|glhf
|inactive|yt-cyber-dj has 270 seconds left.
|
|t:|1728097090
|switch|p2a: Vegetable|Celebi|100/100
|move|p1a: dog 1|Thunderbolt|p2a: Vegetable
|-resisted|p2a: Vegetable
|-damage|p2a: Vegetable|85/100
|-status|p2a: Vegetable|par
|
|-heal|p2a: Vegetable|91/100 par|[from] item: Leftovers
|upkeep
|turn|2
|j| SPFunkm
|
|t:|1728097117
|switch|p1a: smooth figure 2|Porygon2|100/100
|-ability|p1a: smooth figure 2|Natural Cure|[from] ability: Trace|[of] p2a: Vegetable
|move|p2a: Vegetable|Psychic|p1a: smooth figure 2
|-damage|p1a: smooth figure 2|68/100
|-unboost|p1a: smooth figure 2|spd|1
|
|-heal|p1a: smooth figure 2|74/100|[from] item: Leftovers
|-heal|p2a: Vegetable|98/100 par|[from] item: Leftovers
|upkeep
|turn|3
|j| sao soap
|l| sao soap
|
|t:|1728097132
|switch|p1a: lil guy 1|Celebi|100/100
|-curestatus|p2a: Vegetable|par|[from] ability: Natural Cure
|switch|p2a: Wish Baby|Jirachi|100/100
|
|upkeep
|turn|4
|
|t:|1728097145
|move|p1a: lil guy 1|Leech Seed|p2a: Wish Baby
|-start|p2a: Wish Baby|move: Leech Seed
|move|p2a: Wish Baby|Fire Punch|p1a: lil guy 1
|-supereffective|p1a: lil guy 1
|-damage|p1a: lil guy 1|75/100
|
|-heal|p1a: lil guy 1|81/100|[from] item: Leftovers
|-damage|p2a: Wish Baby|88/100|[from] Leech Seed|[of] p1a: lil guy 1
|-heal|p1a: lil guy 1|94/100|[silent]
|upkeep
|turn|5
|inactive|triskeriaki has 270 seconds left.
|inactive|yt-cyber-dj has 270 seconds left.
|
|t:|1728097181
|switch|p1a: smooth figure 2|Porygon2|74/100
|-ability|p1a: smooth figure 2|Serene Grace|[from] ability: Trace|[of] p2a: Wish Baby
|switch|p2a: Gutsy Shinobi|Hariyama, M|100/100
|
|-heal|p1a: smooth figure 2|80/100|[from] item: Leftovers
|upkeep
|turn|6
|inactive|triskeriaki has 270 seconds left.
|
|t:|1728097203
|switch|p1a: smooth figure 1|Claydol|100/100
|move|p2a: Gutsy Shinobi|Knock Off|p1a: smooth figure 1
|-supereffective|p1a: smooth figure 1
|-damage|p1a: smooth figure 1|96/100
|-enditem|p1a: smooth figure 1|Leftovers|[from] move: Knock Off|[of] p2a: Gutsy Shinobi
|-hint|In Gens 3-4, Knock Off only makes the target's item unusable; it cannot obtain a new item.
|
|upkeep
|turn|7
|
|t:|1728097218
|switch|p1a: lil guy 1|Celebi|94/100
|switch|p2a: Salami|Salamence, M, shiny|100/100
|-ability|p2a: Salami|Intimidate|boost
|-unboost|p1a: lil guy 1|atk|1
|
|-heal|p1a: lil guy 1|99/100|[from] item: Leftovers
|upkeep
|turn|8
|
|t:|1728097232
|switch|p1a: smooth figure 2|Porygon2|80/100
|-ability|p1a: smooth figure 2|Intimidate|[from] ability: Trace|[of] p2a: Salami
|move|p2a: Salami|Toxic|p1a: smooth figure 2
|-status|p1a: smooth figure 2|tox
|
|-heal|p1a: smooth figure 2|86/100 tox|[from] item: Leftovers
|-damage|p1a: smooth figure 2|80/100 tox|[from] psn
|upkeep
|turn|9
|inactive|yt-cyber-dj has 270 seconds left.
|
|t:|1728097247
|switch|p2a: Gutsy Shinobi|Hariyama, M|100/100
|move|p1a: smooth figure 2|Recover|p1a: smooth figure 2
|-heal|p1a: smooth figure 2|100/100 tox
|
|-damage|p1a: smooth figure 2|88/100 tox|[from] psn
|upkeep
|turn|10
|inactive|triskeriaki has 240 seconds left.
|
|t:|1728097282
|switch|p1a: smooth figure 1|Claydol|96/100
|move|p2a: Gutsy Shinobi|Hidden Power|p1a: smooth figure 1
|-supereffective|p1a: smooth figure 1
|-damage|p1a: smooth figure 1|59/100
|
|upkeep
|turn|11
|
|t:|1728097291
|switch|p2a: Wish Baby|Jirachi|88/100
|move|p1a: smooth figure 1|Psychic|p2a: Wish Baby
|-resisted|p2a: Wish Baby
|-damage|p2a: Wish Baby|84/100
|
|-heal|p2a: Wish Baby|90/100|[from] item: Leftovers
|upkeep
|turn|12
|
|t:|1728097296
|switch|p2a: Salami|Salamence, M, shiny|100/100
|-ability|p2a: Salami|Intimidate|boost
|-unboost|p1a: smooth figure 1|atk|1
|move|p1a: smooth figure 1|Earthquake|p2a: Salami
|-immune|p2a: Salami
|
|upkeep
|turn|13
|
|t:|1728097308
|switch|p2a: Wish Baby|Jirachi|90/100
|switch|p1a: dog 2|Suicune|100/100
|
|-heal|p2a: Wish Baby|97/100|[from] item: Leftovers
|upkeep
|turn|14
|
|t:|1728097318
|switch|p2a: Vegetable|Celebi|98/100
|move|p1a: dog 2|Calm Mind|p1a: dog 2
|-boost|p1a: dog 2|spa|1
|-boost|p1a: dog 2|spd|1
|
|-heal|p2a: Vegetable|100/100|[from] item: Leftovers
|upkeep
|turn|15
|
|t:|1728097322
|move|p2a: Vegetable|Leech Seed|p1a: dog 2
|-start|p1a: dog 2|move: Leech Seed
|move|p1a: dog 2|Calm Mind|p1a: dog 2
|-boost|p1a: dog 2|spa|1
|-boost|p1a: dog 2|spd|1
|
|-damage|p1a: dog 2|88/100|[from] Leech Seed|[of] p2a: Vegetable
|upkeep
|turn|16
|
|t:|1728097327
|switch|p2a: Starmie's Aligned|Starmie|100/100
|move|p1a: dog 2|Calm Mind|p1a: dog 2
|-boost|p1a: dog 2|spa|1
|-boost|p1a: dog 2|spd|1
|
|-heal|p1a: dog 2|94/100|[from] item: Leftovers
|-damage|p1a: dog 2|82/100|[from] Leech Seed|[of] p2a: Starmie's Aligned
|upkeep
|turn|17
|
|t:|1728097339
|move|p2a: Starmie's Aligned|Thunder Wave|p1a: dog 2
|-status|p1a: dog 2|par
|cant|p1a: dog 2|par
|
|-heal|p1a: dog 2|88/100 par|[from] item: Leftovers
|-damage|p1a: dog 2|76/100 par|[from] Leech Seed|[of] p2a: Starmie's Aligned
|upkeep
|turn|18
|
|t:|1728097346
|switch|p2a: Vegetable|Celebi|100/100
|move|p1a: dog 2|Calm Mind|p1a: dog 2
|-boost|p1a: dog 2|spa|1
|-boost|p1a: dog 2|spd|1
|
|-heal|p1a: dog 2|82/100 par|[from] item: Leftovers
|-damage|p1a: dog 2|70/100 par|[from] Leech Seed|[of] p2a: Vegetable
|upkeep
|turn|19
|
|t:|1728097358
|move|p2a: Vegetable|Hidden Power|p1a: dog 2
|-supereffective|p1a: dog 2
|-damage|p1a: dog 2|56/100 par
|move|p1a: dog 2|Calm Mind|p1a: dog 2
|-boost|p1a: dog 2|spa|1
|-boost|p1a: dog 2|spd|1
|
|-heal|p1a: dog 2|62/100 par|[from] item: Leftovers
|-damage|p1a: dog 2|50/100 par|[from] Leech Seed|[of] p2a: Vegetable
|upkeep
|turn|20
|
|t:|1728097372
|switch|p2a: My Marow's Wack|Marowak, F|100/100
|cant|p1a: dog 2|par
|
|-heal|p1a: dog 2|56/100 par|[from] item: Leftovers
|-damage|p1a: dog 2|43/100 par|[from] Leech Seed|[of] p2a: My Marow's Wack
|upkeep
|turn|21
|inactive|yt-cyber-dj has 270 seconds left.
|inactive|triskeriaki has 270 seconds left.
|
|t:|1728097416
|switch|p1a: smooth figure 1|Claydol|59/100
|move|p2a: My Marow's Wack|Rock Slide|p1a: smooth figure 1
|-resisted|p1a: smooth figure 1
|-damage|p1a: smooth figure 1|41/100
|
|upkeep
|turn|22
|inactive|triskeriaki has 270 seconds left.
|inactive|yt-cyber-dj has 240 seconds left.
|inactive|triskeriaki has 240 seconds left.
|
|t:|1728097472
|switch|p2a: Starmie's Aligned|Starmie|100/100
|move|p1a: smooth figure 1|Psychic|p2a: Starmie's Aligned
|-resisted|p2a: Starmie's Aligned
|-damage|p2a: Starmie's Aligned|86/100
|
|-heal|p2a: Starmie's Aligned|92/100|[from] item: Leftovers
|upkeep
|turn|23
|inactive|yt-cyber-dj has 240 seconds left.
|
|t:|1728097478
|switch|p1a: lil guy 1|Celebi|99/100
|move|p2a: Starmie's Aligned|Thunder Wave|p1a: lil guy 1
|-status|p1a: lil guy 1|par
|
|-heal|p2a: Starmie's Aligned|99/100|[from] item: Leftovers
|-heal|p1a: lil guy 1|100/100 par|[from] item: Leftovers
|upkeep
|turn|24
|
|t:|1728097485
|switch|p2a: Gutsy Shinobi|Hariyama, M|100/100
|move|p1a: lil guy 1|Leech Seed|p2a: Gutsy Shinobi
|-start|p2a: Gutsy Shinobi|move: Leech Seed
|
|-damage|p2a: Gutsy Shinobi|88/100|[from] Leech Seed|[of] p1a: lil guy 1
|upkeep
|turn|25
|inactive|triskeriaki has 210 seconds left.
|
|t:|1728097528
|move|p2a: Gutsy Shinobi|Knock Off|p1a: lil guy 1
|-supereffective|p1a: lil guy 1
|-damage|p1a: lil guy 1|97/100 par
|-enditem|p1a: lil guy 1|Leftovers|[from] move: Knock Off|[of] p2a: Gutsy Shinobi
|move|p1a: lil guy 1|Heal Bell|p1a: lil guy 1
|-activate|p1a: lil guy 1|move: Heal Bell
|-curestatus|p1a: lil guy 1|par|[silent]
|-curestatus|p1: smooth figure 2|tox|[silent]
|-curestatus|p1: dog 2|par|[silent]
|
|-heal|p2a: Gutsy Shinobi|94/100|[from] item: Leftovers
|-damage|p2a: Gutsy Shinobi|82/100|[from] Leech Seed|[of] p1a: lil guy 1
|-heal|p1a: lil guy 1|100/100|[silent]
|upkeep
|turn|26
|
|t:|1728097553
|switch|p1a: smooth figure 1|Claydol|41/100
|switch|p2a: Wish Baby|Jirachi|97/100
|
|-heal|p2a: Wish Baby|100/100|[from] item: Leftovers
|upkeep
|turn|27
|
|t:|1728097557
|move|p2a: Wish Baby|Protect|p2a: Wish Baby
|-singleturn|p2a: Wish Baby|Protect
|move|p1a: smooth figure 1|Earthquake|p2a: Wish Baby
|-activate|p2a: Wish Baby|Protect
|
|upkeep
|turn|28
|
|t:|1728097575
|switch|p2a: Salami|Salamence, M, shiny|100/100
|-ability|p2a: Salami|Intimidate|boost
|-unboost|p1a: smooth figure 1|atk|1
|switch|p1a: dog 2|Suicune|43/100
|
|-heal|p1a: dog 2|50/100|[from] item: Leftovers
|upkeep
|turn|29
|
|t:|1728097585
|move|p2a: Salami|Toxic|p1a: dog 2
|-status|p1a: dog 2|tox
|move|p1a: dog 2|Rest|p1a: dog 2
|-status|p1a: dog 2|slp|[from] move: Rest
|-heal|p1a: dog 2|100/100 slp|[silent]
|
|upkeep
|turn|30
|l| SPFunkm
|
|t:|1728097611
|switch|p2a: Vegetable|Celebi|100/100
|switch|p1a: lil guy 2|Jirachi|100/100
|
|upkeep
|turn|31
|inactive|triskeriaki has 180 seconds left.
|
|t:|1728097627
|move|p2a: Vegetable|Leech Seed|p1a: lil guy 2
|-start|p1a: lil guy 2|move: Leech Seed
|move|p1a: lil guy 2|Fire Punch|p2a: Vegetable
|-supereffective|p2a: Vegetable
|-damage|p2a: Vegetable|69/100
|-status|p2a: Vegetable|brn
|
|-heal|p2a: Vegetable|75/100 brn|[from] item: Leftovers
|-damage|p2a: Vegetable|63/100 brn|[from] brn
|-damage|p1a: lil guy 2|88/100|[from] Leech Seed|[of] p2a: Vegetable
|-heal|p2a: Vegetable|75/100 brn|[silent]
|upkeep
|turn|32
|
|t:|1728097633
|-curestatus|p2a: Vegetable|brn|[from] ability: Natural Cure
|switch|p2a: Gutsy Shinobi|Hariyama, M|82/100
|move|p1a: lil guy 2|Wish|p1a: lil guy 2
|
|-heal|p1a: lil guy 2|94/100|[from] item: Leftovers
|-damage|p1a: lil guy 2|82/100|[from] Leech Seed|[of] p2a: Gutsy Shinobi
|-heal|p2a: Gutsy Shinobi|94/100|[silent]
|-heal|p2a: Gutsy Shinobi|99/100|[from] item: Leftovers
|upkeep
|turn|33
|
|t:|1728097644
|-singleturn|p2a: Gutsy Shinobi|move: Focus Punch
|switch|p1a: smooth figure 1|Claydol|41/100
|move|p2a: Gutsy Shinobi|Focus Punch|p1a: smooth figure 1
|-resisted|p1a: smooth figure 1
|-damage|p1a: smooth figure 1|9/100
|
|-heal|p1a: smooth figure 1|59/100|[from] move: Wish|[wisher] lil guy 2
|-heal|p2a: Gutsy Shinobi|100/100|[from] item: Leftovers
|upkeep
|turn|34
|
|t:|1728097661
|switch|p1a: lil guy 1|Celebi|100/100
|switch|p2a: Starmie's Aligned|Starmie|99/100
|
|-heal|p2a: Starmie's Aligned|100/100|[from] item: Leftovers
|upkeep
|turn|35
|
|t:|1728097670
|switch|p2a: Salami|Salamence, M, shiny|100/100
|-ability|p2a: Salami|Intimidate|boost
|-unboost|p1a: lil guy 1|atk|1
|move|p1a: lil guy 1|Hidden Power|p2a: Salami
|-resisted|p2a: Salami
|-damage|p2a: Salami|94/100
|
|-heal|p2a: Salami|100/100|[from] item: Leftovers
|upkeep
|turn|36
|
|t:|1728097681
|switch|p2a: Gutsy Shinobi|Hariyama, M|100/100
|move|p1a: lil guy 1|Leech Seed|p2a: Gutsy Shinobi
|-start|p2a: Gutsy Shinobi|move: Leech Seed
|
|-damage|p2a: Gutsy Shinobi|88/100|[from] Leech Seed|[of] p1a: lil guy 1
|upkeep
|turn|37
|inactive|triskeriaki has 180 seconds left.
|
|t:|1728097712
|switch|p2a: Starmie's Aligned|Starmie|100/100
|move|p1a: lil guy 1|Heal Bell|p1a: lil guy 1
|-activate|p1a: lil guy 1|move: Heal Bell
|-curestatus|p1: dog 2|slp|[silent]
|
|upkeep
|turn|38
|inactive|triskeriaki has 180 seconds left.
|
|t:|1728097720
|move|p2a: Starmie's Aligned|Thunder Wave|p1a: lil guy 1
|-status|p1a: lil guy 1|par
|move|p1a: lil guy 1|Hidden Power|p2a: Starmie's Aligned
|-supereffective|p2a: Starmie's Aligned
|-damage|p2a: Starmie's Aligned|45/100
|
|-heal|p2a: Starmie's Aligned|51/100|[from] item: Leftovers
|upkeep
|turn|39
|
|t:|1728097727
|move|p2a: Starmie's Aligned|Recover|p2a: Starmie's Aligned
|-heal|p2a: Starmie's Aligned|100/100
|move|p1a: lil guy 1|Leech Seed|p2a: Starmie's Aligned
|-start|p2a: Starmie's Aligned|move: Leech Seed
|
|-damage|p2a: Starmie's Aligned|88/100|[from] Leech Seed|[of] p1a: lil guy 1
|upkeep
|turn|40
|
|t:|1728097738
|switch|p2a: Vegetable|Celebi|75/100
|-curestatus|p1a: lil guy 1|par|[from] ability: Natural Cure
|switch|p1a: dog 2|Suicune|100/100
|
|-heal|p2a: Vegetable|82/100|[from] item: Leftovers
|upkeep
|turn|41
|j| jank_city.mp4
|
|t:|1728097746
|move|p2a: Vegetable|Hidden Power|p1a: dog 2
|-supereffective|p1a: dog 2
|-damage|p1a: dog 2|59/100
|move|p1a: dog 2|Calm Mind|p1a: dog 2
|-boost|p1a: dog 2|spa|1
|-boost|p1a: dog 2|spd|1
|
|-heal|p2a: Vegetable|88/100|[from] item: Leftovers
|-heal|p1a: dog 2|65/100|[from] item: Leftovers
|upkeep
|turn|42
|inactive|triskeriaki has 180 seconds left.
|
|t:|1728097790
|move|p2a: Vegetable|Leech Seed|p1a: dog 2
|-start|p1a: dog 2|move: Leech Seed
|move|p1a: dog 2|Calm Mind|p1a: dog 2
|-boost|p1a: dog 2|spa|1
|-boost|p1a: dog 2|spd|1
|
|-heal|p2a: Vegetable|94/100|[from] item: Leftovers
|-heal|p1a: dog 2|71/100|[from] item: Leftovers
|-damage|p1a: dog 2|59/100|[from] Leech Seed|[of] p2a: Vegetable
|-heal|p2a: Vegetable|100/100|[silent]
|upkeep
|turn|43
|
|t:|1728097807
|switch|p2a: Starmie's Aligned|Starmie|88/100
|move|p1a: dog 2|Rest|p1a: dog 2
|-status|p1a: dog 2|slp|[from] move: Rest
|-heal|p1a: dog 2|100/100 slp|[silent]
|
|-heal|p2a: Starmie's Aligned|94/100|[from] item: Leftovers
|-damage|p1a: dog 2|88/100 slp|[from] Leech Seed|[of] p2a: Starmie's Aligned
|-heal|p2a: Starmie's Aligned|100/100|[silent]
|upkeep
|turn|44
|
|t:|1728097825
|switch|p2a: Vegetable|Celebi|100/100
|cant|p1a: dog 2|slp
|
|-heal|p1a: dog 2|94/100 slp|[from] item: Leftovers
|-damage|p1a: dog 2|82/100 slp|[from] Leech Seed|[of] p2a: Vegetable
|upkeep
|turn|45
|
|t:|1728097833
|move|p2a: Vegetable|Hidden Power|p1a: dog 2
|-supereffective|p1a: dog 2
|-damage|p1a: dog 2|64/100 slp
|cant|p1a: dog 2|slp
|
|-heal|p1a: dog 2|70/100 slp|[from] item: Leftovers
|-damage|p1a: dog 2|57/100 slp|[from] Leech Seed|[of] p2a: Vegetable
|upkeep
|turn|46
|
|t:|1728097844
|move|p2a: Vegetable|Hidden Power|p1a: dog 2
|-supereffective|p1a: dog 2
|-damage|p1a: dog 2|38/100 slp
|-curestatus|p1a: dog 2|slp|[msg]
|move|p1a: dog 2|Calm Mind|p1a: dog 2
|-boost|p1a: dog 2|spa|1
|-boost|p1a: dog 2|spd|1
|
|-heal|p1a: dog 2|44/100|[from] item: Leftovers
|-damage|p1a: dog 2|32/100|[from] Leech Seed|[of] p2a: Vegetable
|upkeep
|turn|47
|inactive|triskeriaki has 180 seconds left.
|
|t:|1728097865
|switch|p2a: Gutsy Shinobi|Hariyama, M|88/100
|move|p1a: dog 2|Rest|p1a: dog 2
|-status|p1a: dog 2|slp|[from] move: Rest
|-heal|p1a: dog 2|100/100 slp|[silent]
|
|-damage|p1a: dog 2|88/100 slp|[from] Leech Seed|[of] p2a: Gutsy Shinobi
|-heal|p2a: Gutsy Shinobi|99/100|[silent]
|-heal|p2a: Gutsy Shinobi|100/100|[from] item: Leftovers
|upkeep
|turn|48
|
|t:|1728097871
|cant|p1a: dog 2|slp
|move|p2a: Gutsy Shinobi|Knock Off|p1a: dog 2
|-damage|p1a: dog 2|87/100 slp
|-enditem|p1a: dog 2|Leftovers|[from] move: Knock Off|[of] p2a: Gutsy Shinobi
|
|-damage|p1a: dog 2|75/100 slp|[from] Leech Seed|[of] p2a: Gutsy Shinobi
|upkeep
|turn|49
|
|t:|1728097877
|-singleturn|p2a: Gutsy Shinobi|move: Focus Punch
|cant|p1a: dog 2|slp
|move|p2a: Gutsy Shinobi|Focus Punch|p1a: dog 2
|-damage|p1a: dog 2|32/100 slp
|
|-damage|p1a: dog 2|20/100 slp|[from] Leech Seed|[of] p2a: Gutsy Shinobi
|upkeep
|turn|50
|
|t:|1728097886
|switch|p2a: Vegetable|Celebi|100/100
|-curestatus|p1a: dog 2|slp|[msg]
|move|p1a: dog 2|Surf|p2a: Vegetable
|-resisted|p2a: Vegetable
|-damage|p2a: Vegetable|67/100
|
|-heal|p2a: Vegetable|73/100|[from] item: Leftovers
|-damage|p1a: dog 2|7/100|[from] Leech Seed|[of] p2a: Vegetable
|-heal|p2a: Vegetable|86/100|[silent]
|upkeep
|turn|51
|
|t:|1728097892
|move|p2a: Vegetable|Psychic|p1a: dog 2
|-damage|p1a: dog 2|0 fnt
|faint|p1a: dog 2
|inactive|triskeriaki has 180 seconds left.
|
|t:|1728097909
|switch|p1a: dog 1|Raikou|100/100
|
|-heal|p2a: Vegetable|92/100|[from] item: Leftovers
|upkeep
|turn|52
|
|t:|1728097921
|move|p1a: dog 1|Calm Mind|p1a: dog 1
|-boost|p1a: dog 1|spa|1
|-boost|p1a: dog 1|spd|1
|move|p2a: Vegetable|Psychic|p1a: dog 1
|-damage|p1a: dog 1|83/100
|
|-heal|p1a: dog 1|89/100|[from] item: Leftovers
|-heal|p2a: Vegetable|98/100|[from] item: Leftovers
|upkeep
|turn|53
|inactive|triskeriaki has 180 seconds left.
|
|t:|1728097956
|switch|p2a: Wish Baby|Jirachi|100/100
|move|p1a: dog 1|Calm Mind|p1a: dog 1
|-boost|p1a: dog 1|spa|1
|-boost|p1a: dog 1|spd|1
|
|-heal|p1a: dog 1|95/100|[from] item: Leftovers
|upkeep
|turn|54
|inactive|triskeriaki has 180 seconds left.
|
|t:|1728097966
|move|p1a: dog 1|Thunderbolt|p2a: Wish Baby
|-damage|p2a: Wish Baby|51/100
|move|p2a: Wish Baby|Body Slam|p1a: dog 1
|-damage|p1a: dog 1|80/100
|-status|p1a: dog 1|par
|
|-heal|p2a: Wish Baby|57/100|[from] item: Leftovers
|-heal|p1a: dog 1|87/100 par|[from] item: Leftovers
|upkeep
|turn|55
|inactive|triskeriaki has 180 seconds left.
|
|t:|1728097977
|move|p2a: Wish Baby|Wish|p2a: Wish Baby
|cant|p1a: dog 1|par
|
|-heal|p2a: Wish Baby|63/100|[from] item: Leftovers
|-heal|p1a: dog 1|93/100 par|[from] item: Leftovers
|upkeep
|turn|56
|inactive|triskeriaki has 180 seconds left.
|
|t:|1728097986
|switch|p2a: My Marow's Wack|Marowak, F|100/100
|switch|p1a: lil guy 1|Celebi|100/100
|
|upkeep
|turn|57
|inactive|triskeriaki has 180 seconds left.
|
|t:|1728098004
|switch|p2a: Vegetable|Celebi|98/100
|move|p1a: lil guy 1|Hidden Power|p2a: Vegetable
|-resisted|p2a: Vegetable
|-damage|p2a: Vegetable|87/100
|
|-heal|p2a: Vegetable|93/100|[from] item: Leftovers
|upkeep
|turn|58
|
|t:|1728098010
|switch|p2a: Salami|Salamence, M, shiny|100/100
|-ability|p2a: Salami|Intimidate|boost
|-unboost|p1a: lil guy 1|atk|1
|move|p1a: lil guy 1|Heal Bell|p1a: lil guy 1
|-activate|p1a: lil guy 1|move: Heal Bell
|-curestatus|p1: dog 1|par|[silent]
|
|upkeep
|turn|59
|
|t:|1728098017
|move|p2a: Salami|Toxic|p1a: lil guy 1
|-status|p1a: lil guy 1|tox
|move|p1a: lil guy 1|Leech Seed|p2a: Salami
|-start|p2a: Salami|move: Leech Seed
|
|-damage|p2a: Salami|88/100|[from] Leech Seed|[of] p1a: lil guy 1
|-damage|p1a: lil guy 1|94/100 tox|[from] psn
|upkeep
|turn|60
|
|t:|1728098025
|-curestatus|p1a: lil guy 1|tox|[from] ability: Natural Cure
|switch|p1a: smooth figure 2|Porygon2|88/100
|-ability|p1a: smooth figure 2|Intimidate|[from] ability: Trace|[of] p2a: Salami
|move|p2a: Salami|Toxic|p1a: smooth figure 2
|-status|p1a: smooth figure 2|tox
|
|-heal|p2a: Salami|94/100|[from] item: Leftovers
|-damage|p2a: Salami|82/100|[from] Leech Seed|[of] p1a: smooth figure 2
|-heal|p1a: smooth figure 2|100/100 tox|[silent]
|-damage|p1a: smooth figure 2|94/100 tox|[from] psn
|upkeep
|turn|61
|
|t:|1728098038
|switch|p2a: Wish Baby|Jirachi|63/100
|move|p1a: smooth figure 2|Ice Beam|p2a: Wish Baby
|-resisted|p2a: Wish Baby
|-damage|p2a: Wish Baby|56/100
|
|-heal|p2a: Wish Baby|63/100|[from] item: Leftovers
|-heal|p1a: smooth figure 2|100/100 tox|[from] item: Leftovers
|-damage|p1a: smooth figure 2|88/100 tox|[from] psn
|upkeep
|turn|62
|
|t:|1728098045
|switch|p1a: lil guy 2|Jirachi|82/100
|move|p2a: Wish Baby|Wish|p2a: Wish Baby
|
|-heal|p1a: lil guy 2|88/100|[from] item: Leftovers
|-heal|p2a: Wish Baby|69/100|[from] item: Leftovers
|upkeep
|turn|63
|
|t:|1728098057
|switch|p2a: Gutsy Shinobi|Hariyama, M|100/100
|move|p1a: lil guy 2|Fire Punch|p2a: Gutsy Shinobi
|-damage|p2a: Gutsy Shinobi|80/100
|
|-heal|p2a: Gutsy Shinobi|100/100|[from] move: Wish|[wisher] Wish Baby
|-heal|p1a: lil guy 2|94/100|[from] item: Leftovers
|upkeep
|turn|64
|
|t:|1728098066
|move|p1a: lil guy 2|Toxic|p2a: Gutsy Shinobi
|-status|p2a: Gutsy Shinobi|tox
|move|p2a: Gutsy Shinobi|Knock Off|p1a: lil guy 2
|-crit|p1a: lil guy 2
|-damage|p1a: lil guy 2|90/100
|-enditem|p1a: lil guy 2|Leftovers|[from] move: Knock Off|[of] p2a: Gutsy Shinobi
|
|-damage|p2a: Gutsy Shinobi|94/100 tox|[from] psn
|upkeep
|turn|65
|inactive|triskeriaki has 210 seconds left.
|
|t:|1728098084
|-singleturn|p2a: Gutsy Shinobi|move: Focus Punch
|move|p1a: lil guy 2|Wish|p1a: lil guy 2
|move|p2a: Gutsy Shinobi|Focus Punch|p1a: lil guy 2
|-damage|p1a: lil guy 2|13/100
|
|-heal|p2a: Gutsy Shinobi|100/100 tox|[from] item: Leftovers
|-damage|p2a: Gutsy Shinobi|88/100 tox|[from] psn
|upkeep
|turn|66
|inactive|triskeriaki has 210 seconds left.
|
|t:|1728098095
|switch|p2a: Starmie's Aligned|Starmie|100/100
|move|p1a: lil guy 2|Protect||[still]
|-fail|p1a: lil guy 2
|
|-heal|p1a: lil guy 2|63/100|[from] move: Wish|[wisher] lil guy 2
|upkeep
|turn|67
|
|t:|1728098106
|move|p1a: lil guy 2|Protect|p1a: lil guy 2
|-singleturn|p1a: lil guy 2|Protect
|move|p2a: Starmie's Aligned|Surf|p1a: lil guy 2
|-activate|p1a: lil guy 2|Protect
|
|upkeep
|turn|68
|
|t:|1728098125
|switch|p1a: lil guy 1|Celebi|94/100
|move|p2a: Starmie's Aligned|Thunder Wave|p1a: lil guy 1
|-status|p1a: lil guy 1|par
|
|upkeep
|turn|69
|
|t:|1728098130
|switch|p2a: My Marow's Wack|Marowak, F|100/100
|move|p1a: lil guy 1|Leech Seed|p2a: My Marow's Wack
|-start|p2a: My Marow's Wack|move: Leech Seed
|
|-damage|p2a: My Marow's Wack|88/100|[from] Leech Seed|[of] p1a: lil guy 1
|-heal|p1a: lil guy 1|100/100 par|[silent]
|upkeep
|turn|70
|
|t:|1728098150
|-curestatus|p1a: lil guy 1|par|[from] ability: Natural Cure
|switch|p1a: smooth figure 1|Claydol|59/100
|move|p2a: My Marow's Wack|Hidden Power|p1a: smooth figure 1
|-supereffective|p1a: smooth figure 1
|-damage|p1a: smooth figure 1|0 fnt
|faint|p1a: smooth figure 1
|
|t:|1728098163
|switch|p1a: lil guy 2|Jirachi|63/100
|
|-damage|p2a: My Marow's Wack|76/100|[from] Leech Seed|[of] p1a: lil guy 2
|-heal|p1a: lil guy 2|72/100|[silent]
|upkeep
|turn|71
|inactive|triskeriaki has 210 seconds left.
|
|t:|1728098183
|switch|p1a: lil guy 1|Celebi|100/100
|switch|p2a: Starmie's Aligned|Starmie|100/100
|
|upkeep
|turn|72
|inactive|triskeriaki has 210 seconds left.
|
|t:|1728098202
|switch|p2a: Salami|Salamence, M, shiny|82/100
|-ability|p2a: Salami|Intimidate|boost
|-unboost|p1a: lil guy 1|atk|1
|move|p1a: lil guy 1|Heal Bell|p1a: lil guy 1
|-activate|p1a: lil guy 1|move: Heal Bell
|-curestatus|p1: smooth figure 2|tox|[silent]
|
|-heal|p2a: Salami|88/100|[from] item: Leftovers
|upkeep
|turn|73
|inactive|triskeriaki has 210 seconds left.
|
|t:|1728098210
|move|p2a: Salami|Flamethrower|p1a: lil guy 1
|-supereffective|p1a: lil guy 1
|-damage|p1a: lil guy 1|64/100
|move|p1a: lil guy 1|Leech Seed|p2a: Salami
|-start|p2a: Salami|move: Leech Seed
|
|-heal|p2a: Salami|94/100|[from] item: Leftovers
|-damage|p2a: Salami|81/100|[from] Leech Seed|[of] p1a: lil guy 1
|-heal|p1a: lil guy 1|76/100|[silent]
|upkeep
|turn|74
|inactive|triskeriaki has 210 seconds left.
|
|t:|1728098226
|switch|p1a: dog 1|Raikou|93/100
|move|p2a: Salami|Toxic|p1a: dog 1
|-status|p1a: dog 1|tox
|
|-heal|p1a: dog 1|99/100 tox|[from] item: Leftovers
|-damage|p1a: dog 1|93/100 tox|[from] psn
|-heal|p2a: Salami|88/100|[from] item: Leftovers
|-damage|p2a: Salami|75/100|[from] Leech Seed|[of] p1a: dog 1
|-heal|p1a: dog 1|100/100 tox|[silent]
|upkeep
|turn|75
|
|t:|1728098229
|switch|p2a: Vegetable|Celebi|93/100
|move|p1a: dog 1|Calm Mind|p1a: dog 1
|-boost|p1a: dog 1|spa|1
|-boost|p1a: dog 1|spd|1
|
|-damage|p1a: dog 1|88/100 tox|[from] psn
|-heal|p2a: Vegetable|99/100|[from] item: Leftovers
|upkeep
|turn|76
|
|t:|1728098236
|move|p1a: dog 1|Calm Mind|p1a: dog 1
|-boost|p1a: dog 1|spa|1
|-boost|p1a: dog 1|spd|1
|move|p2a: Vegetable|Leech Seed|p1a: dog 1
|-start|p1a: dog 1|move: Leech Seed
|
|-heal|p1a: dog 1|94/100 tox|[from] item: Leftovers
|-damage|p1a: dog 1|82/100 tox|[from] Leech Seed|[of] p2a: Vegetable
|-heal|p2a: Vegetable|100/100|[silent]
|-damage|p1a: dog 1|63/100 tox|[from] psn
|upkeep
|turn|77
|
|t:|1728098249
|switch|p2a: Starmie's Aligned|Starmie|100/100
|move|p1a: dog 1|Hidden Power|p2a: Starmie's Aligned
|-supereffective|p2a: Starmie's Aligned
|-damage|p2a: Starmie's Aligned|19/100
|
|-heal|p2a: Starmie's Aligned|25/100|[from] item: Leftovers
|-heal|p1a: dog 1|69/100 tox|[from] item: Leftovers
|-damage|p1a: dog 1|57/100 tox|[from] Leech Seed|[of] p2a: Starmie's Aligned
|-heal|p2a: Starmie's Aligned|40/100|[silent]
|-damage|p1a: dog 1|32/100 tox|[from] psn
|upkeep
|turn|78
|
|t:|1728098257
|switch|p2a: Vegetable|Celebi|100/100
|move|p1a: dog 1|Rest|p1a: dog 1
|-status|p1a: dog 1|slp|[from] move: Rest
|-heal|p1a: dog 1|100/100 slp|[silent]
|
|-damage|p1a: dog 1|88/100 slp|[from] Leech Seed|[of] p2a: Vegetable
|upkeep
|turn|79
|
|t:|1728098272
|switch|p1a: lil guy 1|Celebi|76/100
|switch|p2a: My Marow's Wack|Marowak, F|76/100
|
|upkeep
|turn|80
|
|t:|1728098281
|move|p1a: lil guy 1|Hidden Power|p2a: My Marow's Wack
|-supereffective|p2a: My Marow's Wack
|-damage|p2a: My Marow's Wack|0 fnt
|faint|p2a: My Marow's Wack
|
|t:|1728098288
|switch|p2a: Gutsy Shinobi|Hariyama, M|88/100 tox
|
|-heal|p2a: Gutsy Shinobi|94/100 tox|[from] item: Leftovers
|-damage|p2a: Gutsy Shinobi|88/100 tox|[from] psn
|upkeep
|turn|81
|inactive|triskeriaki has 240 seconds left.
|
|t:|1728098304
|switch|p1a: lil guy 2|Jirachi|72/100
|move|p2a: Gutsy Shinobi|Brick Break|p1a: lil guy 2
|-damage|p1a: lil guy 2|32/100
|
|-heal|p2a: Gutsy Shinobi|94/100 tox|[from] item: Leftovers
|-damage|p2a: Gutsy Shinobi|82/100 tox|[from] psn
|upkeep
|turn|82
|
|t:|1728098313
|move|p1a: lil guy 2|Protect|p1a: lil guy 2
|-singleturn|p1a: lil guy 2|Protect
|move|p2a: Gutsy Shinobi|Brick Break|p1a: lil guy 2
|-activate|p1a: lil guy 2|Protect
|
|-heal|p2a: Gutsy Shinobi|88/100 tox|[from] item: Leftovers
|-damage|p2a: Gutsy Shinobi|70/100 tox|[from] psn
|upkeep
|turn|83
|inactive|triskeriaki has 240 seconds left.
|
|t:|1728098333
|switch|p1a: lil guy 1|Celebi|76/100
|move|p2a: Gutsy Shinobi|Hidden Power|p1a: lil guy 1
|-supereffective|p1a: lil guy 1
|-damage|p1a: lil guy 1|0 fnt
|faint|p1a: lil guy 1
|
|t:|1728098346
|switch|p1a: lil guy 2|Jirachi|32/100
|
|-heal|p2a: Gutsy Shinobi|76/100 tox|[from] item: Leftovers
|-damage|p2a: Gutsy Shinobi|52/100 tox|[from] psn
|upkeep
|turn|84
|
|t:|1728098359
|switch|p2a: Starmie's Aligned|Starmie|40/100
|move|p1a: lil guy 2|Wish|p1a: lil guy 2
|
|-heal|p2a: Starmie's Aligned|46/100|[from] item: Leftovers
|upkeep
|turn|85
|
|t:|1728098376
|move|p1a: lil guy 2|Protect|p1a: lil guy 2
|-singleturn|p1a: lil guy 2|Protect
|move|p2a: Starmie's Aligned|Recover|p2a: Starmie's Aligned
|-heal|p2a: Starmie's Aligned|96/100
|
|-heal|p1a: lil guy 2|82/100|[from] move: Wish|[wisher] lil guy 2
|-heal|p2a: Starmie's Aligned|100/100|[from] item: Leftovers
|upkeep
|turn|86
|
|t:|1728098384
|move|p2a: Starmie's Aligned|Thunder Wave|p1a: lil guy 2
|-status|p1a: lil guy 2|par
|cant|p1a: lil guy 2|par
|
|upkeep
|turn|87
|
|t:|1728098392
|switch|p2a: Wish Baby|Jirachi|69/100
|move|p1a: lil guy 2|Toxic|p2a: Wish Baby
|-immune|p2a: Wish Baby
|
|-heal|p2a: Wish Baby|75/100|[from] item: Leftovers
|upkeep
|turn|88
|
|t:|1728098396
|move|p2a: Wish Baby|Wish|p2a: Wish Baby
|move|p1a: lil guy 2|Fire Punch|p2a: Wish Baby
|-supereffective|p2a: Wish Baby
|-damage|p2a: Wish Baby|51/100
|
|-heal|p2a: Wish Baby|58/100|[from] item: Leftovers
|upkeep
|turn|89
|
|t:|1728098402
|switch|p2a: Gutsy Shinobi|Hariyama, M|52/100 tox
|move|p1a: lil guy 2|Fire Punch|p2a: Gutsy Shinobi
|-damage|p2a: Gutsy Shinobi|32/100 tox
|
|-heal|p2a: Gutsy Shinobi|82/100 tox|[from] move: Wish|[wisher] Wish Baby
|-heal|p2a: Gutsy Shinobi|88/100 tox|[from] item: Leftovers
|-damage|p2a: Gutsy Shinobi|82/100 tox|[from] psn
|upkeep
|turn|90
|
|t:|1728098413
|switch|p2a: Starmie's Aligned|Starmie|100/100
|move|p1a: lil guy 2|Fire Punch|p2a: Starmie's Aligned
|-resisted|p2a: Starmie's Aligned
|-damage|p2a: Starmie's Aligned|90/100
|-status|p2a: Starmie's Aligned|brn
|
|-heal|p2a: Starmie's Aligned|96/100 brn|[from] item: Leftovers
|-damage|p2a: Starmie's Aligned|84/100 brn|[from] brn
|upkeep
|turn|91
|
|t:|1728098422
|switch|p1a: dog 1|Raikou|88/100 slp
|move|p2a: Starmie's Aligned|Surf|p1a: dog 1
|-damage|p1a: dog 1|61/100 slp
|
|-heal|p2a: Starmie's Aligned|90/100 brn|[from] item: Leftovers
|-damage|p2a: Starmie's Aligned|78/100 brn|[from] brn
|-heal|p1a: dog 1|67/100 slp|[from] item: Leftovers
|upkeep
|turn|92
|
|t:|1728098428
|-curestatus|p2a: Starmie's Aligned|brn|[from] ability: Natural Cure
|switch|p2a: Gutsy Shinobi|Hariyama, M|82/100 tox
|cant|p1a: dog 1|slp
|
|-heal|p1a: dog 1|73/100 slp|[from] item: Leftovers
|-heal|p2a: Gutsy Shinobi|88/100 tox|[from] item: Leftovers
|-damage|p2a: Gutsy Shinobi|82/100 tox|[from] psn
|upkeep
|turn|93
|inactive|triskeriaki has 270 seconds left.
|
|t:|1728098439
|-singleturn|p2a: Gutsy Shinobi|move: Focus Punch
|cant|p1a: dog 1|slp
|move|p2a: Gutsy Shinobi|Focus Punch|p1a: dog 1
|-damage|p1a: dog 1|0 fnt
|faint|p1a: dog 1
|inactive|triskeriaki has 270 seconds left.
|
|t:|1728098455
|switch|p1a: lil guy 2|Jirachi|82/100 par
|
|-heal|p2a: Gutsy Shinobi|88/100 tox|[from] item: Leftovers
|-damage|p2a: Gutsy Shinobi|76/100 tox|[from] psn
|upkeep
|turn|94
|
|t:|1728098463
|switch|p2a: Salami|Salamence, M, shiny|75/100
|-ability|p2a: Salami|Intimidate|boost
|-unboost|p1a: lil guy 2|atk|1
|cant|p1a: lil guy 2|par
|
|-heal|p2a: Salami|81/100|[from] item: Leftovers
|upkeep
|turn|95
|inactive|triskeriaki has 270 seconds left.
|
|t:|1728098471
|move|p2a: Salami|Wish|p2a: Salami
|move|p1a: lil guy 2|Wish|p1a: lil guy 2
|
|-heal|p2a: Salami|87/100|[from] item: Leftovers
|upkeep
|turn|96
|
|t:|1728098477
|switch|p2a: Gutsy Shinobi|Hariyama, M|76/100 tox
|move|p1a: lil guy 2|Toxic|p2a: Gutsy Shinobi
|-fail|p2a: Gutsy Shinobi|tox
|
|-heal|p1a: lil guy 2|100/100 par|[from] move: Wish|[wisher] lil guy 2
|-heal|p2a: Gutsy Shinobi|100/100 tox|[from] move: Wish|[wisher] Salami
|-damage|p2a: Gutsy Shinobi|94/100 tox|[from] psn
|upkeep
|turn|97
|
|t:|1728098485
|-singleturn|p2a: Gutsy Shinobi|move: Focus Punch
|move|p1a: lil guy 2|Fire Punch|p2a: Gutsy Shinobi
|-damage|p2a: Gutsy Shinobi|75/100 tox
|move|p2a: Gutsy Shinobi|Focus Punch||[still]
|cant|p2a: Gutsy Shinobi|Focus Punch|Focus Punch
|
|-heal|p2a: Gutsy Shinobi|81/100 tox|[from] item: Leftovers
|-damage|p2a: Gutsy Shinobi|69/100 tox|[from] psn
|upkeep
|turn|98
|
|t:|1728098494
|switch|p2a: Starmie's Aligned|Starmie|78/100
|move|p1a: lil guy 2|Fire Punch|p2a: Starmie's Aligned
|-resisted|p2a: Starmie's Aligned
|-damage|p2a: Starmie's Aligned|68/100
|
|-heal|p2a: Starmie's Aligned|74/100|[from] item: Leftovers
|upkeep
|turn|99
|
|t:|1728098503
|move|p2a: Starmie's Aligned|Surf|p1a: lil guy 2
|-damage|p1a: lil guy 2|74/100 par
|move|p1a: lil guy 2|Toxic|p2a: Starmie's Aligned
|-status|p2a: Starmie's Aligned|tox
|
|-heal|p2a: Starmie's Aligned|80/100 tox|[from] item: Leftovers
|-damage|p2a: Starmie's Aligned|74/100 tox|[from] psn
|upkeep
|turn|100
|
|t:|1728098509
|move|p2a: Starmie's Aligned|Surf|p1a: lil guy 2
|-damage|p1a: lil guy 2|45/100 par
|move|p1a: lil guy 2|Wish|p1a: lil guy 2
|
|-heal|p2a: Starmie's Aligned|80/100 tox|[from] item: Leftovers
|-damage|p2a: Starmie's Aligned|68/100 tox|[from] psn
|upkeep
|turn|101
|
|t:|1728098516
|-curestatus|p2a: Starmie's Aligned|tox|[from] ability: Natural Cure
|switch|p2a: Vegetable|Celebi|100/100
|move|p1a: lil guy 2|Fire Punch|p2a: Vegetable
|-supereffective|p2a: Vegetable
|-damage|p2a: Vegetable|71/100
|
|-heal|p1a: lil guy 2|95/100 par|[from] move: Wish|[wisher] lil guy 2
|-heal|p2a: Vegetable|77/100|[from] item: Leftovers
|upkeep
|turn|102
|
|t:|1728098534
|move|p2a: Vegetable|Leech Seed|p1a: lil guy 2
|-start|p1a: lil guy 2|move: Leech Seed
|move|p1a: lil guy 2|Toxic|p2a: Vegetable
|-status|p2a: Vegetable|tox
|
|-heal|p2a: Vegetable|83/100 tox|[from] item: Leftovers
|-damage|p2a: Vegetable|77/100 tox|[from] psn
|-damage|p1a: lil guy 2|82/100 par|[from] Leech Seed|[of] p2a: Vegetable
|-heal|p2a: Vegetable|89/100 tox|[silent]
|upkeep
|turn|103
|
|t:|1728098539
|-curestatus|p2a: Vegetable|tox|[from] ability: Natural Cure
|switch|p2a: Gutsy Shinobi|Hariyama, M|69/100 tox
|switch|p1a: smooth figure 2|Porygon2|88/100
|-ability|p1a: smooth figure 2|Guts|[from] ability: Trace|[of] p2a: Gutsy Shinobi
|
|-heal|p1a: smooth figure 2|94/100|[from] item: Leftovers
|-heal|p2a: Gutsy Shinobi|75/100 tox|[from] item: Leftovers
|-damage|p2a: Gutsy Shinobi|69/100 tox|[from] psn
|upkeep
|turn|104
|
|t:|1728098559
|move|p1a: smooth figure 2|Thunderbolt|p2a: Gutsy Shinobi
|-damage|p2a: Gutsy Shinobi|45/100 tox
|move|p2a: Gutsy Shinobi|Brick Break|p1a: smooth figure 2
|-supereffective|p1a: smooth figure 2
|-damage|p1a: smooth figure 2|12/100
|
|-heal|p1a: smooth figure 2|18/100|[from] item: Leftovers
|-heal|p2a: Gutsy Shinobi|51/100 tox|[from] item: Leftovers
|-damage|p2a: Gutsy Shinobi|39/100 tox|[from] psn
|upkeep
|turn|105
|
|t:|1728098567
|move|p1a: smooth figure 2|Recover|p1a: smooth figure 2
|-heal|p1a: smooth figure 2|68/100
|move|p2a: Gutsy Shinobi|Brick Break|p1a: smooth figure 2
|-supereffective|p1a: smooth figure 2
|-damage|p1a: smooth figure 2|0 fnt
|faint|p1a: smooth figure 2
|
|t:|1728098569
|switch|p1a: lil guy 2|Jirachi|82/100 par
|
|-heal|p2a: Gutsy Shinobi|45/100 tox|[from] item: Leftovers
|-damage|p2a: Gutsy Shinobi|27/100 tox|[from] psn
|upkeep
|turn|106
|
|t:|1728098575
|switch|p2a: Vegetable|Celebi|89/100
|move|p1a: lil guy 2|Fire Punch|p2a: Vegetable
|-supereffective|p2a: Vegetable
|-damage|p2a: Vegetable|59/100
|
|-heal|p2a: Vegetable|65/100|[from] item: Leftovers
|upkeep
|turn|107
|
|t:|1728098579
|move|p2a: Vegetable|Leech Seed|p1a: lil guy 2
|-start|p1a: lil guy 2|move: Leech Seed
|cant|p1a: lil guy 2|par
|
|-heal|p2a: Vegetable|72/100|[from] item: Leftovers
|-damage|p1a: lil guy 2|70/100 par|[from] Leech Seed|[of] p2a: Vegetable
|-heal|p2a: Vegetable|84/100|[silent]
|upkeep
|turn|108
|
|t:|1728098583
|switch|p2a: Gutsy Shinobi|Hariyama, M|27/100 tox
|cant|p1a: lil guy 2|par
|
|-heal|p2a: Gutsy Shinobi|33/100 tox|[from] item: Leftovers
|-damage|p2a: Gutsy Shinobi|27/100 tox|[from] psn
|-damage|p1a: lil guy 2|58/100 par|[from] Leech Seed|[of] p2a: Gutsy Shinobi
|-heal|p2a: Gutsy Shinobi|38/100 tox|[silent]
|upkeep
|turn|109
|
|t:|1728098587
|move|p2a: Gutsy Shinobi|Brick Break|p1a: lil guy 2
|-damage|p1a: lil guy 2|21/100 par
|move|p1a: lil guy 2|Fire Punch|p2a: Gutsy Shinobi
|-damage|p2a: Gutsy Shinobi|18/100 tox
|
|-heal|p2a: Gutsy Shinobi|24/100 tox|[from] item: Leftovers
|-damage|p2a: Gutsy Shinobi|12/100 tox|[from] psn
|-damage|p1a: lil guy 2|9/100 par|[from] Leech Seed|[of] p2a: Gutsy Shinobi
|-heal|p2a: Gutsy Shinobi|24/100 tox|[silent]
|upkeep
|turn|110
|c|☆triskeriaki|gg
|c|☆yt-cyber-dj|GG
|
|t:|1728098609
|move|p2a: Gutsy Shinobi|Brick Break|p1a: lil guy 2
|-crit|p1a: lil guy 2
|-damage|p1a: lil guy 2|0 fnt
|faint|p1a: lil guy 2
|
|win|yt-cyber-dj

</script>
<script type="application/json" class="data" id="replaydata-gen3ou-2216237005-v63fpednrkmyi9v4y6yl0imghy85g2xpw">
{"id":"gen3ou-2216237005","format":"[Gen 3] OU","players":["triskeriaki","yt-cyber-dj"],"uploadtime":1728098613,"views":99,"formatid":"gen3ou","rating":null,"private":1,"password":"v63fpednrkmyi9v4y6yl0imghy85g2x"}
</script>

<script defer src="js/replays.js?9d40a366"></script>
