<!DOCTYPE html>
<meta charset="utf-8" />
<meta name="viewport" content="width=device-width" />

<title>[Gen 3] OU: Filthy_Cubone vs. Loneling - Replays - Pok&eacute;mon Showdown!</title>

<meta name="description" content="Watch a replay of a Pok&eacute;mon battle between Filthy_Cubone and Loneling! Format: [Gen 3] OU; Date: Oct 15, 2024" />
<!--

Hey, you! Looking in the source for the replay log?

You can find them in JSON format, just add `.json` at the end of a replay URL.

https://replay.pokemonshowdown.com/gen7randomdoublesbattle-865046831.json

Or, if you only need the log itself, add `.log` instead:

https://replay.pokemonshowdown.com/gen7randomdoublesbattle-865046831.log

-->

<link rel="stylesheet" href="//pokemonshowdown.com/style/global.css?0.023195364461161105" />
<link rel="stylesheet" href="//play.pokemonshowdown.com/style/font-awesome.css?0.13261647063804238" />
<link rel="stylesheet" href="//play.pokemonshowdown.com/style/battle.css?0.8753245789963631" />
<link rel="stylesheet" href="//play.pokemonshowdown.com/style/utilichart.css?0.8627959624976733" />

<!-- Global site tag (gtag.js) - Google Analytics -->
<script async src="https://www.googletagmanager.com/gtag/js?id=UA-26211653-1"></script>
<script>
  window.dataLayer = window.dataLayer || [];
  function gtag(){dataLayer.push(arguments);}
  gtag('js', new Date());

  gtag('config', 'UA-26211653-1');
</script>
<!-- End Google Analytics -->
<!-- Venatus Ad Manager - Install in <HEAD> of page -->
	<script src="https://hb.vntsm.com/v3/live/ad-manager.min.js" type="text/javascript" data-site-id="642aba63ec9a7b11c3c9c1be" data-mode="scan" async></script>
<!-- / Venatus Ad Manager -->

<style>
	@media (max-width:820px) {
		.battle {
			margin: 0 auto;
		}
		.battle-log {
			margin: 7px auto 0;
			max-width: 640px;
			height: 300px;
			position: static;
		}
	}
	.optgroup {
		display: inline-block;
		line-height: 22px;
		font-size: 10pt;
	}
	.optgroup .button {
		height: 25px;
		padding-top: 0;
		padding-bottom: 0;
	}
	.optgroup button.button {
		padding-left: 12px;
		padding-right: 12px;
	}
	.linklist {
		list-style: none;
		margin: 0.5em 0;
		padding: 0;
	}
	.linklist li {
		padding: 2px 0;
	}
	.sidebar {
		float: left;
		width: 320px;
	}
	.bar-wrapper {
		max-width: 1100px;
		margin: 0 auto;
	}
	.bar-wrapper.has-sidebar {
		max-width: 1430px;
	}
	.mainbar {
		margin: 0;
		padding-right: 1px;
	}
	.mainbar.has-sidebar {
		margin-left: 330px;
	}
	@media (min-width: 1511px) {
		.sidebar {
			width: 400px;
		}
		.bar-wrapper.has-sidebar {
			max-width: 1510px;
		}
		.mainbar.has-sidebar {
			margin-left: 410px;
		}
	}
	.section.first-section {
		margin-top: 9px;
	}
	.blocklink small {
		white-space: normal;
	}
	.button {
		vertical-align: middle;
	}
	.replay-controls {
		padding-top: 10px;
	}
	.replay-controls h1 {
		font-size: 16pt;
		font-weight: normal;
		color: #CCC;
	}
	.pagelink {
		text-align: center;
	}
	.pagelink a {
		width: 150px;
	}
	.textbox, .button {
		font-size: 11pt;
		vertical-align: middle;
	}
	@media (max-width: 450px) {
		.button {
			font-size: 9pt;
		}
	}
</style>

<div>

	<header>
		<div class="nav-wrapper"><ul class="nav">
			<li><a class="button nav-first" href="//pokemonshowdown.com/"><img src="//pokemonshowdown.com/images/pokemonshowdownbeta.png" srcset="//pokemonshowdown.com/images/pokemonshowdownbeta.png 1x, //pokemonshowdown.com/images/pokemonshowdownbeta@2x.png 2x" alt="Pok&eacute;mon Showdown" width="146" height="44" /> Home</a></li>
			<li><a class="button" href="//pokemonshowdown.com/dex/">Pok&eacute;dex</a></li>
			<li><a class="button cur" href="/">Replays</a></li>
			<li><a class="button" href="//pokemonshowdown.com/ladder/">Ladder</a></li>
			<li><a class="button nav-last" href="//pokemonshowdown.com/forums/">Forum</a></li>
			<li><a class="button greenbutton nav-first nav-last" href="//play.pokemonshowdown.com/">Play</a></li>
		</ul></div>
	</header>

	<div class="main" id="main">

		<noscript><section class="section">You need to enable JavaScript to use this page; sorry!</section></noscript>

	</div>

</div>

<script defer nomodule src="//play.pokemonshowdown.com/js/lib/ps-polyfill.js"></script>
<script defer src="//play.pokemonshowdown.com/js/lib/preact.min.js"></script>

<script defer src="//play.pokemonshowdown.com/config/config.js?2bddbc15"></script>
<script defer src="//play.pokemonshowdown.com/js/lib/jquery-1.11.0.min.js"></script>
<script defer src="//play.pokemonshowdown.com/js/lib/html-sanitizer-minified.js"></script>
<script defer src="//play.pokemonshowdown.com/js/battle-sound.js"></script>
<script defer src="//play.pokemonshowdown.com/js/battledata.js?0.7209276989879541"></script>
<script defer src="//play.pokemonshowdown.com/data/pokedex-mini.js?0.6111056340867951"></script>
<script defer src="//play.pokemonshowdown.com/data/pokedex-mini-bw.js?0.3532142036491459"></script>
<script defer src="//play.pokemonshowdown.com/data/graphics.js?0.24223875632456182"></script>
<script defer src="//play.pokemonshowdown.com/data/pokedex.js?0.38839984266356864"></script>
<script defer src="//play.pokemonshowdown.com/data/moves.js?0.21866028504024015"></script>
<script defer src="//play.pokemonshowdown.com/data/abilities.js?0.2005157953846628"></script>
<script defer src="//play.pokemonshowdown.com/data/items.js?0.9894211263848525"></script>
<script defer src="//play.pokemonshowdown.com/data/teambuilder-tables.js?0.6008791140282215"></script>
<script defer src="//play.pokemonshowdown.com/js/battle-tooltips.js?0.7580118955022959"></script>
<script defer src="//play.pokemonshowdown.com/js/battle.js?0.6057722274234274"></script>

<script defer src="js/utils.js?e31f9a17"></script>
<script defer src="js/replays-battle.js?7008c182"></script>

<!-- don't scrape this data! just add .json or .log after the URL!
Full API docs: https://github.com/smogon/pokemon-showdown-client/blob/master/WEB-API.md -->
<script type="text/plain" class="log" id="replaylog-smogtours-gen3ou-798868">
|inactive|Battle timer is ON: inactive players will automatically lose when time's up.
|t:|1728956452
|gametype|singles
|player|p1|Filthy_Cubone|102|
|player|p2|Loneling|mallow-masters|
|teamsize|p1|6
|teamsize|p2|6
|gen|3
|tier|[Gen 3] OU
|rule|Sleep Clause Mod: Limit one foe put to sleep
|rule|Switch Priority Clause Mod: Faster Pokémon switch first
|rule|Species Clause: Limit one of each Pokémon
|rule|OHKO Clause: OHKO moves are banned
|rule|Evasion Items Clause: Evasion items are banned
|rule|Evasion Moves Clause: Evasion moves are banned
|rule|Endless Battle Clause: Forcing endless battles is banned
|rule|HP Percentage Mod: HP is shown in percentages
|rule|One Boost Passer Clause: Limit one Baton Passer that has a way to boost its stats
|rule|Freeze Clause Mod: Limit one foe frozen
|
|t:|1728956452
|start
|switch|p1a: Gaming|Poliwhirl, M, shiny|100/100
|switch|p2a: Tyranitar|Tyranitar, M|100/100
|-weather|Sandstorm|[from] ability: Sand Stream|[of] p2a: Tyranitar
|turn|1
|c|☆Loneling|Hf
|inactive|Filthy_Cubone has 270 seconds left.
|c|☆Filthy_Cubone|u2
|
|t:|1728956489
|switch|p2a: Gengar|Gengar, M|100/100
|move|p1a: Gaming|Mud-Slap|p2a: Gengar
|-immune|p2a: Gengar
|
|-weather|Sandstorm|[upkeep]
|-damage|p2a: Gengar|94/100|[from] Sandstorm
|-damage|p1a: Gaming|95/100|[from] Sandstorm
|-heal|p2a: Gengar|100/100|[from] item: Leftovers
|upkeep
|turn|2
|
|t:|1728956504
|switch|p1a: Doggo|Jolteon, M|100/100
|move|p2a: Gengar|Thunderbolt|p1a: Doggo
|-immune|p1a: Doggo|[from] ability: Volt Absorb
|
|-weather|Sandstorm|[upkeep]
|-damage|p1a: Doggo|94/100|[from] Sandstorm
|-damage|p2a: Gengar|94/100|[from] Sandstorm
|-heal|p1a: Doggo|100/100|[from] item: Leftovers
|-heal|p2a: Gengar|100/100|[from] item: Leftovers
|upkeep
|turn|3
|
|t:|1728956531
|switch|p2a: Blissey|Blissey, F|100/100
|move|p1a: Doggo|Baton Pass|p1a: Doggo
|inactive|Filthy_Cubone has 270 seconds left.
|
|t:|1728956541
|switch|p1a: Metal Bird|Skarmory, M|100/100|[from] Baton Pass
|
|-weather|Sandstorm|[upkeep]
|-damage|p2a: Blissey|94/100|[from] Sandstorm
|-heal|p2a: Blissey|100/100|[from] item: Leftovers
|upkeep
|turn|4
|
|t:|1728956567
|move|p1a: Metal Bird|Spikes|p2a: Blissey
|-sidestart|p2: Loneling|Spikes
|move|p2a: Blissey|Calm Mind|p2a: Blissey
|-boost|p2a: Blissey|spa|1
|-boost|p2a: Blissey|spd|1
|
|-weather|Sandstorm|[upkeep]
|-damage|p2a: Blissey|94/100|[from] Sandstorm
|-heal|p2a: Blissey|100/100|[from] item: Leftovers
|upkeep
|turn|5
|
|t:|1728956578
|move|p2a: Blissey|Thunderbolt|p1a: Metal Bird
|-supereffective|p1a: Metal Bird
|-damage|p1a: Metal Bird|28/100
|-status|p1a: Metal Bird|par
|move|p1a: Metal Bird|Roar|p2a: Blissey
|drag|p2a: Charizard|Charizard, F, shiny|100/100
|
|-weather|Sandstorm|[upkeep]
|-damage|p2a: Charizard|94/100|[from] Sandstorm
|-heal|p2a: Charizard|100/100|[from] item: Leftovers
|-heal|p1a: Metal Bird|34/100 par|[from] item: Leftovers
|upkeep
|turn|6
|
|t:|1728956589
|move|p2a: Charizard|Substitute|p2a: Charizard
|-start|p2a: Charizard|Substitute
|-damage|p2a: Charizard|76/100
|move|p1a: Metal Bird|Roar|p2a: Charizard
|drag|p2a: Swampert|Swampert, M|100/100
|-damage|p2a: Swampert|88/100|[from] Spikes
|
|-weather|Sandstorm|[upkeep]
|-heal|p2a: Swampert|94/100|[from] item: Leftovers
|-heal|p1a: Metal Bird|40/100 par|[from] item: Leftovers
|upkeep
|turn|7
|
|t:|1728956595
|move|p2a: Swampert|Hydro Pump|p1a: Metal Bird
|-damage|p1a: Metal Bird|6/100 par
|cant|p1a: Metal Bird|par
|
|-weather|Sandstorm|[upkeep]
|-heal|p2a: Swampert|100/100|[from] item: Leftovers
|-heal|p1a: Metal Bird|12/100 par|[from] item: Leftovers
|upkeep
|turn|8
|
|t:|1728956606
|switch|p1a: Gaming|Poliwhirl, M, shiny|95/100
|move|p2a: Swampert|Hydro Pump|p1a: Gaming
|-heal|p1a: Gaming|100/100|[from] ability: Water Absorb|[of] p2a: Swampert
|
|-weather|Sandstorm|[upkeep]
|-damage|p1a: Gaming|95/100|[from] Sandstorm
|upkeep
|turn|9
|
|t:|1728956612
|move|p1a: Gaming|Hypnosis|p2a: Swampert
|-status|p2a: Swampert|slp|[from] move: Hypnosis
|cant|p2a: Swampert|slp
|
|-weather|Sandstorm|[upkeep]
|-damage|p1a: Gaming|89/100|[from] Sandstorm
|upkeep
|turn|10
|
|t:|1728956619
|switch|p2a: Gengar|Gengar, M|100/100
|move|p1a: Gaming|Thief|p2a: Gengar
|-supereffective|p2a: Gengar
|-damage|p2a: Gengar|82/100
|-enditem|p2a: Gengar|Leftovers|[silent]|[from] move: Thief|[of] p1a: Gaming
|-item|p1a: Gaming|Leftovers|[from] move: Thief|[of] p2a: Gengar
|
|-weather|Sandstorm|[upkeep]
|-damage|p2a: Gengar|76/100|[from] Sandstorm
|-damage|p1a: Gaming|83/100|[from] Sandstorm
|-heal|p1a: Gaming|89/100|[from] item: Leftovers
|upkeep
|turn|11
|
|t:|1728956630
|switch|p1a: Metal Bird|Skarmory, M|12/100 par
|move|p2a: Gengar|Hidden Power|p1a: Metal Bird
|-resisted|p1a: Metal Bird
|-damage|p1a: Metal Bird|6/100 par
|
|-weather|Sandstorm|[upkeep]
|-damage|p2a: Gengar|70/100|[from] Sandstorm
|-heal|p1a: Metal Bird|12/100 par|[from] item: Leftovers
|upkeep
|turn|12
|
|t:|1728956639
|move|p2a: Gengar|Ice Punch|p1a: Metal Bird
|-damage|p1a: Metal Bird|0 fnt
|faint|p1a: Metal Bird
|
|t:|1728956654
|switch|p1a: Just Gross|Metagross|100/100
|
|-weather|Sandstorm|[upkeep]
|-damage|p2a: Gengar|64/100|[from] Sandstorm
|upkeep
|turn|13
|
|t:|1728956666
|switch|p2a: Swampert|Swampert, M|100/100 slp
|-damage|p2a: Swampert|88/100 slp|[from] Spikes
|move|p1a: Just Gross|Psychic|p2a: Swampert
|-damage|p2a: Swampert|52/100 slp
|-unboost|p2a: Swampert|spd|1
|
|-weather|Sandstorm|[upkeep]
|-heal|p2a: Swampert|59/100 slp|[from] item: Leftovers
|upkeep
|turn|14
|
|t:|1728956678
|switch|p2a: Skarmory|Skarmory, M|100/100
|move|p1a: Just Gross|Meteor Mash|p2a: Skarmory
|-resisted|p2a: Skarmory
|-damage|p2a: Skarmory|83/100
|
|-weather|Sandstorm|[upkeep]
|-heal|p2a: Skarmory|89/100|[from] item: Leftovers
|upkeep
|turn|15
|
|t:|1728956692
|move|p1a: Just Gross|Hidden Power|p2a: Skarmory
|-supereffective|p2a: Skarmory
|-damage|p2a: Skarmory|53/100
|move|p2a: Skarmory|Spikes|p1a: Just Gross
|-sidestart|p1: Filthy_Cubone|Spikes
|
|-weather|Sandstorm|[upkeep]
|-heal|p2a: Skarmory|59/100|[from] item: Leftovers
|upkeep
|turn|16
|
|t:|1728956699
|move|p2a: Skarmory|Protect|p2a: Skarmory
|-singleturn|p2a: Skarmory|Protect
|move|p1a: Just Gross|Hidden Power|p2a: Skarmory
|-activate|p2a: Skarmory|Protect
|
|-weather|Sandstorm|[upkeep]
|-heal|p2a: Skarmory|65/100|[from] item: Leftovers
|upkeep
|turn|17
|
|t:|1728956706
|move|p1a: Just Gross|Hidden Power|p2a: Skarmory
|-supereffective|p2a: Skarmory
|-crit|p2a: Skarmory
|-damage|p2a: Skarmory|0 fnt
|faint|p2a: Skarmory
|
|t:|1728956709
|switch|p2a: Charizard|Charizard, F, shiny|76/100
|
|-weather|Sandstorm|[upkeep]
|-damage|p2a: Charizard|70/100|[from] Sandstorm
|-heal|p2a: Charizard|76/100|[from] item: Leftovers
|upkeep
|turn|18
|
|t:|1728956727
|move|p2a: Charizard|Substitute|p2a: Charizard
|-start|p2a: Charizard|Substitute
|-damage|p2a: Charizard|51/100
|move|p1a: Just Gross|Psychic|p2a: Charizard
|-end|p2a: Charizard|Substitute
|
|-weather|Sandstorm|[upkeep]
|-damage|p2a: Charizard|45/100|[from] Sandstorm
|-heal|p2a: Charizard|51/100|[from] item: Leftovers
|upkeep
|turn|19
|
|t:|1728956737
|move|p2a: Charizard|Fire Blast|p1a: Just Gross
|-supereffective|p1a: Just Gross
|-damage|p1a: Just Gross|0 fnt
|faint|p1a: Just Gross
|
|t:|1728956762
|switch|p1a: Discord Admin|Tyranitar, F|100/100
|-damage|p1a: Discord Admin|88/100|[from] Spikes
|
|-weather|Sandstorm|[upkeep]
|-damage|p2a: Charizard|45/100|[from] Sandstorm
|-heal|p2a: Charizard|51/100|[from] item: Leftovers
|-heal|p1a: Discord Admin|94/100|[from] item: Leftovers
|upkeep
|turn|20
|inactive|Loneling has 270 seconds left.
|
|t:|1728956810
|move|p2a: Charizard|Substitute|p2a: Charizard
|-start|p2a: Charizard|Substitute
|-damage|p2a: Charizard|26/100
|move|p1a: Discord Admin|Rock Slide|p2a: Charizard
|-supereffective|p2a: Charizard
|-end|p2a: Charizard|Substitute
|
|-weather|Sandstorm|[upkeep]
|-damage|p2a: Charizard|20/100|[from] Sandstorm
|-heal|p2a: Charizard|26/100|[from] item: Leftovers
|-heal|p1a: Discord Admin|100/100|[from] item: Leftovers
|upkeep
|turn|21
|
|t:|1728956817
|switch|p2a: Swampert|Swampert, M|59/100 slp
|-damage|p2a: Swampert|46/100 slp|[from] Spikes
|move|p1a: Discord Admin|Rock Slide|p2a: Swampert
|-resisted|p2a: Swampert
|-damage|p2a: Swampert|33/100 slp
|
|-weather|Sandstorm|[upkeep]
|-heal|p2a: Swampert|39/100 slp|[from] item: Leftovers
|upkeep
|turn|22
|
|t:|1728956829
|-singleturn|p1a: Discord Admin|move: Focus Punch
|-curestatus|p2a: Swampert|slp|[msg]
|move|p2a: Swampert|Hydro Pump|p1a: Discord Admin
|-supereffective|p1a: Discord Admin
|-crit|p1a: Discord Admin
|-damage|p1a: Discord Admin|0 fnt
|faint|p1a: Discord Admin
|inactive|Filthy_Cubone has 270 seconds left.
|
|t:|1728956856
|switch|p1a: Doggo|Jolteon, M|100/100
|-damage|p1a: Doggo|88/100|[from] Spikes
|
|-weather|Sandstorm|[upkeep]
|-damage|p1a: Doggo|82/100|[from] Sandstorm
|-heal|p1a: Doggo|88/100|[from] item: Leftovers
|-heal|p2a: Swampert|45/100|[from] item: Leftovers
|upkeep
|turn|23
|inactive|Loneling has 270 seconds left.
|
|t:|1728956862
|switch|p2a: Blissey|Blissey, F|100/100
|-damage|p2a: Blissey|88/100|[from] Spikes
|move|p1a: Doggo|Hidden Power|p2a: Blissey
|-crit|p2a: Blissey
|-damage|p2a: Blissey|71/100
|
|-weather|Sandstorm|[upkeep]
|-damage|p1a: Doggo|82/100|[from] Sandstorm
|-damage|p2a: Blissey|64/100|[from] Sandstorm
|-heal|p1a: Doggo|88/100|[from] item: Leftovers
|-heal|p2a: Blissey|71/100|[from] item: Leftovers
|upkeep
|turn|24
|
|t:|1728956868
|move|p2a: Blissey|Thunderbolt|p1a: Doggo
|-heal|p1a: Doggo|100/100|[from] ability: Volt Absorb|[of] p2a: Blissey
|move|p1a: Doggo|Roar|p2a: Blissey
|drag|p2a: Tyranitar|Tyranitar, M|100/100
|-damage|p2a: Tyranitar|88/100|[from] Spikes
|
|-weather|Sandstorm|[upkeep]
|-damage|p1a: Doggo|94/100|[from] Sandstorm
|-heal|p1a: Doggo|100/100|[from] item: Leftovers
|-heal|p2a: Tyranitar|94/100|[from] item: Leftovers
|upkeep
|turn|25
|inactive|Filthy_Cubone has 270 seconds left.
|
|t:|1728956890
|switch|p1a: Gaming|Poliwhirl, M, shiny|89/100
|-damage|p1a: Gaming|77/100|[from] Spikes
|move|p2a: Tyranitar|Dragon Dance|p2a: Tyranitar
|-boost|p2a: Tyranitar|atk|1
|-boost|p2a: Tyranitar|spe|1
|
|-weather|Sandstorm|[upkeep]
|-damage|p1a: Gaming|71/100|[from] Sandstorm
|-heal|p2a: Tyranitar|99/100|[from] item: Leftovers
|-heal|p1a: Gaming|77/100|[from] item: Leftovers
|upkeep
|turn|26
|
|t:|1728956896
|move|p2a: Tyranitar|Double-Edge|p1a: Gaming
|-damage|p1a: Gaming|0 fnt
|-damage|p2a: Tyranitar|82/100|[from] Recoil|[of] p1a: Gaming
|faint|p1a: Gaming
|
|t:|1728956900
|switch|p1a: Gengay|Gengar, M|100/100
|
|-weather|Sandstorm|[upkeep]
|-damage|p1a: Gengay|94/100|[from] Sandstorm
|-heal|p1a: Gengay|100/100|[from] item: Leftovers
|-heal|p2a: Tyranitar|88/100|[from] item: Leftovers
|upkeep
|turn|27
|
|t:|1728956910
|move|p1a: Gengay|Will-O-Wisp|p2a: Tyranitar
|-status|p2a: Tyranitar|brn
|move|p2a: Tyranitar|Rock Slide|p1a: Gengay
|-damage|p1a: Gengay|47/100
|
|-weather|Sandstorm|[upkeep]
|-damage|p1a: Gengay|40/100|[from] Sandstorm
|-heal|p1a: Gengay|47/100|[from] item: Leftovers
|-heal|p2a: Tyranitar|94/100 brn|[from] item: Leftovers
|-damage|p2a: Tyranitar|82/100 brn|[from] brn
|upkeep
|turn|28
|
|t:|1728956927
|move|p1a: Gengay|Thunderbolt|p2a: Tyranitar
|-damage|p2a: Tyranitar|52/100 brn
|move|p2a: Tyranitar|Dragon Dance|p2a: Tyranitar
|-boost|p2a: Tyranitar|atk|1
|-boost|p2a: Tyranitar|spe|1
|
|-weather|Sandstorm|[upkeep]
|-damage|p1a: Gengay|40/100|[from] Sandstorm
|-heal|p2a: Tyranitar|58/100 brn|[from] item: Leftovers
|-damage|p2a: Tyranitar|45/100 brn|[from] brn
|-heal|p1a: Gengay|47/100|[from] item: Leftovers
|upkeep
|turn|29
|
|t:|1728956932
|move|p2a: Tyranitar|Rock Slide|p1a: Gengay
|-damage|p1a: Gengay|0 fnt
|faint|p1a: Gengay
|
|t:|1728956935
|switch|p1a: Doggo|Jolteon, M|100/100
|-damage|p1a: Doggo|88/100|[from] Spikes
|
|-weather|Sandstorm|[upkeep]
|-damage|p1a: Doggo|82/100|[from] Sandstorm
|-heal|p2a: Tyranitar|51/100 brn|[from] item: Leftovers
|-damage|p2a: Tyranitar|39/100 brn|[from] brn
|-heal|p1a: Doggo|88/100|[from] item: Leftovers
|upkeep
|turn|30
|
|t:|1728956940
|move|p2a: Tyranitar|Earthquake|p1a: Doggo
|-supereffective|p1a: Doggo
|-damage|p1a: Doggo|0 fnt
|faint|p1a: Doggo
|
|win|Loneling
|c|☆Filthy_Cubone|gg!
|c|☆Loneling|Gg
|player|p2|

</script>
<script type="application/json" class="data" id="replaydata-smogtours-gen3ou-798868">
{"id":"smogtours-gen3ou-798868","format":"[Gen 3] OU","players":["Filthy_Cubone","Loneling"],"uploadtime":1728956940,"views":138,"formatid":"gen3ou","rating":null,"private":0,"password":null}
</script>

<script defer src="js/replays.js?9d40a366"></script>
