<!DOCTYPE html>
<meta charset="utf-8" />
<meta name="viewport" content="width=device-width" />

<title>[Gen 3] OU: monchooo vs. I&#039;m the Dome Ace - Replays - Pok&eacute;mon Showdown!</title>

<meta name="description" content="Watch a replay of a Pok&eacute;mon battle between monchooo and I&#039;m the Dome Ace! Format: [Gen 3] OU; Date: Oct 30, 2024" />
<!--

Hey, you! Looking in the source for the replay log?

You can find them in JSON format, just add `.json` at the end of a replay URL.

https://replay.pokemonshowdown.com/gen7randomdoublesbattle-865046831.json

Or, if you only need the log itself, add `.log` instead:

https://replay.pokemonshowdown.com/gen7randomdoublesbattle-865046831.log

-->

<link rel="stylesheet" href="//pokemonshowdown.com/style/global.css?0.023195364461161105" />
<link rel="stylesheet" href="//play.pokemonshowdown.com/style/font-awesome.css?0.13261647063804238" />
<link rel="stylesheet" href="//play.pokemonshowdown.com/style/battle.css?0.8753245789963631" />
<link rel="stylesheet" href="//play.pokemonshowdown.com/style/utilichart.css?0.8627959624976733" />

<!-- Global site tag (gtag.js) - Google Analytics -->
<script async src="https://www.googletagmanager.com/gtag/js?id=UA-26211653-1"></script>
<script>
  window.dataLayer = window.dataLayer || [];
  function gtag(){dataLayer.push(arguments);}
  gtag('js', new Date());

  gtag('config', 'UA-26211653-1');
</script>
<!-- End Google Analytics -->
<!-- Venatus Ad Manager - Install in <HEAD> of page -->
	<script src="https://hb.vntsm.com/v3/live/ad-manager.min.js" type="text/javascript" data-site-id="642aba63ec9a7b11c3c9c1be" data-mode="scan" async></script>
<!-- / Venatus Ad Manager -->

<style>
	@media (max-width:820px) {
		.battle {
			margin: 0 auto;
		}
		.battle-log {
			margin: 7px auto 0;
			max-width: 640px;
			height: 300px;
			position: static;
		}
	}
	.optgroup {
		display: inline-block;
		line-height: 22px;
		font-size: 10pt;
	}
	.optgroup .button {
		height: 25px;
		padding-top: 0;
		padding-bottom: 0;
	}
	.optgroup button.button {
		padding-left: 12px;
		padding-right: 12px;
	}
	.linklist {
		list-style: none;
		margin: 0.5em 0;
		padding: 0;
	}
	.linklist li {
		padding: 2px 0;
	}
	.sidebar {
		float: left;
		width: 320px;
	}
	.bar-wrapper {
		max-width: 1100px;
		margin: 0 auto;
	}
	.bar-wrapper.has-sidebar {
		max-width: 1430px;
	}
	.mainbar {
		margin: 0;
		padding-right: 1px;
	}
	.mainbar.has-sidebar {
		margin-left: 330px;
	}
	@media (min-width: 1511px) {
		.sidebar {
			width: 400px;
		}
		.bar-wrapper.has-sidebar {
			max-width: 1510px;
		}
		.mainbar.has-sidebar {
			margin-left: 410px;
		}
	}
	.section.first-section {
		margin-top: 9px;
	}
	.blocklink small {
		white-space: normal;
	}
	.button {
		vertical-align: middle;
	}
	.replay-controls {
		padding-top: 10px;
	}
	.replay-controls h1 {
		font-size: 16pt;
		font-weight: normal;
		color: #CCC;
	}
	.pagelink {
		text-align: center;
	}
	.pagelink a {
		width: 150px;
	}
	.textbox, .button {
		font-size: 11pt;
		vertical-align: middle;
	}
	@media (max-width: 450px) {
		.button {
			font-size: 9pt;
		}
	}
</style>

<div>

	<header>
		<div class="nav-wrapper"><ul class="nav">
			<li><a class="button nav-first" href="//pokemonshowdown.com/"><img src="//pokemonshowdown.com/images/pokemonshowdownbeta.png" srcset="//pokemonshowdown.com/images/pokemonshowdownbeta.png 1x, //pokemonshowdown.com/images/pokemonshowdownbeta@2x.png 2x" alt="Pok&eacute;mon Showdown" width="146" height="44" /> Home</a></li>
			<li><a class="button" href="//pokemonshowdown.com/dex/">Pok&eacute;dex</a></li>
			<li><a class="button cur" href="/">Replays</a></li>
			<li><a class="button" href="//pokemonshowdown.com/ladder/">Ladder</a></li>
			<li><a class="button nav-last" href="//pokemonshowdown.com/forums/">Forum</a></li>
			<li><a class="button greenbutton nav-first nav-last" href="//play.pokemonshowdown.com/">Play</a></li>
		</ul></div>
	</header>

	<div class="main" id="main">

		<noscript><section class="section">You need to enable JavaScript to use this page; sorry!</section></noscript>

	</div>

</div>

<script defer nomodule src="//play.pokemonshowdown.com/js/lib/ps-polyfill.js"></script>
<script defer src="//play.pokemonshowdown.com/js/lib/preact.min.js"></script>

<script defer src="//play.pokemonshowdown.com/config/config.js?2bddbc15"></script>
<script defer src="//play.pokemonshowdown.com/js/lib/jquery-1.11.0.min.js"></script>
<script defer src="//play.pokemonshowdown.com/js/lib/html-sanitizer-minified.js"></script>
<script defer src="//play.pokemonshowdown.com/js/battle-sound.js"></script>
<script defer src="//play.pokemonshowdown.com/js/battledata.js?0.7209276989879541"></script>
<script defer src="//play.pokemonshowdown.com/data/pokedex-mini.js?0.6111056340867951"></script>
<script defer src="//play.pokemonshowdown.com/data/pokedex-mini-bw.js?0.3532142036491459"></script>
<script defer src="//play.pokemonshowdown.com/data/graphics.js?0.24223875632456182"></script>
<script defer src="//play.pokemonshowdown.com/data/pokedex.js?0.38839984266356864"></script>
<script defer src="//play.pokemonshowdown.com/data/moves.js?0.21866028504024015"></script>
<script defer src="//play.pokemonshowdown.com/data/abilities.js?0.2005157953846628"></script>
<script defer src="//play.pokemonshowdown.com/data/items.js?0.9894211263848525"></script>
<script defer src="//play.pokemonshowdown.com/data/teambuilder-tables.js?0.6008791140282215"></script>
<script defer src="//play.pokemonshowdown.com/js/battle-tooltips.js?0.7580118955022959"></script>
<script defer src="//play.pokemonshowdown.com/js/battle.js?0.6057722274234274"></script>

<script defer src="js/utils.js?e31f9a17"></script>
<script defer src="js/replays-battle.js?7008c182"></script>

<!-- don't scrape this data! just add .json or .log after the URL!
Full API docs: https://github.com/smogon/pokemon-showdown-client/blob/master/WEB-API.md -->
<script type="text/plain" class="log" id="replaylog-smogtours-gen3ou-803436">
|inactive|Battle timer is ON: inactive players will automatically lose when time's up.
|t:|1730308069
|gametype|singles
|player|p1|monchooo|pryce-gen2|
|player|p2|I'm the Dome Ace|265|
|teamsize|p1|6
|teamsize|p2|6
|gen|3
|tier|[Gen 3] OU
|rule|Sleep Clause Mod: Limit one foe put to sleep
|rule|Switch Priority Clause Mod: Faster Pokémon switch first
|rule|Species Clause: Limit one of each Pokémon
|rule|OHKO Clause: OHKO moves are banned
|rule|Evasion Items Clause: Evasion items are banned
|rule|Evasion Moves Clause: Evasion moves are banned
|rule|Endless Battle Clause: Forcing endless battles is banned
|rule|HP Percentage Mod: HP is shown in percentages
|rule|One Boost Passer Clause: Limit one Baton Passer that has a way to boost its stats
|rule|Freeze Clause Mod: Limit one foe frozen
|
|t:|1730308069
|start
|switch|p1a: Jirachi|Jirachi|100/100
|switch|p2a: Tyranitar|Tyranitar, F|100/100
|-weather|Sandstorm|[from] ability: Sand Stream|[of] p2a: Tyranitar
|turn|1
|c|☆monchooo|hf
|c|☆I'm the Dome Ace|u2
|inactive|monchooo has 270 seconds left.
|inactive|I'm the Dome Ace has 270 seconds left.
|inactive|I'm the Dome Ace has 240 seconds left.
|
|t:|1730308132
|move|p1a: Jirachi|Toxic|p2a: Tyranitar
|-status|p2a: Tyranitar|tox
|-enditem|p2a: Tyranitar|Lum Berry|[eat]
|-curestatus|p2a: Tyranitar|tox|[msg]
|move|p2a: Tyranitar|Fire Blast|p1a: Jirachi|[miss]
|-miss|p2a: Tyranitar|p1a: Jirachi
|
|-weather|Sandstorm|[upkeep]
|upkeep
|turn|2
|c|☆I'm the Dome Ace|yea
|c|☆I'm the Dome Ace|starting early this game
|
|t:|1730308147
|move|p1a: Jirachi|Toxic|p2a: Tyranitar
|-status|p2a: Tyranitar|tox
|move|p2a: Tyranitar|Fire Blast|p1a: Jirachi
|-supereffective|p1a: Jirachi
|-damage|p1a: Jirachi|42/100
|
|-weather|Sandstorm|[upkeep]
|-heal|p1a: Jirachi|48/100|[from] item: Leftovers
|-damage|p2a: Tyranitar|94/100 tox|[from] psn
|upkeep
|turn|3
|
|t:|1730308164
|switch|p2a: Jirachi|Jirachi|100/100
|move|p1a: Jirachi|Protect||[still]
|-fail|p1a: Jirachi
|
|-weather|Sandstorm|[upkeep]
|-heal|p1a: Jirachi|54/100|[from] item: Leftovers
|upkeep
|turn|4
|
|t:|1730308177
|switch|p1a: Blissey|Blissey, F|100/100
|move|p2a: Jirachi|Calm Mind|p2a: Jirachi
|-boost|p2a: Jirachi|spa|1
|-boost|p2a: Jirachi|spd|1
|
|-weather|Sandstorm|[upkeep]
|-damage|p1a: Blissey|94/100|[from] Sandstorm
|-heal|p1a: Blissey|100/100|[from] item: Leftovers
|upkeep
|turn|5
|
|t:|1730308188
|move|p2a: Jirachi|Fire Punch|p1a: Blissey
|-damage|p1a: Blissey|86/100
|-status|p1a: Blissey|brn
|move|p1a: Blissey|Calm Mind|p1a: Blissey
|-boost|p1a: Blissey|spa|1
|-boost|p1a: Blissey|spd|1
|
|-weather|Sandstorm|[upkeep]
|-damage|p1a: Blissey|79/100 brn|[from] Sandstorm
|-heal|p1a: Blissey|86/100 brn|[from] item: Leftovers
|-damage|p1a: Blissey|73/100 brn|[from] brn
|upkeep
|turn|6
|
|t:|1730308194
|move|p2a: Jirachi|Psychic|p1a: Blissey
|-damage|p1a: Blissey|57/100 brn
|move|p1a: Blissey|Calm Mind|p1a: Blissey
|-boost|p1a: Blissey|spa|1
|-boost|p1a: Blissey|spd|1
|
|-weather|Sandstorm|[upkeep]
|-damage|p1a: Blissey|51/100 brn|[from] Sandstorm
|-heal|p1a: Blissey|57/100 brn|[from] item: Leftovers
|-damage|p1a: Blissey|45/100 brn|[from] brn
|upkeep
|turn|7
|
|t:|1730308197
|move|p2a: Jirachi|Calm Mind|p2a: Jirachi
|-boost|p2a: Jirachi|spa|1
|-boost|p2a: Jirachi|spd|1
|move|p1a: Blissey|Soft-Boiled|p1a: Blissey
|-heal|p1a: Blissey|95/100 brn
|
|-weather|Sandstorm|[upkeep]
|-damage|p1a: Blissey|89/100 brn|[from] Sandstorm
|-heal|p1a: Blissey|95/100 brn|[from] item: Leftovers
|-damage|p1a: Blissey|82/100 brn|[from] brn
|upkeep
|turn|8
|
|t:|1730308201
|move|p2a: Jirachi|Psychic|p1a: Blissey
|-damage|p1a: Blissey|67/100 brn
|-unboost|p1a: Blissey|spd|1
|move|p1a: Blissey|Thunderbolt|p2a: Jirachi
|-damage|p2a: Jirachi|77/100
|
|-weather|Sandstorm|[upkeep]
|-damage|p1a: Blissey|61/100 brn|[from] Sandstorm
|-heal|p2a: Jirachi|83/100|[from] item: Leftovers
|-heal|p1a: Blissey|67/100 brn|[from] item: Leftovers
|-damage|p1a: Blissey|54/100 brn|[from] brn
|upkeep
|turn|9
|
|t:|1730308209
|move|p2a: Jirachi|Psychic|p1a: Blissey
|-damage|p1a: Blissey|31/100 brn
|move|p1a: Blissey|Soft-Boiled|p1a: Blissey
|-heal|p1a: Blissey|81/100 brn
|
|-weather|Sandstorm|[upkeep]
|-damage|p1a: Blissey|75/100 brn|[from] Sandstorm
|-heal|p2a: Jirachi|90/100|[from] item: Leftovers
|-heal|p1a: Blissey|81/100 brn|[from] item: Leftovers
|-damage|p1a: Blissey|69/100 brn|[from] brn
|upkeep
|turn|10
|
|t:|1730308226
|-curestatus|p1a: Blissey|brn|[from] ability: Natural Cure
|switch|p1a: Sableye|Sableye, F|100/100
|move|p2a: Jirachi|Psychic|p1a: Sableye
|-immune|p1a: Sableye
|
|-weather|Sandstorm|[upkeep]
|-damage|p1a: Sableye|94/100|[from] Sandstorm
|-heal|p2a: Jirachi|96/100|[from] item: Leftovers
|-heal|p1a: Sableye|100/100|[from] item: Leftovers
|upkeep
|turn|11
|
|t:|1730308244
|move|p2a: Jirachi|Fire Punch|p1a: Sableye
|-damage|p1a: Sableye|34/100
|move|p1a: Sableye|Knock Off|p2a: Jirachi
|-damage|p2a: Jirachi|94/100
|-enditem|p2a: Jirachi|Leftovers|[from] move: Knock Off|[of] p1a: Sableye
|-hint|In Gens 3-4, Knock Off only makes the target's item unusable; it cannot obtain a new item.
|
|-weather|Sandstorm|[upkeep]
|-damage|p1a: Sableye|27/100|[from] Sandstorm
|-heal|p1a: Sableye|34/100|[from] item: Leftovers
|upkeep
|turn|12
|
|t:|1730308254
|switch|p1a: Starmie|Starmie|100/100
|move|p2a: Jirachi|Psychic|p1a: Starmie
|-resisted|p1a: Starmie
|-damage|p1a: Starmie|49/100
|
|-weather|Sandstorm|[upkeep]
|-damage|p1a: Starmie|43/100|[from] Sandstorm
|-heal|p1a: Starmie|49/100|[from] item: Leftovers
|upkeep
|turn|13
|
|t:|1730308281
|switch|p1a: Jirachi|Jirachi|54/100
|move|p2a: Jirachi|Hidden Power|p1a: Jirachi
|-resisted|p1a: Jirachi
|-damage|p1a: Jirachi|37/100
|
|-weather|Sandstorm|[upkeep]
|-heal|p1a: Jirachi|43/100|[from] item: Leftovers
|upkeep
|turn|14
|
|t:|1730308287
|switch|p1a: Flygon|Flygon, F|100/100
|move|p2a: Jirachi|Fire Punch|p1a: Flygon
|-resisted|p1a: Flygon
|-damage|p1a: Flygon|72/100
|
|-weather|Sandstorm|[upkeep]
|upkeep
|turn|15
|
|t:|1730308295
|switch|p2a: Zapdos|Zapdos|100/100
|move|p1a: Flygon|Earthquake|p2a: Zapdos
|-immune|p2a: Zapdos
|
|-weather|Sandstorm|[upkeep]
|-damage|p2a: Zapdos|94/100|[from] Sandstorm
|-heal|p2a: Zapdos|100/100|[from] item: Leftovers
|upkeep
|turn|16
|
|t:|1730308300
|switch|p1a: Blissey|Blissey, F|69/100
|move|p2a: Zapdos|Baton Pass|p2a: Zapdos
|
|t:|1730308310
|switch|p2a: Metagross|Metagross|100/100|[from] Baton Pass
|
|-weather|Sandstorm|[upkeep]
|-damage|p1a: Blissey|63/100|[from] Sandstorm
|-heal|p1a: Blissey|69/100|[from] item: Leftovers
|upkeep
|turn|17
|
|t:|1730308314
|switch|p1a: Skarmory|Skarmory, F|100/100
|move|p2a: Metagross|Explosion|p1a: Skarmory
|-resisted|p1a: Skarmory
|-damage|p1a: Skarmory|0 fnt
|faint|p2a: Metagross
|faint|p1a: Skarmory
|
|t:|1730308330
|switch|p2a: Swampert|Swampert, F|100/100
|switch|p1a: Jirachi|Jirachi|43/100
|
|-weather|Sandstorm|[upkeep]
|-heal|p1a: Jirachi|50/100|[from] item: Leftovers
|upkeep
|turn|18
|inactive|I'm the Dome Ace has 270 seconds left.
|
|t:|1730308377
|switch|p2a: Jirachi|Jirachi|94/100
|move|p1a: Jirachi|Protect||[still]
|-fail|p1a: Jirachi
|
|-weather|Sandstorm|[upkeep]
|-heal|p1a: Jirachi|56/100|[from] item: Leftovers
|upkeep
|turn|19
|
|t:|1730308389
|move|p2a: Jirachi|Calm Mind|p2a: Jirachi
|-boost|p2a: Jirachi|spa|1
|-boost|p2a: Jirachi|spd|1
|move|p1a: Jirachi|Fire Punch|p2a: Jirachi
|-supereffective|p2a: Jirachi
|-damage|p2a: Jirachi|72/100
|
|-weather|Sandstorm|[upkeep]
|-heal|p1a: Jirachi|62/100|[from] item: Leftovers
|upkeep
|turn|20
|
|t:|1730308399
|move|p2a: Jirachi|Fire Punch|p1a: Jirachi
|-supereffective|p1a: Jirachi
|-crit|p1a: Jirachi
|-damage|p1a: Jirachi|0 fnt
|faint|p1a: Jirachi
|
|t:|1730308401
|switch|p1a: Blissey|Blissey, F|69/100
|
|-weather|Sandstorm|[upkeep]
|-damage|p1a: Blissey|63/100|[from] Sandstorm
|-heal|p1a: Blissey|69/100|[from] item: Leftovers
|upkeep
|turn|21
|inactive|I'm the Dome Ace has 270 seconds left.
|
|t:|1730308422
|switch|p2a: Swampert|Swampert, F|100/100
|move|p1a: Blissey|Calm Mind|p1a: Blissey
|-boost|p1a: Blissey|spa|1
|-boost|p1a: Blissey|spd|1
|
|-weather|Sandstorm|[upkeep]
|-damage|p1a: Blissey|63/100|[from] Sandstorm
|-heal|p1a: Blissey|69/100|[from] item: Leftovers
|upkeep
|turn|22
|
|t:|1730308431
|switch|p1a: Flygon|Flygon, F|72/100
|move|p2a: Swampert|Earthquake|p1a: Flygon
|-immune|p1a: Flygon
|
|-weather|Sandstorm|[upkeep]
|upkeep
|turn|23
|inactive|I'm the Dome Ace has 270 seconds left.
|
|t:|1730308456
|switch|p1a: Starmie|Starmie|49/100
|switch|p2a: Tyranitar|Tyranitar, F|94/100 tox
|
|-weather|Sandstorm|[upkeep]
|-damage|p1a: Starmie|43/100|[from] Sandstorm
|-heal|p1a: Starmie|49/100|[from] item: Leftovers
|-damage|p2a: Tyranitar|88/100 tox|[from] psn
|upkeep
|turn|24
|
|t:|1730308470
|move|p1a: Starmie|Recover|p1a: Starmie
|-heal|p1a: Starmie|99/100
|move|p2a: Tyranitar|Hidden Power|p1a: Starmie
|-supereffective|p1a: Starmie
|-damage|p1a: Starmie|55/100
|
|-weather|Sandstorm|[upkeep]
|-damage|p1a: Starmie|49/100|[from] Sandstorm
|-heal|p1a: Starmie|55/100|[from] item: Leftovers
|-damage|p2a: Tyranitar|76/100 tox|[from] psn
|upkeep
|turn|25
|
|t:|1730308476
|move|p1a: Starmie|Recover|p1a: Starmie
|-heal|p1a: Starmie|100/100
|move|p2a: Tyranitar|Hidden Power|p1a: Starmie
|-supereffective|p1a: Starmie
|-damage|p1a: Starmie|54/100
|
|-weather|Sandstorm|[upkeep]
|-damage|p1a: Starmie|48/100|[from] Sandstorm
|-heal|p1a: Starmie|54/100|[from] item: Leftovers
|-damage|p2a: Tyranitar|57/100 tox|[from] psn
|upkeep
|turn|26
|
|t:|1730308485
|move|p1a: Starmie|Surf|p2a: Tyranitar
|-supereffective|p2a: Tyranitar
|-damage|p2a: Tyranitar|0 fnt
|faint|p2a: Tyranitar
|inactive|I'm the Dome Ace has 270 seconds left.
|
|t:|1730308509
|switch|p2a: Zapdos|Zapdos|100/100
|
|-weather|Sandstorm|[upkeep]
|-damage|p1a: Starmie|48/100|[from] Sandstorm
|-damage|p2a: Zapdos|94/100|[from] Sandstorm
|-heal|p1a: Starmie|54/100|[from] item: Leftovers
|-heal|p2a: Zapdos|100/100|[from] item: Leftovers
|upkeep
|turn|27
|
|t:|1730308513
|switch|p1a: Blissey|Blissey, F|69/100
|move|p2a: Zapdos|Baton Pass|p2a: Zapdos
|
|t:|1730308515
|switch|p2a: Swampert|Swampert, F|100/100|[from] Baton Pass
|
|-weather|Sandstorm|[upkeep]
|-damage|p1a: Blissey|63/100|[from] Sandstorm
|-heal|p1a: Blissey|69/100|[from] item: Leftovers
|upkeep
|turn|28
|
|t:|1730308528
|-singleturn|p2a: Swampert|move: Focus Punch
|switch|p1a: Sableye|Sableye, F|34/100
|move|p2a: Swampert|Focus Punch|p1a: Sableye
|-immune|p1a: Sableye
|
|-weather|Sandstorm|[upkeep]
|-damage|p1a: Sableye|27/100|[from] Sandstorm
|-heal|p1a: Sableye|34/100|[from] item: Leftovers
|upkeep
|turn|29
|inactive|I'm the Dome Ace has 270 seconds left.
|
|t:|1730308557
|move|p2a: Swampert|Hydro Pump|p1a: Sableye
|-damage|p1a: Sableye|0 fnt
|faint|p1a: Sableye
|
|t:|1730308561
|switch|p1a: Starmie|Starmie|54/100
|
|-weather|Sandstorm|[upkeep]
|-damage|p1a: Starmie|48/100|[from] Sandstorm
|-heal|p1a: Starmie|54/100|[from] item: Leftovers
|upkeep
|turn|30
|inactive|I'm the Dome Ace has 270 seconds left.
|
|t:|1730308575
|move|p1a: Starmie|Recover|p1a: Starmie
|-heal|p1a: Starmie|100/100
|move|p2a: Swampert|Ice Beam|p1a: Starmie
|-resisted|p1a: Starmie
|-damage|p1a: Starmie|86/100
|
|-weather|Sandstorm|[upkeep]
|-damage|p1a: Starmie|80/100|[from] Sandstorm
|-heal|p1a: Starmie|86/100|[from] item: Leftovers
|upkeep
|turn|31
|
|t:|1730308586
|move|p1a: Starmie|Surf|p2a: Swampert
|-damage|p2a: Swampert|71/100
|move|p2a: Swampert|Earthquake|p1a: Starmie
|-damage|p1a: Starmie|41/100
|
|-weather|Sandstorm|[upkeep]
|-damage|p1a: Starmie|34/100|[from] Sandstorm
|-heal|p1a: Starmie|41/100|[from] item: Leftovers
|-heal|p2a: Swampert|77/100|[from] item: Leftovers
|upkeep
|turn|32
|
|t:|1730308591
|move|p1a: Starmie|Recover|p1a: Starmie
|-heal|p1a: Starmie|91/100
|move|p2a: Swampert|Earthquake|p1a: Starmie
|-damage|p1a: Starmie|45/100
|
|-weather|Sandstorm|[upkeep]
|-damage|p1a: Starmie|39/100|[from] Sandstorm
|-heal|p1a: Starmie|45/100|[from] item: Leftovers
|-heal|p2a: Swampert|84/100|[from] item: Leftovers
|upkeep
|turn|33
|
|t:|1730308593
|move|p1a: Starmie|Recover|p1a: Starmie
|-heal|p1a: Starmie|95/100
|move|p2a: Swampert|Earthquake|p1a: Starmie
|-damage|p1a: Starmie|51/100
|
|-weather|Sandstorm|[upkeep]
|-damage|p1a: Starmie|45/100|[from] Sandstorm
|-heal|p1a: Starmie|51/100|[from] item: Leftovers
|-heal|p2a: Swampert|90/100|[from] item: Leftovers
|upkeep
|turn|34
|
|t:|1730308597
|move|p1a: Starmie|Recover|p1a: Starmie
|-heal|p1a: Starmie|100/100
|move|p2a: Swampert|Earthquake|p1a: Starmie
|-damage|p1a: Starmie|56/100
|
|-weather|Sandstorm|[upkeep]
|-damage|p1a: Starmie|50/100|[from] Sandstorm
|-heal|p1a: Starmie|56/100|[from] item: Leftovers
|-heal|p2a: Swampert|96/100|[from] item: Leftovers
|upkeep
|turn|35
|
|t:|1730308602
|move|p1a: Starmie|Recover|p1a: Starmie
|-heal|p1a: Starmie|100/100
|move|p2a: Swampert|Ice Beam|p1a: Starmie
|-resisted|p1a: Starmie
|-damage|p1a: Starmie|86/100
|
|-weather|Sandstorm|[upkeep]
|-damage|p1a: Starmie|80/100|[from] Sandstorm
|-heal|p1a: Starmie|86/100|[from] item: Leftovers
|-heal|p2a: Swampert|100/100|[from] item: Leftovers
|upkeep
|turn|36
|
|t:|1730308605
|move|p1a: Starmie|Surf|p2a: Swampert
|-damage|p2a: Swampert|68/100
|move|p2a: Swampert|Earthquake|p1a: Starmie
|-damage|p1a: Starmie|38/100
|
|-weather|Sandstorm|[upkeep]
|-damage|p1a: Starmie|32/100|[from] Sandstorm
|-heal|p1a: Starmie|38/100|[from] item: Leftovers
|-heal|p2a: Swampert|74/100|[from] item: Leftovers
|upkeep
|turn|37
|
|t:|1730308608
|move|p1a: Starmie|Recover|p1a: Starmie
|-heal|p1a: Starmie|88/100
|move|p2a: Swampert|Earthquake|p1a: Starmie
|-damage|p1a: Starmie|44/100
|
|-weather|Sandstorm|[upkeep]
|-damage|p1a: Starmie|38/100|[from] Sandstorm
|-heal|p1a: Starmie|44/100|[from] item: Leftovers
|-heal|p2a: Swampert|80/100|[from] item: Leftovers
|upkeep
|turn|38
|
|t:|1730308610
|move|p1a: Starmie|Recover|p1a: Starmie
|-heal|p1a: Starmie|94/100
|move|p2a: Swampert|Earthquake|p1a: Starmie
|-damage|p1a: Starmie|48/100
|
|-weather|Sandstorm|[upkeep]
|-damage|p1a: Starmie|42/100|[from] Sandstorm
|-heal|p1a: Starmie|48/100|[from] item: Leftovers
|-heal|p2a: Swampert|87/100|[from] item: Leftovers
|upkeep
|turn|39
|
|t:|1730308613
|move|p1a: Starmie|Recover|p1a: Starmie
|-heal|p1a: Starmie|98/100
|move|p2a: Swampert|Earthquake|p1a: Starmie
|-damage|p1a: Starmie|54/100
|
|-weather|Sandstorm|[upkeep]
|-damage|p1a: Starmie|48/100|[from] Sandstorm
|-heal|p1a: Starmie|54/100|[from] item: Leftovers
|-heal|p2a: Swampert|93/100|[from] item: Leftovers
|upkeep
|turn|40
|
|t:|1730308617
|move|p1a: Starmie|Recover|p1a: Starmie
|-heal|p1a: Starmie|100/100
|move|p2a: Swampert|Ice Beam|p1a: Starmie
|-resisted|p1a: Starmie
|-damage|p1a: Starmie|85/100
|
|-weather|Sandstorm|[upkeep]
|-damage|p1a: Starmie|79/100|[from] Sandstorm
|-heal|p1a: Starmie|85/100|[from] item: Leftovers
|-heal|p2a: Swampert|99/100|[from] item: Leftovers
|upkeep
|turn|41
|
|t:|1730308620
|move|p1a: Starmie|Surf|p2a: Swampert
|-damage|p2a: Swampert|68/100
|move|p2a: Swampert|Earthquake|p1a: Starmie
|-damage|p1a: Starmie|42/100
|
|-weather|Sandstorm|[upkeep]
|-damage|p1a: Starmie|36/100|[from] Sandstorm
|-heal|p1a: Starmie|42/100|[from] item: Leftovers
|-heal|p2a: Swampert|74/100|[from] item: Leftovers
|upkeep
|turn|42
|
|t:|1730308625
|move|p1a: Starmie|Recover|p1a: Starmie
|-heal|p1a: Starmie|92/100
|move|p2a: Swampert|Ice Beam|p1a: Starmie
|-resisted|p1a: Starmie
|-damage|p1a: Starmie|77/100
|
|-weather|Sandstorm|[upkeep]
|-damage|p1a: Starmie|71/100|[from] Sandstorm
|-heal|p1a: Starmie|77/100|[from] item: Leftovers
|-heal|p2a: Swampert|80/100|[from] item: Leftovers
|upkeep
|turn|43
|
|t:|1730308631
|move|p1a: Starmie|Surf|p2a: Swampert
|-damage|p2a: Swampert|49/100
|move|p2a: Swampert|Earthquake|p1a: Starmie
|-crit|p1a: Starmie
|-damage|p1a: Starmie|0 fnt
|faint|p1a: Starmie
|
|t:|1730308633
|switch|p1a: Flygon|Flygon, F|72/100
|
|-weather|Sandstorm|[upkeep]
|-heal|p2a: Swampert|55/100|[from] item: Leftovers
|upkeep
|turn|44
|
|t:|1730308654
|switch|p2a: Salamence|Salamence, F|100/100
|-ability|p2a: Salamence|Intimidate|boost
|-unboost|p1a: Flygon|atk|1
|move|p1a: Flygon|Earthquake|p2a: Salamence
|-immune|p2a: Salamence
|
|-weather|Sandstorm|[upkeep]
|-damage|p2a: Salamence|94/100|[from] Sandstorm
|-heal|p2a: Salamence|100/100|[from] item: Leftovers
|upkeep
|turn|45
|
|t:|1730308671
|switch|p1a: Blissey|Blissey, F|69/100
|move|p2a: Salamence|Hidden Power|p1a: Blissey
|-damage|p1a: Blissey|28/100
|
|-weather|Sandstorm|[upkeep]
|-damage|p2a: Salamence|94/100|[from] Sandstorm
|-damage|p1a: Blissey|22/100|[from] Sandstorm
|-heal|p2a: Salamence|100/100|[from] item: Leftovers
|-heal|p1a: Blissey|28/100|[from] item: Leftovers
|upkeep
|turn|46
|
|t:|1730308678
|switch|p1a: Flygon|Flygon, F|72/100
|move|p2a: Salamence|Hidden Power|p1a: Flygon
|-damage|p1a: Flygon|21/100
|
|-weather|Sandstorm|[upkeep]
|-damage|p2a: Salamence|94/100|[from] Sandstorm
|-heal|p2a: Salamence|100/100|[from] item: Leftovers
|upkeep
|turn|47
|
|t:|1730308686
|switch|p2a: Swampert|Swampert, F|55/100
|move|p1a: Flygon|Rock Slide|p2a: Swampert|[miss]
|-miss|p1a: Flygon|p2a: Swampert
|
|-weather|Sandstorm|[upkeep]
|-heal|p2a: Swampert|62/100|[from] item: Leftovers
|upkeep
|turn|48
|
|t:|1730308694
|move|p1a: Flygon|Rock Slide|p2a: Swampert
|-resisted|p2a: Swampert
|-damage|p2a: Swampert|46/100
|move|p2a: Swampert|Ice Beam|p1a: Flygon
|-supereffective|p1a: Flygon
|-damage|p1a: Flygon|0 fnt
|faint|p1a: Flygon
|
|t:|1730308696
|switch|p1a: Blissey|Blissey, F|28/100
|
|-weather|Sandstorm|[upkeep]
|-damage|p1a: Blissey|22/100|[from] Sandstorm
|-heal|p2a: Swampert|52/100|[from] item: Leftovers
|-heal|p1a: Blissey|28/100|[from] item: Leftovers
|upkeep
|turn|49
|c|☆I'm the Dome Ace|ggs.
|
|t:|1730308702
|move|p2a: Swampert|Earthquake|p1a: Blissey
|-damage|p1a: Blissey|0 fnt
|faint|p1a: Blissey
|
|win|I'm the Dome Ace
|c|☆monchooo|ggs
|player|p2|

</script>
<script type="application/json" class="data" id="replaydata-smogtours-gen3ou-803436">
{"id":"smogtours-gen3ou-803436","format":"[Gen 3] OU","players":["monchooo","I'm the Dome Ace"],"uploadtime":1730308702,"views":100,"formatid":"gen3ou","rating":null,"private":1,"password":null}
</script>

<script defer src="js/replays.js?9d40a366"></script>
