<!DOCTYPE html>
<meta charset="utf-8" />
<meta name="viewport" content="width=device-width" />

<title>[Gen 3] OU: OOF_MAXIMA vs. msoft_j - Replays - Pok&eacute;mon Showdown!</title>

<meta name="description" content="Watch a replay of a Pok&eacute;mon battle between OOF_MAXIMA and msoft_j! Format: [Gen 3] OU; Date: Oct 5, 2024" />
<!--

Hey, you! Looking in the source for the replay log?

You can find them in JSON format, just add `.json` at the end of a replay URL.

https://replay.pokemonshowdown.com/gen7randomdoublesbattle-865046831.json

Or, if you only need the log itself, add `.log` instead:

https://replay.pokemonshowdown.com/gen7randomdoublesbattle-865046831.log

-->

<link rel="stylesheet" href="//pokemonshowdown.com/style/global.css?0.023195364461161105" />
<link rel="stylesheet" href="//play.pokemonshowdown.com/style/font-awesome.css?0.13261647063804238" />
<link rel="stylesheet" href="//play.pokemonshowdown.com/style/battle.css?0.8753245789963631" />
<link rel="stylesheet" href="//play.pokemonshowdown.com/style/utilichart.css?0.8627959624976733" />

<!-- Global site tag (gtag.js) - Google Analytics -->
<script async src="https://www.googletagmanager.com/gtag/js?id=UA-26211653-1"></script>
<script>
  window.dataLayer = window.dataLayer || [];
  function gtag(){dataLayer.push(arguments);}
  gtag('js', new Date());

  gtag('config', 'UA-26211653-1');
</script>
<!-- End Google Analytics -->
<!-- Venatus Ad Manager - Install in <HEAD> of page -->
	<script src="https://hb.vntsm.com/v3/live/ad-manager.min.js" type="text/javascript" data-site-id="642aba63ec9a7b11c3c9c1be" data-mode="scan" async></script>
<!-- / Venatus Ad Manager -->

<style>
	@media (max-width:820px) {
		.battle {
			margin: 0 auto;
		}
		.battle-log {
			margin: 7px auto 0;
			max-width: 640px;
			height: 300px;
			position: static;
		}
	}
	.optgroup {
		display: inline-block;
		line-height: 22px;
		font-size: 10pt;
	}
	.optgroup .button {
		height: 25px;
		padding-top: 0;
		padding-bottom: 0;
	}
	.optgroup button.button {
		padding-left: 12px;
		padding-right: 12px;
	}
	.linklist {
		list-style: none;
		margin: 0.5em 0;
		padding: 0;
	}
	.linklist li {
		padding: 2px 0;
	}
	.sidebar {
		float: left;
		width: 320px;
	}
	.bar-wrapper {
		max-width: 1100px;
		margin: 0 auto;
	}
	.bar-wrapper.has-sidebar {
		max-width: 1430px;
	}
	.mainbar {
		margin: 0;
		padding-right: 1px;
	}
	.mainbar.has-sidebar {
		margin-left: 330px;
	}
	@media (min-width: 1511px) {
		.sidebar {
			width: 400px;
		}
		.bar-wrapper.has-sidebar {
			max-width: 1510px;
		}
		.mainbar.has-sidebar {
			margin-left: 410px;
		}
	}
	.section.first-section {
		margin-top: 9px;
	}
	.blocklink small {
		white-space: normal;
	}
	.button {
		vertical-align: middle;
	}
	.replay-controls {
		padding-top: 10px;
	}
	.replay-controls h1 {
		font-size: 16pt;
		font-weight: normal;
		color: #CCC;
	}
	.pagelink {
		text-align: center;
	}
	.pagelink a {
		width: 150px;
	}
	.textbox, .button {
		font-size: 11pt;
		vertical-align: middle;
	}
	@media (max-width: 450px) {
		.button {
			font-size: 9pt;
		}
	}
</style>

<div>

	<header>
		<div class="nav-wrapper"><ul class="nav">
			<li><a class="button nav-first" href="//pokemonshowdown.com/"><img src="//pokemonshowdown.com/images/pokemonshowdownbeta.png" srcset="//pokemonshowdown.com/images/pokemonshowdownbeta.png 1x, //pokemonshowdown.com/images/pokemonshowdownbeta@2x.png 2x" alt="Pok&eacute;mon Showdown" width="146" height="44" /> Home</a></li>
			<li><a class="button" href="//pokemonshowdown.com/dex/">Pok&eacute;dex</a></li>
			<li><a class="button cur" href="/">Replays</a></li>
			<li><a class="button" href="//pokemonshowdown.com/ladder/">Ladder</a></li>
			<li><a class="button nav-last" href="//pokemonshowdown.com/forums/">Forum</a></li>
			<li><a class="button greenbutton nav-first nav-last" href="//play.pokemonshowdown.com/">Play</a></li>
		</ul></div>
	</header>

	<div class="main" id="main">

		<noscript><section class="section">You need to enable JavaScript to use this page; sorry!</section></noscript>

	</div>

</div>

<script defer nomodule src="//play.pokemonshowdown.com/js/lib/ps-polyfill.js"></script>
<script defer src="//play.pokemonshowdown.com/js/lib/preact.min.js"></script>

<script defer src="//play.pokemonshowdown.com/config/config.js?2bddbc15"></script>
<script defer src="//play.pokemonshowdown.com/js/lib/jquery-1.11.0.min.js"></script>
<script defer src="//play.pokemonshowdown.com/js/lib/html-sanitizer-minified.js"></script>
<script defer src="//play.pokemonshowdown.com/js/battle-sound.js"></script>
<script defer src="//play.pokemonshowdown.com/js/battledata.js?0.7209276989879541"></script>
<script defer src="//play.pokemonshowdown.com/data/pokedex-mini.js?0.6111056340867951"></script>
<script defer src="//play.pokemonshowdown.com/data/pokedex-mini-bw.js?0.3532142036491459"></script>
<script defer src="//play.pokemonshowdown.com/data/graphics.js?0.24223875632456182"></script>
<script defer src="//play.pokemonshowdown.com/data/pokedex.js?0.38839984266356864"></script>
<script defer src="//play.pokemonshowdown.com/data/moves.js?0.21866028504024015"></script>
<script defer src="//play.pokemonshowdown.com/data/abilities.js?0.2005157953846628"></script>
<script defer src="//play.pokemonshowdown.com/data/items.js?0.9894211263848525"></script>
<script defer src="//play.pokemonshowdown.com/data/teambuilder-tables.js?0.6008791140282215"></script>
<script defer src="//play.pokemonshowdown.com/js/battle-tooltips.js?0.7580118955022959"></script>
<script defer src="//play.pokemonshowdown.com/js/battle.js?0.6057722274234274"></script>

<script defer src="js/utils.js?e31f9a17"></script>
<script defer src="js/replays-battle.js?7008c182"></script>

<!-- don't scrape this data! just add .json or .log after the URL!
Full API docs: https://github.com/smogon/pokemon-showdown-client/blob/master/WEB-API.md -->
<script type="text/plain" class="log" id="replaylog-smogtours-gen3ou-794869">
|inactive|Battle timer is ON: inactive players will automatically lose when time's up.
|t:|1728129760
|gametype|singles
|player|p1|OOF_MAXIMA|cress|
|player|p2|msoft_j|265|
|teamsize|p1|6
|teamsize|p2|6
|gen|3
|tier|[Gen 3] OU
|rule|Sleep Clause Mod: Limit one foe put to sleep
|rule|Switch Priority Clause Mod: Faster Pokémon switch first
|rule|Species Clause: Limit one of each Pokémon
|rule|OHKO Clause: OHKO moves are banned
|rule|Evasion Items Clause: Evasion items are banned
|rule|Evasion Moves Clause: Evasion moves are banned
|rule|Endless Battle Clause: Forcing endless battles is banned
|rule|HP Percentage Mod: HP is shown in percentages
|rule|One Boost Passer Clause: Limit one Baton Passer that has a way to boost its stats
|rule|Freeze Clause Mod: Limit one foe frozen
|
|t:|1728129760
|start
|switch|p1a: sandy goober|Tyranitar, M|100/100
|switch|p2a: Zapdos|Zapdos|100/100
|-weather|Sandstorm|[from] ability: Sand Stream|[of] p1a: sandy goober
|turn|1
|c|☆msoft_j|glhf
|
|t:|1728129780
|move|p2a: Zapdos|Baton Pass|p2a: Zapdos
|
|t:|1728129786
|switch|p2a: Heracross|Heracross, M|100/100|[from] Baton Pass
|move|p1a: sandy goober|Substitute|p1a: sandy goober
|-start|p1a: sandy goober|Substitute
|-damage|p1a: sandy goober|75/100
|
|-weather|Sandstorm|[upkeep]
|-damage|p2a: Heracross|94/100|[from] Sandstorm
|-heal|p2a: Heracross|100/100|[from] item: Leftovers
|-heal|p1a: sandy goober|82/100|[from] item: Leftovers
|upkeep
|turn|2
|c|☆OOF_MAXIMA|U2
|
|t:|1728129791
|move|p2a: Heracross|Brick Break|p1a: sandy goober
|-supereffective|p1a: sandy goober
|-crit|p1a: sandy goober
|-end|p1a: sandy goober|Substitute
|move|p1a: sandy goober|Flamethrower|p2a: Heracross
|-supereffective|p2a: Heracross
|-damage|p2a: Heracross|39/100
|
|-weather|Sandstorm|[upkeep]
|-damage|p2a: Heracross|32/100|[from] Sandstorm
|-heal|p2a: Heracross|39/100|[from] item: Leftovers
|-heal|p1a: sandy goober|88/100|[from] item: Leftovers
|upkeep
|turn|3
|
|t:|1728129798
|switch|p1a: blast goober|Charizard, F|100/100
|move|p2a: Heracross|Rock Slide|p1a: blast goober
|-supereffective|p1a: blast goober
|-damage|p1a: blast goober|0 fnt
|faint|p1a: blast goober
|
|t:|1728129802
|switch|p1a: dragon goober|Salamence, F|100/100
|-ability|p1a: dragon goober|Intimidate|boost
|-unboost|p2a: Heracross|atk|1
|
|-weather|Sandstorm|[upkeep]
|-damage|p1a: dragon goober|94/100|[from] Sandstorm
|-damage|p2a: Heracross|32/100|[from] Sandstorm
|-heal|p1a: dragon goober|100/100|[from] item: Leftovers
|-heal|p2a: Heracross|39/100|[from] item: Leftovers
|upkeep
|turn|4
|
|t:|1728129807
|switch|p2a: Tyranitar|Tyranitar, F|100/100
|move|p1a: dragon goober|Substitute|p1a: dragon goober
|-start|p1a: dragon goober|Substitute
|-damage|p1a: dragon goober|76/100
|
|-weather|Sandstorm|[upkeep]
|-damage|p1a: dragon goober|70/100|[from] Sandstorm
|-heal|p1a: dragon goober|76/100|[from] item: Leftovers
|upkeep
|turn|5
|
|t:|1728129810
|move|p1a: dragon goober|Hydro Pump|p2a: Tyranitar
|-supereffective|p2a: Tyranitar
|-damage|p2a: Tyranitar|30/100
|move|p2a: Tyranitar|Crunch|p1a: dragon goober
|-end|p1a: dragon goober|Substitute
|
|-weather|Sandstorm|[upkeep]
|-damage|p1a: dragon goober|70/100|[from] Sandstorm
|-heal|p1a: dragon goober|76/100|[from] item: Leftovers
|-heal|p2a: Tyranitar|36/100|[from] item: Leftovers
|upkeep
|turn|6
|
|t:|1728129816
|switch|p2a: Zapdos|Zapdos|100/100
|move|p1a: dragon goober|Hydro Pump|p2a: Zapdos|[miss]
|-miss|p1a: dragon goober|p2a: Zapdos
|
|-weather|Sandstorm|[upkeep]
|-damage|p2a: Zapdos|94/100|[from] Sandstorm
|-damage|p1a: dragon goober|70/100|[from] Sandstorm
|-heal|p1a: dragon goober|76/100|[from] item: Leftovers
|-heal|p2a: Zapdos|100/100|[from] item: Leftovers
|upkeep
|turn|7
|
|t:|1728129824
|switch|p1a: fat goober|Snorlax, M|100/100
|move|p2a: Zapdos|Substitute|p2a: Zapdos
|-start|p2a: Zapdos|Substitute
|-damage|p2a: Zapdos|76/100
|
|-weather|Sandstorm|[upkeep]
|-damage|p2a: Zapdos|69/100|[from] Sandstorm
|-damage|p1a: fat goober|94/100|[from] Sandstorm
|-heal|p2a: Zapdos|76/100|[from] item: Leftovers
|-heal|p1a: fat goober|100/100|[from] item: Leftovers
|upkeep
|turn|8
|
|t:|1728129830
|move|p2a: Zapdos|Baton Pass|p2a: Zapdos
|
|t:|1728129832
|switch|p2a: Breloom|Breloom, F|100/100|[from] Baton Pass
|move|p1a: fat goober|Earthquake|p2a: Breloom
|-resisted|p2a: Breloom
|-crit|p2a: Breloom
|-end|p2a: Breloom|Substitute
|
|-weather|Sandstorm|[upkeep]
|-damage|p2a: Breloom|95/100|[from] Sandstorm
|-damage|p1a: fat goober|94/100|[from] Sandstorm
|-heal|p1a: fat goober|100/100|[from] item: Leftovers
|upkeep
|turn|9
|
|t:|1728129840
|switch|p1a: silly goober|Claydol|100/100
|move|p2a: Breloom|Spore|p1a: silly goober
|-status|p1a: silly goober|slp|[from] move: Spore
|
|-weather|Sandstorm|[upkeep]
|-damage|p2a: Breloom|89/100|[from] Sandstorm
|upkeep
|turn|10
|
|t:|1728129848
|-singleturn|p2a: Breloom|move: Focus Punch
|switch|p1a: dragon goober|Salamence, F|76/100
|-ability|p1a: dragon goober|Intimidate|boost
|-unboost|p2a: Breloom|atk|1
|move|p2a: Breloom|Focus Punch|p1a: dragon goober
|-resisted|p1a: dragon goober
|-damage|p1a: dragon goober|35/100
|
|-weather|Sandstorm|[upkeep]
|-damage|p1a: dragon goober|29/100|[from] Sandstorm
|-damage|p2a: Breloom|83/100|[from] Sandstorm
|-heal|p1a: dragon goober|35/100|[from] item: Leftovers
|upkeep
|turn|11
|inactive|msoft_j has 270 seconds left.
|
|t:|1728129897
|move|p2a: Breloom|Mach Punch|p1a: dragon goober
|-resisted|p1a: dragon goober
|-damage|p1a: dragon goober|24/100
|move|p1a: dragon goober|Fire Blast|p2a: Breloom|[miss]
|-miss|p1a: dragon goober|p2a: Breloom
|
|-weather|Sandstorm|[upkeep]
|-damage|p1a: dragon goober|18/100|[from] Sandstorm
|-damage|p2a: Breloom|77/100|[from] Sandstorm
|-heal|p1a: dragon goober|24/100|[from] item: Leftovers
|upkeep
|turn|12
|inactive|msoft_j has 240 seconds left.
|
|t:|1728129938
|switch|p2a: Tyranitar|Tyranitar, F|36/100
|move|p1a: dragon goober|Fire Blast|p2a: Tyranitar
|-resisted|p2a: Tyranitar
|-damage|p2a: Tyranitar|19/100
|
|-weather|Sandstorm|[upkeep]
|-damage|p1a: dragon goober|18/100|[from] Sandstorm
|-heal|p1a: dragon goober|24/100|[from] item: Leftovers
|-heal|p2a: Tyranitar|25/100|[from] item: Leftovers
|upkeep
|turn|13
|
|t:|1728129944
|move|p1a: dragon goober|Dragon Claw|p2a: Tyranitar
|-damage|p2a: Tyranitar|0 fnt
|faint|p2a: Tyranitar
|
|t:|1728129947
|switch|p2a: Zapdos|Zapdos|76/100
|
|-weather|Sandstorm|[upkeep]
|-damage|p1a: dragon goober|18/100|[from] Sandstorm
|-damage|p2a: Zapdos|69/100|[from] Sandstorm
|-heal|p1a: dragon goober|24/100|[from] item: Leftovers
|-heal|p2a: Zapdos|76/100|[from] item: Leftovers
|upkeep
|turn|14
|inactive|OOF_MAXIMA has 270 seconds left.
|
|t:|1728129982
|switch|p1a: fat goober|Snorlax, M|100/100
|move|p2a: Zapdos|Thunderbolt|p1a: fat goober
|-crit|p1a: fat goober
|-damage|p1a: fat goober|37/100
|
|-weather|Sandstorm|[upkeep]
|-damage|p2a: Zapdos|69/100|[from] Sandstorm
|-damage|p1a: fat goober|30/100|[from] Sandstorm
|-heal|p2a: Zapdos|76/100|[from] item: Leftovers
|-heal|p1a: fat goober|37/100|[from] item: Leftovers
|upkeep
|turn|15
|
|t:|1728129989
|move|p2a: Zapdos|Baton Pass|p2a: Zapdos
|
|t:|1728129994
|switch|p2a: Metagross|Metagross|100/100|[from] Baton Pass
|move|p1a: fat goober|Self-Destruct|p2a: Metagross
|-resisted|p2a: Metagross
|-damage|p2a: Metagross|28/100
|faint|p1a: fat goober
|
|t:|1728130004
|switch|p1a: sandy goober|Tyranitar, M|88/100
|
|-weather|Sandstorm|[upkeep]
|-heal|p2a: Metagross|34/100|[from] item: Leftovers
|-heal|p1a: sandy goober|94/100|[from] item: Leftovers
|upkeep
|turn|16
|
|t:|1728130013
|move|p2a: Metagross|Meteor Mash|p1a: sandy goober
|-supereffective|p1a: sandy goober
|-damage|p1a: sandy goober|6/100
|move|p1a: sandy goober|Flamethrower|p2a: Metagross
|-supereffective|p2a: Metagross
|-damage|p2a: Metagross|0 fnt
|faint|p2a: Metagross
|inactive|msoft_j has 270 seconds left.
|
|t:|1728130029
|switch|p2a: Heracross|Heracross, M|39/100
|
|-weather|Sandstorm|[upkeep]
|-damage|p2a: Heracross|32/100|[from] Sandstorm
|-heal|p2a: Heracross|39/100|[from] item: Leftovers
|-heal|p1a: sandy goober|12/100|[from] item: Leftovers
|upkeep
|turn|17
|
|t:|1728130032
|move|p2a: Heracross|Brick Break|p1a: sandy goober
|-supereffective|p1a: sandy goober
|-damage|p1a: sandy goober|0 fnt
|faint|p1a: sandy goober
|
|t:|1728130037
|switch|p1a: dragon goober|Salamence, F|24/100
|-ability|p1a: dragon goober|Intimidate|boost
|-unboost|p2a: Heracross|atk|1
|
|-weather|Sandstorm|[upkeep]
|-damage|p1a: dragon goober|18/100|[from] Sandstorm
|-damage|p2a: Heracross|32/100|[from] Sandstorm
|-heal|p1a: dragon goober|24/100|[from] item: Leftovers
|-heal|p2a: Heracross|39/100|[from] item: Leftovers
|upkeep
|turn|18
|inactive|msoft_j has 270 seconds left.
|
|t:|1728130064
|move|p1a: dragon goober|Dragon Claw|p2a: Heracross
|-damage|p2a: Heracross|0 fnt
|faint|p2a: Heracross
|
|t:|1728130066
|switch|p2a: Zapdos|Zapdos|76/100
|
|-weather|Sandstorm|[upkeep]
|-damage|p1a: dragon goober|18/100|[from] Sandstorm
|-damage|p2a: Zapdos|69/100|[from] Sandstorm
|-heal|p2a: Zapdos|76/100|[from] item: Leftovers
|-heal|p1a: dragon goober|24/100|[from] item: Leftovers
|upkeep
|turn|19
|
|t:|1728130075
|move|p2a: Zapdos|Hidden Power|p1a: dragon goober
|-supereffective|p1a: dragon goober
|-damage|p1a: dragon goober|0 fnt
|faint|p1a: dragon goober
|
|t:|1728130077
|switch|p1a: metal goober|Metagross|100/100
|
|-weather|Sandstorm|[upkeep]
|-damage|p2a: Zapdos|69/100|[from] Sandstorm
|-heal|p2a: Zapdos|76/100|[from] item: Leftovers
|upkeep
|turn|20
|
|t:|1728130081
|move|p2a: Zapdos|Thunderbolt|p1a: metal goober
|-damage|p1a: metal goober|53/100
|move|p1a: metal goober|Agility|p1a: metal goober
|-boost|p1a: metal goober|spe|2
|
|-weather|Sandstorm|[upkeep]
|-damage|p2a: Zapdos|69/100|[from] Sandstorm
|-heal|p1a: metal goober|59/100|[from] item: Leftovers
|-heal|p2a: Zapdos|76/100|[from] item: Leftovers
|upkeep
|turn|21
|
|t:|1728130084
|move|p1a: metal goober|Rock Slide|p2a: Zapdos
|-supereffective|p2a: Zapdos
|-damage|p2a: Zapdos|14/100
|move|p2a: Zapdos|Thunderbolt|p1a: metal goober
|-damage|p1a: metal goober|13/100
|
|-weather|Sandstorm|[upkeep]
|-damage|p2a: Zapdos|8/100|[from] Sandstorm
|-heal|p1a: metal goober|19/100|[from] item: Leftovers
|-heal|p2a: Zapdos|14/100|[from] item: Leftovers
|upkeep
|turn|22
|
|t:|1728130090
|move|p1a: metal goober|Rock Slide|p2a: Zapdos
|-supereffective|p2a: Zapdos
|-damage|p2a: Zapdos|0 fnt
|faint|p2a: Zapdos
|
|t:|1728130093
|switch|p2a: Breloom|Breloom, F|77/100
|
|-weather|Sandstorm|[upkeep]
|-damage|p2a: Breloom|71/100|[from] Sandstorm
|-heal|p1a: metal goober|25/100|[from] item: Leftovers
|upkeep
|turn|23
|
|t:|1728130112
|move|p2a: Breloom|Mach Punch|p1a: metal goober
|-damage|p1a: metal goober|7/100
|move|p1a: metal goober|Meteor Mash|p2a: Breloom
|-damage|p2a: Breloom|2/100
|
|-weather|Sandstorm|[upkeep]
|-damage|p2a: Breloom|0 fnt|[from] Sandstorm
|faint|p2a: Breloom
|-heal|p1a: metal goober|13/100|[from] item: Leftovers
|upkeep
|
|t:|1728130116
|switch|p2a: Salamence|Salamence, F|100/100
|-ability|p2a: Salamence|Intimidate|boost
|-fail|p1a: metal goober|unboost|[from] ability: Clear Body|[of] p1a: metal goober
|turn|24
|
|t:|1728130118
|move|p1a: metal goober|Rock Slide|p2a: Salamence
|-supereffective|p2a: Salamence
|-damage|p2a: Salamence|41/100
|move|p2a: Salamence|Dragon Claw|p1a: metal goober
|-resisted|p1a: metal goober
|-crit|p1a: metal goober
|-damage|p1a: metal goober|0 fnt
|faint|p1a: metal goober
|
|t:|1728130121
|switch|p1a: silly goober|Claydol|100/100 slp
|
|-weather|Sandstorm|[upkeep]
|-damage|p2a: Salamence|35/100|[from] Sandstorm
|-heal|p2a: Salamence|41/100|[from] item: Leftovers
|upkeep
|turn|25
|
|t:|1728130125
|move|p2a: Salamence|Hidden Power|p1a: silly goober
|-supereffective|p1a: silly goober
|-crit|p1a: silly goober
|-damage|p1a: silly goober|2/100 slp
|cant|p1a: silly goober|slp
|
|-weather|Sandstorm|[upkeep]
|-damage|p2a: Salamence|35/100|[from] Sandstorm
|-heal|p2a: Salamence|41/100|[from] item: Leftovers
|-heal|p1a: silly goober|8/100 slp|[from] item: Leftovers
|upkeep
|turn|26
|c|☆OOF_MAXIMA|guhhh
|c|☆msoft_j|mb
|
|t:|1728130134
|move|p2a: Salamence|Hidden Power|p1a: silly goober
|-supereffective|p1a: silly goober
|-damage|p1a: silly goober|0 fnt
|faint|p1a: silly goober
|
|win|msoft_j

</script>
<script type="application/json" class="data" id="replaydata-smogtours-gen3ou-794869">
{"id":"smogtours-gen3ou-794869","format":"[Gen 3] OU","players":["OOF_MAXIMA","msoft_j"],"uploadtime":1728130134,"views":149,"formatid":"gen3ou","rating":null,"private":0,"password":null}
</script>

<script defer src="js/replays.js?9d40a366"></script>
