<!DOCTYPE html>
<meta charset="utf-8" />
<meta name="viewport" content="width=device-width" />

<title>[Gen 3] OU: NeverX vs. EatYourToast - Replays - Pok&eacute;mon Showdown!</title>

<meta name="description" content="Watch a replay of a Pok&eacute;mon battle between NeverX and EatYourToast! Format: [Gen 3] OU; Date: Oct 4, 2024" />
<!--

Hey, you! Looking in the source for the replay log?

You can find them in JSON format, just add `.json` at the end of a replay URL.

https://replay.pokemonshowdown.com/gen7randomdoublesbattle-865046831.json

Or, if you only need the log itself, add `.log` instead:

https://replay.pokemonshowdown.com/gen7randomdoublesbattle-865046831.log

-->

<link rel="stylesheet" href="//pokemonshowdown.com/style/global.css?0.023195364461161105" />
<link rel="stylesheet" href="//play.pokemonshowdown.com/style/font-awesome.css?0.13261647063804238" />
<link rel="stylesheet" href="//play.pokemonshowdown.com/style/battle.css?0.8753245789963631" />
<link rel="stylesheet" href="//play.pokemonshowdown.com/style/utilichart.css?0.8627959624976733" />

<!-- Global site tag (gtag.js) - Google Analytics -->
<script async src="https://www.googletagmanager.com/gtag/js?id=UA-26211653-1"></script>
<script>
  window.dataLayer = window.dataLayer || [];
  function gtag(){dataLayer.push(arguments);}
  gtag('js', new Date());

  gtag('config', 'UA-26211653-1');
</script>
<!-- End Google Analytics -->
<!-- Venatus Ad Manager - Install in <HEAD> of page -->
	<script src="https://hb.vntsm.com/v3/live/ad-manager.min.js" type="text/javascript" data-site-id="642aba63ec9a7b11c3c9c1be" data-mode="scan" async></script>
<!-- / Venatus Ad Manager -->

<style>
	@media (max-width:820px) {
		.battle {
			margin: 0 auto;
		}
		.battle-log {
			margin: 7px auto 0;
			max-width: 640px;
			height: 300px;
			position: static;
		}
	}
	.optgroup {
		display: inline-block;
		line-height: 22px;
		font-size: 10pt;
	}
	.optgroup .button {
		height: 25px;
		padding-top: 0;
		padding-bottom: 0;
	}
	.optgroup button.button {
		padding-left: 12px;
		padding-right: 12px;
	}
	.linklist {
		list-style: none;
		margin: 0.5em 0;
		padding: 0;
	}
	.linklist li {
		padding: 2px 0;
	}
	.sidebar {
		float: left;
		width: 320px;
	}
	.bar-wrapper {
		max-width: 1100px;
		margin: 0 auto;
	}
	.bar-wrapper.has-sidebar {
		max-width: 1430px;
	}
	.mainbar {
		margin: 0;
		padding-right: 1px;
	}
	.mainbar.has-sidebar {
		margin-left: 330px;
	}
	@media (min-width: 1511px) {
		.sidebar {
			width: 400px;
		}
		.bar-wrapper.has-sidebar {
			max-width: 1510px;
		}
		.mainbar.has-sidebar {
			margin-left: 410px;
		}
	}
	.section.first-section {
		margin-top: 9px;
	}
	.blocklink small {
		white-space: normal;
	}
	.button {
		vertical-align: middle;
	}
	.replay-controls {
		padding-top: 10px;
	}
	.replay-controls h1 {
		font-size: 16pt;
		font-weight: normal;
		color: #CCC;
	}
	.pagelink {
		text-align: center;
	}
	.pagelink a {
		width: 150px;
	}
	.textbox, .button {
		font-size: 11pt;
		vertical-align: middle;
	}
	@media (max-width: 450px) {
		.button {
			font-size: 9pt;
		}
	}
</style>

<div>

	<header>
		<div class="nav-wrapper"><ul class="nav">
			<li><a class="button nav-first" href="//pokemonshowdown.com/"><img src="//pokemonshowdown.com/images/pokemonshowdownbeta.png" srcset="//pokemonshowdown.com/images/pokemonshowdownbeta.png 1x, //pokemonshowdown.com/images/pokemonshowdownbeta@2x.png 2x" alt="Pok&eacute;mon Showdown" width="146" height="44" /> Home</a></li>
			<li><a class="button" href="//pokemonshowdown.com/dex/">Pok&eacute;dex</a></li>
			<li><a class="button cur" href="/">Replays</a></li>
			<li><a class="button" href="//pokemonshowdown.com/ladder/">Ladder</a></li>
			<li><a class="button nav-last" href="//pokemonshowdown.com/forums/">Forum</a></li>
			<li><a class="button greenbutton nav-first nav-last" href="//play.pokemonshowdown.com/">Play</a></li>
		</ul></div>
	</header>

	<div class="main" id="main">

		<noscript><section class="section">You need to enable JavaScript to use this page; sorry!</section></noscript>

	</div>

</div>

<script defer nomodule src="//play.pokemonshowdown.com/js/lib/ps-polyfill.js"></script>
<script defer src="//play.pokemonshowdown.com/js/lib/preact.min.js"></script>

<script defer src="//play.pokemonshowdown.com/config/config.js?2bddbc15"></script>
<script defer src="//play.pokemonshowdown.com/js/lib/jquery-1.11.0.min.js"></script>
<script defer src="//play.pokemonshowdown.com/js/lib/html-sanitizer-minified.js"></script>
<script defer src="//play.pokemonshowdown.com/js/battle-sound.js"></script>
<script defer src="//play.pokemonshowdown.com/js/battledata.js?0.7209276989879541"></script>
<script defer src="//play.pokemonshowdown.com/data/pokedex-mini.js?0.6111056340867951"></script>
<script defer src="//play.pokemonshowdown.com/data/pokedex-mini-bw.js?0.3532142036491459"></script>
<script defer src="//play.pokemonshowdown.com/data/graphics.js?0.24223875632456182"></script>
<script defer src="//play.pokemonshowdown.com/data/pokedex.js?0.38839984266356864"></script>
<script defer src="//play.pokemonshowdown.com/data/moves.js?0.21866028504024015"></script>
<script defer src="//play.pokemonshowdown.com/data/abilities.js?0.2005157953846628"></script>
<script defer src="//play.pokemonshowdown.com/data/items.js?0.9894211263848525"></script>
<script defer src="//play.pokemonshowdown.com/data/teambuilder-tables.js?0.6008791140282215"></script>
<script defer src="//play.pokemonshowdown.com/js/battle-tooltips.js?0.7580118955022959"></script>
<script defer src="//play.pokemonshowdown.com/js/battle.js?0.6057722274234274"></script>

<script defer src="js/utils.js?e31f9a17"></script>
<script defer src="js/replays-battle.js?7008c182"></script>

<!-- don't scrape this data! just add .json or .log after the URL!
Full API docs: https://github.com/smogon/pokemon-showdown-client/blob/master/WEB-API.md -->
<script type="text/plain" class="log" id="replaylog-gen3ou-2216138728-or0s93qliccsnwa1a8tgha54p26iddhpw">
|j|☆NeverX
|j|☆EatYourToast
|t:|1728084477
|gametype|singles
|player|p1|NeverX|steven|
|player|p2|EatYourToast|clown|
|teamsize|p1|6
|teamsize|p2|6
|gen|3
|tier|[Gen 3] OU
|rule|Sleep Clause Mod: Limit one foe put to sleep
|rule|Switch Priority Clause Mod: Faster Pokémon switch first
|rule|Species Clause: Limit one of each Pokémon
|rule|OHKO Clause: OHKO moves are banned
|rule|Evasion Items Clause: Evasion items are banned
|rule|Evasion Moves Clause: Evasion moves are banned
|rule|Endless Battle Clause: Forcing endless battles is banned
|rule|HP Percentage Mod: HP is shown in percentages
|rule|One Boost Passer Clause: Limit one Baton Passer that has a way to boost its stats
|rule|Freeze Clause Mod: Limit one foe frozen
|
|t:|1728084477
|start
|switch|p1a: Blissey|Blissey, F|100/100
|switch|p2a: Dusclops|Dusclops, F|100/100
|turn|1
|inactive|Battle timer is ON: inactive players will automatically lose when time's up. (requested by NeverX)
|c|☆NeverX|Hf
|c|☆EatYourToast|you too
|inactive|NeverX has 270 seconds left.
|
|t:|1728084509
|move|p1a: Blissey|Ice Beam|p2a: Dusclops
|-damage|p2a: Dusclops|78/100
|move|p2a: Dusclops|Will-O-Wisp|p1a: Blissey
|-status|p1a: Blissey|brn
|
|-damage|p1a: Blissey|88/100 brn|[from] brn
|-heal|p2a: Dusclops|84/100|[from] item: Leftovers
|upkeep
|turn|2
|
|t:|1728084523
|move|p1a: Blissey|Ice Beam|p2a: Dusclops
|-damage|p2a: Dusclops|59/100
|move|p2a: Dusclops|Will-O-Wisp|p1a: Blissey
|-fail|p1a: Blissey|brn
|
|-heal|p1a: Blissey|94/100 brn|[from] item: Leftovers
|-damage|p1a: Blissey|82/100 brn|[from] brn
|-heal|p2a: Dusclops|65/100|[from] item: Leftovers
|upkeep
|turn|3
|
|t:|1728084532
|move|p1a: Blissey|Ice Beam|p2a: Dusclops
|-damage|p2a: Dusclops|42/100
|move|p2a: Dusclops|Pain Split|p1a: Blissey
|-sethp|p1a: Blissey|48/100 brn|[from] move: Pain Split|[silent]
|-sethp|p2a: Dusclops|100/100|[from] move: Pain Split
|
|-heal|p1a: Blissey|54/100 brn|[from] item: Leftovers
|-damage|p1a: Blissey|42/100 brn|[from] brn
|upkeep
|turn|4
|
|t:|1728084542
|move|p1a: Blissey|Soft-Boiled|p1a: Blissey
|-heal|p1a: Blissey|92/100 brn
|move|p2a: Dusclops|Curse|p1a: Blissey
|-start|p1a: Blissey|Curse|[of] p2a: Dusclops
|-damage|p2a: Dusclops|50/100
|
|-heal|p1a: Blissey|98/100 brn|[from] item: Leftovers
|-damage|p1a: Blissey|86/100 brn|[from] brn
|-damage|p1a: Blissey|61/100 brn|[from] Curse
|-heal|p2a: Dusclops|56/100|[from] item: Leftovers
|upkeep
|turn|5
|
|t:|1728084554
|-curestatus|p1a: Blissey|brn|[from] ability: Natural Cure
|switch|p1a: Milotic|Milotic, M|100/100
|move|p2a: Dusclops|Pain Split|p1a: Milotic
|-sethp|p1a: Milotic|66/100|[from] move: Pain Split|[silent]
|-sethp|p2a: Dusclops|100/100|[from] move: Pain Split
|
|-heal|p1a: Milotic|72/100|[from] item: Leftovers
|upkeep
|turn|6
|
|t:|1728084564
|move|p1a: Milotic|Toxic|p2a: Dusclops
|-status|p2a: Dusclops|tox
|move|p2a: Dusclops|Curse|p1a: Milotic
|-start|p1a: Milotic|Curse|[of] p2a: Dusclops
|-damage|p2a: Dusclops|50/100 tox
|
|-heal|p1a: Milotic|78/100|[from] item: Leftovers
|-damage|p1a: Milotic|53/100|[from] Curse
|-heal|p2a: Dusclops|56/100 tox|[from] item: Leftovers
|-damage|p2a: Dusclops|50/100 tox|[from] psn
|upkeep
|turn|7
|
|t:|1728084585
|move|p1a: Milotic|Surf|p2a: Dusclops
|-damage|p2a: Dusclops|19/100 tox
|move|p2a: Dusclops|Pain Split|p1a: Milotic
|-sethp|p1a: Milotic|32/100|[from] move: Pain Split|[silent]
|-sethp|p2a: Dusclops|57/100 tox|[from] move: Pain Split
|
|-heal|p1a: Milotic|38/100|[from] item: Leftovers
|-damage|p1a: Milotic|13/100|[from] Curse
|-heal|p2a: Dusclops|63/100 tox|[from] item: Leftovers
|-damage|p2a: Dusclops|51/100 tox|[from] psn
|upkeep
|turn|8
|inactive|EatYourToast has 270 seconds left.
|
|t:|1728084606
|switch|p2a: Blissey|Blissey, F, shiny|100/100
|move|p1a: Milotic|Recover|p1a: Milotic
|-heal|p1a: Milotic|63/100
|
|-heal|p1a: Milotic|69/100|[from] item: Leftovers
|-damage|p1a: Milotic|45/100|[from] Curse
|upkeep
|turn|9
|inactive|EatYourToast has 270 seconds left.
|
|t:|1728084618
|switch|p1a: Blissey|Blissey, F|61/100
|switch|p2a: Dusclops|Dusclops, F|51/100 tox
|
|-heal|p1a: Blissey|67/100|[from] item: Leftovers
|-heal|p2a: Dusclops|57/100 tox|[from] item: Leftovers
|-damage|p2a: Dusclops|51/100 tox|[from] psn
|upkeep
|turn|10
|
|t:|1728084626
|switch|p1a: Milotic|Milotic, M|45/100
|move|p2a: Dusclops|Pain Split|p1a: Milotic
|-sethp|p1a: Milotic|37/100|[from] move: Pain Split|[silent]
|-sethp|p2a: Dusclops|64/100 tox|[from] move: Pain Split
|
|-heal|p1a: Milotic|43/100|[from] item: Leftovers
|-heal|p2a: Dusclops|70/100 tox|[from] item: Leftovers
|-damage|p2a: Dusclops|59/100 tox|[from] psn
|upkeep
|turn|11
|inactive|EatYourToast has 270 seconds left.
|
|t:|1728084644
|move|p1a: Milotic|Recover|p1a: Milotic
|-heal|p1a: Milotic|93/100
|move|p2a: Dusclops|Pain Split|p1a: Milotic
|-sethp|p1a: Milotic|63/100|[from] move: Pain Split|[silent]
|-sethp|p2a: Dusclops|100/100 tox|[from] move: Pain Split
|
|-heal|p1a: Milotic|69/100|[from] item: Leftovers
|-damage|p2a: Dusclops|83/100 tox|[from] psn
|upkeep
|turn|12
|inactive|EatYourToast has 270 seconds left.
|
|t:|1728084655
|move|p1a: Milotic|Surf|p2a: Dusclops
|-damage|p2a: Dusclops|52/100 tox
|move|p2a: Dusclops|Curse|p1a: Milotic
|-start|p1a: Milotic|Curse|[of] p2a: Dusclops
|-damage|p2a: Dusclops|2/100 tox
|
|-heal|p1a: Milotic|75/100|[from] item: Leftovers
|-damage|p1a: Milotic|50/100|[from] Curse
|-heal|p2a: Dusclops|8/100 tox|[from] item: Leftovers
|-damage|p2a: Dusclops|0 fnt|[from] psn
|faint|p2a: Dusclops
|upkeep
|inactive|EatYourToast has 270 seconds left.
|
|t:|1728084682
|switch|p2a: Aerodactyl|Aerodactyl, F|100/100
|turn|13
|
|t:|1728084695
|switch|p1a: Skarmory|Skarmory, F|100/100
|move|p2a: Aerodactyl|Double-Edge|p1a: Skarmory
|-resisted|p1a: Skarmory
|-damage|p1a: Skarmory|80/100
|
|-heal|p1a: Skarmory|86/100|[from] item: Leftovers
|upkeep
|turn|14
|
|t:|1728084711
|switch|p2a: Duskull|Duskull, M, shiny|100/100
|move|p1a: Skarmory|Spikes|p2a: Duskull
|-sidestart|p2: EatYourToast|Spikes
|
|-heal|p1a: Skarmory|92/100|[from] item: Leftovers
|upkeep
|turn|15
|c|☆EatYourToast|hello
|
|t:|1728084730
|switch|p1a: Milotic|Milotic, M|50/100
|move|p2a: Duskull|Will-O-Wisp|p1a: Milotic
|-status|p1a: Milotic|brn
|
|-heal|p1a: Milotic|56/100 brn|[from] item: Leftovers
|-damage|p1a: Milotic|44/100 brn|[from] brn
|upkeep
|turn|16
|
|t:|1728084753
|move|p1a: Milotic|Recover|p1a: Milotic
|-heal|p1a: Milotic|94/100 brn
|move|p2a: Duskull|Curse|p1a: Milotic
|-start|p1a: Milotic|Curse|[of] p2a: Duskull
|-damage|p2a: Duskull|50/100
|
|-heal|p1a: Milotic|99/100 brn|[from] item: Leftovers
|-damage|p1a: Milotic|87/100 brn|[from] brn
|-damage|p1a: Milotic|62/100 brn|[from] Curse
|-heal|p2a: Duskull|57/100|[from] item: Leftovers
|upkeep
|turn|17
|inactive|EatYourToast has 240 seconds left.
|
|t:|1728084790
|move|p1a: Milotic|Toxic|p2a: Duskull|[miss]
|-miss|p1a: Milotic|p2a: Duskull
|move|p2a: Duskull|Pain Split|p1a: Milotic
|-sethp|p1a: Milotic|44/100 brn|[from] move: Pain Split|[silent]
|-sethp|p2a: Duskull|95/100|[from] move: Pain Split
|
|-heal|p1a: Milotic|50/100 brn|[from] item: Leftovers
|-damage|p1a: Milotic|38/100 brn|[from] brn
|-damage|p1a: Milotic|13/100 brn|[from] Curse
|-heal|p2a: Duskull|100/100|[from] item: Leftovers
|upkeep
|turn|18
|
|t:|1728084800
|move|p1a: Milotic|Recover|p1a: Milotic
|-heal|p1a: Milotic|63/100 brn
|move|p2a: Duskull|Night Shade|p1a: Milotic
|-damage|p1a: Milotic|37/100 brn
|
|-heal|p1a: Milotic|44/100 brn|[from] item: Leftovers
|-damage|p1a: Milotic|31/100 brn|[from] brn
|-damage|p1a: Milotic|6/100 brn|[from] Curse
|upkeep
|turn|19
|
|t:|1728084810
|switch|p1a: Blissey|Blissey, F|67/100
|move|p2a: Duskull|Night Shade|p1a: Blissey
|-immune|p1a: Blissey
|
|-heal|p1a: Blissey|73/100|[from] item: Leftovers
|upkeep
|turn|20
|
|t:|1728084822
|move|p1a: Blissey|Ice Beam|p2a: Duskull
|-damage|p2a: Duskull|65/100
|move|p2a: Duskull|Will-O-Wisp|p1a: Blissey
|-status|p1a: Blissey|brn
|
|-heal|p1a: Blissey|79/100 brn|[from] item: Leftovers
|-damage|p1a: Blissey|67/100 brn|[from] brn
|-heal|p2a: Duskull|71/100|[from] item: Leftovers
|upkeep
|turn|21
|
|t:|1728084832
|-curestatus|p1a: Blissey|brn|[from] ability: Natural Cure
|switch|p1a: Milotic|Milotic, M|6/100 brn
|move|p2a: Duskull|Pain Split|p1a: Milotic
|-sethp|p1a: Milotic|20/100 brn|[from] move: Pain Split|[silent]
|-sethp|p2a: Duskull|42/100|[from] move: Pain Split
|
|-heal|p1a: Milotic|26/100 brn|[from] item: Leftovers
|-damage|p1a: Milotic|13/100 brn|[from] brn
|-heal|p2a: Duskull|48/100|[from] item: Leftovers
|upkeep
|turn|22
|c|☆EatYourToast|oh nice
|
|t:|1728084854
|move|p1a: Milotic|Surf|p2a: Duskull
|-damage|p2a: Duskull|2/100
|move|p2a: Duskull|Night Shade|p1a: Milotic
|-damage|p1a: Milotic|0 fnt
|faint|p1a: Milotic
|
|t:|1728084872
|switch|p1a: Skarmory|Skarmory, F|92/100
|
|-heal|p1a: Skarmory|98/100|[from] item: Leftovers
|-heal|p2a: Duskull|8/100|[from] item: Leftovers
|upkeep
|turn|23
|
|t:|1728084880
|move|p1a: Skarmory|Drill Peck|p2a: Duskull
|-damage|p2a: Duskull|0 fnt
|faint|p2a: Duskull
|
|t:|1728084899
|switch|p2a: Blissey|Blissey, F, shiny|100/100
|-damage|p2a: Blissey|88/100|[from] Spikes
|
|-heal|p1a: Skarmory|100/100|[from] item: Leftovers
|-heal|p2a: Blissey|94/100|[from] item: Leftovers
|upkeep
|turn|24
|
|t:|1728084912
|move|p1a: Skarmory|Spikes|p2a: Blissey
|-sidestart|p2: EatYourToast|Spikes
|move|p2a: Blissey|Seismic Toss|p1a: Skarmory
|-damage|p1a: Skarmory|70/100
|
|-heal|p1a: Skarmory|76/100|[from] item: Leftovers
|-heal|p2a: Blissey|99/100|[from] item: Leftovers
|upkeep
|turn|25
|
|t:|1728084920
|move|p1a: Skarmory|Spikes|p2a: Blissey
|-sidestart|p2: EatYourToast|Spikes
|move|p2a: Blissey|Seismic Toss|p1a: Skarmory
|-damage|p1a: Skarmory|46/100
|
|-heal|p1a: Skarmory|52/100|[from] item: Leftovers
|-heal|p2a: Blissey|100/100|[from] item: Leftovers
|upkeep
|turn|26
|
|t:|1728084933
|move|p1a: Skarmory|Protect|p1a: Skarmory
|-singleturn|p1a: Skarmory|Protect
|move|p2a: Blissey|Seismic Toss|p1a: Skarmory
|-activate|p1a: Skarmory|Protect
|
|-heal|p1a: Skarmory|58/100|[from] item: Leftovers
|upkeep
|turn|27
|
|t:|1728084945
|switch|p1a: Blissey|Blissey, F|67/100
|move|p2a: Blissey|Toxic|p1a: Blissey
|-status|p1a: Blissey|tox
|
|-heal|p1a: Blissey|73/100 tox|[from] item: Leftovers
|-damage|p1a: Blissey|67/100 tox|[from] psn
|upkeep
|turn|28
|
|t:|1728084958
|move|p2a: Blissey|Seismic Toss|p1a: Blissey
|-damage|p1a: Blissey|51/100 tox
|move|p1a: Blissey|Ice Beam|p2a: Blissey
|-damage|p2a: Blissey|91/100
|
|-heal|p2a: Blissey|97/100|[from] item: Leftovers
|-heal|p1a: Blissey|57/100 tox|[from] item: Leftovers
|-damage|p1a: Blissey|45/100 tox|[from] psn
|upkeep
|turn|29
|inactive|EatYourToast has 240 seconds left.
|
|t:|1728084968
|move|p2a: Blissey|Seismic Toss|p1a: Blissey
|-damage|p1a: Blissey|30/100 tox
|move|p1a: Blissey|Soft-Boiled|p1a: Blissey
|-heal|p1a: Blissey|80/100 tox
|
|-heal|p2a: Blissey|100/100|[from] item: Leftovers
|-heal|p1a: Blissey|86/100 tox|[from] item: Leftovers
|-damage|p1a: Blissey|68/100 tox|[from] psn
|upkeep
|turn|30
|inactive|EatYourToast has 240 seconds left.
|
|t:|1728084977
|move|p2a: Blissey|Seismic Toss|p1a: Blissey
|-damage|p1a: Blissey|52/100 tox
|move|p1a: Blissey|Aromatherapy|p1a: Blissey
|-cureteam|p1a: Blissey|[from] move: Aromatherapy
|
|-heal|p1a: Blissey|58/100|[from] item: Leftovers
|upkeep
|turn|31
|
|t:|1728084985
|move|p2a: Blissey|Seismic Toss|p1a: Blissey
|-damage|p1a: Blissey|43/100
|move|p1a: Blissey|Soft-Boiled|p1a: Blissey
|-heal|p1a: Blissey|93/100
|
|-heal|p1a: Blissey|99/100|[from] item: Leftovers
|upkeep
|turn|32
|
|t:|1728084996
|move|p2a: Blissey|Toxic|p1a: Blissey
|-status|p1a: Blissey|tox
|move|p1a: Blissey|Ice Beam|p2a: Blissey
|-damage|p2a: Blissey|90/100
|
|-heal|p2a: Blissey|97/100|[from] item: Leftovers
|-heal|p1a: Blissey|100/100 tox|[from] item: Leftovers
|-damage|p1a: Blissey|94/100 tox|[from] psn
|upkeep
|turn|33
|
|t:|1728085008
|move|p2a: Blissey|Seismic Toss|p1a: Blissey
|-damage|p1a: Blissey|79/100 tox
|move|p1a: Blissey|Ice Beam|p2a: Blissey
|-damage|p2a: Blissey|88/100
|
|-heal|p2a: Blissey|94/100|[from] item: Leftovers
|-heal|p1a: Blissey|85/100 tox|[from] item: Leftovers
|-damage|p1a: Blissey|73/100 tox|[from] psn
|upkeep
|turn|34
|inactive|EatYourToast has 240 seconds left.
|
|t:|1728085027
|-curestatus|p1a: Blissey|tox|[from] ability: Natural Cure
|switch|p1a: Suicune|Suicune|100/100
|move|p2a: Blissey|Seismic Toss|p1a: Suicune
|-damage|p1a: Suicune|76/100
|
|-heal|p1a: Suicune|82/100|[from] item: Leftovers
|-heal|p2a: Blissey|99/100|[from] item: Leftovers
|upkeep
|turn|35
|
|t:|1728085040
|move|p2a: Blissey|Toxic|p1a: Suicune
|-status|p1a: Suicune|tox
|move|p1a: Suicune|Roar|p2a: Blissey
|drag|p2a: Aerodactyl|Aerodactyl, F|100/100
|
|-heal|p1a: Suicune|88/100 tox|[from] item: Leftovers
|-damage|p1a: Suicune|82/100 tox|[from] psn
|upkeep
|turn|36
|
|t:|1728085049
|switch|p2a: Blissey|Blissey, F, shiny|99/100
|-damage|p2a: Blissey|75/100|[from] Spikes
|move|p1a: Suicune|Surf|p2a: Blissey
|-damage|p2a: Blissey|62/100
|
|-heal|p1a: Suicune|88/100 tox|[from] item: Leftovers
|-damage|p1a: Suicune|76/100 tox|[from] psn
|-heal|p2a: Blissey|68/100|[from] item: Leftovers
|upkeep
|turn|37
|
|t:|1728085060
|move|p2a: Blissey|Seismic Toss|p1a: Suicune
|-damage|p1a: Suicune|51/100 tox
|move|p1a: Suicune|Roar|p2a: Blissey
|drag|p2a: Claydol|Claydol|100/100
|
|-heal|p1a: Suicune|57/100 tox|[from] item: Leftovers
|-damage|p1a: Suicune|39/100 tox|[from] psn
|upkeep
|turn|38
|inactive|EatYourToast has 240 seconds left.
|
|t:|1728085085
|switch|p1a: Skarmory|Skarmory, F|58/100
|switch|p2a: Blissey|Blissey, F, shiny|68/100
|-damage|p2a: Blissey|44/100|[from] Spikes
|
|-heal|p1a: Skarmory|64/100|[from] item: Leftovers
|-heal|p2a: Blissey|50/100|[from] item: Leftovers
|upkeep
|turn|39
|
|t:|1728085094
|switch|p1a: Suicune|Suicune|39/100 tox
|move|p2a: Blissey|Soft-Boiled|p2a: Blissey
|-heal|p2a: Blissey|99/100
|
|-heal|p1a: Suicune|45/100 tox|[from] item: Leftovers
|-damage|p1a: Suicune|39/100 tox|[from] psn
|-heal|p2a: Blissey|100/100|[from] item: Leftovers
|upkeep
|turn|40
|
|t:|1728085107
|move|p1a: Suicune|Calm Mind|p1a: Suicune
|-boost|p1a: Suicune|spa|1
|-boost|p1a: Suicune|spd|1
|move|p2a: Blissey|Seismic Toss|p1a: Suicune
|-damage|p1a: Suicune|14/100 tox
|
|-heal|p1a: Suicune|20/100 tox|[from] item: Leftovers
|-damage|p1a: Suicune|8/100 tox|[from] psn
|upkeep
|turn|41
|
|t:|1728085116
|move|p1a: Suicune|Rest|p1a: Suicune
|-status|p1a: Suicune|slp|[from] move: Rest
|-heal|p1a: Suicune|100/100 slp|[silent]
|move|p2a: Blissey|Seismic Toss|p1a: Suicune
|-damage|p1a: Suicune|76/100 slp
|
|-heal|p1a: Suicune|82/100 slp|[from] item: Leftovers
|upkeep
|turn|42
|
|t:|1728085127
|cant|p1a: Suicune|slp
|move|p2a: Blissey|Seismic Toss|p1a: Suicune
|-damage|p1a: Suicune|57/100 slp
|
|-heal|p1a: Suicune|63/100 slp|[from] item: Leftovers
|upkeep
|turn|43
|inactive|EatYourToast has 240 seconds left.
|
|t:|1728085157
|cant|p1a: Suicune|slp
|move|p2a: Blissey|Seismic Toss|p1a: Suicune
|-damage|p1a: Suicune|39/100 slp
|
|-heal|p1a: Suicune|45/100 slp|[from] item: Leftovers
|upkeep
|turn|44
|inactive|EatYourToast has 240 seconds left.
|
|t:|1728085168
|switch|p2a: Aerodactyl|Aerodactyl, F|100/100
|-curestatus|p1a: Suicune|slp|[msg]
|move|p1a: Suicune|Calm Mind|p1a: Suicune
|-boost|p1a: Suicune|spa|1
|-boost|p1a: Suicune|spd|1
|
|-heal|p1a: Suicune|51/100|[from] item: Leftovers
|upkeep
|turn|45
|inactive|EatYourToast has 240 seconds left.
|
|t:|1728085177
|move|p2a: Aerodactyl|Rock Slide|p1a: Suicune
|-damage|p1a: Suicune|22/100
|move|p1a: Suicune|Surf|p2a: Aerodactyl
|-supereffective|p2a: Aerodactyl
|-damage|p2a: Aerodactyl|0 fnt
|faint|p2a: Aerodactyl
|inactive|EatYourToast has 240 seconds left.
|
|t:|1728085185
|switch|p2a: Blissey|Blissey, F, shiny|100/100
|-damage|p2a: Blissey|76/100|[from] Spikes
|
|-heal|p1a: Suicune|28/100|[from] item: Leftovers
|-heal|p2a: Blissey|82/100|[from] item: Leftovers
|upkeep
|turn|46
|
|t:|1728085192
|move|p1a: Suicune|Calm Mind|p1a: Suicune
|-boost|p1a: Suicune|spa|1
|-boost|p1a: Suicune|spd|1
|move|p2a: Blissey|Seismic Toss|p1a: Suicune
|-damage|p1a: Suicune|3/100
|
|-heal|p1a: Suicune|10/100|[from] item: Leftovers
|-heal|p2a: Blissey|88/100|[from] item: Leftovers
|upkeep
|turn|47
|
|t:|1728085200
|move|p1a: Suicune|Rest|p1a: Suicune
|-status|p1a: Suicune|slp|[from] move: Rest
|-heal|p1a: Suicune|100/100 slp|[silent]
|move|p2a: Blissey|Seismic Toss|p1a: Suicune
|-damage|p1a: Suicune|76/100 slp
|
|-heal|p1a: Suicune|82/100 slp|[from] item: Leftovers
|-heal|p2a: Blissey|94/100|[from] item: Leftovers
|upkeep
|turn|48
|c|☆EatYourToast|alright I'll be honest
|c|☆EatYourToast|my last is chansey
|
|t:|1728085220
|switch|p2a: Chansey|Chansey, F, shiny|100/100
|-damage|p2a: Chansey|76/100|[from] Spikes
|cant|p1a: Suicune|slp
|
|-heal|p1a: Suicune|88/100 slp|[from] item: Leftovers
|-heal|p2a: Chansey|82/100|[from] item: Leftovers
|upkeep
|turn|49
|
|t:|1728085230
|cant|p1a: Suicune|slp
|move|p2a: Chansey|Seismic Toss|p1a: Suicune
|-damage|p1a: Suicune|63/100 slp
|
|-heal|p1a: Suicune|70/100 slp|[from] item: Leftovers
|-heal|p2a: Chansey|88/100|[from] item: Leftovers
|upkeep
|turn|50
|
|t:|1728085241
|-curestatus|p1a: Suicune|slp|[msg]
|move|p1a: Suicune|Calm Mind|p1a: Suicune
|-boost|p1a: Suicune|spa|1
|-boost|p1a: Suicune|spd|1
|move|p2a: Chansey|Toxic|p1a: Suicune
|-status|p1a: Suicune|tox
|
|-heal|p1a: Suicune|76/100 tox|[from] item: Leftovers
|-damage|p1a: Suicune|70/100 tox|[from] psn
|-heal|p2a: Chansey|94/100|[from] item: Leftovers
|upkeep
|turn|51
|
|t:|1728085252
|move|p1a: Suicune|Calm Mind|p1a: Suicune
|-boost|p1a: Suicune|spa|1
|-boost|p1a: Suicune|spd|1
|move|p2a: Chansey|Seismic Toss|p1a: Suicune
|-damage|p1a: Suicune|45/100 tox
|
|-heal|p1a: Suicune|51/100 tox|[from] item: Leftovers
|-damage|p1a: Suicune|39/100 tox|[from] psn
|-heal|p2a: Chansey|100/100|[from] item: Leftovers
|upkeep
|turn|52
|
|t:|1728085262
|move|p1a: Suicune|Rest|p1a: Suicune
|-status|p1a: Suicune|slp|[from] move: Rest
|-heal|p1a: Suicune|100/100 slp|[silent]
|move|p2a: Chansey|Seismic Toss|p1a: Suicune
|-damage|p1a: Suicune|76/100 slp
|
|-heal|p1a: Suicune|82/100 slp|[from] item: Leftovers
|upkeep
|turn|53
|c|☆EatYourToast|alright go next
|-message|EatYourToast forfeited.
|
|win|NeverX
|c|☆NeverX|gg
|c|☆EatYourToast|gg

</script>
<script type="application/json" class="data" id="replaydata-gen3ou-2216138728-or0s93qliccsnwa1a8tgha54p26iddhpw">
{"id":"gen3ou-2216138728","format":"[Gen 3] OU","players":["NeverX","EatYourToast"],"uploadtime":1728085292,"views":99,"formatid":"gen3ou","rating":null,"private":1,"password":"or0s93qliccsnwa1a8tgha54p26iddh"}
</script>

<script defer src="js/replays.js?9d40a366"></script>
