<!DOCTYPE html>
<meta charset="utf-8" />
<meta name="viewport" content="width=device-width" />

<title>[Gen 3] OU: ilikeeatingcrayons vs. Glick666 - Replays - Pok&eacute;mon Showdown!</title>

<meta name="description" content="Watch a replay of a Pok&eacute;mon battle between ilikeeatingcrayons and Glick666! Format: [Gen 3] OU; Date: Oct 2, 2024" />
<!--

Hey, you! Looking in the source for the replay log?

You can find them in JSON format, just add `.json` at the end of a replay URL.

https://replay.pokemonshowdown.com/gen7randomdoublesbattle-865046831.json

Or, if you only need the log itself, add `.log` instead:

https://replay.pokemonshowdown.com/gen7randomdoublesbattle-865046831.log

-->

<link rel="stylesheet" href="//pokemonshowdown.com/style/global.css?0.767286132409787" />
<link rel="stylesheet" href="//play.pokemonshowdown.com/style/font-awesome.css?0.9266228007934947" />
<link rel="stylesheet" href="//play.pokemonshowdown.com/style/battle.css?0.7924700842790926" />
<link rel="stylesheet" href="//play.pokemonshowdown.com/style/utilichart.css?0.8777417872839479" />

<!-- Global site tag (gtag.js) - Google Analytics -->
<script async src="https://www.googletagmanager.com/gtag/js?id=UA-26211653-1"></script>
<script>
  window.dataLayer = window.dataLayer || [];
  function gtag(){dataLayer.push(arguments);}
  gtag('js', new Date());

  gtag('config', 'UA-26211653-1');
</script>
<!-- End Google Analytics -->
<!-- Venatus Ad Manager - Install in <HEAD> of page -->
	<script src="https://hb.vntsm.com/v3/live/ad-manager.min.js" type="text/javascript" data-site-id="642aba63ec9a7b11c3c9c1be" data-mode="scan" async></script>
<!-- / Venatus Ad Manager -->

<style>
	@media (max-width:820px) {
		.battle {
			margin: 0 auto;
		}
		.battle-log {
			margin: 7px auto 0;
			max-width: 640px;
			height: 300px;
			position: static;
		}
	}
	.optgroup {
		display: inline-block;
		line-height: 22px;
		font-size: 10pt;
	}
	.optgroup .button {
		height: 25px;
		padding-top: 0;
		padding-bottom: 0;
	}
	.optgroup button.button {
		padding-left: 12px;
		padding-right: 12px;
	}
	.linklist {
		list-style: none;
		margin: 0.5em 0;
		padding: 0;
	}
	.linklist li {
		padding: 2px 0;
	}
	.sidebar {
		float: left;
		width: 320px;
	}
	.bar-wrapper {
		max-width: 1100px;
		margin: 0 auto;
	}
	.bar-wrapper.has-sidebar {
		max-width: 1430px;
	}
	.mainbar {
		margin: 0;
		padding-right: 1px;
	}
	.mainbar.has-sidebar {
		margin-left: 330px;
	}
	@media (min-width: 1511px) {
		.sidebar {
			width: 400px;
		}
		.bar-wrapper.has-sidebar {
			max-width: 1510px;
		}
		.mainbar.has-sidebar {
			margin-left: 410px;
		}
	}
	.section.first-section {
		margin-top: 9px;
	}
	.blocklink small {
		white-space: normal;
	}
	.button {
		vertical-align: middle;
	}
	.replay-controls {
		padding-top: 10px;
	}
	.replay-controls h1 {
		font-size: 16pt;
		font-weight: normal;
		color: #CCC;
	}
	.pagelink {
		text-align: center;
	}
	.pagelink a {
		width: 150px;
	}
	.textbox, .button {
		font-size: 11pt;
		vertical-align: middle;
	}
	@media (max-width: 450px) {
		.button {
			font-size: 9pt;
		}
	}
</style>

<div>

	<header>
		<div class="nav-wrapper"><ul class="nav">
			<li><a class="button nav-first" href="//pokemonshowdown.com/"><img src="//pokemonshowdown.com/images/pokemonshowdownbeta.png" srcset="//pokemonshowdown.com/images/pokemonshowdownbeta.png 1x, //pokemonshowdown.com/images/pokemonshowdownbeta@2x.png 2x" alt="Pok&eacute;mon Showdown" width="146" height="44" /> Home</a></li>
			<li><a class="button" href="//pokemonshowdown.com/dex/">Pok&eacute;dex</a></li>
			<li><a class="button cur" href="/">Replays</a></li>
			<li><a class="button" href="//pokemonshowdown.com/ladder/">Ladder</a></li>
			<li><a class="button nav-last" href="//pokemonshowdown.com/forums/">Forum</a></li>
			<li><a class="button greenbutton nav-first nav-last" href="//play.pokemonshowdown.com/">Play</a></li>
		</ul></div>
	</header>

	<div class="main" id="main">

		<noscript><section class="section">You need to enable JavaScript to use this page; sorry!</section></noscript>

	</div>

</div>

<script defer nomodule src="//play.pokemonshowdown.com/js/lib/ps-polyfill.js"></script>
<script defer src="//play.pokemonshowdown.com/js/lib/preact.min.js"></script>

<script defer src="//play.pokemonshowdown.com/config/config.js?6dec07f6"></script>
<script defer src="//play.pokemonshowdown.com/js/lib/jquery-1.11.0.min.js"></script>
<script defer src="//play.pokemonshowdown.com/js/lib/html-sanitizer-minified.js"></script>
<script defer src="//play.pokemonshowdown.com/js/battle-sound.js"></script>
<script defer src="//play.pokemonshowdown.com/js/battledata.js?0.6315294753075389"></script>
<script defer src="//play.pokemonshowdown.com/data/pokedex-mini.js?0.7603743185311358"></script>
<script defer src="//play.pokemonshowdown.com/data/pokedex-mini-bw.js?0.030888842834281283"></script>
<script defer src="//play.pokemonshowdown.com/data/graphics.js?0.05593094747507488"></script>
<script defer src="//play.pokemonshowdown.com/data/pokedex.js?0.47064822249611904"></script>
<script defer src="//play.pokemonshowdown.com/data/moves.js?0.8583693120512459"></script>
<script defer src="//play.pokemonshowdown.com/data/abilities.js?0.16017181182386842"></script>
<script defer src="//play.pokemonshowdown.com/data/items.js?0.4163379185673943"></script>
<script defer src="//play.pokemonshowdown.com/data/teambuilder-tables.js?0.31075597372830477"></script>
<script defer src="//play.pokemonshowdown.com/js/battle-tooltips.js?0.6536193500708172"></script>
<script defer src="//play.pokemonshowdown.com/js/battle.js?0.1916591943277901"></script>

<script defer src="js/utils.js?e31f9a17"></script>
<script defer src="js/replays-battle.js?7008c182"></script>

<!-- don't scrape this data! just add .json or .log after the URL!
Full API docs: https://github.com/smogon/pokemon-showdown-client/blob/master/WEB-API.md -->
<script type="text/plain" class="log" id="replaylog-smogtours-gen3ou-794040">
|inactive|Battle timer is ON: inactive players will automatically lose when time's up.
|t:|1727901215
|gametype|singles
|player|p1|ilikeeatingcrayons|youngster-gen4dp|
|player|p2|Glick666|swimmer-gen4dp|
|teamsize|p1|6
|teamsize|p2|6
|gen|3
|tier|[Gen 3] OU
|rule|Sleep Clause Mod: Limit one foe put to sleep
|rule|Switch Priority Clause Mod: Faster Pokémon switch first
|rule|Species Clause: Limit one of each Pokémon
|rule|OHKO Clause: OHKO moves are banned
|rule|Evasion Items Clause: Evasion items are banned
|rule|Evasion Moves Clause: Evasion moves are banned
|rule|Endless Battle Clause: Forcing endless battles is banned
|rule|HP Percentage Mod: HP is shown in percentages
|rule|One Boost Passer Clause: Limit one Baton Passer that has a way to boost its stats
|rule|Freeze Clause Mod: Limit one foe frozen
|
|t:|1727901215
|start
|switch|p1a: Seraph of the End|Skarmory, F|100/100
|switch|p2a: Skarmory|Skarmory, M|100/100
|turn|1
|
|t:|1727901229
|move|p2a: Skarmory|Spikes|p1a: Seraph of the End
|-sidestart|p1: ilikeeatingcrayons|Spikes
|move|p1a: Seraph of the End|Spikes|p2a: Skarmory
|-sidestart|p2: Glick666|Spikes
|
|upkeep
|turn|2
|
|t:|1727901236
|switch|p2a: Starmie|Starmie|100/100
|-damage|p2a: Starmie|88/100|[from] Spikes
|move|p1a: Seraph of the End|Roar|p2a: Starmie
|drag|p2a: Gengar|Gengar, F|100/100
|
|upkeep
|turn|3
|
|t:|1727901249
|move|p1a: Seraph of the End|Protect|p1a: Seraph of the End
|-singleturn|p1a: Seraph of the End|Protect
|move|p2a: Gengar|Thunderbolt|p1a: Seraph of the End
|-activate|p1a: Seraph of the End|Protect
|
|upkeep
|turn|4
|
|t:|1727901255
|switch|p1a: Yuri on Ice|Swampert, F|100/100
|-damage|p1a: Yuri on Ice|88/100|[from] Spikes
|move|p2a: Gengar|Thunderbolt|p1a: Yuri on Ice
|-immune|p1a: Yuri on Ice
|
|-heal|p1a: Yuri on Ice|94/100|[from] item: Leftovers
|upkeep
|turn|5
|
|t:|1727901264
|switch|p2a: Skarmory|Skarmory, M|100/100
|move|p1a: Yuri on Ice|Hydro Pump|p2a: Skarmory
|-damage|p2a: Skarmory|63/100
|
|-heal|p2a: Skarmory|69/100|[from] item: Leftovers
|-heal|p1a: Yuri on Ice|100/100|[from] item: Leftovers
|upkeep
|turn|6
|
|t:|1727901276
|switch|p1a: Seraph of the End|Skarmory, F|100/100
|move|p2a: Skarmory|Spikes|p1a: Seraph of the End
|-sidestart|p1: ilikeeatingcrayons|Spikes
|
|-heal|p2a: Skarmory|75/100|[from] item: Leftovers
|upkeep
|turn|7
|
|t:|1727901282
|move|p1a: Seraph of the End|Spikes|p2a: Skarmory
|-sidestart|p2: Glick666|Spikes
|move|p2a: Skarmory|Spikes|p1a: Seraph of the End
|-sidestart|p1: ilikeeatingcrayons|Spikes
|
|-heal|p2a: Skarmory|81/100|[from] item: Leftovers
|upkeep
|turn|8
|
|t:|1727901287
|move|p1a: Seraph of the End|Spikes|p2a: Skarmory
|-sidestart|p2: Glick666|Spikes
|move|p2a: Skarmory|Roar|p1a: Seraph of the End
|drag|p1a: Toradora!|Gengar, F|100/100
|
|-heal|p2a: Skarmory|87/100|[from] item: Leftovers
|upkeep
|turn|9
|
|t:|1727901294
|move|p2a: Skarmory|Protect|p2a: Skarmory
|-singleturn|p2a: Skarmory|Protect
|move|p1a: Toradora!|Thunderbolt|p2a: Skarmory
|-activate|p2a: Skarmory|Protect
|
|-heal|p2a: Skarmory|93/100|[from] item: Leftovers
|upkeep
|turn|10
|
|t:|1727901309
|switch|p2a: Blissey|Blissey, F|100/100
|-damage|p2a: Blissey|76/100|[from] Spikes
|move|p1a: Toradora!|Will-O-Wisp|p2a: Blissey
|-status|p2a: Blissey|brn
|
|-heal|p2a: Blissey|82/100 brn|[from] item: Leftovers
|-damage|p2a: Blissey|69/100 brn|[from] brn
|upkeep
|turn|11
|
|t:|1727901318
|switch|p1a: Bungo Stray Dogs|Tyranitar, F|100/100
|-damage|p1a: Bungo Stray Dogs|76/100|[from] Spikes
|-weather|Sandstorm|[from] ability: Sand Stream|[of] p1a: Bungo Stray Dogs
|move|p2a: Blissey|Soft-Boiled|p2a: Blissey
|-heal|p2a: Blissey|100/100 brn
|
|-weather|Sandstorm|[upkeep]
|-damage|p2a: Blissey|94/100 brn|[from] Sandstorm
|-heal|p1a: Bungo Stray Dogs|82/100|[from] item: Leftovers
|-heal|p2a: Blissey|100/100 brn|[from] item: Leftovers
|-damage|p2a: Blissey|88/100 brn|[from] brn
|upkeep
|turn|12
|
|t:|1727901332
|-singleturn|p1a: Bungo Stray Dogs|move: Focus Punch
|-curestatus|p2a: Blissey|brn|[from] ability: Natural Cure
|switch|p2a: Skarmory|Skarmory, M|93/100
|move|p1a: Bungo Stray Dogs|Focus Punch|p2a: Skarmory
|-damage|p2a: Skarmory|52/100
|
|-weather|Sandstorm|[upkeep]
|-heal|p2a: Skarmory|58/100|[from] item: Leftovers
|-heal|p1a: Bungo Stray Dogs|88/100|[from] item: Leftovers
|upkeep
|turn|13
|
|t:|1727901352
|switch|p1a: Seraph of the End|Skarmory, F|100/100
|move|p2a: Skarmory|Roar|p1a: Seraph of the End
|drag|p1a: Toradora!|Gengar, F|100/100
|
|-weather|Sandstorm|[upkeep]
|-damage|p1a: Toradora!|95/100|[from] Sandstorm
|-heal|p1a: Toradora!|100/100|[from] item: Leftovers
|-heal|p2a: Skarmory|64/100|[from] item: Leftovers
|upkeep
|turn|14
|
|t:|1727901361
|move|p2a: Skarmory|Protect|p2a: Skarmory
|-singleturn|p2a: Skarmory|Protect
|move|p1a: Toradora!|Thunderbolt|p2a: Skarmory
|-activate|p2a: Skarmory|Protect
|
|-weather|Sandstorm|[upkeep]
|-damage|p1a: Toradora!|95/100|[from] Sandstorm
|-heal|p1a: Toradora!|100/100|[from] item: Leftovers
|-heal|p2a: Skarmory|70/100|[from] item: Leftovers
|upkeep
|turn|15
|
|t:|1727901370
|switch|p2a: Blissey|Blissey, F|88/100
|-damage|p2a: Blissey|63/100|[from] Spikes
|move|p1a: Toradora!|Thunderbolt|p2a: Blissey
|-damage|p2a: Blissey|51/100
|
|-weather|Sandstorm|[upkeep]
|-damage|p1a: Toradora!|95/100|[from] Sandstorm
|-damage|p2a: Blissey|45/100|[from] Sandstorm
|-heal|p1a: Toradora!|100/100|[from] item: Leftovers
|-heal|p2a: Blissey|51/100|[from] item: Leftovers
|upkeep
|turn|16
|
|t:|1727901385
|switch|p1a: Sakamoto Days|Blissey, F, shiny|100/100
|-damage|p1a: Sakamoto Days|76/100|[from] Spikes
|move|p2a: Blissey|Soft-Boiled|p2a: Blissey
|-heal|p2a: Blissey|100/100
|
|-weather|Sandstorm|[upkeep]
|-damage|p2a: Blissey|94/100|[from] Sandstorm
|-damage|p1a: Sakamoto Days|69/100|[from] Sandstorm
|-heal|p2a: Blissey|100/100|[from] item: Leftovers
|-heal|p1a: Sakamoto Days|76/100|[from] item: Leftovers
|upkeep
|turn|17
|
|t:|1727901396
|move|p1a: Sakamoto Days|Toxic|p2a: Blissey
|-status|p2a: Blissey|tox
|move|p2a: Blissey|Toxic|p1a: Sakamoto Days|[miss]
|-miss|p2a: Blissey|p1a: Sakamoto Days
|
|-weather|Sandstorm|[upkeep]
|-damage|p2a: Blissey|94/100 tox|[from] Sandstorm
|-damage|p1a: Sakamoto Days|69/100|[from] Sandstorm
|-heal|p1a: Sakamoto Days|76/100|[from] item: Leftovers
|-heal|p2a: Blissey|100/100 tox|[from] item: Leftovers
|-damage|p2a: Blissey|94/100 tox|[from] psn
|upkeep
|turn|18
|
|t:|1727901407
|switch|p1a: Seraph of the End|Skarmory, F|100/100
|move|p2a: Blissey|Toxic|p1a: Seraph of the End
|-immune|p1a: Seraph of the End
|
|-weather|Sandstorm|[upkeep]
|-damage|p2a: Blissey|88/100 tox|[from] Sandstorm
|-heal|p2a: Blissey|94/100 tox|[from] item: Leftovers
|-damage|p2a: Blissey|82/100 tox|[from] psn
|upkeep
|turn|19
|
|t:|1727901415
|move|p1a: Seraph of the End|Protect|p1a: Seraph of the End
|-singleturn|p1a: Seraph of the End|Protect
|move|p2a: Blissey|Flamethrower|p1a: Seraph of the End
|-activate|p1a: Seraph of the End|Protect
|
|-weather|Sandstorm|[upkeep]
|-damage|p2a: Blissey|76/100 tox|[from] Sandstorm
|-heal|p2a: Blissey|82/100 tox|[from] item: Leftovers
|-damage|p2a: Blissey|64/100 tox|[from] psn
|upkeep
|turn|20
|
|t:|1727901427
|switch|p1a: Sakamoto Days|Blissey, F, shiny|76/100
|-damage|p1a: Sakamoto Days|51/100|[from] Spikes
|move|p2a: Blissey|Soft-Boiled|p2a: Blissey
|-heal|p2a: Blissey|100/100 tox
|
|-weather|Sandstorm|[upkeep]
|-damage|p2a: Blissey|94/100 tox|[from] Sandstorm
|-damage|p1a: Sakamoto Days|45/100|[from] Sandstorm
|-heal|p2a: Blissey|100/100 tox|[from] item: Leftovers
|-heal|p1a: Sakamoto Days|51/100|[from] item: Leftovers
|-damage|p2a: Blissey|76/100 tox|[from] psn
|upkeep
|turn|21
|
|t:|1727901440
|-curestatus|p2a: Blissey|tox|[from] ability: Natural Cure
|switch|p2a: Gengar|Gengar, F|100/100
|move|p1a: Sakamoto Days|Soft-Boiled|p1a: Sakamoto Days
|-heal|p1a: Sakamoto Days|100/100
|
|-weather|Sandstorm|[upkeep]
|-damage|p2a: Gengar|94/100|[from] Sandstorm
|-damage|p1a: Sakamoto Days|94/100|[from] Sandstorm
|-heal|p2a: Gengar|100/100|[from] item: Leftovers
|-heal|p1a: Sakamoto Days|100/100|[from] item: Leftovers
|upkeep
|turn|22
|
|t:|1727901468
|switch|p2a: Skarmory|Skarmory, M|70/100
|move|p1a: Sakamoto Days|Fire Blast|p2a: Skarmory
|-supereffective|p2a: Skarmory
|-damage|p2a: Skarmory|6/100
|
|-weather|Sandstorm|[upkeep]
|-damage|p1a: Sakamoto Days|94/100|[from] Sandstorm
|-heal|p2a: Skarmory|12/100|[from] item: Leftovers
|-heal|p1a: Sakamoto Days|100/100|[from] item: Leftovers
|upkeep
|turn|23
|
|t:|1727901479
|move|p2a: Skarmory|Protect|p2a: Skarmory
|-singleturn|p2a: Skarmory|Protect
|move|p1a: Sakamoto Days|Ice Beam|p2a: Skarmory
|-activate|p2a: Skarmory|Protect
|
|-weather|Sandstorm|[upkeep]
|-damage|p1a: Sakamoto Days|94/100|[from] Sandstorm
|-heal|p2a: Skarmory|18/100|[from] item: Leftovers
|-heal|p1a: Sakamoto Days|100/100|[from] item: Leftovers
|upkeep
|turn|24
|
|t:|1727901493
|switch|p2a: Blissey|Blissey, F|76/100
|-damage|p2a: Blissey|51/100|[from] Spikes
|move|p1a: Sakamoto Days|Toxic|p2a: Blissey
|-status|p2a: Blissey|tox
|
|-weather|Sandstorm|[upkeep]
|-damage|p2a: Blissey|45/100 tox|[from] Sandstorm
|-damage|p1a: Sakamoto Days|94/100|[from] Sandstorm
|-heal|p1a: Sakamoto Days|100/100|[from] item: Leftovers
|-heal|p2a: Blissey|51/100 tox|[from] item: Leftovers
|-damage|p2a: Blissey|45/100 tox|[from] psn
|upkeep
|turn|25
|
|t:|1727901504
|switch|p1a: Bungo Stray Dogs|Tyranitar, F|88/100
|-damage|p1a: Bungo Stray Dogs|63/100|[from] Spikes
|move|p2a: Blissey|Soft-Boiled|p2a: Blissey
|-heal|p2a: Blissey|95/100 tox
|
|-weather|Sandstorm|[upkeep]
|-damage|p2a: Blissey|89/100 tox|[from] Sandstorm
|-heal|p1a: Bungo Stray Dogs|69/100|[from] item: Leftovers
|-heal|p2a: Blissey|95/100 tox|[from] item: Leftovers
|-damage|p2a: Blissey|83/100 tox|[from] psn
|upkeep
|turn|26
|inactive|Glick666 has 270 seconds left.
|
|t:|1727901524
|-curestatus|p2a: Blissey|tox|[from] ability: Natural Cure
|switch|p2a: Skarmory|Skarmory, M|18/100
|move|p1a: Bungo Stray Dogs|Rock Slide|p2a: Skarmory|[miss]
|-miss|p1a: Bungo Stray Dogs|p2a: Skarmory
|
|-weather|Sandstorm|[upkeep]
|-heal|p2a: Skarmory|24/100|[from] item: Leftovers
|-heal|p1a: Bungo Stray Dogs|76/100|[from] item: Leftovers
|upkeep
|turn|27
|inactive|Glick666 has 270 seconds left.
|
|t:|1727901539
|move|p1a: Bungo Stray Dogs|Rock Slide|p2a: Skarmory
|-damage|p2a: Skarmory|0 fnt
|faint|p2a: Skarmory
|inactive|Glick666 has 270 seconds left.
|
|t:|1727901546
|switch|p2a: Starmie|Starmie|88/100
|-damage|p2a: Starmie|63/100|[from] Spikes
|
|-weather|Sandstorm|[upkeep]
|-damage|p2a: Starmie|57/100|[from] Sandstorm
|-heal|p2a: Starmie|63/100|[from] item: Leftovers
|-heal|p1a: Bungo Stray Dogs|82/100|[from] item: Leftovers
|upkeep
|turn|28
|
|t:|1727901554
|move|p2a: Starmie|Rapid Spin|p1a: Bungo Stray Dogs
|-resisted|p1a: Bungo Stray Dogs
|-damage|p1a: Bungo Stray Dogs|81/100
|-sideend|p2: Glick666|Spikes|[from] move: Rapid Spin|[of] p2a: Starmie
|move|p1a: Bungo Stray Dogs|Hidden Power|p2a: Starmie
|-supereffective|p2a: Starmie
|-damage|p2a: Starmie|0 fnt
|faint|p2a: Starmie
|
|t:|1727901563
|switch|p2a: Swampert|Swampert, F|100/100
|
|-weather|Sandstorm|[upkeep]
|-heal|p1a: Bungo Stray Dogs|87/100|[from] item: Leftovers
|upkeep
|turn|29
|
|t:|1727901576
|switch|p1a: Seraph of the End|Skarmory, F|100/100
|move|p2a: Swampert|Hydro Pump|p1a: Seraph of the End
|-damage|p1a: Seraph of the End|63/100
|
|-weather|Sandstorm|[upkeep]
|-heal|p1a: Seraph of the End|69/100|[from] item: Leftovers
|upkeep
|turn|30
|
|t:|1727901585
|switch|p2a: Blissey|Blissey, F|83/100
|move|p1a: Seraph of the End|Protect||[still]
|-fail|p1a: Seraph of the End
|
|-weather|Sandstorm|[upkeep]
|-damage|p2a: Blissey|76/100|[from] Sandstorm
|-heal|p1a: Seraph of the End|75/100|[from] item: Leftovers
|-heal|p2a: Blissey|83/100|[from] item: Leftovers
|upkeep
|turn|31
|
|t:|1727901593
|move|p1a: Seraph of the End|Protect|p1a: Seraph of the End
|-singleturn|p1a: Seraph of the End|Protect
|move|p2a: Blissey|Flamethrower|p1a: Seraph of the End
|-activate|p1a: Seraph of the End|Protect
|
|-weather|Sandstorm|[upkeep]
|-damage|p2a: Blissey|76/100|[from] Sandstorm
|-heal|p1a: Seraph of the End|81/100|[from] item: Leftovers
|-heal|p2a: Blissey|83/100|[from] item: Leftovers
|upkeep
|turn|32
|
|t:|1727901607
|switch|p1a: Sakamoto Days|Blissey, F, shiny|100/100
|-damage|p1a: Sakamoto Days|76/100|[from] Spikes
|move|p2a: Blissey|Flamethrower|p1a: Sakamoto Days
|-damage|p1a: Sakamoto Days|65/100
|
|-weather|Sandstorm|[upkeep]
|-damage|p2a: Blissey|76/100|[from] Sandstorm
|-damage|p1a: Sakamoto Days|59/100|[from] Sandstorm
|-heal|p1a: Sakamoto Days|65/100|[from] item: Leftovers
|-heal|p2a: Blissey|83/100|[from] item: Leftovers
|upkeep
|turn|33
|
|t:|1727901618
|move|p1a: Sakamoto Days|Soft-Boiled|p1a: Sakamoto Days
|-heal|p1a: Sakamoto Days|100/100
|move|p2a: Blissey|Toxic|p1a: Sakamoto Days
|-status|p1a: Sakamoto Days|tox
|
|-weather|Sandstorm|[upkeep]
|-damage|p1a: Sakamoto Days|94/100 tox|[from] Sandstorm
|-damage|p2a: Blissey|76/100|[from] Sandstorm
|-heal|p1a: Sakamoto Days|100/100 tox|[from] item: Leftovers
|-heal|p2a: Blissey|83/100|[from] item: Leftovers
|-damage|p1a: Sakamoto Days|94/100 tox|[from] psn
|upkeep
|turn|34
|
|t:|1727901628
|switch|p2a: Gengar|Gengar, F|100/100
|move|p1a: Sakamoto Days|Toxic|p2a: Gengar|[miss]
|-miss|p1a: Sakamoto Days|p2a: Gengar
|
|-weather|Sandstorm|[upkeep]
|-damage|p2a: Gengar|94/100|[from] Sandstorm
|-damage|p1a: Sakamoto Days|88/100 tox|[from] Sandstorm
|-heal|p2a: Gengar|100/100|[from] item: Leftovers
|-heal|p1a: Sakamoto Days|94/100 tox|[from] item: Leftovers
|-damage|p1a: Sakamoto Days|82/100 tox|[from] psn
|upkeep
|turn|35
|
|t:|1727901640
|switch|p2a: Tyranitar|Tyranitar, M|100/100
|-curestatus|p1a: Sakamoto Days|tox|[from] ability: Natural Cure
|switch|p1a: Toradora!|Gengar, F|100/100
|
|-weather|Sandstorm|[upkeep]
|-damage|p1a: Toradora!|95/100|[from] Sandstorm
|-heal|p1a: Toradora!|100/100|[from] item: Leftovers
|upkeep
|turn|36
|
|t:|1727901650
|move|p1a: Toradora!|Will-O-Wisp|p2a: Tyranitar
|-status|p2a: Tyranitar|brn
|move|p2a: Tyranitar|Rock Slide|p1a: Toradora!
|-damage|p1a: Toradora!|65/100
|
|-weather|Sandstorm|[upkeep]
|-damage|p1a: Toradora!|59/100|[from] Sandstorm
|-heal|p1a: Toradora!|65/100|[from] item: Leftovers
|-damage|p2a: Tyranitar|88/100 brn|[from] brn
|upkeep
|turn|37
|
|t:|1727901661
|switch|p1a: Seraph of the End|Skarmory, F|81/100
|move|p2a: Tyranitar|Roar|p1a: Seraph of the End
|drag|p1a: Sakamoto Days|Blissey, F, shiny|82/100
|-damage|p1a: Sakamoto Days|57/100|[from] Spikes
|
|-weather|Sandstorm|[upkeep]
|-damage|p1a: Sakamoto Days|51/100|[from] Sandstorm
|-heal|p2a: Tyranitar|94/100 brn|[from] item: Leftovers
|-damage|p2a: Tyranitar|82/100 brn|[from] brn
|-heal|p1a: Sakamoto Days|57/100|[from] item: Leftovers
|upkeep
|turn|38
|
|t:|1727901672
|move|p1a: Sakamoto Days|Ice Beam|p2a: Tyranitar
|-damage|p2a: Tyranitar|62/100 brn
|move|p2a: Tyranitar|Roar|p1a: Sakamoto Days
|drag|p1a: Bungo Stray Dogs|Tyranitar, F|87/100
|-damage|p1a: Bungo Stray Dogs|62/100|[from] Spikes
|
|-weather|Sandstorm|[upkeep]
|-heal|p2a: Tyranitar|68/100 brn|[from] item: Leftovers
|-heal|p1a: Bungo Stray Dogs|68/100|[from] item: Leftovers
|-damage|p2a: Tyranitar|56/100 brn|[from] brn
|upkeep
|turn|39
|
|t:|1727901682
|move|p2a: Tyranitar|Earthquake|p1a: Bungo Stray Dogs
|-supereffective|p1a: Bungo Stray Dogs
|-damage|p1a: Bungo Stray Dogs|37/100
|move|p1a: Bungo Stray Dogs|Earthquake|p2a: Tyranitar
|-supereffective|p2a: Tyranitar
|-damage|p2a: Tyranitar|0 fnt
|faint|p2a: Tyranitar
|
|t:|1727901690
|switch|p2a: Swampert|Swampert, F|100/100
|
|-weather|Sandstorm|[upkeep]
|-heal|p1a: Bungo Stray Dogs|43/100|[from] item: Leftovers
|upkeep
|turn|40
|
|t:|1727901698
|move|p1a: Bungo Stray Dogs|Earthquake|p2a: Swampert
|-damage|p2a: Swampert|71/100
|move|p2a: Swampert|Earthquake|p1a: Bungo Stray Dogs
|-supereffective|p1a: Bungo Stray Dogs
|-damage|p1a: Bungo Stray Dogs|0 fnt
|faint|p1a: Bungo Stray Dogs
|
|t:|1727901703
|switch|p1a: Seraph of the End|Skarmory, F|81/100
|
|-weather|Sandstorm|[upkeep]
|-heal|p1a: Seraph of the End|87/100|[from] item: Leftovers
|-heal|p2a: Swampert|78/100|[from] item: Leftovers
|upkeep
|turn|41
|
|t:|1727901710
|move|p1a: Seraph of the End|Toxic|p2a: Swampert
|-status|p2a: Swampert|tox
|move|p2a: Swampert|Hydro Pump|p1a: Seraph of the End
|-damage|p1a: Seraph of the End|50/100
|
|-weather|Sandstorm|[upkeep]
|-heal|p1a: Seraph of the End|56/100|[from] item: Leftovers
|-heal|p2a: Swampert|84/100 tox|[from] item: Leftovers
|-damage|p2a: Swampert|78/100 tox|[from] psn
|upkeep
|turn|42
|
|t:|1727901719
|switch|p2a: Blissey|Blissey, F|83/100
|move|p1a: Seraph of the End|Protect||[still]
|-fail|p1a: Seraph of the End
|
|-weather|Sandstorm|[upkeep]
|-damage|p2a: Blissey|76/100|[from] Sandstorm
|-heal|p1a: Seraph of the End|62/100|[from] item: Leftovers
|-heal|p2a: Blissey|83/100|[from] item: Leftovers
|upkeep
|turn|43
|
|t:|1727901730
|move|p1a: Seraph of the End|Protect|p1a: Seraph of the End
|-singleturn|p1a: Seraph of the End|Protect
|move|p2a: Blissey|Ice Beam|p1a: Seraph of the End
|-activate|p1a: Seraph of the End|Protect
|
|-weather|Sandstorm|[upkeep]
|-damage|p2a: Blissey|76/100|[from] Sandstorm
|-heal|p1a: Seraph of the End|68/100|[from] item: Leftovers
|-heal|p2a: Blissey|83/100|[from] item: Leftovers
|upkeep
|turn|44
|
|t:|1727901743
|switch|p1a: Toradora!|Gengar, F|65/100
|move|p2a: Blissey|Toxic|p1a: Toradora!
|-immune|p1a: Toradora!
|
|-weather|Sandstorm|[upkeep]
|-damage|p1a: Toradora!|59/100|[from] Sandstorm
|-damage|p2a: Blissey|76/100|[from] Sandstorm
|-heal|p1a: Toradora!|65/100|[from] item: Leftovers
|-heal|p2a: Blissey|83/100|[from] item: Leftovers
|upkeep
|turn|45
|
|t:|1727901752
|move|p1a: Toradora!|Will-O-Wisp|p2a: Blissey|[miss]
|-miss|p1a: Toradora!|p2a: Blissey
|move|p2a: Blissey|Flamethrower|p1a: Toradora!
|-damage|p1a: Toradora!|37/100
|
|-weather|Sandstorm|[upkeep]
|-damage|p1a: Toradora!|32/100|[from] Sandstorm
|-damage|p2a: Blissey|76/100|[from] Sandstorm
|-heal|p1a: Toradora!|37/100|[from] item: Leftovers
|-heal|p2a: Blissey|83/100|[from] item: Leftovers
|upkeep
|turn|46
|
|t:|1727901766
|move|p1a: Toradora!|Thunderbolt|p2a: Blissey
|-damage|p2a: Blissey|72/100
|move|p2a: Blissey|Flamethrower|p1a: Toradora!
|-damage|p1a: Toradora!|9/100
|
|-weather|Sandstorm|[upkeep]
|-damage|p1a: Toradora!|3/100|[from] Sandstorm
|-damage|p2a: Blissey|66/100|[from] Sandstorm
|-heal|p1a: Toradora!|9/100|[from] item: Leftovers
|-heal|p2a: Blissey|72/100|[from] item: Leftovers
|upkeep
|turn|47
|
|t:|1727901776
|switch|p2a: Gengar|Gengar, F|100/100
|move|p1a: Toradora!|Explosion|p2a: Gengar
|-immune|p2a: Gengar
|faint|p1a: Toradora!
|
|t:|1727901786
|switch|p1a: Yuri on Ice|Swampert, F|100/100
|-damage|p1a: Yuri on Ice|76/100|[from] Spikes
|
|-weather|Sandstorm|[upkeep]
|-damage|p2a: Gengar|94/100|[from] Sandstorm
|-heal|p2a: Gengar|100/100|[from] item: Leftovers
|-heal|p1a: Yuri on Ice|82/100|[from] item: Leftovers
|upkeep
|turn|48
|
|t:|1727901797
|switch|p2a: Blissey|Blissey, F|72/100
|move|p1a: Yuri on Ice|Hydro Pump|p2a: Blissey
|-damage|p2a: Blissey|56/100
|
|-weather|Sandstorm|[upkeep]
|-damage|p2a: Blissey|50/100|[from] Sandstorm
|-heal|p1a: Yuri on Ice|88/100|[from] item: Leftovers
|-heal|p2a: Blissey|56/100|[from] item: Leftovers
|upkeep
|turn|49
|
|t:|1727901811
|move|p1a: Yuri on Ice|Earthquake|p2a: Blissey
|-damage|p2a: Blissey|18/100
|move|p2a: Blissey|Toxic|p1a: Yuri on Ice
|-status|p1a: Yuri on Ice|tox
|
|-weather|Sandstorm|[upkeep]
|-damage|p2a: Blissey|12/100|[from] Sandstorm
|-heal|p1a: Yuri on Ice|94/100 tox|[from] item: Leftovers
|-damage|p1a: Yuri on Ice|88/100 tox|[from] psn
|-heal|p2a: Blissey|18/100|[from] item: Leftovers
|upkeep
|turn|50
|
|t:|1727901821
|switch|p2a: Gengar|Gengar, F|100/100
|move|p1a: Yuri on Ice|Earthquake|p2a: Gengar
|-immune|p2a: Gengar
|
|-weather|Sandstorm|[upkeep]
|-damage|p2a: Gengar|94/100|[from] Sandstorm
|-heal|p2a: Gengar|100/100|[from] item: Leftovers
|-heal|p1a: Yuri on Ice|94/100 tox|[from] item: Leftovers
|-damage|p1a: Yuri on Ice|82/100 tox|[from] psn
|upkeep
|turn|51
|
|t:|1727901832
|switch|p1a: Hell's Paradise|Starmie|100/100
|-damage|p1a: Hell's Paradise|76/100|[from] Spikes
|move|p2a: Gengar|Fire Punch|p1a: Hell's Paradise
|-resisted|p1a: Hell's Paradise
|-damage|p1a: Hell's Paradise|60/100
|
|-weather|Sandstorm|[upkeep]
|-damage|p1a: Hell's Paradise|54/100|[from] Sandstorm
|-damage|p2a: Gengar|94/100|[from] Sandstorm
|-heal|p1a: Hell's Paradise|60/100|[from] item: Leftovers
|-heal|p2a: Gengar|100/100|[from] item: Leftovers
|upkeep
|turn|52
|
|t:|1727901843
|move|p1a: Hell's Paradise|Hydro Pump|p2a: Gengar
|-damage|p2a: Gengar|37/100
|move|p2a: Gengar|Thunderbolt|p1a: Hell's Paradise
|-supereffective|p1a: Hell's Paradise
|-damage|p1a: Hell's Paradise|0 fnt
|faint|p1a: Hell's Paradise
|
|t:|1727901851
|switch|p1a: Sakamoto Days|Blissey, F, shiny|57/100
|-damage|p1a: Sakamoto Days|32/100|[from] Spikes
|
|-weather|Sandstorm|[upkeep]
|-damage|p2a: Gengar|31/100|[from] Sandstorm
|-damage|p1a: Sakamoto Days|26/100|[from] Sandstorm
|-heal|p2a: Gengar|37/100|[from] item: Leftovers
|-heal|p1a: Sakamoto Days|32/100|[from] item: Leftovers
|upkeep
|turn|53
|
|t:|1727901860
|move|p2a: Gengar|Explosion|p1a: Sakamoto Days
|-damage|p1a: Sakamoto Days|0 fnt
|faint|p2a: Gengar
|faint|p1a: Sakamoto Days
|
|t:|1727901870
|switch|p2a: Blissey|Blissey, F|18/100
|switch|p1a: Yuri on Ice|Swampert, F|82/100 tox
|-damage|p1a: Yuri on Ice|57/100 tox|[from] Spikes
|
|-weather|Sandstorm|[upkeep]
|-damage|p2a: Blissey|12/100|[from] Sandstorm
|-heal|p1a: Yuri on Ice|63/100 tox|[from] item: Leftovers
|-damage|p1a: Yuri on Ice|57/100 tox|[from] psn
|-heal|p2a: Blissey|18/100|[from] item: Leftovers
|upkeep
|turn|54
|
|t:|1727901884
|switch|p2a: Swampert|Swampert, F|78/100 tox
|move|p1a: Yuri on Ice|Earthquake|p2a: Swampert
|-damage|p2a: Swampert|52/100 tox
|
|-weather|Sandstorm|[upkeep]
|-heal|p1a: Yuri on Ice|63/100 tox|[from] item: Leftovers
|-heal|p2a: Swampert|58/100 tox|[from] item: Leftovers
|-damage|p1a: Yuri on Ice|51/100 tox|[from] psn
|-damage|p2a: Swampert|52/100 tox|[from] psn
|upkeep
|turn|55
|
|t:|1727901895
|move|p2a: Swampert|Hydro Pump|p1a: Yuri on Ice
|-damage|p1a: Yuri on Ice|15/100 tox
|move|p1a: Yuri on Ice|Hydro Pump|p2a: Swampert
|-damage|p2a: Swampert|3/100 tox
|
|-weather|Sandstorm|[upkeep]
|-heal|p1a: Yuri on Ice|21/100 tox|[from] item: Leftovers
|-heal|p2a: Swampert|9/100 tox|[from] item: Leftovers
|-damage|p1a: Yuri on Ice|3/100 tox|[from] psn
|-damage|p2a: Swampert|0 fnt|[from] psn
|faint|p2a: Swampert
|upkeep
|c|☆ilikeeatingcrayons|gg
|
|t:|1727901906
|switch|p2a: Blissey|Blissey, F|18/100
|turn|56
|
|t:|1727901910
|move|p1a: Yuri on Ice|Earthquake|p2a: Blissey
|-damage|p2a: Blissey|0 fnt
|faint|p2a: Blissey
|
|win|ilikeeatingcrayons
|c|☆ilikeeatingcrayons|this is best of 3 right?
|c|☆Glick666|yes
|player|p2|

</script>
<script type="application/json" class="data" id="replaydata-smogtours-gen3ou-794040">
{"id":"smogtours-gen3ou-794040","format":"[Gen 3] OU","players":["ilikeeatingcrayons","Glick666"],"uploadtime":1727901910,"views":133,"formatid":"gen3ou","rating":null,"private":0,"password":null}
</script>

<script defer src="js/replays.js?9d40a366"></script>
