<!DOCTYPE html>
<meta charset="utf-8" />
<meta name="viewport" content="width=device-width" />

<title>[Gen 3] OU: Quarante8 vs. blavand - Replays - Pok&eacute;mon Showdown!</title>

<meta name="description" content="Watch a replay of a Pok&eacute;mon battle between Quarante8 and blavand! Format: [Gen 3] OU; Date: Oct 29, 2024" />
<!--

Hey, you! Looking in the source for the replay log?

You can find them in JSON format, just add `.json` at the end of a replay URL.

https://replay.pokemonshowdown.com/gen7randomdoublesbattle-865046831.json

Or, if you only need the log itself, add `.log` instead:

https://replay.pokemonshowdown.com/gen7randomdoublesbattle-865046831.log

-->

<link rel="stylesheet" href="//pokemonshowdown.com/style/global.css?0.023195364461161105" />
<link rel="stylesheet" href="//play.pokemonshowdown.com/style/font-awesome.css?0.13261647063804238" />
<link rel="stylesheet" href="//play.pokemonshowdown.com/style/battle.css?0.8753245789963631" />
<link rel="stylesheet" href="//play.pokemonshowdown.com/style/utilichart.css?0.8627959624976733" />

<!-- Global site tag (gtag.js) - Google Analytics -->
<script async src="https://www.googletagmanager.com/gtag/js?id=UA-26211653-1"></script>
<script>
  window.dataLayer = window.dataLayer || [];
  function gtag(){dataLayer.push(arguments);}
  gtag('js', new Date());

  gtag('config', 'UA-26211653-1');
</script>
<!-- End Google Analytics -->
<!-- Venatus Ad Manager - Install in <HEAD> of page -->
	<script src="https://hb.vntsm.com/v3/live/ad-manager.min.js" type="text/javascript" data-site-id="642aba63ec9a7b11c3c9c1be" data-mode="scan" async></script>
<!-- / Venatus Ad Manager -->

<style>
	@media (max-width:820px) {
		.battle {
			margin: 0 auto;
		}
		.battle-log {
			margin: 7px auto 0;
			max-width: 640px;
			height: 300px;
			position: static;
		}
	}
	.optgroup {
		display: inline-block;
		line-height: 22px;
		font-size: 10pt;
	}
	.optgroup .button {
		height: 25px;
		padding-top: 0;
		padding-bottom: 0;
	}
	.optgroup button.button {
		padding-left: 12px;
		padding-right: 12px;
	}
	.linklist {
		list-style: none;
		margin: 0.5em 0;
		padding: 0;
	}
	.linklist li {
		padding: 2px 0;
	}
	.sidebar {
		float: left;
		width: 320px;
	}
	.bar-wrapper {
		max-width: 1100px;
		margin: 0 auto;
	}
	.bar-wrapper.has-sidebar {
		max-width: 1430px;
	}
	.mainbar {
		margin: 0;
		padding-right: 1px;
	}
	.mainbar.has-sidebar {
		margin-left: 330px;
	}
	@media (min-width: 1511px) {
		.sidebar {
			width: 400px;
		}
		.bar-wrapper.has-sidebar {
			max-width: 1510px;
		}
		.mainbar.has-sidebar {
			margin-left: 410px;
		}
	}
	.section.first-section {
		margin-top: 9px;
	}
	.blocklink small {
		white-space: normal;
	}
	.button {
		vertical-align: middle;
	}
	.replay-controls {
		padding-top: 10px;
	}
	.replay-controls h1 {
		font-size: 16pt;
		font-weight: normal;
		color: #CCC;
	}
	.pagelink {
		text-align: center;
	}
	.pagelink a {
		width: 150px;
	}
	.textbox, .button {
		font-size: 11pt;
		vertical-align: middle;
	}
	@media (max-width: 450px) {
		.button {
			font-size: 9pt;
		}
	}
</style>

<div>

	<header>
		<div class="nav-wrapper"><ul class="nav">
			<li><a class="button nav-first" href="//pokemonshowdown.com/"><img src="//pokemonshowdown.com/images/pokemonshowdownbeta.png" srcset="//pokemonshowdown.com/images/pokemonshowdownbeta.png 1x, //pokemonshowdown.com/images/pokemonshowdownbeta@2x.png 2x" alt="Pok&eacute;mon Showdown" width="146" height="44" /> Home</a></li>
			<li><a class="button" href="//pokemonshowdown.com/dex/">Pok&eacute;dex</a></li>
			<li><a class="button cur" href="/">Replays</a></li>
			<li><a class="button" href="//pokemonshowdown.com/ladder/">Ladder</a></li>
			<li><a class="button nav-last" href="//pokemonshowdown.com/forums/">Forum</a></li>
			<li><a class="button greenbutton nav-first nav-last" href="//play.pokemonshowdown.com/">Play</a></li>
		</ul></div>
	</header>

	<div class="main" id="main">

		<noscript><section class="section">You need to enable JavaScript to use this page; sorry!</section></noscript>

	</div>

</div>

<script defer nomodule src="//play.pokemonshowdown.com/js/lib/ps-polyfill.js"></script>
<script defer src="//play.pokemonshowdown.com/js/lib/preact.min.js"></script>

<script defer src="//play.pokemonshowdown.com/config/config.js?2bddbc15"></script>
<script defer src="//play.pokemonshowdown.com/js/lib/jquery-1.11.0.min.js"></script>
<script defer src="//play.pokemonshowdown.com/js/lib/html-sanitizer-minified.js"></script>
<script defer src="//play.pokemonshowdown.com/js/battle-sound.js"></script>
<script defer src="//play.pokemonshowdown.com/js/battledata.js?0.7209276989879541"></script>
<script defer src="//play.pokemonshowdown.com/data/pokedex-mini.js?0.6111056340867951"></script>
<script defer src="//play.pokemonshowdown.com/data/pokedex-mini-bw.js?0.3532142036491459"></script>
<script defer src="//play.pokemonshowdown.com/data/graphics.js?0.24223875632456182"></script>
<script defer src="//play.pokemonshowdown.com/data/pokedex.js?0.38839984266356864"></script>
<script defer src="//play.pokemonshowdown.com/data/moves.js?0.21866028504024015"></script>
<script defer src="//play.pokemonshowdown.com/data/abilities.js?0.2005157953846628"></script>
<script defer src="//play.pokemonshowdown.com/data/items.js?0.9894211263848525"></script>
<script defer src="//play.pokemonshowdown.com/data/teambuilder-tables.js?0.6008791140282215"></script>
<script defer src="//play.pokemonshowdown.com/js/battle-tooltips.js?0.7580118955022959"></script>
<script defer src="//play.pokemonshowdown.com/js/battle.js?0.6057722274234274"></script>

<script defer src="js/utils.js?e31f9a17"></script>
<script defer src="js/replays-battle.js?7008c182"></script>

<!-- don't scrape this data! just add .json or .log after the URL!
Full API docs: https://github.com/smogon/pokemon-showdown-client/blob/master/WEB-API.md -->
<script type="text/plain" class="log" id="replaylog-smogtours-gen3ou-803294">
|inactive|Battle timer is ON: inactive players will automatically lose when time's up.
|t:|1730232581
|gametype|singles
|player|p1|Quarante8|pilot|
|player|p2|blavand|1|
|teamsize|p1|6
|teamsize|p2|6
|gen|3
|tier|[Gen 3] OU
|rule|Sleep Clause Mod: Limit one foe put to sleep
|rule|Switch Priority Clause Mod: Faster Pokémon switch first
|rule|Species Clause: Limit one of each Pokémon
|rule|OHKO Clause: OHKO moves are banned
|rule|Evasion Items Clause: Evasion items are banned
|rule|Evasion Moves Clause: Evasion moves are banned
|rule|Endless Battle Clause: Forcing endless battles is banned
|rule|HP Percentage Mod: HP is shown in percentages
|rule|One Boost Passer Clause: Limit one Baton Passer that has a way to boost its stats
|rule|Freeze Clause Mod: Limit one foe frozen
|
|t:|1730232581
|start
|switch|p1a: Router Start|Tyranitar, M|100/100
|switch|p2a: Zapdos|Zapdos|100/100
|-weather|Sandstorm|[from] ability: Sand Stream|[of] p1a: Router Start
|turn|1
|c|☆blavand|glhf
|c|☆Quarante8|hf
|
|t:|1730232601
|move|p2a: Zapdos|Baton Pass|p2a: Zapdos
|
|t:|1730232606
|switch|p2a: Metagross|Metagross|100/100|[from] Baton Pass
|move|p1a: Router Start|Rock Slide|p2a: Metagross
|-resisted|p2a: Metagross
|-damage|p2a: Metagross|81/100
|
|-weather|Sandstorm|[upkeep]
|upkeep
|turn|2
|
|t:|1730232613
|switch|p2a: Smeargle|Smeargle, F|100/100
|switch|p1a: Engage Machine|Skarmory, M|100/100
|
|-weather|Sandstorm|[upkeep]
|-damage|p2a: Smeargle|95/100|[from] Sandstorm
|upkeep
|turn|3
|
|t:|1730232620
|move|p2a: Smeargle|Spore|p1a: Engage Machine
|-status|p1a: Engage Machine|slp|[from] move: Spore
|cant|p1a: Engage Machine|slp
|
|-weather|Sandstorm|[upkeep]
|-damage|p2a: Smeargle|89/100|[from] Sandstorm
|upkeep
|turn|4
|
|t:|1730232627
|move|p2a: Smeargle|Spikes|p1a: Engage Machine
|-sidestart|p1: Quarante8|Spikes
|cant|p1a: Engage Machine|slp
|
|-weather|Sandstorm|[upkeep]
|-damage|p2a: Smeargle|83/100|[from] Sandstorm
|upkeep
|turn|5
|
|t:|1730232633
|move|p2a: Smeargle|Spikes|p1a: Engage Machine
|-sidestart|p1: Quarante8|Spikes
|cant|p1a: Engage Machine|slp
|
|-weather|Sandstorm|[upkeep]
|-damage|p2a: Smeargle|77/100|[from] Sandstorm
|upkeep
|turn|6
|
|t:|1730232635
|move|p2a: Smeargle|Substitute|p2a: Smeargle
|-start|p2a: Smeargle|Substitute
|-damage|p2a: Smeargle|52/100
|-curestatus|p1a: Engage Machine|slp|[msg]
|move|p1a: Engage Machine|Spikes|p2a: Smeargle
|-sidestart|p2: blavand|Spikes
|
|-weather|Sandstorm|[upkeep]
|-damage|p2a: Smeargle|46/100|[from] Sandstorm
|upkeep
|turn|7
|
|t:|1730232645
|move|p2a: Smeargle|Spore|p1a: Engage Machine
|-status|p1a: Engage Machine|slp|[from] move: Spore
|cant|p1a: Engage Machine|slp
|
|-weather|Sandstorm|[upkeep]
|-damage|p2a: Smeargle|40/100|[from] Sandstorm
|upkeep
|turn|8
|
|t:|1730232647
|move|p2a: Smeargle|Spikes|p1a: Engage Machine
|-sidestart|p1: Quarante8|Spikes
|-curestatus|p1a: Engage Machine|slp|[msg]
|move|p1a: Engage Machine|Roar|p2a: Smeargle
|drag|p2a: Tyranitar|Tyranitar, F|100/100
|-damage|p2a: Tyranitar|88/100|[from] Spikes
|
|-weather|Sandstorm|[upkeep]
|upkeep
|turn|9
|
|t:|1730232655
|move|p1a: Engage Machine|Protect|p1a: Engage Machine
|-singleturn|p1a: Engage Machine|Protect
|move|p2a: Tyranitar|Rock Slide|p1a: Engage Machine
|-activate|p1a: Engage Machine|Protect
|
|-weather|Sandstorm|[upkeep]
|upkeep
|turn|10
|
|t:|1730232660
|switch|p1a: Technodrome|Claydol|100/100
|move|p2a: Tyranitar|Rock Slide|p1a: Technodrome
|-resisted|p1a: Technodrome
|-damage|p1a: Technodrome|80/100
|
|-weather|Sandstorm|[upkeep]
|-heal|p1a: Technodrome|86/100|[from] item: Leftovers
|upkeep
|turn|11
|
|t:|1730232668
|move|p2a: Tyranitar|Double-Edge|p1a: Technodrome
|-crit|p1a: Technodrome
|-damage|p1a: Technodrome|0 fnt
|-damage|p2a: Tyranitar|61/100|[from] Recoil|[of] p1a: Technodrome
|faint|p1a: Technodrome
|c|☆blavand|sry
|c|☆Quarante8|--
|
|t:|1730232685
|switch|p1a: End of the Line|Aerodactyl, M|100/100
|
|-weather|Sandstorm|[upkeep]
|upkeep
|turn|12
|
|t:|1730232709
|move|p1a: End of the Line|Earthquake|p2a: Tyranitar
|-supereffective|p2a: Tyranitar
|-damage|p2a: Tyranitar|0 fnt
|faint|p2a: Tyranitar
|
|t:|1730232712
|switch|p2a: Zapdos|Zapdos|100/100
|
|-weather|Sandstorm|[upkeep]
|-damage|p2a: Zapdos|94/100|[from] Sandstorm
|-heal|p2a: Zapdos|100/100|[from] item: Leftovers
|upkeep
|turn|13
|
|t:|1730232720
|switch|p1a: In the Way|Blissey, F|100/100
|-damage|p1a: In the Way|76/100|[from] Spikes
|move|p2a: Zapdos|Roar|p1a: In the Way
|drag|p1a: Spice of Life|Jirachi|100/100
|-damage|p1a: Spice of Life|75/100|[from] Spikes
|
|-weather|Sandstorm|[upkeep]
|-damage|p2a: Zapdos|94/100|[from] Sandstorm
|-heal|p2a: Zapdos|100/100|[from] item: Leftovers
|-heal|p1a: Spice of Life|82/100|[from] item: Leftovers
|upkeep
|turn|14
|
|t:|1730232729
|move|p1a: Spice of Life|Wish|p1a: Spice of Life
|move|p2a: Zapdos|Roar|p1a: Spice of Life
|drag|p1a: Router Start|Tyranitar, M|100/100
|-damage|p1a: Router Start|76/100|[from] Spikes
|
|-weather|Sandstorm|[upkeep]
|-damage|p2a: Zapdos|94/100|[from] Sandstorm
|-heal|p2a: Zapdos|100/100|[from] item: Leftovers
|-heal|p1a: Router Start|82/100|[from] item: Leftovers
|upkeep
|turn|15
|
|t:|1730232742
|move|p2a: Zapdos|Baton Pass|p2a: Zapdos
|
|t:|1730232746
|switch|p2a: Swampert|Swampert, M|100/100|[from] Baton Pass
|-damage|p2a: Swampert|88/100|[from] Spikes
|move|p1a: Router Start|Earthquake|p2a: Swampert
|-damage|p2a: Swampert|47/100
|
|-heal|p1a: Router Start|100/100|[from] move: Wish|[wisher] Spice of Life
|-weather|Sandstorm|[upkeep]
|upkeep
|turn|16
|
|t:|1730232758
|switch|p2a: Smeargle|Smeargle, F|40/100
|-damage|p2a: Smeargle|27/100|[from] Spikes
|move|p1a: Router Start|Earthquake|p2a: Smeargle
|-damage|p2a: Smeargle|0 fnt
|faint|p2a: Smeargle
|
|t:|1730232767
|switch|p2a: Swampert|Swampert, M|47/100
|-damage|p2a: Swampert|34/100|[from] Spikes
|
|-weather|Sandstorm|[upkeep]
|upkeep
|turn|17
|inactive|Quarante8 has 270 seconds left.
|
|t:|1730232803
|move|p2a: Swampert|Substitute|p2a: Swampert
|-start|p2a: Swampert|Substitute
|-damage|p2a: Swampert|9/100
|move|p1a: Router Start|Earthquake|p2a: Swampert
|-end|p2a: Swampert|Substitute
|
|-weather|Sandstorm|[upkeep]
|-enditem|p2a: Swampert|Salac Berry|[eat]
|-boost|p2a: Swampert|spe|1|[from] item: Salac Berry
|upkeep
|turn|18
|inactive|Quarante8 has 270 seconds left.
|inactive|Quarante8 has 240 seconds left.
|inactive|Quarante8 has 210 seconds left.
|
|t:|1730232881
|move|p2a: Swampert|Hydro Pump|p1a: Router Start
|-supereffective|p1a: Router Start
|-damage|p1a: Router Start|0 fnt
|faint|p1a: Router Start
|
|t:|1730232885
|switch|p1a: Engage Machine|Skarmory, M|100/100
|
|-weather|Sandstorm|[upkeep]
|upkeep
|turn|19
|
|t:|1730232891
|move|p2a: Swampert|Endeavor|p1a: Engage Machine
|-damage|p1a: Engage Machine|9/100
|move|p1a: Engage Machine|Drill Peck|p2a: Swampert
|-damage|p2a: Swampert|0 fnt
|faint|p2a: Swampert
|
|t:|1730232898
|switch|p2a: Zapdos|Zapdos|100/100
|
|-weather|Sandstorm|[upkeep]
|-damage|p2a: Zapdos|94/100|[from] Sandstorm
|-heal|p2a: Zapdos|100/100|[from] item: Leftovers
|-heal|p1a: Engage Machine|15/100|[from] item: Leftovers
|upkeep
|turn|20
|
|t:|1730232904
|move|p2a: Zapdos|Thunderbolt|p1a: Engage Machine
|-supereffective|p1a: Engage Machine
|-crit|p1a: Engage Machine
|-damage|p1a: Engage Machine|0 fnt
|faint|p1a: Engage Machine
|
|t:|1730232909
|switch|p1a: Spice of Life|Jirachi|82/100
|-damage|p1a: Spice of Life|57/100|[from] Spikes
|
|-weather|Sandstorm|[upkeep]
|-damage|p2a: Zapdos|94/100|[from] Sandstorm
|-heal|p2a: Zapdos|100/100|[from] item: Leftovers
|-heal|p1a: Spice of Life|63/100|[from] item: Leftovers
|upkeep
|turn|21
|
|t:|1730232920
|move|p1a: Spice of Life|Wish|p1a: Spice of Life
|move|p2a: Zapdos|Roar|p1a: Spice of Life
|drag|p1a: End of the Line|Aerodactyl, M|100/100
|
|-weather|Sandstorm|[upkeep]
|-damage|p2a: Zapdos|94/100|[from] Sandstorm
|-heal|p2a: Zapdos|100/100|[from] item: Leftovers
|upkeep
|turn|22
|inactive|Quarante8 has 240 seconds left.
|
|t:|1730232941
|move|p1a: End of the Line|Rock Slide|p2a: Zapdos|[miss]
|-miss|p1a: End of the Line|p2a: Zapdos
|move|p2a: Zapdos|Thunderbolt|p1a: End of the Line
|-supereffective|p1a: End of the Line
|-damage|p1a: End of the Line|0 fnt
|faint|p1a: End of the Line
|inactive|Quarante8 has 240 seconds left.
|c|☆Quarante8|Yeah 
|
|t:|1730232954
|switch|p1a: Spice of Life|Jirachi|63/100
|-damage|p1a: Spice of Life|38/100|[from] Spikes
|
|-heal|p1a: Spice of Life|88/100|[from] move: Wish|[wisher] Spice of Life
|-weather|Sandstorm|[upkeep]
|-damage|p2a: Zapdos|94/100|[from] Sandstorm
|-heal|p2a: Zapdos|100/100|[from] item: Leftovers
|-heal|p1a: Spice of Life|94/100|[from] item: Leftovers
|upkeep
|turn|23
|inactive|Quarante8 has 240 seconds left.
|
|t:|1730232965
|move|p2a: Zapdos|Thunderbolt|p1a: Spice of Life
|-damage|p1a: Spice of Life|49/100
|move|p1a: Spice of Life|Toxic|p2a: Zapdos
|-status|p2a: Zapdos|tox
|
|-weather|Sandstorm|[upkeep]
|-damage|p2a: Zapdos|94/100 tox|[from] Sandstorm
|-heal|p2a: Zapdos|100/100 tox|[from] item: Leftovers
|-damage|p2a: Zapdos|94/100 tox|[from] psn
|-heal|p1a: Spice of Life|55/100|[from] item: Leftovers
|upkeep
|turn|24
|
|t:|1730232972
|move|p1a: Spice of Life|Wish|p1a: Spice of Life
|move|p2a: Zapdos|Roar|p1a: Spice of Life
|drag|p1a: In the Way|Blissey, F|76/100
|-damage|p1a: In the Way|51/100|[from] Spikes
|
|-weather|Sandstorm|[upkeep]
|-damage|p2a: Zapdos|88/100 tox|[from] Sandstorm
|-damage|p1a: In the Way|45/100|[from] Sandstorm
|-heal|p2a: Zapdos|94/100 tox|[from] item: Leftovers
|-damage|p2a: Zapdos|82/100 tox|[from] psn
|-heal|p1a: In the Way|51/100|[from] item: Leftovers
|upkeep
|turn|25
|
|t:|1730232978
|move|p1a: In the Way|Soft-Boiled|p1a: In the Way
|-heal|p1a: In the Way|100/100
|move|p2a: Zapdos|Roar|p1a: In the Way
|drag|p1a: Spice of Life|Jirachi|55/100
|-damage|p1a: Spice of Life|30/100|[from] Spikes
|
|-heal|p1a: Spice of Life|80/100|[from] move: Wish|[wisher] Spice of Life
|-weather|Sandstorm|[upkeep]
|-damage|p2a: Zapdos|76/100 tox|[from] Sandstorm
|-heal|p2a: Zapdos|82/100 tox|[from] item: Leftovers
|-damage|p2a: Zapdos|64/100 tox|[from] psn
|-heal|p1a: Spice of Life|86/100|[from] item: Leftovers
|upkeep
|turn|26
|
|t:|1730232985
|move|p2a: Zapdos|Thunderbolt|p1a: Spice of Life
|-damage|p1a: Spice of Life|44/100
|move|p1a: Spice of Life|Wish|p1a: Spice of Life
|
|-weather|Sandstorm|[upkeep]
|-damage|p2a: Zapdos|58/100 tox|[from] Sandstorm
|-heal|p2a: Zapdos|64/100 tox|[from] item: Leftovers
|-damage|p2a: Zapdos|40/100 tox|[from] psn
|-heal|p1a: Spice of Life|50/100|[from] item: Leftovers
|upkeep
|turn|27
|
|t:|1730232989
|switch|p2a: Metagross|Metagross|81/100
|-damage|p2a: Metagross|69/100|[from] Spikes
|move|p1a: Spice of Life|Protect||[still]
|-fail|p1a: Spice of Life
|
|-heal|p1a: Spice of Life|99/100|[from] move: Wish|[wisher] Spice of Life
|-weather|Sandstorm|[upkeep]
|-heal|p1a: Spice of Life|100/100|[from] item: Leftovers
|upkeep
|turn|28
|inactive|Quarante8 has 270 seconds left.
|
|t:|1730233012
|move|p1a: Spice of Life|Wish|p1a: Spice of Life
|move|p2a: Metagross|Earthquake|p1a: Spice of Life
|-supereffective|p1a: Spice of Life
|-damage|p1a: Spice of Life|24/100
|
|-weather|Sandstorm|[upkeep]
|-heal|p1a: Spice of Life|30/100|[from] item: Leftovers
|upkeep
|turn|29
|
|t:|1730233019
|move|p1a: Spice of Life|Protect|p1a: Spice of Life
|-singleturn|p1a: Spice of Life|Protect
|move|p2a: Metagross|Earthquake|p1a: Spice of Life
|-activate|p1a: Spice of Life|Protect
|
|-heal|p1a: Spice of Life|80/100|[from] move: Wish|[wisher] Spice of Life
|-weather|Sandstorm|[upkeep]
|-heal|p1a: Spice of Life|86/100|[from] item: Leftovers
|upkeep
|turn|30
|
|t:|1730233030
|move|p1a: Spice of Life|Wish|p1a: Spice of Life
|move|p2a: Metagross|Earthquake|p1a: Spice of Life
|-supereffective|p1a: Spice of Life
|-damage|p1a: Spice of Life|14/100
|
|-weather|Sandstorm|[upkeep]
|-heal|p1a: Spice of Life|20/100|[from] item: Leftovers
|upkeep
|turn|31
|
|t:|1730233034
|move|p1a: Spice of Life|Protect|p1a: Spice of Life
|-singleturn|p1a: Spice of Life|Protect
|move|p2a: Metagross|Earthquake|p1a: Spice of Life
|-activate|p1a: Spice of Life|Protect
|
|-heal|p1a: Spice of Life|70/100|[from] move: Wish|[wisher] Spice of Life
|-weather|Sandstorm|[upkeep]
|-heal|p1a: Spice of Life|76/100|[from] item: Leftovers
|upkeep
|turn|32
|
|t:|1730233042
|move|p1a: Spice of Life|Wish|p1a: Spice of Life
|move|p2a: Metagross|Earthquake|p1a: Spice of Life
|-supereffective|p1a: Spice of Life
|-damage|p1a: Spice of Life|8/100
|
|-weather|Sandstorm|[upkeep]
|-heal|p1a: Spice of Life|15/100|[from] item: Leftovers
|upkeep
|turn|33
|
|t:|1730233048
|move|p1a: Spice of Life|Protect|p1a: Spice of Life
|-singleturn|p1a: Spice of Life|Protect
|move|p2a: Metagross|Earthquake|p1a: Spice of Life
|-activate|p1a: Spice of Life|Protect
|
|-heal|p1a: Spice of Life|65/100|[from] move: Wish|[wisher] Spice of Life
|-weather|Sandstorm|[upkeep]
|-heal|p1a: Spice of Life|71/100|[from] item: Leftovers
|upkeep
|turn|34
|
|t:|1730233063
|move|p1a: Spice of Life|Protect|p1a: Spice of Life
|-singleturn|p1a: Spice of Life|Protect
|move|p2a: Metagross|Earthquake|p1a: Spice of Life
|-activate|p1a: Spice of Life|Protect
|
|-weather|Sandstorm|[upkeep]
|-heal|p1a: Spice of Life|77/100|[from] item: Leftovers
|upkeep
|turn|35
|
|t:|1730233067
|move|p1a: Spice of Life|Wish|p1a: Spice of Life
|move|p2a: Metagross|Earthquake|p1a: Spice of Life
|-supereffective|p1a: Spice of Life
|-damage|p1a: Spice of Life|3/100
|
|-weather|Sandstorm|[upkeep]
|-heal|p1a: Spice of Life|9/100|[from] item: Leftovers
|upkeep
|turn|36
|
|t:|1730233083
|move|p1a: Spice of Life|Protect|p1a: Spice of Life
|-singleturn|p1a: Spice of Life|Protect
|move|p2a: Metagross|Earthquake|p1a: Spice of Life
|-activate|p1a: Spice of Life|Protect
|
|-heal|p1a: Spice of Life|59/100|[from] move: Wish|[wisher] Spice of Life
|-weather|Sandstorm|[upkeep]
|-heal|p1a: Spice of Life|65/100|[from] item: Leftovers
|upkeep
|turn|37
|
|t:|1730233090
|move|p1a: Spice of Life|Protect||[still]
|-fail|p1a: Spice of Life
|move|p2a: Metagross|Earthquake|p1a: Spice of Life
|-supereffective|p1a: Spice of Life
|-damage|p1a: Spice of Life|0 fnt
|faint|p1a: Spice of Life
|c|☆Quarante8|Whatever
|-message|Quarante8 forfeited.
|
|win|blavand
|player|p1|
|player|p2|
|player|p2|blavand|1|

</script>
<script type="application/json" class="data" id="replaydata-smogtours-gen3ou-803294">
{"id":"smogtours-gen3ou-803294","format":"[Gen 3] OU","players":["Quarante8","blavand"],"uploadtime":1730233097,"views":92,"formatid":"gen3ou","rating":null,"private":0,"password":null}
</script>

<script defer src="js/replays.js?9d40a366"></script>
