<!DOCTYPE html>
<meta charset="utf-8" />
<meta name="viewport" content="width=device-width" />

<title>[Gen 3] OU: AirPan vs. JCEntrena - Replays - Pok&eacute;mon Showdown!</title>

<meta name="description" content="Watch a replay of a Pok&eacute;mon battle between AirPan and JCEntrena! Format: [Gen 3] OU; Date: Oct 17, 2024" />
<!--

Hey, you! Looking in the source for the replay log?

You can find them in JSON format, just add `.json` at the end of a replay URL.

https://replay.pokemonshowdown.com/gen7randomdoublesbattle-865046831.json

Or, if you only need the log itself, add `.log` instead:

https://replay.pokemonshowdown.com/gen7randomdoublesbattle-865046831.log

-->

<link rel="stylesheet" href="//pokemonshowdown.com/style/global.css?0.023195364461161105" />
<link rel="stylesheet" href="//play.pokemonshowdown.com/style/font-awesome.css?0.13261647063804238" />
<link rel="stylesheet" href="//play.pokemonshowdown.com/style/battle.css?0.8753245789963631" />
<link rel="stylesheet" href="//play.pokemonshowdown.com/style/utilichart.css?0.8627959624976733" />

<!-- Global site tag (gtag.js) - Google Analytics -->
<script async src="https://www.googletagmanager.com/gtag/js?id=UA-26211653-1"></script>
<script>
  window.dataLayer = window.dataLayer || [];
  function gtag(){dataLayer.push(arguments);}
  gtag('js', new Date());

  gtag('config', 'UA-26211653-1');
</script>
<!-- End Google Analytics -->
<!-- Venatus Ad Manager - Install in <HEAD> of page -->
	<script src="https://hb.vntsm.com/v3/live/ad-manager.min.js" type="text/javascript" data-site-id="642aba63ec9a7b11c3c9c1be" data-mode="scan" async></script>
<!-- / Venatus Ad Manager -->

<style>
	@media (max-width:820px) {
		.battle {
			margin: 0 auto;
		}
		.battle-log {
			margin: 7px auto 0;
			max-width: 640px;
			height: 300px;
			position: static;
		}
	}
	.optgroup {
		display: inline-block;
		line-height: 22px;
		font-size: 10pt;
	}
	.optgroup .button {
		height: 25px;
		padding-top: 0;
		padding-bottom: 0;
	}
	.optgroup button.button {
		padding-left: 12px;
		padding-right: 12px;
	}
	.linklist {
		list-style: none;
		margin: 0.5em 0;
		padding: 0;
	}
	.linklist li {
		padding: 2px 0;
	}
	.sidebar {
		float: left;
		width: 320px;
	}
	.bar-wrapper {
		max-width: 1100px;
		margin: 0 auto;
	}
	.bar-wrapper.has-sidebar {
		max-width: 1430px;
	}
	.mainbar {
		margin: 0;
		padding-right: 1px;
	}
	.mainbar.has-sidebar {
		margin-left: 330px;
	}
	@media (min-width: 1511px) {
		.sidebar {
			width: 400px;
		}
		.bar-wrapper.has-sidebar {
			max-width: 1510px;
		}
		.mainbar.has-sidebar {
			margin-left: 410px;
		}
	}
	.section.first-section {
		margin-top: 9px;
	}
	.blocklink small {
		white-space: normal;
	}
	.button {
		vertical-align: middle;
	}
	.replay-controls {
		padding-top: 10px;
	}
	.replay-controls h1 {
		font-size: 16pt;
		font-weight: normal;
		color: #CCC;
	}
	.pagelink {
		text-align: center;
	}
	.pagelink a {
		width: 150px;
	}
	.textbox, .button {
		font-size: 11pt;
		vertical-align: middle;
	}
	@media (max-width: 450px) {
		.button {
			font-size: 9pt;
		}
	}
</style>

<div>

	<header>
		<div class="nav-wrapper"><ul class="nav">
			<li><a class="button nav-first" href="//pokemonshowdown.com/"><img src="//pokemonshowdown.com/images/pokemonshowdownbeta.png" srcset="//pokemonshowdown.com/images/pokemonshowdownbeta.png 1x, //pokemonshowdown.com/images/pokemonshowdownbeta@2x.png 2x" alt="Pok&eacute;mon Showdown" width="146" height="44" /> Home</a></li>
			<li><a class="button" href="//pokemonshowdown.com/dex/">Pok&eacute;dex</a></li>
			<li><a class="button cur" href="/">Replays</a></li>
			<li><a class="button" href="//pokemonshowdown.com/ladder/">Ladder</a></li>
			<li><a class="button nav-last" href="//pokemonshowdown.com/forums/">Forum</a></li>
			<li><a class="button greenbutton nav-first nav-last" href="//play.pokemonshowdown.com/">Play</a></li>
		</ul></div>
	</header>

	<div class="main" id="main">

		<noscript><section class="section">You need to enable JavaScript to use this page; sorry!</section></noscript>

	</div>

</div>

<script defer nomodule src="//play.pokemonshowdown.com/js/lib/ps-polyfill.js"></script>
<script defer src="//play.pokemonshowdown.com/js/lib/preact.min.js"></script>

<script defer src="//play.pokemonshowdown.com/config/config.js?2bddbc15"></script>
<script defer src="//play.pokemonshowdown.com/js/lib/jquery-1.11.0.min.js"></script>
<script defer src="//play.pokemonshowdown.com/js/lib/html-sanitizer-minified.js"></script>
<script defer src="//play.pokemonshowdown.com/js/battle-sound.js"></script>
<script defer src="//play.pokemonshowdown.com/js/battledata.js?0.7209276989879541"></script>
<script defer src="//play.pokemonshowdown.com/data/pokedex-mini.js?0.6111056340867951"></script>
<script defer src="//play.pokemonshowdown.com/data/pokedex-mini-bw.js?0.3532142036491459"></script>
<script defer src="//play.pokemonshowdown.com/data/graphics.js?0.24223875632456182"></script>
<script defer src="//play.pokemonshowdown.com/data/pokedex.js?0.38839984266356864"></script>
<script defer src="//play.pokemonshowdown.com/data/moves.js?0.21866028504024015"></script>
<script defer src="//play.pokemonshowdown.com/data/abilities.js?0.2005157953846628"></script>
<script defer src="//play.pokemonshowdown.com/data/items.js?0.9894211263848525"></script>
<script defer src="//play.pokemonshowdown.com/data/teambuilder-tables.js?0.6008791140282215"></script>
<script defer src="//play.pokemonshowdown.com/js/battle-tooltips.js?0.7580118955022959"></script>
<script defer src="//play.pokemonshowdown.com/js/battle.js?0.6057722274234274"></script>

<script defer src="js/utils.js?e31f9a17"></script>
<script defer src="js/replays-battle.js?7008c182"></script>

<!-- don't scrape this data! just add .json or .log after the URL!
Full API docs: https://github.com/smogon/pokemon-showdown-client/blob/master/WEB-API.md -->
<script type="text/plain" class="log" id="replaylog-smogtours-gen3ou-799280">
|inactive|Battle timer is ON: inactive players will automatically lose when time's up.
|t:|1729179127
|gametype|singles
|player|p1|AirPan|pokemonrangerf-gen4|
|player|p2|JCEntrena|veteran|
|teamsize|p1|6
|teamsize|p2|6
|gen|3
|tier|[Gen 3] OU
|rule|Sleep Clause Mod: Limit one foe put to sleep
|rule|Switch Priority Clause Mod: Faster Pokémon switch first
|rule|Species Clause: Limit one of each Pokémon
|rule|OHKO Clause: OHKO moves are banned
|rule|Evasion Items Clause: Evasion items are banned
|rule|Evasion Moves Clause: Evasion moves are banned
|rule|Endless Battle Clause: Forcing endless battles is banned
|rule|HP Percentage Mod: HP is shown in percentages
|rule|One Boost Passer Clause: Limit one Baton Passer that has a way to boost its stats
|rule|Freeze Clause Mod: Limit one foe frozen
|
|t:|1729179127
|start
|switch|p1a: 360|Zapdos|100/100
|switch|p2a: Tyranitar|Tyranitar, M|100/100
|-weather|Sandstorm|[from] ability: Sand Stream|[of] p2a: Tyranitar
|turn|1
|c|☆JCEntrena|glhf!
|
|t:|1729179147
|move|p1a: 360|Baton Pass|p1a: 360
|c|☆AirPan|gl
|
|t:|1729179158
|switch|p1a: von dutch|Metagross|100/100|[from] Baton Pass
|move|p2a: Tyranitar|Rock Slide|p1a: von dutch
|-resisted|p1a: von dutch
|-damage|p1a: von dutch|84/100
|
|-weather|Sandstorm|[upkeep]
|upkeep
|turn|2
|inactive|JCEntrena has 270 seconds left.
|
|t:|1729179189
|switch|p2a: Milotic|Milotic, F|100/100
|move|p1a: von dutch|Meteor Mash|p2a: Milotic
|-resisted|p2a: Milotic
|-damage|p2a: Milotic|86/100
|
|-weather|Sandstorm|[upkeep]
|-damage|p2a: Milotic|80/100|[from] Sandstorm
|-heal|p2a: Milotic|86/100|[from] item: Leftovers
|upkeep
|turn|3
|inactive|JCEntrena has 270 seconds left.
|
|t:|1729179200
|switch|p1a: girl|Celebi|100/100
|move|p2a: Milotic|Ice Beam|p1a: girl
|-supereffective|p1a: girl
|-damage|p1a: girl|63/100
|
|-weather|Sandstorm|[upkeep]
|-damage|p1a: girl|57/100|[from] Sandstorm
|-damage|p2a: Milotic|80/100|[from] Sandstorm
|-heal|p1a: girl|63/100|[from] item: Leftovers
|-heal|p2a: Milotic|86/100|[from] item: Leftovers
|upkeep
|turn|4
|
|t:|1729179209
|move|p1a: girl|Giga Drain|p2a: Milotic
|-supereffective|p2a: Milotic
|-damage|p2a: Milotic|51/100
|-heal|p1a: girl|80/100|[from] drain|[of] p2a: Milotic
|move|p2a: Milotic|Ice Beam|p1a: girl
|-supereffective|p1a: girl
|-damage|p1a: girl|45/100
|
|-weather|Sandstorm|[upkeep]
|-damage|p1a: girl|39/100|[from] Sandstorm
|-damage|p2a: Milotic|45/100|[from] Sandstorm
|-heal|p1a: girl|45/100|[from] item: Leftovers
|-heal|p2a: Milotic|51/100|[from] item: Leftovers
|upkeep
|turn|5
|
|t:|1729179224
|move|p1a: girl|Giga Drain|p2a: Milotic
|-supereffective|p2a: Milotic
|-damage|p2a: Milotic|18/100
|-heal|p1a: girl|61/100|[from] drain|[of] p2a: Milotic
|move|p2a: Milotic|Mirror Coat|p1a: girl
|-damage|p1a: girl|0 fnt
|faint|p1a: girl
|
|t:|1729179229
|switch|p1a: apple|Dugtrio, M|100/100
|
|-weather|Sandstorm|[upkeep]
|-damage|p2a: Milotic|12/100|[from] Sandstorm
|-heal|p2a: Milotic|18/100|[from] item: Leftovers
|upkeep
|turn|6
|
|t:|1729179235
|move|p1a: apple|Earthquake|p2a: Milotic
|-damage|p2a: Milotic|0 fnt
|faint|p2a: Milotic
|
|t:|1729179244
|switch|p2a: Salamence|Salamence, M|100/100
|-ability|p2a: Salamence|Intimidate|boost
|-unboost|p1a: apple|atk|1
|
|-weather|Sandstorm|[upkeep]
|-damage|p2a: Salamence|94/100|[from] Sandstorm
|-heal|p2a: Salamence|100/100|[from] item: Leftovers
|upkeep
|turn|7
|
|t:|1729179251
|switch|p1a: 365|Gengar, M|100/100
|move|p2a: Salamence|Dragon Dance|p2a: Salamence
|-boost|p2a: Salamence|atk|1
|-boost|p2a: Salamence|spe|1
|
|-weather|Sandstorm|[upkeep]
|-damage|p2a: Salamence|94/100|[from] Sandstorm
|-damage|p1a: 365|94/100|[from] Sandstorm
|-heal|p2a: Salamence|100/100|[from] item: Leftovers
|-heal|p1a: 365|100/100|[from] item: Leftovers
|upkeep
|turn|8
|inactive|JCEntrena has 270 seconds left.
|
|t:|1729179283
|switch|p2a: Metagross|Metagross|100/100
|move|p1a: 365|Ice Punch|p2a: Metagross
|-resisted|p2a: Metagross
|-damage|p2a: Metagross|90/100
|
|-weather|Sandstorm|[upkeep]
|-damage|p1a: 365|94/100|[from] Sandstorm
|-heal|p1a: 365|100/100|[from] item: Leftovers
|-heal|p2a: Metagross|96/100|[from] item: Leftovers
|upkeep
|turn|9
|
|t:|1729179290
|switch|p1a: sympathy|Cloyster, F|100/100
|move|p2a: Metagross|Meteor Mash|p1a: sympathy
|-damage|p1a: sympathy|61/100
|
|-weather|Sandstorm|[upkeep]
|-damage|p1a: sympathy|55/100|[from] Sandstorm
|-heal|p1a: sympathy|61/100|[from] item: Leftovers
|-heal|p2a: Metagross|100/100|[from] item: Leftovers
|upkeep
|turn|10
|
|t:|1729179302
|move|p1a: sympathy|Spikes|p2a: Metagross
|-sidestart|p2: JCEntrena|Spikes
|move|p2a: Metagross|Meteor Mash|p1a: sympathy
|-damage|p1a: sympathy|20/100
|
|-weather|Sandstorm|[upkeep]
|-damage|p1a: sympathy|14/100|[from] Sandstorm
|-heal|p1a: sympathy|20/100|[from] item: Leftovers
|upkeep
|turn|11
|
|t:|1729179311
|move|p2a: Metagross|Protect|p2a: Metagross
|-singleturn|p2a: Metagross|Protect
|move|p1a: sympathy|Explosion|p2a: Metagross
|-activate|p2a: Metagross|Protect
|faint|p1a: sympathy
|
|t:|1729179314
|switch|p1a: apple|Dugtrio, M|100/100
|
|-weather|Sandstorm|[upkeep]
|upkeep
|turn|12
|
|t:|1729179322
|move|p1a: apple|Earthquake|p2a: Metagross
|-supereffective|p2a: Metagross
|-damage|p2a: Metagross|13/100
|move|p2a: Metagross|Earthquake|p1a: apple
|-damage|p1a: apple|0 fnt
|faint|p1a: apple
|
|t:|1729179330
|switch|p1a: 360|Zapdos|100/100
|
|-weather|Sandstorm|[upkeep]
|-damage|p1a: 360|94/100|[from] Sandstorm
|-heal|p1a: 360|100/100|[from] item: Leftovers
|-heal|p2a: Metagross|19/100|[from] item: Leftovers
|upkeep
|turn|13
|
|t:|1729179338
|move|p2a: Metagross|Protect|p2a: Metagross
|-singleturn|p2a: Metagross|Protect
|move|p1a: 360|Thunderbolt|p2a: Metagross
|-activate|p2a: Metagross|Protect
|
|-weather|Sandstorm|[upkeep]
|-damage|p1a: 360|94/100|[from] Sandstorm
|-heal|p1a: 360|100/100|[from] item: Leftovers
|-heal|p2a: Metagross|25/100|[from] item: Leftovers
|upkeep
|turn|14
|
|t:|1729179362
|switch|p2a: Magneton|Magneton|100/100
|-damage|p2a: Magneton|88/100|[from] Spikes
|move|p1a: 360|Thunderbolt|p2a: Magneton
|-resisted|p2a: Magneton
|-damage|p2a: Magneton|37/100
|
|-weather|Sandstorm|[upkeep]
|-damage|p1a: 360|94/100|[from] Sandstorm
|-heal|p1a: 360|100/100|[from] item: Leftovers
|upkeep
|turn|15
|
|t:|1729179372
|move|p1a: 360|Thunderbolt|p2a: Magneton
|-resisted|p2a: Magneton
|-crit|p2a: Magneton
|-damage|p2a: Magneton|0 fnt
|faint|p2a: Magneton
|
|t:|1729179381
|switch|p2a: Celebi|Celebi|100/100
|-damage|p2a: Celebi|88/100|[from] Spikes
|
|-weather|Sandstorm|[upkeep]
|-damage|p1a: 360|94/100|[from] Sandstorm
|-damage|p2a: Celebi|82/100|[from] Sandstorm
|-heal|p2a: Celebi|88/100|[from] item: Leftovers
|-heal|p1a: 360|100/100|[from] item: Leftovers
|upkeep
|turn|16
|
|t:|1729179384
|move|p1a: 360|Substitute|p1a: 360
|-start|p1a: 360|Substitute
|-damage|p1a: 360|76/100
|move|p2a: Celebi|Leech Seed||[still]
|-fail|p2a: Celebi
|
|-weather|Sandstorm|[upkeep]
|-damage|p1a: 360|69/100|[from] Sandstorm
|-damage|p2a: Celebi|82/100|[from] Sandstorm
|-heal|p2a: Celebi|88/100|[from] item: Leftovers
|-heal|p1a: 360|76/100|[from] item: Leftovers
|upkeep
|turn|17
|
|t:|1729179399
|move|p1a: 360|Hidden Power|p2a: Celebi
|-supereffective|p2a: Celebi
|-crit|p2a: Celebi
|-damage|p2a: Celebi|19/100
|move|p2a: Celebi|Psychic|p1a: 360
|-end|p1a: 360|Substitute
|
|-weather|Sandstorm|[upkeep]
|-damage|p1a: 360|69/100|[from] Sandstorm
|-damage|p2a: Celebi|13/100|[from] Sandstorm
|-heal|p1a: 360|76/100|[from] item: Leftovers
|-heal|p2a: Celebi|19/100|[from] item: Leftovers
|upkeep
|turn|18
|inactive|JCEntrena has 270 seconds left.
|
|t:|1729179431
|move|p2a: Celebi|Psychic|p1a: 360
|-damage|p1a: 360|43/100
|move|p1a: 360|Hidden Power|p2a: Celebi
|-supereffective|p2a: Celebi
|-damage|p2a: Celebi|0 fnt
|faint|p2a: Celebi
|inactive|JCEntrena has 270 seconds left.
|
|t:|1729179457
|switch|p2a: Tyranitar|Tyranitar, M|100/100
|-damage|p2a: Tyranitar|88/100|[from] Spikes
|
|-weather|Sandstorm|[upkeep]
|-damage|p1a: 360|37/100|[from] Sandstorm
|-heal|p1a: 360|43/100|[from] item: Leftovers
|upkeep
|turn|19
|inactive|JCEntrena has 240 seconds left.
|
|t:|1729179497
|move|p1a: 360|Baton Pass|p1a: 360
|
|t:|1729179498
|switch|p1a: von dutch|Metagross|84/100|[from] Baton Pass
|move|p2a: Tyranitar|Rock Slide|p1a: von dutch
|-resisted|p1a: von dutch
|-damage|p1a: von dutch|65/100
|
|-weather|Sandstorm|[upkeep]
|upkeep
|turn|20
|inactive|JCEntrena has 210 seconds left.
|
|t:|1729179530
|switch|p2a: Salamence|Salamence, M|100/100
|-ability|p2a: Salamence|Intimidate|boost
|-fail|p1a: von dutch|unboost|[from] ability: Clear Body|[of] p1a: von dutch
|move|p1a: von dutch|Meteor Mash|p2a: Salamence
|-damage|p2a: Salamence|54/100
|
|-weather|Sandstorm|[upkeep]
|-damage|p2a: Salamence|48/100|[from] Sandstorm
|-heal|p2a: Salamence|54/100|[from] item: Leftovers
|upkeep
|turn|21
|inactive|JCEntrena has 210 seconds left.
|inactive|AirPan has 270 seconds left.
|inactive|JCEntrena has 180 seconds left.
|inactive|AirPan has 240 seconds left.
|
|t:|1729179608
|move|p2a: Salamence|Hidden Power|p1a: von dutch
|-resisted|p1a: von dutch
|-damage|p1a: von dutch|49/100
|move|p1a: von dutch|Meteor Mash|p2a: Salamence
|-damage|p2a: Salamence|6/100
|
|-weather|Sandstorm|[upkeep]
|-damage|p2a: Salamence|0 fnt|[from] Sandstorm
|faint|p2a: Salamence
|upkeep
|
|t:|1729179633
|switch|p2a: Metagross|Metagross|25/100
|-damage|p2a: Metagross|13/100|[from] Spikes
|turn|22
|
|t:|1729179643
|move|p1a: von dutch|Hidden Power|p2a: Metagross
|-supereffective|p2a: Metagross
|-damage|p2a: Metagross|0 fnt
|faint|p2a: Metagross
|
|t:|1729179646
|switch|p2a: Tyranitar|Tyranitar, M|88/100
|-damage|p2a: Tyranitar|76/100|[from] Spikes
|
|-weather|Sandstorm|[upkeep]
|upkeep
|turn|23
|
|t:|1729179649
|move|p2a: Tyranitar|Earthquake|p1a: von dutch
|-supereffective|p1a: von dutch
|-damage|p1a: von dutch|0 fnt
|faint|p1a: von dutch
|
|t:|1729179661
|switch|p1a: 360|Zapdos|43/100
|
|-weather|Sandstorm|[upkeep]
|-damage|p1a: 360|37/100|[from] Sandstorm
|-heal|p1a: 360|43/100|[from] item: Leftovers
|upkeep
|turn|24
|inactive|JCEntrena has 180 seconds left.
|
|t:|1729179681
|move|p1a: 360|Thunderbolt|p2a: Tyranitar
|-damage|p2a: Tyranitar|24/100
|move|p2a: Tyranitar|Rock Slide|p1a: 360|[miss]
|-miss|p2a: Tyranitar|p1a: 360
|
|-weather|Sandstorm|[upkeep]
|-damage|p1a: 360|37/100|[from] Sandstorm
|-heal|p1a: 360|43/100|[from] item: Leftovers
|upkeep
|turn|25
|
|t:|1729179686
|move|p1a: 360|Thunderbolt|p2a: Tyranitar
|-damage|p2a: Tyranitar|0 fnt
|faint|p2a: Tyranitar
|
|win|AirPan
|c|☆JCEntrena|gg
|c|☆AirPan|gg

</script>
<script type="application/json" class="data" id="replaydata-smogtours-gen3ou-799280">
{"id":"smogtours-gen3ou-799280","format":"[Gen 3] OU","players":["AirPan","JCEntrena"],"uploadtime":1729179686,"views":94,"formatid":"gen3ou","rating":null,"private":0,"password":null}
</script>

<script defer src="js/replays.js?9d40a366"></script>
