<!DOCTYPE html>
<meta charset="utf-8" />
<meta name="viewport" content="width=device-width" />

<title>[Gen 3] OU: plzzazz vs. loleinsmaragd - Replays - Pok&eacute;mon Showdown!</title>

<meta name="description" content="Watch a replay of a Pok&eacute;mon battle between plzzazz and loleinsmaragd! Format: [Gen 3] OU; Date: Oct 23, 2024" />
<!--

Hey, you! Looking in the source for the replay log?

You can find them in JSON format, just add `.json` at the end of a replay URL.

https://replay.pokemonshowdown.com/gen7randomdoublesbattle-865046831.json

Or, if you only need the log itself, add `.log` instead:

https://replay.pokemonshowdown.com/gen7randomdoublesbattle-865046831.log

-->

<link rel="stylesheet" href="//pokemonshowdown.com/style/global.css?0.023195364461161105" />
<link rel="stylesheet" href="//play.pokemonshowdown.com/style/font-awesome.css?0.13261647063804238" />
<link rel="stylesheet" href="//play.pokemonshowdown.com/style/battle.css?0.8753245789963631" />
<link rel="stylesheet" href="//play.pokemonshowdown.com/style/utilichart.css?0.8627959624976733" />

<!-- Global site tag (gtag.js) - Google Analytics -->
<script async src="https://www.googletagmanager.com/gtag/js?id=UA-26211653-1"></script>
<script>
  window.dataLayer = window.dataLayer || [];
  function gtag(){dataLayer.push(arguments);}
  gtag('js', new Date());

  gtag('config', 'UA-26211653-1');
</script>
<!-- End Google Analytics -->
<!-- Venatus Ad Manager - Install in <HEAD> of page -->
	<script src="https://hb.vntsm.com/v3/live/ad-manager.min.js" type="text/javascript" data-site-id="642aba63ec9a7b11c3c9c1be" data-mode="scan" async></script>
<!-- / Venatus Ad Manager -->

<style>
	@media (max-width:820px) {
		.battle {
			margin: 0 auto;
		}
		.battle-log {
			margin: 7px auto 0;
			max-width: 640px;
			height: 300px;
			position: static;
		}
	}
	.optgroup {
		display: inline-block;
		line-height: 22px;
		font-size: 10pt;
	}
	.optgroup .button {
		height: 25px;
		padding-top: 0;
		padding-bottom: 0;
	}
	.optgroup button.button {
		padding-left: 12px;
		padding-right: 12px;
	}
	.linklist {
		list-style: none;
		margin: 0.5em 0;
		padding: 0;
	}
	.linklist li {
		padding: 2px 0;
	}
	.sidebar {
		float: left;
		width: 320px;
	}
	.bar-wrapper {
		max-width: 1100px;
		margin: 0 auto;
	}
	.bar-wrapper.has-sidebar {
		max-width: 1430px;
	}
	.mainbar {
		margin: 0;
		padding-right: 1px;
	}
	.mainbar.has-sidebar {
		margin-left: 330px;
	}
	@media (min-width: 1511px) {
		.sidebar {
			width: 400px;
		}
		.bar-wrapper.has-sidebar {
			max-width: 1510px;
		}
		.mainbar.has-sidebar {
			margin-left: 410px;
		}
	}
	.section.first-section {
		margin-top: 9px;
	}
	.blocklink small {
		white-space: normal;
	}
	.button {
		vertical-align: middle;
	}
	.replay-controls {
		padding-top: 10px;
	}
	.replay-controls h1 {
		font-size: 16pt;
		font-weight: normal;
		color: #CCC;
	}
	.pagelink {
		text-align: center;
	}
	.pagelink a {
		width: 150px;
	}
	.textbox, .button {
		font-size: 11pt;
		vertical-align: middle;
	}
	@media (max-width: 450px) {
		.button {
			font-size: 9pt;
		}
	}
</style>

<div>

	<header>
		<div class="nav-wrapper"><ul class="nav">
			<li><a class="button nav-first" href="//pokemonshowdown.com/"><img src="//pokemonshowdown.com/images/pokemonshowdownbeta.png" srcset="//pokemonshowdown.com/images/pokemonshowdownbeta.png 1x, //pokemonshowdown.com/images/pokemonshowdownbeta@2x.png 2x" alt="Pok&eacute;mon Showdown" width="146" height="44" /> Home</a></li>
			<li><a class="button" href="//pokemonshowdown.com/dex/">Pok&eacute;dex</a></li>
			<li><a class="button cur" href="/">Replays</a></li>
			<li><a class="button" href="//pokemonshowdown.com/ladder/">Ladder</a></li>
			<li><a class="button nav-last" href="//pokemonshowdown.com/forums/">Forum</a></li>
			<li><a class="button greenbutton nav-first nav-last" href="//play.pokemonshowdown.com/">Play</a></li>
		</ul></div>
	</header>

	<div class="main" id="main">

		<noscript><section class="section">You need to enable JavaScript to use this page; sorry!</section></noscript>

	</div>

</div>

<script defer nomodule src="//play.pokemonshowdown.com/js/lib/ps-polyfill.js"></script>
<script defer src="//play.pokemonshowdown.com/js/lib/preact.min.js"></script>

<script defer src="//play.pokemonshowdown.com/config/config.js?2bddbc15"></script>
<script defer src="//play.pokemonshowdown.com/js/lib/jquery-1.11.0.min.js"></script>
<script defer src="//play.pokemonshowdown.com/js/lib/html-sanitizer-minified.js"></script>
<script defer src="//play.pokemonshowdown.com/js/battle-sound.js"></script>
<script defer src="//play.pokemonshowdown.com/js/battledata.js?0.7209276989879541"></script>
<script defer src="//play.pokemonshowdown.com/data/pokedex-mini.js?0.6111056340867951"></script>
<script defer src="//play.pokemonshowdown.com/data/pokedex-mini-bw.js?0.3532142036491459"></script>
<script defer src="//play.pokemonshowdown.com/data/graphics.js?0.24223875632456182"></script>
<script defer src="//play.pokemonshowdown.com/data/pokedex.js?0.38839984266356864"></script>
<script defer src="//play.pokemonshowdown.com/data/moves.js?0.21866028504024015"></script>
<script defer src="//play.pokemonshowdown.com/data/abilities.js?0.2005157953846628"></script>
<script defer src="//play.pokemonshowdown.com/data/items.js?0.9894211263848525"></script>
<script defer src="//play.pokemonshowdown.com/data/teambuilder-tables.js?0.6008791140282215"></script>
<script defer src="//play.pokemonshowdown.com/js/battle-tooltips.js?0.7580118955022959"></script>
<script defer src="//play.pokemonshowdown.com/js/battle.js?0.6057722274234274"></script>

<script defer src="js/utils.js?e31f9a17"></script>
<script defer src="js/replays-battle.js?7008c182"></script>

<!-- don't scrape this data! just add .json or .log after the URL!
Full API docs: https://github.com/smogon/pokemon-showdown-client/blob/master/WEB-API.md -->
<script type="text/plain" class="log" id="replaylog-smogtours-gen3ou-801358">
|inactive|Battle timer is ON: inactive players will automatically lose when time's up.
|t:|1729686078
|gametype|singles
|player|p1|plzzazz|1|
|player|p2|loleinsmaragd|clerk-boss|
|teamsize|p1|6
|teamsize|p2|6
|gen|3
|tier|[Gen 3] OU
|rule|Sleep Clause Mod: Limit one foe put to sleep
|rule|Switch Priority Clause Mod: Faster Pokémon switch first
|rule|Species Clause: Limit one of each Pokémon
|rule|OHKO Clause: OHKO moves are banned
|rule|Evasion Items Clause: Evasion items are banned
|rule|Evasion Moves Clause: Evasion moves are banned
|rule|Endless Battle Clause: Forcing endless battles is banned
|rule|HP Percentage Mod: HP is shown in percentages
|rule|One Boost Passer Clause: Limit one Baton Passer that has a way to boost its stats
|rule|Freeze Clause Mod: Limit one foe frozen
|
|t:|1729686078
|start
|switch|p1a: Magneton|Magneton|100/100
|switch|p2a: Slaking|Slaking, M|100/100
|turn|1
|
|t:|1729686090
|move|p1a: Magneton|Protect|p1a: Magneton
|-singleturn|p1a: Magneton|Protect
|move|p2a: Slaking|Earthquake|p1a: Magneton
|-activate|p1a: Magneton|Protect
|
|upkeep
|turn|2
|
|t:|1729686096
|switch|p2a: Blissey|Blissey, F|100/100
|move|p1a: Magneton|Toxic|p2a: Blissey
|-status|p2a: Blissey|tox
|
|-damage|p2a: Blissey|94/100 tox|[from] psn
|upkeep
|turn|3
|inactive|plzzazz has 270 seconds left.
|
|t:|1729686135
|switch|p1a: Snorlax|Snorlax, M|100/100
|move|p2a: Blissey|Ice Beam|p1a: Snorlax
|-damage|p1a: Snorlax|86/100
|
|-heal|p2a: Blissey|100/100 tox|[from] item: Leftovers
|-damage|p2a: Blissey|88/100 tox|[from] psn
|-heal|p1a: Snorlax|92/100|[from] item: Leftovers
|upkeep
|turn|4
|inactive|plzzazz has 270 seconds left.
|
|t:|1729686150
|-curestatus|p2a: Blissey|tox|[from] ability: Natural Cure
|switch|p2a: Blastoise|Blastoise, F|100/100
|switch|p1a: Magneton|Magneton|100/100
|
|upkeep
|turn|5
|inactive|plzzazz has 270 seconds left.
|
|t:|1729686160
|switch|p1a: Snorlax|Snorlax, M|92/100
|switch|p2a: Blissey|Blissey, F|88/100
|
|-heal|p2a: Blissey|94/100|[from] item: Leftovers
|-heal|p1a: Snorlax|98/100|[from] item: Leftovers
|upkeep
|turn|6
|inactive|plzzazz has 270 seconds left.
|
|t:|1729686165
|switch|p2a: Jirachi|Jirachi|100/100
|move|p1a: Snorlax|Body Slam|p2a: Jirachi
|-resisted|p2a: Jirachi
|-damage|p2a: Jirachi|84/100
|-status|p2a: Jirachi|par
|
|-heal|p1a: Snorlax|100/100|[from] item: Leftovers
|-heal|p2a: Jirachi|91/100 par|[from] item: Leftovers
|upkeep
|turn|7
|
|t:|1729686174
|switch|p1a: Magneton|Magneton|100/100
|move|p2a: Jirachi|Fire Punch|p1a: Magneton
|-supereffective|p1a: Magneton
|-damage|p1a: Magneton|29/100
|-status|p1a: Magneton|brn
|
|-damage|p1a: Magneton|17/100 brn|[from] brn
|-heal|p2a: Jirachi|97/100 par|[from] item: Leftovers
|upkeep
|turn|8
|
|t:|1729686187
|switch|p1a: Snorlax|Snorlax, M|100/100
|cant|p2a: Jirachi|par
|
|-heal|p2a: Jirachi|100/100 par|[from] item: Leftovers
|upkeep
|turn|9
|
|t:|1729686197
|move|p1a: Snorlax|Earthquake|p2a: Jirachi
|-supereffective|p2a: Jirachi
|-damage|p2a: Jirachi|54/100 par
|move|p2a: Jirachi|Fire Punch|p1a: Snorlax
|-damage|p1a: Snorlax|91/100
|
|-heal|p1a: Snorlax|97/100|[from] item: Leftovers
|-heal|p2a: Jirachi|61/100 par|[from] item: Leftovers
|upkeep
|turn|10
|
|t:|1729686206
|switch|p2a: Flygon|Flygon, F|100/100
|move|p1a: Snorlax|Earthquake|p2a: Flygon
|-immune|p2a: Flygon
|
|-heal|p1a: Snorlax|100/100|[from] item: Leftovers
|upkeep
|turn|11
|
|t:|1729686221
|switch|p2a: Jirachi|Jirachi|61/100 par
|move|p1a: Snorlax|Body Slam|p2a: Jirachi
|-resisted|p2a: Jirachi
|-damage|p2a: Jirachi|46/100 par
|
|-heal|p2a: Jirachi|52/100 par|[from] item: Leftovers
|upkeep
|turn|12
|
|t:|1729686233
|move|p1a: Snorlax|Earthquake|p2a: Jirachi
|-supereffective|p2a: Jirachi
|-damage|p2a: Jirachi|0 fnt
|faint|p2a: Jirachi
|
|t:|1729686236
|switch|p2a: Flygon|Flygon, F|100/100
|
|upkeep
|turn|13
|
|t:|1729686242
|move|p2a: Flygon|Earthquake|p1a: Snorlax
|-damage|p1a: Snorlax|71/100
|move|p1a: Snorlax|Body Slam|p2a: Flygon
|-damage|p2a: Flygon|71/100
|
|-heal|p2a: Flygon|77/100|[from] item: Leftovers
|-heal|p1a: Snorlax|77/100|[from] item: Leftovers
|upkeep
|turn|14
|
|t:|1729686254
|switch|p2a: Skarmory|Skarmory, M|100/100
|switch|p1a: Salamence|Salamence, M|100/100
|-ability|p1a: Salamence|Intimidate|boost
|-unboost|p2a: Skarmory|atk|1
|
|upkeep
|turn|15
|
|t:|1729686281
|switch|p1a: Medicham|Medicham, F|100/100
|switch|p2a: Blastoise|Blastoise, F|100/100
|
|upkeep
|turn|16
|inactive|plzzazz has 270 seconds left.
|inactive|plzzazz has 240 seconds left.
|
|t:|1729686332
|switch|p1a: Suicune|Suicune|100/100
|move|p2a: Blastoise|Surf|p1a: Suicune
|-resisted|p1a: Suicune
|-damage|p1a: Suicune|91/100
|
|-heal|p1a: Suicune|97/100|[from] item: Leftovers
|upkeep
|turn|17
|inactive|plzzazz has 240 seconds left.
|
|t:|1729686340
|switch|p1a: Medicham|Medicham, F|100/100
|switch|p2a: Blissey|Blissey, F|94/100
|
|-heal|p2a: Blissey|100/100|[from] item: Leftovers
|upkeep
|turn|18
|
|t:|1729686351
|switch|p2a: Skarmory|Skarmory, M|100/100
|move|p1a: Medicham|Brick Break|p2a: Skarmory
|-damage|p2a: Skarmory|63/100
|
|-heal|p2a: Skarmory|69/100|[from] item: Leftovers
|upkeep
|turn|19
|
|t:|1729686358
|switch|p1a: Magneton|Magneton|17/100 brn
|move|p2a: Skarmory|Spikes|p1a: Magneton
|-sidestart|p1: plzzazz|Spikes
|
|-damage|p1a: Magneton|5/100 brn|[from] brn
|-heal|p2a: Skarmory|75/100|[from] item: Leftovers
|upkeep
|turn|20
|
|t:|1729686365
|move|p2a: Skarmory|Protect|p2a: Skarmory
|-singleturn|p2a: Skarmory|Protect
|move|p1a: Magneton|Thunderbolt|p2a: Skarmory
|-activate|p2a: Skarmory|Protect
|
|-damage|p1a: Magneton|0 fnt|[from] brn
|faint|p1a: Magneton
|-heal|p2a: Skarmory|81/100|[from] item: Leftovers
|upkeep
|
|t:|1729686376
|switch|p1a: Snorlax|Snorlax, M|77/100
|-damage|p1a: Snorlax|65/100|[from] Spikes
|turn|21
|
|t:|1729686381
|move|p2a: Skarmory|Spikes|p1a: Snorlax
|-sidestart|p1: plzzazz|Spikes
|move|p1a: Snorlax|Body Slam|p2a: Skarmory
|-resisted|p2a: Skarmory
|-damage|p2a: Skarmory|65/100
|-status|p2a: Skarmory|par
|
|-heal|p1a: Snorlax|71/100|[from] item: Leftovers
|-heal|p2a: Skarmory|71/100 par|[from] item: Leftovers
|upkeep
|turn|22
|
|t:|1729686392
|move|p1a: Snorlax|Body Slam|p2a: Skarmory
|-resisted|p2a: Skarmory
|-damage|p2a: Skarmory|57/100 par
|move|p2a: Skarmory|Spikes|p1a: Snorlax
|-sidestart|p1: plzzazz|Spikes
|
|-heal|p1a: Snorlax|77/100|[from] item: Leftovers
|-heal|p2a: Skarmory|63/100 par|[from] item: Leftovers
|upkeep
|turn|23
|
|t:|1729686397
|move|p2a: Skarmory|Protect|p2a: Skarmory
|-singleturn|p2a: Skarmory|Protect
|move|p1a: Snorlax|Body Slam|p2a: Skarmory
|-activate|p2a: Skarmory|Protect
|
|-heal|p1a: Snorlax|83/100|[from] item: Leftovers
|-heal|p2a: Skarmory|69/100 par|[from] item: Leftovers
|upkeep
|turn|24
|
|t:|1729686399
|move|p1a: Snorlax|Body Slam|p2a: Skarmory
|-resisted|p2a: Skarmory
|-damage|p2a: Skarmory|55/100 par
|move|p2a: Skarmory|Roar|p1a: Snorlax
|drag|p1a: Suicune|Suicune|97/100
|-damage|p1a: Suicune|72/100|[from] Spikes
|
|-heal|p1a: Suicune|78/100|[from] item: Leftovers
|-heal|p2a: Skarmory|61/100 par|[from] item: Leftovers
|upkeep
|turn|25
|
|t:|1729686408
|switch|p1a: Medicham|Medicham, F|100/100
|-damage|p1a: Medicham|76/100|[from] Spikes
|switch|p2a: Slaking|Slaking, M|100/100
|
|upkeep
|turn|26
|inactive|plzzazz has 270 seconds left.
|
|t:|1729686442
|switch|p1a: Salamence|Salamence, M|100/100
|-ability|p1a: Salamence|Intimidate|boost
|-unboost|p2a: Slaking|atk|1
|move|p2a: Slaking|Return|p1a: Salamence
|-crit|p1a: Salamence
|-damage|p1a: Salamence|0 fnt
|faint|p1a: Salamence
|inactive|plzzazz has 270 seconds left.
|
|t:|1729686449
|switch|p1a: Medicham|Medicham, F|76/100
|-damage|p1a: Medicham|51/100|[from] Spikes
|
|upkeep
|turn|27
|
|t:|1729686453
|-singleturn|p1a: Medicham|move: Focus Punch
|cant|p2a: Slaking|ability: Truant
|move|p1a: Medicham|Focus Punch|p2a: Slaking
|-supereffective|p2a: Slaking
|-damage|p2a: Slaking|0 fnt
|faint|p2a: Slaking
|
|t:|1729686457
|switch|p2a: Blastoise|Blastoise, F|100/100
|
|upkeep
|turn|28
|
|t:|1729686463
|-singleturn|p1a: Medicham|move: Focus Punch
|move|p2a: Blastoise|Surf|p1a: Medicham
|-damage|p1a: Medicham|0 fnt
|faint|p1a: Medicham
|
|t:|1729686483
|switch|p1a: Metagross|Metagross|100/100
|-damage|p1a: Metagross|75/100|[from] Spikes
|
|-heal|p1a: Metagross|82/100|[from] item: Leftovers
|upkeep
|turn|29
|
|t:|1729686500
|move|p2a: Blastoise|Surf|p1a: Metagross
|-damage|p1a: Metagross|48/100
|move|p1a: Metagross|Explosion|p2a: Blastoise
|-damage|p2a: Blastoise|0 fnt
|faint|p1a: Metagross
|faint|p2a: Blastoise
|
|t:|1729686509
|switch|p2a: Skarmory|Skarmory, M|61/100 par
|switch|p1a: Snorlax|Snorlax, M|83/100
|-damage|p1a: Snorlax|58/100|[from] Spikes
|
|-heal|p1a: Snorlax|64/100|[from] item: Leftovers
|-heal|p2a: Skarmory|67/100 par|[from] item: Leftovers
|upkeep
|turn|30
|
|t:|1729686527
|move|p1a: Snorlax|Self-Destruct|p2a: Skarmory
|-resisted|p2a: Skarmory
|-damage|p2a: Skarmory|0 fnt
|faint|p1a: Snorlax
|faint|p2a: Skarmory
|
|t:|1729686530
|switch|p2a: Blissey|Blissey, F|100/100
|switch|p1a: Suicune|Suicune|78/100
|-damage|p1a: Suicune|53/100|[from] Spikes
|
|-heal|p1a: Suicune|60/100|[from] item: Leftovers
|upkeep
|turn|31
|
|t:|1729686533
|move|p1a: Suicune|Calm Mind|p1a: Suicune
|-boost|p1a: Suicune|spa|1
|-boost|p1a: Suicune|spd|1
|move|p2a: Blissey|Calm Mind|p2a: Blissey
|-boost|p2a: Blissey|spa|1
|-boost|p2a: Blissey|spd|1
|
|-heal|p1a: Suicune|66/100|[from] item: Leftovers
|upkeep
|turn|32
|
|t:|1729686536
|move|p1a: Suicune|Calm Mind|p1a: Suicune
|-boost|p1a: Suicune|spa|1
|-boost|p1a: Suicune|spd|1
|move|p2a: Blissey|Calm Mind|p2a: Blissey
|-boost|p2a: Blissey|spa|1
|-boost|p2a: Blissey|spd|1
|
|-heal|p1a: Suicune|72/100|[from] item: Leftovers
|upkeep
|turn|33
|
|t:|1729686538
|move|p1a: Suicune|Calm Mind|p1a: Suicune
|-boost|p1a: Suicune|spa|1
|-boost|p1a: Suicune|spd|1
|move|p2a: Blissey|Calm Mind|p2a: Blissey
|-boost|p2a: Blissey|spa|1
|-boost|p2a: Blissey|spd|1
|
|-heal|p1a: Suicune|78/100|[from] item: Leftovers
|upkeep
|turn|34
|
|t:|1729686541
|move|p1a: Suicune|Calm Mind|p1a: Suicune
|-boost|p1a: Suicune|spa|1
|-boost|p1a: Suicune|spd|1
|move|p2a: Blissey|Calm Mind|p2a: Blissey
|-boost|p2a: Blissey|spa|1
|-boost|p2a: Blissey|spd|1
|
|-heal|p1a: Suicune|84/100|[from] item: Leftovers
|upkeep
|turn|35
|
|t:|1729686542
|move|p1a: Suicune|Calm Mind|p1a: Suicune
|-boost|p1a: Suicune|spa|1
|-boost|p1a: Suicune|spd|1
|move|p2a: Blissey|Calm Mind|p2a: Blissey
|-boost|p2a: Blissey|spa|1
|-boost|p2a: Blissey|spd|1
|
|-heal|p1a: Suicune|91/100|[from] item: Leftovers
|upkeep
|turn|36
|
|t:|1729686544
|move|p1a: Suicune|Calm Mind|p1a: Suicune
|-boost|p1a: Suicune|spa|1
|-boost|p1a: Suicune|spd|1
|move|p2a: Blissey|Calm Mind|p2a: Blissey
|-boost|p2a: Blissey|spa|1
|-boost|p2a: Blissey|spd|1
|
|-heal|p1a: Suicune|97/100|[from] item: Leftovers
|upkeep
|turn|37
|
|t:|1729686546
|move|p1a: Suicune|Surf|p2a: Blissey
|-damage|p2a: Blissey|86/100
|move|p2a: Blissey|Thunderbolt|p1a: Suicune
|-supereffective|p1a: Suicune
|-damage|p1a: Suicune|65/100
|
|-heal|p1a: Suicune|71/100|[from] item: Leftovers
|-heal|p2a: Blissey|92/100|[from] item: Leftovers
|upkeep
|turn|38
|
|t:|1729686554
|move|p1a: Suicune|Surf|p2a: Blissey
|-damage|p2a: Blissey|76/100
|move|p2a: Blissey|Thunderbolt|p1a: Suicune
|-supereffective|p1a: Suicune
|-damage|p1a: Suicune|35/100
|-status|p1a: Suicune|par
|
|-heal|p2a: Blissey|82/100|[from] item: Leftovers
|-heal|p1a: Suicune|42/100 par|[from] item: Leftovers
|upkeep
|turn|39
|
|t:|1729686558
|move|p2a: Blissey|Thunderbolt|p1a: Suicune
|-supereffective|p1a: Suicune
|-damage|p1a: Suicune|9/100 par
|move|p1a: Suicune|Rest|p1a: Suicune
|-status|p1a: Suicune|slp|[from] move: Rest
|-heal|p1a: Suicune|100/100 slp|[silent]
|
|-heal|p2a: Blissey|89/100|[from] item: Leftovers
|upkeep
|turn|40
|
|t:|1729686564
|cant|p1a: Suicune|slp
|move|p2a: Blissey|Calm Mind|p2a: Blissey
|-boost|p2a: Blissey|spa|0
|-boost|p2a: Blissey|spd|0
|
|-heal|p2a: Blissey|95/100|[from] item: Leftovers
|upkeep
|turn|41
|
|t:|1729686567
|cant|p1a: Suicune|slp
|move|p2a: Blissey|Calm Mind|p2a: Blissey
|-boost|p2a: Blissey|spa|0
|-boost|p2a: Blissey|spd|0
|
|-heal|p2a: Blissey|100/100|[from] item: Leftovers
|upkeep
|turn|42
|
|t:|1729686569
|-curestatus|p1a: Suicune|slp|[msg]
|move|p1a: Suicune|Ice Beam|p2a: Blissey
|-damage|p2a: Blissey|91/100
|move|p2a: Blissey|Calm Mind|p2a: Blissey
|-boost|p2a: Blissey|spa|0
|-boost|p2a: Blissey|spd|0
|
|-heal|p2a: Blissey|97/100|[from] item: Leftovers
|upkeep
|turn|43
|
|t:|1729686574
|move|p1a: Suicune|Ice Beam|p2a: Blissey
|-damage|p2a: Blissey|88/100
|move|p2a: Blissey|Thunderbolt|p1a: Suicune
|-supereffective|p1a: Suicune
|-damage|p1a: Suicune|69/100
|
|-heal|p1a: Suicune|75/100|[from] item: Leftovers
|-heal|p2a: Blissey|94/100|[from] item: Leftovers
|upkeep
|turn|44
|
|t:|1729686578
|move|p1a: Suicune|Ice Beam|p2a: Blissey
|-damage|p2a: Blissey|85/100
|move|p2a: Blissey|Thunderbolt|p1a: Suicune
|-supereffective|p1a: Suicune
|-damage|p1a: Suicune|45/100
|
|-heal|p1a: Suicune|51/100|[from] item: Leftovers
|-heal|p2a: Blissey|91/100|[from] item: Leftovers
|upkeep
|turn|45
|
|t:|1729686581
|move|p1a: Suicune|Ice Beam|p2a: Blissey
|-damage|p2a: Blissey|81/100
|-status|p2a: Blissey|frz
|cant|p2a: Blissey|frz
|
|-heal|p1a: Suicune|57/100|[from] item: Leftovers
|-heal|p2a: Blissey|87/100 frz|[from] item: Leftovers
|upkeep
|turn|46
|
|t:|1729686586
|move|p1a: Suicune|Surf|p2a: Blissey
|-damage|p2a: Blissey|72/100 frz
|-curestatus|p2a: Blissey|frz|[msg]
|move|p2a: Blissey|Ice Beam|p1a: Suicune
|-resisted|p1a: Suicune
|-damage|p1a: Suicune|49/100
|-status|p1a: Suicune|frz
|
|-heal|p1a: Suicune|55/100 frz|[from] item: Leftovers
|-heal|p2a: Blissey|78/100|[from] item: Leftovers
|upkeep
|turn|47
|
|t:|1729686589
|cant|p1a: Suicune|frz
|move|p2a: Blissey|Thunderbolt|p1a: Suicune
|-supereffective|p1a: Suicune
|-damage|p1a: Suicune|23/100 frz
|
|-heal|p1a: Suicune|29/100 frz|[from] item: Leftovers
|-heal|p2a: Blissey|85/100|[from] item: Leftovers
|upkeep
|turn|48
|
|t:|1729686591
|cant|p1a: Suicune|frz
|move|p2a: Blissey|Thunderbolt|p1a: Suicune
|-supereffective|p1a: Suicune
|-damage|p1a: Suicune|0 fnt
|faint|p1a: Suicune
|
|win|loleinsmaragd
|c|☆plzzazz|gg
|player|p1|

</script>
<script type="application/json" class="data" id="replaydata-smogtours-gen3ou-801358">
{"id":"smogtours-gen3ou-801358","format":"[Gen 3] OU","players":["plzzazz","loleinsmaragd"],"uploadtime":1729686591,"views":78,"formatid":"gen3ou","rating":null,"private":0,"password":null}
</script>

<script defer src="js/replays.js?9d40a366"></script>
