<!DOCTYPE html>
<meta charset="utf-8" />
<meta name="viewport" content="width=device-width" />

<title>[Gen 3] OU: nicole7735 vs. Key to Life - Replays - Pok&eacute;mon Showdown!</title>

<meta name="description" content="Watch a replay of a Pok&eacute;mon battle between nicole7735 and Key to Life! Format: [Gen 3] OU; Date: Oct 31, 2024" />
<!--

Hey, you! Looking in the source for the replay log?

You can find them in JSON format, just add `.json` at the end of a replay URL.

https://replay.pokemonshowdown.com/gen7randomdoublesbattle-865046831.json

Or, if you only need the log itself, add `.log` instead:

https://replay.pokemonshowdown.com/gen7randomdoublesbattle-865046831.log

-->

<link rel="stylesheet" href="//pokemonshowdown.com/style/global.css?0.023195364461161105" />
<link rel="stylesheet" href="//play.pokemonshowdown.com/style/font-awesome.css?0.13261647063804238" />
<link rel="stylesheet" href="//play.pokemonshowdown.com/style/battle.css?0.8753245789963631" />
<link rel="stylesheet" href="//play.pokemonshowdown.com/style/utilichart.css?0.8627959624976733" />

<!-- Global site tag (gtag.js) - Google Analytics -->
<script async src="https://www.googletagmanager.com/gtag/js?id=UA-26211653-1"></script>
<script>
  window.dataLayer = window.dataLayer || [];
  function gtag(){dataLayer.push(arguments);}
  gtag('js', new Date());

  gtag('config', 'UA-26211653-1');
</script>
<!-- End Google Analytics -->
<!-- Venatus Ad Manager - Install in <HEAD> of page -->
	<script src="https://hb.vntsm.com/v3/live/ad-manager.min.js" type="text/javascript" data-site-id="642aba63ec9a7b11c3c9c1be" data-mode="scan" async></script>
<!-- / Venatus Ad Manager -->

<style>
	@media (max-width:820px) {
		.battle {
			margin: 0 auto;
		}
		.battle-log {
			margin: 7px auto 0;
			max-width: 640px;
			height: 300px;
			position: static;
		}
	}
	.optgroup {
		display: inline-block;
		line-height: 22px;
		font-size: 10pt;
	}
	.optgroup .button {
		height: 25px;
		padding-top: 0;
		padding-bottom: 0;
	}
	.optgroup button.button {
		padding-left: 12px;
		padding-right: 12px;
	}
	.linklist {
		list-style: none;
		margin: 0.5em 0;
		padding: 0;
	}
	.linklist li {
		padding: 2px 0;
	}
	.sidebar {
		float: left;
		width: 320px;
	}
	.bar-wrapper {
		max-width: 1100px;
		margin: 0 auto;
	}
	.bar-wrapper.has-sidebar {
		max-width: 1430px;
	}
	.mainbar {
		margin: 0;
		padding-right: 1px;
	}
	.mainbar.has-sidebar {
		margin-left: 330px;
	}
	@media (min-width: 1511px) {
		.sidebar {
			width: 400px;
		}
		.bar-wrapper.has-sidebar {
			max-width: 1510px;
		}
		.mainbar.has-sidebar {
			margin-left: 410px;
		}
	}
	.section.first-section {
		margin-top: 9px;
	}
	.blocklink small {
		white-space: normal;
	}
	.button {
		vertical-align: middle;
	}
	.replay-controls {
		padding-top: 10px;
	}
	.replay-controls h1 {
		font-size: 16pt;
		font-weight: normal;
		color: #CCC;
	}
	.pagelink {
		text-align: center;
	}
	.pagelink a {
		width: 150px;
	}
	.textbox, .button {
		font-size: 11pt;
		vertical-align: middle;
	}
	@media (max-width: 450px) {
		.button {
			font-size: 9pt;
		}
	}
</style>

<div>

	<header>
		<div class="nav-wrapper"><ul class="nav">
			<li><a class="button nav-first" href="//pokemonshowdown.com/"><img src="//pokemonshowdown.com/images/pokemonshowdownbeta.png" srcset="//pokemonshowdown.com/images/pokemonshowdownbeta.png 1x, //pokemonshowdown.com/images/pokemonshowdownbeta@2x.png 2x" alt="Pok&eacute;mon Showdown" width="146" height="44" /> Home</a></li>
			<li><a class="button" href="//pokemonshowdown.com/dex/">Pok&eacute;dex</a></li>
			<li><a class="button cur" href="/">Replays</a></li>
			<li><a class="button" href="//pokemonshowdown.com/ladder/">Ladder</a></li>
			<li><a class="button nav-last" href="//pokemonshowdown.com/forums/">Forum</a></li>
			<li><a class="button greenbutton nav-first nav-last" href="//play.pokemonshowdown.com/">Play</a></li>
		</ul></div>
	</header>

	<div class="main" id="main">

		<noscript><section class="section">You need to enable JavaScript to use this page; sorry!</section></noscript>

	</div>

</div>

<script defer nomodule src="//play.pokemonshowdown.com/js/lib/ps-polyfill.js"></script>
<script defer src="//play.pokemonshowdown.com/js/lib/preact.min.js"></script>

<script defer src="//play.pokemonshowdown.com/config/config.js?2bddbc15"></script>
<script defer src="//play.pokemonshowdown.com/js/lib/jquery-1.11.0.min.js"></script>
<script defer src="//play.pokemonshowdown.com/js/lib/html-sanitizer-minified.js"></script>
<script defer src="//play.pokemonshowdown.com/js/battle-sound.js"></script>
<script defer src="//play.pokemonshowdown.com/js/battledata.js?0.7209276989879541"></script>
<script defer src="//play.pokemonshowdown.com/data/pokedex-mini.js?0.6111056340867951"></script>
<script defer src="//play.pokemonshowdown.com/data/pokedex-mini-bw.js?0.3532142036491459"></script>
<script defer src="//play.pokemonshowdown.com/data/graphics.js?0.24223875632456182"></script>
<script defer src="//play.pokemonshowdown.com/data/pokedex.js?0.38839984266356864"></script>
<script defer src="//play.pokemonshowdown.com/data/moves.js?0.21866028504024015"></script>
<script defer src="//play.pokemonshowdown.com/data/abilities.js?0.2005157953846628"></script>
<script defer src="//play.pokemonshowdown.com/data/items.js?0.9894211263848525"></script>
<script defer src="//play.pokemonshowdown.com/data/teambuilder-tables.js?0.6008791140282215"></script>
<script defer src="//play.pokemonshowdown.com/js/battle-tooltips.js?0.7580118955022959"></script>
<script defer src="//play.pokemonshowdown.com/js/battle.js?0.6057722274234274"></script>

<script defer src="js/utils.js?e31f9a17"></script>
<script defer src="js/replays-battle.js?7008c182"></script>

<!-- don't scrape this data! just add .json or .log after the URL!
Full API docs: https://github.com/smogon/pokemon-showdown-client/blob/master/WEB-API.md -->
<script type="text/plain" class="log" id="replaylog-smogtours-gen3ou-803553">
|inactive|Battle timer is ON: inactive players will automatically lose when time's up.
|t:|1730342972
|gametype|singles
|player|p1|nicole7735|lady-gen4|
|player|p2|Key to Life|caitlin|
|teamsize|p1|6
|teamsize|p2|6
|gen|3
|tier|[Gen 3] OU
|rule|Sleep Clause Mod: Limit one foe put to sleep
|rule|Switch Priority Clause Mod: Faster Pokémon switch first
|rule|Species Clause: Limit one of each Pokémon
|rule|OHKO Clause: OHKO moves are banned
|rule|Evasion Items Clause: Evasion items are banned
|rule|Evasion Moves Clause: Evasion moves are banned
|rule|Endless Battle Clause: Forcing endless battles is banned
|rule|HP Percentage Mod: HP is shown in percentages
|rule|One Boost Passer Clause: Limit one Baton Passer that has a way to boost its stats
|rule|Freeze Clause Mod: Limit one foe frozen
|
|t:|1730342972
|start
|switch|p1a: Metagross|Metagross|100/100
|switch|p2a: The Slyscraper|Tyranitar, F, shiny|100/100
|-weather|Sandstorm|[from] ability: Sand Stream|[of] p2a: The Slyscraper
|turn|1
|c|☆nicole7735|hf
|c|☆Key to Life|u2
|
|t:|1730342981
|switch|p2a: Traffic Jam|Skarmory, F|100/100
|move|p1a: Metagross|Explosion|p2a: Traffic Jam
|-resisted|p2a: Traffic Jam
|-damage|p2a: Traffic Jam|0 fnt
|faint|p1a: Metagross
|faint|p2a: Traffic Jam
|inactive|nicole7735 has 270 seconds left.
|
|t:|1730343028
|switch|p1a: Swampert|Swampert, M|100/100
|switch|p2a: HeavenDope|Zapdos|100/100
|
|-weather|Sandstorm|[upkeep]
|-damage|p2a: HeavenDope|94/100|[from] Sandstorm
|-heal|p2a: HeavenDope|100/100|[from] item: Leftovers
|upkeep
|turn|2
|
|t:|1730343043
|switch|p1a: Zapdos|Zapdos|100/100
|move|p2a: HeavenDope|Toxic|p1a: Zapdos
|-status|p1a: Zapdos|tox
|
|-weather|Sandstorm|[upkeep]
|-damage|p1a: Zapdos|94/100 tox|[from] Sandstorm
|-damage|p2a: HeavenDope|94/100|[from] Sandstorm
|-heal|p1a: Zapdos|100/100 tox|[from] item: Leftovers
|-damage|p1a: Zapdos|94/100 tox|[from] psn
|-heal|p2a: HeavenDope|100/100|[from] item: Leftovers
|upkeep
|turn|3
|
|t:|1730343049
|switch|p2a: For dear life|Blissey, F|100/100
|move|p1a: Zapdos|Toxic|p2a: For dear life
|-status|p2a: For dear life|tox
|
|-weather|Sandstorm|[upkeep]
|-damage|p1a: Zapdos|88/100 tox|[from] Sandstorm
|-damage|p2a: For dear life|94/100 tox|[from] Sandstorm
|-heal|p1a: Zapdos|94/100 tox|[from] item: Leftovers
|-damage|p1a: Zapdos|82/100 tox|[from] psn
|-heal|p2a: For dear life|100/100 tox|[from] item: Leftovers
|-damage|p2a: For dear life|94/100 tox|[from] psn
|upkeep
|turn|4
|
|t:|1730343053
|move|p1a: Zapdos|Baton Pass|p1a: Zapdos
|inactive|nicole7735 has 270 seconds left.
|
|t:|1730343059
|switch|p1a: Swampert|Swampert, M|100/100|[from] Baton Pass
|move|p2a: For dear life|Thunder Wave|p1a: Swampert
|-immune|p1a: Swampert
|
|-weather|Sandstorm|[upkeep]
|-damage|p2a: For dear life|88/100 tox|[from] Sandstorm
|-heal|p2a: For dear life|94/100 tox|[from] item: Leftovers
|-damage|p2a: For dear life|82/100 tox|[from] psn
|upkeep
|turn|5
|inactive|nicole7735 has 270 seconds left.
|
|t:|1730343077
|-curestatus|p2a: For dear life|tox|[from] ability: Natural Cure
|switch|p2a: HeavenDope|Zapdos|100/100
|move|p1a: Swampert|Earthquake|p2a: HeavenDope
|-immune|p2a: HeavenDope
|
|-weather|Sandstorm|[upkeep]
|-damage|p2a: HeavenDope|94/100|[from] Sandstorm
|-heal|p2a: HeavenDope|100/100|[from] item: Leftovers
|upkeep
|turn|6
|inactive|nicole7735 has 270 seconds left.
|
|t:|1730343092
|switch|p2a: The Slyscraper|Tyranitar, F, shiny|100/100
|move|p1a: Swampert|Ice Beam|p2a: The Slyscraper
|-damage|p2a: The Slyscraper|76/100
|
|-weather|Sandstorm|[upkeep]
|upkeep
|turn|7
|
|t:|1730343096
|move|p2a: The Slyscraper|Hidden Power|p1a: Swampert
|-supereffective|p1a: Swampert
|-damage|p1a: Swampert|22/100
|move|p1a: Swampert|Hydro Pump|p2a: The Slyscraper
|-supereffective|p2a: The Slyscraper
|-damage|p2a: The Slyscraper|0 fnt
|faint|p2a: The Slyscraper
|
|t:|1730343125
|switch|p2a: Ameri|Jirachi|100/100
|
|-weather|Sandstorm|[upkeep]
|-heal|p1a: Swampert|28/100|[from] item: Leftovers
|upkeep
|turn|8
|
|t:|1730343135
|switch|p1a: Zapdos|Zapdos|82/100 tox
|move|p2a: Ameri|Hidden Power|p1a: Zapdos
|-resisted|p1a: Zapdos
|-damage|p1a: Zapdos|71/100 tox
|
|-weather|Sandstorm|[upkeep]
|-damage|p1a: Zapdos|65/100 tox|[from] Sandstorm
|-heal|p1a: Zapdos|71/100 tox|[from] item: Leftovers
|-damage|p1a: Zapdos|65/100 tox|[from] psn
|upkeep
|turn|9
|
|t:|1730343138
|move|p2a: Ameri|Calm Mind|p2a: Ameri
|-boost|p2a: Ameri|spa|1
|-boost|p2a: Ameri|spd|1
|move|p1a: Zapdos|Baton Pass|p1a: Zapdos
|
|t:|1730343146
|switch|p1a: Charizard|Charizard, M|100/100|[from] Baton Pass
|
|-weather|Sandstorm|[upkeep]
|-damage|p1a: Charizard|94/100|[from] Sandstorm
|-heal|p1a: Charizard|100/100|[from] item: Leftovers
|upkeep
|turn|10
|
|t:|1730343165
|move|p2a: Ameri|Psychic|p1a: Charizard
|-damage|p1a: Charizard|20/100
|move|p1a: Charizard|Fire Blast|p2a: Ameri
|-supereffective|p2a: Ameri
|-damage|p2a: Ameri|0 fnt
|faint|p2a: Ameri
|
|t:|1730343171
|switch|p2a: HeavenDope|Zapdos|100/100
|
|-weather|Sandstorm|[upkeep]
|-damage|p1a: Charizard|14/100|[from] Sandstorm
|-damage|p2a: HeavenDope|94/100|[from] Sandstorm
|-heal|p1a: Charizard|20/100|[from] item: Leftovers
|-heal|p2a: HeavenDope|100/100|[from] item: Leftovers
|upkeep
|turn|11
|inactive|nicole7735 has 270 seconds left.
|
|t:|1730343221
|move|p1a: Charizard|Fire Blast|p2a: HeavenDope
|-damage|p2a: HeavenDope|4/100
|move|p2a: HeavenDope|Thunderbolt|p1a: Charizard
|-supereffective|p1a: Charizard
|-damage|p1a: Charizard|0 fnt
|faint|p1a: Charizard
|inactive|nicole7735 has 240 seconds left.
|
|t:|1730343264
|switch|p1a: Swampert|Swampert, M|28/100
|
|-weather|Sandstorm|[upkeep]
|-damage|p2a: HeavenDope|0 fnt|[from] Sandstorm
|faint|p2a: HeavenDope
|-heal|p1a: Swampert|34/100|[from] item: Leftovers
|upkeep
|
|t:|1730343270
|switch|p2a: YESMAN|Swampert, M|100/100
|turn|12
|
|t:|1730343280
|switch|p1a: Zapdos|Zapdos|65/100 tox
|move|p2a: YESMAN|Hydro Pump|p1a: Zapdos
|-damage|p1a: Zapdos|11/100 tox
|
|-weather|Sandstorm|[upkeep]
|-damage|p1a: Zapdos|5/100 tox|[from] Sandstorm
|-heal|p1a: Zapdos|11/100 tox|[from] item: Leftovers
|-damage|p1a: Zapdos|5/100 tox|[from] psn
|upkeep
|turn|13
|inactive|Key to Life has 270 seconds left.
|
|t:|1730343316
|switch|p2a: For dear life|Blissey, F|82/100
|move|p1a: Zapdos|Baton Pass|p1a: Zapdos
|
|t:|1730343320
|switch|p1a: Swampert|Swampert, M|34/100|[from] Baton Pass
|
|-weather|Sandstorm|[upkeep]
|-damage|p2a: For dear life|76/100|[from] Sandstorm
|-heal|p1a: Swampert|40/100|[from] item: Leftovers
|-heal|p2a: For dear life|82/100|[from] item: Leftovers
|upkeep
|turn|14
|inactive|Key to Life has 270 seconds left.
|
|t:|1730343337
|switch|p2a: YESMAN|Swampert, M|100/100
|move|p1a: Swampert|Earthquake|p2a: YESMAN
|-damage|p2a: YESMAN|69/100
|
|-weather|Sandstorm|[upkeep]
|-heal|p2a: YESMAN|75/100|[from] item: Leftovers
|-heal|p1a: Swampert|47/100|[from] item: Leftovers
|upkeep
|turn|15
|
|t:|1730343344
|switch|p1a: Zapdos|Zapdos|5/100 tox
|move|p2a: YESMAN|Hydro Pump|p1a: Zapdos
|-damage|p1a: Zapdos|0 fnt
|faint|p1a: Zapdos
|
|t:|1730343364
|switch|p1a: Celebi|Celebi|100/100
|
|-weather|Sandstorm|[upkeep]
|-damage|p1a: Celebi|94/100|[from] Sandstorm
|-heal|p1a: Celebi|100/100|[from] item: Leftovers
|-heal|p2a: YESMAN|81/100|[from] item: Leftovers
|upkeep
|turn|16
|
|t:|1730343367
|switch|p2a: For dear life|Blissey, F|82/100
|move|p1a: Celebi|Calm Mind|p1a: Celebi
|-boost|p1a: Celebi|spa|1
|-boost|p1a: Celebi|spd|1
|
|-weather|Sandstorm|[upkeep]
|-damage|p1a: Celebi|94/100|[from] Sandstorm
|-damage|p2a: For dear life|76/100|[from] Sandstorm
|-heal|p1a: Celebi|100/100|[from] item: Leftovers
|-heal|p2a: For dear life|82/100|[from] item: Leftovers
|upkeep
|turn|17
|
|t:|1730343382
|move|p1a: Celebi|Calm Mind|p1a: Celebi
|-boost|p1a: Celebi|spa|1
|-boost|p1a: Celebi|spd|1
|move|p2a: For dear life|Seismic Toss|p1a: Celebi
|-damage|p1a: Celebi|76/100
|
|-weather|Sandstorm|[upkeep]
|-damage|p1a: Celebi|70/100|[from] Sandstorm
|-damage|p2a: For dear life|76/100|[from] Sandstorm
|-heal|p1a: Celebi|76/100|[from] item: Leftovers
|-heal|p2a: For dear life|82/100|[from] item: Leftovers
|upkeep
|turn|18
|
|t:|1730343397
|move|p1a: Celebi|Baton Pass|p1a: Celebi
|
|t:|1730343398
|switch|p1a: Swampert|Swampert, M|47/100|[from] Baton Pass
|move|p2a: For dear life|Thunder Wave|p1a: Swampert
|-immune|p1a: Swampert
|
|-weather|Sandstorm|[upkeep]
|-damage|p2a: For dear life|76/100|[from] Sandstorm
|-heal|p1a: Swampert|53/100|[from] item: Leftovers
|-heal|p2a: For dear life|82/100|[from] item: Leftovers
|upkeep
|turn|19
|inactive|nicole7735 has 240 seconds left.
|
|t:|1730343408
|move|p1a: Swampert|Hydro Pump|p2a: For dear life
|-damage|p2a: For dear life|42/100
|move|p2a: For dear life|Seismic Toss|p1a: Swampert
|-damage|p1a: Swampert|28/100
|
|-weather|Sandstorm|[upkeep]
|-damage|p2a: For dear life|36/100|[from] Sandstorm
|-heal|p1a: Swampert|34/100|[from] item: Leftovers
|-heal|p2a: For dear life|42/100|[from] item: Leftovers
|upkeep
|turn|20
|
|t:|1730343412
|move|p1a: Swampert|Earthquake|p2a: For dear life
|-damage|p2a: For dear life|7/100
|move|p2a: For dear life|Soft-Boiled|p2a: For dear life
|-heal|p2a: For dear life|57/100
|
|-weather|Sandstorm|[upkeep]
|-damage|p2a: For dear life|51/100|[from] Sandstorm
|-heal|p1a: Swampert|40/100|[from] item: Leftovers
|-heal|p2a: For dear life|57/100|[from] item: Leftovers
|upkeep
|turn|21
|
|t:|1730343415
|-singleturn|p1a: Swampert|move: Focus Punch
|move|p2a: For dear life|Soft-Boiled|p2a: For dear life
|-heal|p2a: For dear life|100/100
|move|p1a: Swampert|Focus Punch|p2a: For dear life
|-supereffective|p2a: For dear life
|-damage|p2a: For dear life|31/100
|
|-weather|Sandstorm|[upkeep]
|-damage|p2a: For dear life|25/100|[from] Sandstorm
|-heal|p1a: Swampert|47/100|[from] item: Leftovers
|-heal|p2a: For dear life|31/100|[from] item: Leftovers
|upkeep
|turn|22
|
|t:|1730343420
|move|p1a: Swampert|Earthquake|p2a: For dear life
|-damage|p2a: For dear life|0 fnt
|faint|p2a: For dear life
|
|t:|1730343421
|switch|p2a: YESMAN|Swampert, M|81/100
|
|-weather|Sandstorm|[upkeep]
|-heal|p1a: Swampert|53/100|[from] item: Leftovers
|-heal|p2a: YESMAN|87/100|[from] item: Leftovers
|upkeep
|turn|23
|
|t:|1730343425
|move|p2a: YESMAN|Earthquake|p1a: Swampert
|-crit|p1a: Swampert
|-damage|p1a: Swampert|0 fnt
|faint|p1a: Swampert
|
|t:|1730343428
|switch|p1a: Celebi|Celebi|76/100
|
|-weather|Sandstorm|[upkeep]
|-damage|p1a: Celebi|70/100|[from] Sandstorm
|-heal|p1a: Celebi|76/100|[from] item: Leftovers
|-heal|p2a: YESMAN|94/100|[from] item: Leftovers
|upkeep
|turn|24
|
|t:|1730343430
|move|p1a: Celebi|Giga Drain|p2a: YESMAN
|-supereffective|p2a: YESMAN
|-damage|p2a: YESMAN|4/100
|-heal|p1a: Celebi|100/100|[from] drain|[of] p2a: YESMAN
|move|p2a: YESMAN|Ice Beam|p1a: Celebi
|-supereffective|p1a: Celebi
|-damage|p1a: Celebi|58/100
|
|-weather|Sandstorm|[upkeep]
|-damage|p1a: Celebi|52/100|[from] Sandstorm
|-heal|p1a: Celebi|58/100|[from] item: Leftovers
|-heal|p2a: YESMAN|10/100|[from] item: Leftovers
|upkeep
|turn|25
|
|t:|1730343432
|move|p1a: Celebi|Giga Drain|p2a: YESMAN
|-supereffective|p2a: YESMAN
|-damage|p2a: YESMAN|0 fnt
|-heal|p1a: Celebi|63/100|[from] drain|[of] p2a: YESMAN
|faint|p2a: YESMAN
|
|win|nicole7735
|c|☆Key to Life|ggs
|c|☆nicole7735|gg
|player|p2|
|player|p2|Key to Life|caitlin|

</script>
<script type="application/json" class="data" id="replaydata-smogtours-gen3ou-803553">
{"id":"smogtours-gen3ou-803553","format":"[Gen 3] OU","players":["nicole7735","Key to Life"],"uploadtime":1730343432,"views":87,"formatid":"gen3ou","rating":null,"private":0,"password":null}
</script>

<script defer src="js/replays.js?9d40a366"></script>
