<!DOCTYPE html>
<meta charset="utf-8" />
<meta name="viewport" content="width=device-width" />

<title>[Gen 3] OU: LoDart210 vs. WalterFartwelWhite - Replays - Pok&eacute;mon Showdown!</title>

<meta name="description" content="Watch a replay of a Pok&eacute;mon battle between LoDart210 and WalterFartwelWhite! Format: [Gen 3] OU; Date: Oct 19, 2024" />
<!--

Hey, you! Looking in the source for the replay log?

You can find them in JSON format, just add `.json` at the end of a replay URL.

https://replay.pokemonshowdown.com/gen7randomdoublesbattle-865046831.json

Or, if you only need the log itself, add `.log` instead:

https://replay.pokemonshowdown.com/gen7randomdoublesbattle-865046831.log

-->

<link rel="stylesheet" href="//pokemonshowdown.com/style/global.css?0.023195364461161105" />
<link rel="stylesheet" href="//play.pokemonshowdown.com/style/font-awesome.css?0.13261647063804238" />
<link rel="stylesheet" href="//play.pokemonshowdown.com/style/battle.css?0.8753245789963631" />
<link rel="stylesheet" href="//play.pokemonshowdown.com/style/utilichart.css?0.8627959624976733" />

<!-- Global site tag (gtag.js) - Google Analytics -->
<script async src="https://www.googletagmanager.com/gtag/js?id=UA-26211653-1"></script>
<script>
  window.dataLayer = window.dataLayer || [];
  function gtag(){dataLayer.push(arguments);}
  gtag('js', new Date());

  gtag('config', 'UA-26211653-1');
</script>
<!-- End Google Analytics -->
<!-- Venatus Ad Manager - Install in <HEAD> of page -->
	<script src="https://hb.vntsm.com/v3/live/ad-manager.min.js" type="text/javascript" data-site-id="642aba63ec9a7b11c3c9c1be" data-mode="scan" async></script>
<!-- / Venatus Ad Manager -->

<style>
	@media (max-width:820px) {
		.battle {
			margin: 0 auto;
		}
		.battle-log {
			margin: 7px auto 0;
			max-width: 640px;
			height: 300px;
			position: static;
		}
	}
	.optgroup {
		display: inline-block;
		line-height: 22px;
		font-size: 10pt;
	}
	.optgroup .button {
		height: 25px;
		padding-top: 0;
		padding-bottom: 0;
	}
	.optgroup button.button {
		padding-left: 12px;
		padding-right: 12px;
	}
	.linklist {
		list-style: none;
		margin: 0.5em 0;
		padding: 0;
	}
	.linklist li {
		padding: 2px 0;
	}
	.sidebar {
		float: left;
		width: 320px;
	}
	.bar-wrapper {
		max-width: 1100px;
		margin: 0 auto;
	}
	.bar-wrapper.has-sidebar {
		max-width: 1430px;
	}
	.mainbar {
		margin: 0;
		padding-right: 1px;
	}
	.mainbar.has-sidebar {
		margin-left: 330px;
	}
	@media (min-width: 1511px) {
		.sidebar {
			width: 400px;
		}
		.bar-wrapper.has-sidebar {
			max-width: 1510px;
		}
		.mainbar.has-sidebar {
			margin-left: 410px;
		}
	}
	.section.first-section {
		margin-top: 9px;
	}
	.blocklink small {
		white-space: normal;
	}
	.button {
		vertical-align: middle;
	}
	.replay-controls {
		padding-top: 10px;
	}
	.replay-controls h1 {
		font-size: 16pt;
		font-weight: normal;
		color: #CCC;
	}
	.pagelink {
		text-align: center;
	}
	.pagelink a {
		width: 150px;
	}
	.textbox, .button {
		font-size: 11pt;
		vertical-align: middle;
	}
	@media (max-width: 450px) {
		.button {
			font-size: 9pt;
		}
	}
</style>

<div>

	<header>
		<div class="nav-wrapper"><ul class="nav">
			<li><a class="button nav-first" href="//pokemonshowdown.com/"><img src="//pokemonshowdown.com/images/pokemonshowdownbeta.png" srcset="//pokemonshowdown.com/images/pokemonshowdownbeta.png 1x, //pokemonshowdown.com/images/pokemonshowdownbeta@2x.png 2x" alt="Pok&eacute;mon Showdown" width="146" height="44" /> Home</a></li>
			<li><a class="button" href="//pokemonshowdown.com/dex/">Pok&eacute;dex</a></li>
			<li><a class="button cur" href="/">Replays</a></li>
			<li><a class="button" href="//pokemonshowdown.com/ladder/">Ladder</a></li>
			<li><a class="button nav-last" href="//pokemonshowdown.com/forums/">Forum</a></li>
			<li><a class="button greenbutton nav-first nav-last" href="//play.pokemonshowdown.com/">Play</a></li>
		</ul></div>
	</header>

	<div class="main" id="main">

		<noscript><section class="section">You need to enable JavaScript to use this page; sorry!</section></noscript>

	</div>

</div>

<script defer nomodule src="//play.pokemonshowdown.com/js/lib/ps-polyfill.js"></script>
<script defer src="//play.pokemonshowdown.com/js/lib/preact.min.js"></script>

<script defer src="//play.pokemonshowdown.com/config/config.js?2bddbc15"></script>
<script defer src="//play.pokemonshowdown.com/js/lib/jquery-1.11.0.min.js"></script>
<script defer src="//play.pokemonshowdown.com/js/lib/html-sanitizer-minified.js"></script>
<script defer src="//play.pokemonshowdown.com/js/battle-sound.js"></script>
<script defer src="//play.pokemonshowdown.com/js/battledata.js?0.7209276989879541"></script>
<script defer src="//play.pokemonshowdown.com/data/pokedex-mini.js?0.6111056340867951"></script>
<script defer src="//play.pokemonshowdown.com/data/pokedex-mini-bw.js?0.3532142036491459"></script>
<script defer src="//play.pokemonshowdown.com/data/graphics.js?0.24223875632456182"></script>
<script defer src="//play.pokemonshowdown.com/data/pokedex.js?0.38839984266356864"></script>
<script defer src="//play.pokemonshowdown.com/data/moves.js?0.21866028504024015"></script>
<script defer src="//play.pokemonshowdown.com/data/abilities.js?0.2005157953846628"></script>
<script defer src="//play.pokemonshowdown.com/data/items.js?0.9894211263848525"></script>
<script defer src="//play.pokemonshowdown.com/data/teambuilder-tables.js?0.6008791140282215"></script>
<script defer src="//play.pokemonshowdown.com/js/battle-tooltips.js?0.7580118955022959"></script>
<script defer src="//play.pokemonshowdown.com/js/battle.js?0.6057722274234274"></script>

<script defer src="js/utils.js?e31f9a17"></script>
<script defer src="js/replays-battle.js?7008c182"></script>

<!-- don't scrape this data! just add .json or .log after the URL!
Full API docs: https://github.com/smogon/pokemon-showdown-client/blob/master/WEB-API.md -->
<script type="text/plain" class="log" id="replaylog-smogtours-gen3ou-800160">
|inactive|Battle timer is ON: inactive players will automatically lose when time's up.
|t:|1729377645
|gametype|singles
|player|p1|LoDart210|volkner|
|player|p2|WalterFartwelWhite|blaine|
|teamsize|p1|6
|teamsize|p2|6
|gen|3
|tier|[Gen 3] OU
|rule|Sleep Clause Mod: Limit one foe put to sleep
|rule|Switch Priority Clause Mod: Faster Pokémon switch first
|rule|Species Clause: Limit one of each Pokémon
|rule|OHKO Clause: OHKO moves are banned
|rule|Evasion Items Clause: Evasion items are banned
|rule|Evasion Moves Clause: Evasion moves are banned
|rule|Endless Battle Clause: Forcing endless battles is banned
|rule|HP Percentage Mod: HP is shown in percentages
|rule|One Boost Passer Clause: Limit one Baton Passer that has a way to boost its stats
|rule|Freeze Clause Mod: Limit one foe frozen
|
|t:|1729377645
|start
|switch|p1a: Blaziken|Blaziken, M, shiny|100/100
|switch|p2a: Jirachi|Jirachi|100/100
|turn|1
|c|☆WalterFartwelWhite|gl
|c|☆LoDart210|u2 hf
|
|t:|1729377673
|switch|p2a: Starmie|Starmie|100/100
|move|p1a: Blaziken|Sky Uppercut|p2a: Starmie
|-resisted|p2a: Starmie
|-damage|p2a: Starmie|74/100
|
|-heal|p2a: Starmie|80/100|[from] item: Leftovers
|upkeep
|turn|2
|
|t:|1729377699
|switch|p1a: Ludicolo|Ludicolo, M|100/100
|move|p2a: Starmie|Ice Beam|p1a: Ludicolo
|-damage|p1a: Ludicolo|80/100
|
|-heal|p2a: Starmie|86/100|[from] item: Leftovers
|-heal|p1a: Ludicolo|86/100|[from] item: Leftovers
|upkeep
|turn|3
|inactive|WalterFartwelWhite has 270 seconds left.
|
|t:|1729377715
|switch|p2a: Jirachi|Jirachi|100/100
|move|p1a: Ludicolo|Leech Seed|p2a: Jirachi|[miss]
|-miss|p1a: Ludicolo|p2a: Jirachi
|
|-heal|p1a: Ludicolo|93/100|[from] item: Leftovers
|upkeep
|turn|4
|
|t:|1729377720
|move|p2a: Jirachi|Toxic|p1a: Ludicolo
|-status|p1a: Ludicolo|tox
|move|p1a: Ludicolo|Leech Seed|p2a: Jirachi
|-start|p2a: Jirachi|move: Leech Seed
|
|-damage|p2a: Jirachi|88/100|[from] Leech Seed|[of] p1a: Ludicolo
|-heal|p1a: Ludicolo|100/100 tox|[silent]
|-damage|p1a: Ludicolo|94/100 tox|[from] psn
|upkeep
|turn|5
|inactive|LoDart210 has 270 seconds left.
|inactive|WalterFartwelWhite has 270 seconds left.
|
|t:|1729377766
|move|p2a: Jirachi|Toxic|p1a: Ludicolo
|-fail|p1a: Ludicolo|tox
|move|p1a: Ludicolo|Giga Drain|p2a: Jirachi
|-resisted|p2a: Jirachi
|-crit|p2a: Jirachi
|-damage|p2a: Jirachi|75/100
|-heal|p1a: Ludicolo|100/100 tox|[from] drain|[of] p2a: Jirachi
|
|-heal|p2a: Jirachi|81/100|[from] item: Leftovers
|-damage|p2a: Jirachi|68/100|[from] Leech Seed|[of] p1a: Ludicolo
|-damage|p1a: Ludicolo|88/100 tox|[from] psn
|upkeep
|turn|6
|inactive|WalterFartwelWhite has 270 seconds left.
|
|t:|1729377783
|move|p2a: Jirachi|Wish|p2a: Jirachi
|move|p1a: Ludicolo|Toxic|p2a: Jirachi
|-immune|p2a: Jirachi
|
|-heal|p2a: Jirachi|75/100|[from] item: Leftovers
|-damage|p2a: Jirachi|62/100|[from] Leech Seed|[of] p1a: Ludicolo
|-heal|p1a: Ludicolo|100/100 tox|[silent]
|-damage|p1a: Ludicolo|82/100 tox|[from] psn
|upkeep
|turn|7
|inactive|WalterFartwelWhite has 270 seconds left.
|
|t:|1729377806
|switch|p1a: Blaziken|Blaziken, M, shiny|100/100
|move|p2a: Jirachi|Toxic|p1a: Blaziken
|-status|p1a: Blaziken|tox
|-enditem|p1a: Blaziken|Lum Berry|[eat]
|-curestatus|p1a: Blaziken|tox|[msg]
|
|-heal|p2a: Jirachi|100/100|[from] move: Wish|[wisher] Jirachi
|-damage|p2a: Jirachi|88/100|[from] Leech Seed|[of] p1a: Blaziken
|upkeep
|turn|8
|inactive|LoDart210 has 240 seconds left.
|
|t:|1729377824
|switch|p2a: Starmie|Starmie|86/100
|move|p1a: Blaziken|Thunder Punch|p2a: Starmie
|-supereffective|p2a: Starmie
|-damage|p2a: Starmie|10/100
|
|-heal|p2a: Starmie|16/100|[from] item: Leftovers
|upkeep
|turn|9
|inactive|LoDart210 has 240 seconds left.
|inactive|WalterFartwelWhite has 270 seconds left.
|inactive|LoDart210 has 210 seconds left.
|
|t:|1729377872
|switch|p1a: Salamence|Salamence, M|100/100
|-ability|p1a: Salamence|Intimidate|boost
|-unboost|p2a: Starmie|atk|1
|move|p2a: Starmie|Hydro Pump|p1a: Salamence
|-resisted|p1a: Salamence
|-damage|p1a: Salamence|71/100
|
|-heal|p2a: Starmie|22/100|[from] item: Leftovers
|upkeep
|turn|10
|inactive|LoDart210 has 210 seconds left.
|
|t:|1729377891
|switch|p1a: Ludicolo|Ludicolo, M|82/100 tox
|move|p2a: Starmie|Recover|p2a: Starmie
|-heal|p2a: Starmie|72/100
|
|-heal|p2a: Starmie|78/100|[from] item: Leftovers
|-heal|p1a: Ludicolo|88/100 tox|[from] item: Leftovers
|-damage|p1a: Ludicolo|82/100 tox|[from] psn
|upkeep
|turn|11
|
|t:|1729377901
|switch|p2a: Forretress|Forretress, M|100/100
|move|p1a: Ludicolo|Leech Seed|p2a: Forretress
|-start|p2a: Forretress|move: Leech Seed
|
|-heal|p1a: Ludicolo|88/100 tox|[from] item: Leftovers
|-damage|p1a: Ludicolo|76/100 tox|[from] psn
|-damage|p2a: Forretress|88/100|[from] Leech Seed|[of] p1a: Ludicolo
|-heal|p1a: Ludicolo|88/100 tox|[silent]
|upkeep
|turn|12
|inactive|LoDart210 has 210 seconds left.
|
|t:|1729377922
|move|p1a: Ludicolo|Giga Drain|p2a: Forretress
|-resisted|p2a: Forretress
|-damage|p2a: Forretress|84/100
|-heal|p1a: Ludicolo|90/100 tox|[from] drain|[of] p2a: Forretress
|move|p2a: Forretress|Spikes|p1a: Ludicolo
|-sidestart|p1: LoDart210|Spikes
|
|-heal|p1a: Ludicolo|96/100 tox|[from] item: Leftovers
|-damage|p1a: Ludicolo|78/100 tox|[from] psn
|-heal|p2a: Forretress|90/100|[from] item: Leftovers
|-damage|p2a: Forretress|78/100|[from] Leech Seed|[of] p1a: Ludicolo
|-heal|p1a: Ludicolo|90/100 tox|[silent]
|upkeep
|turn|13
|
|t:|1729377940
|switch|p1a: Blaziken|Blaziken, M, shiny|100/100
|-damage|p1a: Blaziken|88/100|[from] Spikes
|switch|p2a: Jirachi|Jirachi|88/100
|
|-heal|p2a: Jirachi|94/100|[from] item: Leftovers
|upkeep
|turn|14
|
|t:|1729377951
|switch|p2a: Salamence|Salamence, F|100/100
|-ability|p2a: Salamence|Intimidate|boost
|-unboost|p1a: Blaziken|atk|1
|move|p1a: Blaziken|Fire Blast|p2a: Salamence
|-resisted|p2a: Salamence
|-damage|p2a: Salamence|65/100
|
|-heal|p2a: Salamence|71/100|[from] item: Leftovers
|upkeep
|turn|15
|inactive|WalterFartwelWhite has 270 seconds left.
|inactive|LoDart210 has 180 seconds left.
|
|t:|1729377992
|switch|p2a: Starmie|Starmie|78/100
|move|p1a: Blaziken|Rock Slide|p2a: Starmie
|-damage|p2a: Starmie|56/100
|
|-heal|p2a: Starmie|63/100|[from] item: Leftovers
|upkeep
|turn|16
|inactive|WalterFartwelWhite has 270 seconds left.
|
|t:|1729378012
|move|p2a: Starmie|Thunderbolt|p1a: Blaziken
|-damage|p1a: Blaziken|41/100
|move|p1a: Blaziken|Thunder Punch|p2a: Starmie
|-supereffective|p2a: Starmie
|-damage|p2a: Starmie|0 fnt
|faint|p2a: Starmie
|
|t:|1729378018
|switch|p2a: Salamence|Salamence, F|71/100
|-ability|p2a: Salamence|Intimidate|boost
|-unboost|p1a: Blaziken|atk|1
|
|-heal|p2a: Salamence|77/100|[from] item: Leftovers
|upkeep
|turn|17
|inactive|LoDart210 has 150 seconds left.
|
|t:|1729378048
|switch|p1a: Ludicolo|Ludicolo, M|90/100 tox
|-damage|p1a: Ludicolo|78/100 tox|[from] Spikes
|move|p2a: Salamence|Dragon Claw|p1a: Ludicolo
|-damage|p1a: Ludicolo|52/100 tox
|
|-heal|p2a: Salamence|83/100|[from] item: Leftovers
|-heal|p1a: Ludicolo|58/100 tox|[from] item: Leftovers
|-damage|p1a: Ludicolo|52/100 tox|[from] psn
|upkeep
|turn|18
|inactive|LoDart210 has 150 seconds left.
|
|t:|1729378063
|switch|p2a: Jirachi|Jirachi|94/100
|move|p1a: Ludicolo|Leech Seed|p2a: Jirachi
|-start|p2a: Jirachi|move: Leech Seed
|
|-heal|p2a: Jirachi|100/100|[from] item: Leftovers
|-damage|p2a: Jirachi|88/100|[from] Leech Seed|[of] p1a: Ludicolo
|-heal|p1a: Ludicolo|66/100 tox|[silent]
|-heal|p1a: Ludicolo|72/100 tox|[from] item: Leftovers
|-damage|p1a: Ludicolo|60/100 tox|[from] psn
|upkeep
|turn|19
|inactive|LoDart210 has 150 seconds left.
|
|t:|1729378074
|switch|p2a: Salamence|Salamence, F|83/100
|-ability|p2a: Salamence|Intimidate|boost
|-unboost|p1a: Ludicolo|atk|1
|switch|p1a: Blaziken|Blaziken, M, shiny|41/100
|-damage|p1a: Blaziken|29/100|[from] Spikes
|
|-heal|p2a: Salamence|89/100|[from] item: Leftovers
|upkeep
|turn|20
|inactive|LoDart210 has 150 seconds left.
|
|t:|1729378100
|move|p2a: Salamence|Dragon Claw|p1a: Blaziken
|-damage|p1a: Blaziken|0 fnt
|faint|p1a: Blaziken
|
|t:|1729378112
|switch|p1a: Salamence|Salamence, M|71/100
|-ability|p1a: Salamence|Intimidate|boost
|-unboost|p2a: Salamence|atk|1
|
|-heal|p2a: Salamence|95/100|[from] item: Leftovers
|upkeep
|turn|21
|inactive|WalterFartwelWhite has 270 seconds left.
|inactive|LoDart210 has 120 seconds left.
|
|t:|1729378140
|move|p2a: Salamence|Dragon Claw|p1a: Salamence
|-supereffective|p1a: Salamence
|-damage|p1a: Salamence|0 fnt
|faint|p1a: Salamence
|
|t:|1729378145
|switch|p1a: Jolteon|Jolteon, M|100/100
|-damage|p1a: Jolteon|88/100|[from] Spikes
|
|-heal|p1a: Jolteon|94/100|[from] item: Leftovers
|-heal|p2a: Salamence|100/100|[from] item: Leftovers
|upkeep
|turn|22
|inactive|LoDart210 has 120 seconds left.
|
|t:|1729378160
|switch|p2a: Jirachi|Jirachi|88/100
|move|p1a: Jolteon|Thunderbolt|p2a: Jirachi
|-damage|p2a: Jirachi|59/100
|
|-heal|p1a: Jolteon|99/100|[from] item: Leftovers
|-heal|p2a: Jirachi|65/100|[from] item: Leftovers
|upkeep
|turn|23
|inactive|LoDart210 has 120 seconds left.
|
|t:|1729378169
|move|p2a: Jirachi|Protect|p2a: Jirachi
|-singleturn|p2a: Jirachi|Protect
|move|p1a: Jolteon|Thunderbolt|p2a: Jirachi
|-activate|p2a: Jirachi|Protect
|
|-heal|p1a: Jolteon|100/100|[from] item: Leftovers
|-heal|p2a: Jirachi|71/100|[from] item: Leftovers
|upkeep
|turn|24
|inactive|WalterFartwelWhite has 270 seconds left.
|
|t:|1729378174
|move|p1a: Jolteon|Thunderbolt|p2a: Jirachi
|-crit|p2a: Jirachi
|-damage|p2a: Jirachi|10/100
|move|p2a: Jirachi|Wish|p2a: Jirachi
|
|-heal|p2a: Jirachi|16/100|[from] item: Leftovers
|upkeep
|turn|25
|
|t:|1729378180
|move|p2a: Jirachi|Protect|p2a: Jirachi
|-singleturn|p2a: Jirachi|Protect
|move|p1a: Jolteon|Thunderbolt|p2a: Jirachi
|-activate|p2a: Jirachi|Protect
|
|-heal|p2a: Jirachi|66/100|[from] move: Wish|[wisher] Jirachi
|-heal|p2a: Jirachi|72/100|[from] item: Leftovers
|upkeep
|turn|26
|
|t:|1729378188
|switch|p2a: Claydol|Claydol|100/100
|move|p1a: Jolteon|Thunderbolt|p2a: Claydol
|-immune|p2a: Claydol
|
|upkeep
|turn|27
|
|t:|1729378203
|switch|p1a: Ludicolo|Ludicolo, M|60/100 tox
|-damage|p1a: Ludicolo|48/100 tox|[from] Spikes
|move|p2a: Claydol|Earthquake|p1a: Ludicolo
|-resisted|p1a: Ludicolo
|-damage|p1a: Ludicolo|29/100 tox
|
|-heal|p1a: Ludicolo|35/100 tox|[from] item: Leftovers
|-damage|p1a: Ludicolo|29/100 tox|[from] psn
|upkeep
|turn|28
|
|t:|1729378214
|switch|p2a: Forretress|Forretress, M|78/100
|move|p1a: Ludicolo|Leech Seed|p2a: Forretress
|-start|p2a: Forretress|move: Leech Seed
|
|-heal|p1a: Ludicolo|35/100 tox|[from] item: Leftovers
|-damage|p1a: Ludicolo|22/100 tox|[from] psn
|-heal|p2a: Forretress|84/100|[from] item: Leftovers
|-damage|p2a: Forretress|71/100|[from] Leech Seed|[of] p1a: Ludicolo
|-heal|p1a: Ludicolo|35/100 tox|[silent]
|upkeep
|turn|29
|inactive|LoDart210 has 150 seconds left.
|
|t:|1729378225
|switch|p1a: Donphan|Donphan, M|100/100
|-damage|p1a: Donphan|88/100|[from] Spikes
|switch|p2a: Jirachi|Jirachi|72/100
|
|-heal|p2a: Jirachi|78/100|[from] item: Leftovers
|-heal|p1a: Donphan|94/100|[from] item: Leftovers
|upkeep
|turn|30
|inactive|LoDart210 has 150 seconds left.
|
|t:|1729378235
|move|p2a: Jirachi|Protect|p2a: Jirachi
|-singleturn|p2a: Jirachi|Protect
|move|p1a: Donphan|Rapid Spin|p2a: Jirachi
|-activate|p2a: Jirachi|Protect
|
|-heal|p2a: Jirachi|84/100|[from] item: Leftovers
|-heal|p1a: Donphan|100/100|[from] item: Leftovers
|upkeep
|turn|31
|
|t:|1729378246
|switch|p2a: Salamence|Salamence, F|100/100
|-ability|p2a: Salamence|Intimidate|boost
|-unboost|p1a: Donphan|atk|1
|move|p1a: Donphan|Rapid Spin|p2a: Salamence
|-damage|p2a: Salamence|95/100
|-sideend|p1: LoDart210|Spikes|[from] move: Rapid Spin|[of] p1a: Donphan
|
|-heal|p2a: Salamence|100/100|[from] item: Leftovers
|upkeep
|turn|32
|
|t:|1729378253
|switch|p2a: Forretress|Forretress, M|71/100
|move|p1a: Donphan|Rock Slide|p2a: Forretress
|-crit|p2a: Forretress
|-damage|p2a: Forretress|42/100
|
|-heal|p2a: Forretress|48/100|[from] item: Leftovers
|upkeep
|turn|33
|inactive|LoDart210 has 150 seconds left.
|
|t:|1729378277
|switch|p1a: Ludicolo|Ludicolo, M|35/100 tox
|move|p2a: Forretress|Spikes|p1a: Ludicolo
|-sidestart|p1: LoDart210|Spikes
|
|-heal|p1a: Ludicolo|41/100 tox|[from] item: Leftovers
|-damage|p1a: Ludicolo|35/100 tox|[from] psn
|-heal|p2a: Forretress|54/100|[from] item: Leftovers
|upkeep
|turn|34
|
|t:|1729378286
|switch|p2a: Jirachi|Jirachi|84/100
|move|p1a: Ludicolo|Leech Seed|p2a: Jirachi
|-start|p2a: Jirachi|move: Leech Seed
|
|-heal|p2a: Jirachi|91/100|[from] item: Leftovers
|-damage|p2a: Jirachi|78/100|[from] Leech Seed|[of] p1a: Ludicolo
|-heal|p1a: Ludicolo|48/100 tox|[silent]
|-heal|p1a: Ludicolo|54/100 tox|[from] item: Leftovers
|-damage|p1a: Ludicolo|42/100 tox|[from] psn
|upkeep
|turn|35
|
|t:|1729378301
|switch|p2a: Forretress|Forretress, M|54/100
|switch|p1a: Jolteon|Jolteon, M|100/100
|-damage|p1a: Jolteon|88/100|[from] Spikes
|
|-heal|p1a: Jolteon|94/100|[from] item: Leftovers
|-heal|p2a: Forretress|61/100|[from] item: Leftovers
|upkeep
|turn|36
|inactive|LoDart210 has 150 seconds left.
|
|t:|1729378328
|switch|p2a: Claydol|Claydol|100/100
|move|p1a: Jolteon|Thunderbolt|p2a: Claydol
|-immune|p2a: Claydol
|
|-heal|p1a: Jolteon|99/100|[from] item: Leftovers
|upkeep
|turn|37
|inactive|LoDart210 has 150 seconds left.
|
|t:|1729378336
|switch|p1a: Donphan|Donphan, M|100/100
|-damage|p1a: Donphan|88/100|[from] Spikes
|move|p2a: Claydol|Psychic|p1a: Donphan
|-damage|p1a: Donphan|65/100
|
|-heal|p1a: Donphan|72/100|[from] item: Leftovers
|upkeep
|turn|38
|
|t:|1729378352
|move|p2a: Claydol|Psychic|p1a: Donphan
|-damage|p1a: Donphan|52/100
|move|p1a: Donphan|Rapid Spin|p2a: Claydol
|-damage|p2a: Claydol|96/100
|-sideend|p1: LoDart210|Spikes|[from] move: Rapid Spin|[of] p1a: Donphan
|
|-heal|p2a: Claydol|100/100|[from] item: Leftovers
|-heal|p1a: Donphan|59/100|[from] item: Leftovers
|upkeep
|turn|39
|inactive|LoDart210 has 150 seconds left.
|
|t:|1729378395
|switch|p1a: Ludicolo|Ludicolo, M|42/100 tox
|move|p2a: Claydol|Psychic|p1a: Ludicolo
|-damage|p1a: Ludicolo|26/100 tox
|
|-heal|p1a: Ludicolo|32/100 tox|[from] item: Leftovers
|-damage|p1a: Ludicolo|26/100 tox|[from] psn
|upkeep
|turn|40
|
|t:|1729378404
|switch|p2a: Jirachi|Jirachi|78/100
|move|p1a: Ludicolo|Toxic|p2a: Jirachi
|-immune|p2a: Jirachi
|
|-heal|p2a: Jirachi|84/100|[from] item: Leftovers
|-heal|p1a: Ludicolo|32/100 tox|[from] item: Leftovers
|-damage|p1a: Ludicolo|20/100 tox|[from] psn
|upkeep
|turn|41
|
|t:|1729378409
|move|p2a: Jirachi|Protect|p2a: Jirachi
|-singleturn|p2a: Jirachi|Protect
|move|p1a: Ludicolo|Leech Seed|p2a: Jirachi
|-activate|p2a: Jirachi|Protect
|
|-heal|p2a: Jirachi|91/100|[from] item: Leftovers
|-heal|p1a: Ludicolo|26/100 tox|[from] item: Leftovers
|-damage|p1a: Ludicolo|8/100 tox|[from] psn
|upkeep
|turn|42
|
|t:|1729378414
|move|p2a: Jirachi|Wish|p2a: Jirachi
|move|p1a: Ludicolo|Leech Seed|p2a: Jirachi
|-start|p2a: Jirachi|move: Leech Seed
|
|-heal|p2a: Jirachi|97/100|[from] item: Leftovers
|-damage|p2a: Jirachi|84/100|[from] Leech Seed|[of] p1a: Ludicolo
|-heal|p1a: Ludicolo|22/100 tox|[silent]
|-heal|p1a: Ludicolo|28/100 tox|[from] item: Leftovers
|-damage|p1a: Ludicolo|4/100 tox|[from] psn
|upkeep
|turn|43
|inactive|LoDart210 has 150 seconds left.
|
|t:|1729378430
|switch|p2a: Forretress|Forretress, M|61/100
|switch|p1a: Charizard|Charizard, M, shiny|100/100
|
|-heal|p2a: Forretress|100/100|[from] move: Wish|[wisher] Jirachi
|upkeep
|turn|44
|
|t:|1729378440
|switch|p2a: Salamence|Salamence, F|100/100
|-ability|p2a: Salamence|Intimidate|boost
|-unboost|p1a: Charizard|atk|1
|move|p1a: Charizard|Substitute|p1a: Charizard
|-start|p1a: Charizard|Substitute
|-damage|p1a: Charizard|75/100
|
|upkeep
|turn|45
|inactive|LoDart210 has 150 seconds left.
|
|t:|1729378459
|move|p1a: Charizard|Fire Blast|p2a: Salamence
|-resisted|p2a: Salamence
|-damage|p2a: Salamence|68/100
|move|p2a: Salamence|Roar|p1a: Charizard
|drag|p1a: Jolteon|Jolteon, M|99/100
|
|-heal|p1a: Jolteon|100/100|[from] item: Leftovers
|-heal|p2a: Salamence|74/100|[from] item: Leftovers
|upkeep
|turn|46
|inactive|LoDart210 has 150 seconds left.
|
|t:|1729378472
|switch|p2a: Claydol|Claydol|100/100
|move|p1a: Jolteon|Hidden Power|p2a: Claydol
|-supereffective|p2a: Claydol
|-damage|p2a: Claydol|64/100
|
|-heal|p2a: Claydol|71/100|[from] item: Leftovers
|upkeep
|turn|47
|inactive|LoDart210 has 150 seconds left.
|inactive|WalterFartwelWhite has 270 seconds left.
|
|t:|1729378509
|move|p1a: Jolteon|Hidden Power|p2a: Claydol
|-supereffective|p2a: Claydol
|-damage|p2a: Claydol|34/100
|move|p2a: Claydol|Earthquake|p1a: Jolteon
|-supereffective|p1a: Jolteon
|-damage|p1a: Jolteon|0 fnt
|faint|p1a: Jolteon
|
|t:|1729378525
|switch|p1a: Charizard|Charizard, M, shiny|75/100
|
|-heal|p2a: Claydol|40/100|[from] item: Leftovers
|upkeep
|turn|48
|
|t:|1729378533
|move|p1a: Charizard|Fire Blast|p2a: Claydol|[miss]
|-miss|p1a: Charizard|p2a: Claydol
|move|p2a: Claydol|Explosion|p1a: Charizard
|-damage|p1a: Charizard|0 fnt
|faint|p2a: Claydol
|faint|p1a: Charizard
|
|t:|1729378543
|switch|p1a: Donphan|Donphan, M|59/100
|switch|p2a: Salamence|Salamence, F|74/100
|-ability|p2a: Salamence|Intimidate|boost
|-unboost|p1a: Donphan|atk|1
|
|-heal|p2a: Salamence|80/100|[from] item: Leftovers
|-heal|p1a: Donphan|65/100|[from] item: Leftovers
|upkeep
|turn|49
|inactive|LoDart210 has 150 seconds left.
|
|t:|1729378549
|move|p2a: Salamence|Dragon Claw|p1a: Donphan
|-damage|p1a: Donphan|30/100
|move|p1a: Donphan|Rock Slide|p2a: Salamence
|-supereffective|p2a: Salamence
|-damage|p2a: Salamence|45/100
|
|-heal|p2a: Salamence|51/100|[from] item: Leftovers
|-heal|p1a: Donphan|36/100|[from] item: Leftovers
|upkeep
|turn|50
|inactive|LoDart210 has 150 seconds left.
|
|t:|1729378560
|move|p2a: Salamence|Dragon Claw|p1a: Donphan
|-damage|p1a: Donphan|2/100
|move|p1a: Donphan|Rock Slide|p2a: Salamence
|-supereffective|p2a: Salamence
|-damage|p2a: Salamence|11/100
|
|-heal|p2a: Salamence|17/100|[from] item: Leftovers
|-heal|p1a: Donphan|8/100|[from] item: Leftovers
|upkeep
|turn|51
|
|t:|1729378563
|move|p2a: Salamence|Dragon Claw|p1a: Donphan
|-damage|p1a: Donphan|0 fnt
|faint|p1a: Donphan
|c|☆LoDart210|gg
|
|t:|1729378567
|switch|p1a: Ludicolo|Ludicolo, M|4/100 tox
|
|-heal|p2a: Salamence|23/100|[from] item: Leftovers
|-heal|p1a: Ludicolo|10/100 tox|[from] item: Leftovers
|-damage|p1a: Ludicolo|4/100 tox|[from] psn
|upkeep
|turn|52
|c|☆WalterFartwelWhite|gg
|
|t:|1729378571
|move|p2a: Salamence|Dragon Claw|p1a: Ludicolo
|-damage|p1a: Ludicolo|0 fnt
|faint|p1a: Ludicolo
|
|win|WalterFartwelWhite

</script>
<script type="application/json" class="data" id="replaydata-smogtours-gen3ou-800160">
{"id":"smogtours-gen3ou-800160","format":"[Gen 3] OU","players":["LoDart210","WalterFartwelWhite"],"uploadtime":1729378571,"views":74,"formatid":"gen3ou","rating":null,"private":0,"password":null}
</script>

<script defer src="js/replays.js?9d40a366"></script>
