<!DOCTYPE html>
<meta charset="utf-8" />
<meta name="viewport" content="width=device-width" />

<title>[Gen 3] OU: ShellyYGO vs. Donly Phans - Replays - Pok&eacute;mon Showdown!</title>

<meta name="description" content="Watch a replay of a Pok&eacute;mon battle between ShellyYGO and Donly Phans! Format: [Gen 3] OU; Date: Oct 15, 2024" />
<!--

Hey, you! Looking in the source for the replay log?

You can find them in JSON format, just add `.json` at the end of a replay URL.

https://replay.pokemonshowdown.com/gen7randomdoublesbattle-865046831.json

Or, if you only need the log itself, add `.log` instead:

https://replay.pokemonshowdown.com/gen7randomdoublesbattle-865046831.log

-->

<link rel="stylesheet" href="//pokemonshowdown.com/style/global.css?0.023195364461161105" />
<link rel="stylesheet" href="//play.pokemonshowdown.com/style/font-awesome.css?0.13261647063804238" />
<link rel="stylesheet" href="//play.pokemonshowdown.com/style/battle.css?0.8753245789963631" />
<link rel="stylesheet" href="//play.pokemonshowdown.com/style/utilichart.css?0.8627959624976733" />

<!-- Global site tag (gtag.js) - Google Analytics -->
<script async src="https://www.googletagmanager.com/gtag/js?id=UA-26211653-1"></script>
<script>
  window.dataLayer = window.dataLayer || [];
  function gtag(){dataLayer.push(arguments);}
  gtag('js', new Date());

  gtag('config', 'UA-26211653-1');
</script>
<!-- End Google Analytics -->
<!-- Venatus Ad Manager - Install in <HEAD> of page -->
	<script src="https://hb.vntsm.com/v3/live/ad-manager.min.js" type="text/javascript" data-site-id="642aba63ec9a7b11c3c9c1be" data-mode="scan" async></script>
<!-- / Venatus Ad Manager -->

<style>
	@media (max-width:820px) {
		.battle {
			margin: 0 auto;
		}
		.battle-log {
			margin: 7px auto 0;
			max-width: 640px;
			height: 300px;
			position: static;
		}
	}
	.optgroup {
		display: inline-block;
		line-height: 22px;
		font-size: 10pt;
	}
	.optgroup .button {
		height: 25px;
		padding-top: 0;
		padding-bottom: 0;
	}
	.optgroup button.button {
		padding-left: 12px;
		padding-right: 12px;
	}
	.linklist {
		list-style: none;
		margin: 0.5em 0;
		padding: 0;
	}
	.linklist li {
		padding: 2px 0;
	}
	.sidebar {
		float: left;
		width: 320px;
	}
	.bar-wrapper {
		max-width: 1100px;
		margin: 0 auto;
	}
	.bar-wrapper.has-sidebar {
		max-width: 1430px;
	}
	.mainbar {
		margin: 0;
		padding-right: 1px;
	}
	.mainbar.has-sidebar {
		margin-left: 330px;
	}
	@media (min-width: 1511px) {
		.sidebar {
			width: 400px;
		}
		.bar-wrapper.has-sidebar {
			max-width: 1510px;
		}
		.mainbar.has-sidebar {
			margin-left: 410px;
		}
	}
	.section.first-section {
		margin-top: 9px;
	}
	.blocklink small {
		white-space: normal;
	}
	.button {
		vertical-align: middle;
	}
	.replay-controls {
		padding-top: 10px;
	}
	.replay-controls h1 {
		font-size: 16pt;
		font-weight: normal;
		color: #CCC;
	}
	.pagelink {
		text-align: center;
	}
	.pagelink a {
		width: 150px;
	}
	.textbox, .button {
		font-size: 11pt;
		vertical-align: middle;
	}
	@media (max-width: 450px) {
		.button {
			font-size: 9pt;
		}
	}
</style>

<div>

	<header>
		<div class="nav-wrapper"><ul class="nav">
			<li><a class="button nav-first" href="//pokemonshowdown.com/"><img src="//pokemonshowdown.com/images/pokemonshowdownbeta.png" srcset="//pokemonshowdown.com/images/pokemonshowdownbeta.png 1x, //pokemonshowdown.com/images/pokemonshowdownbeta@2x.png 2x" alt="Pok&eacute;mon Showdown" width="146" height="44" /> Home</a></li>
			<li><a class="button" href="//pokemonshowdown.com/dex/">Pok&eacute;dex</a></li>
			<li><a class="button cur" href="/">Replays</a></li>
			<li><a class="button" href="//pokemonshowdown.com/ladder/">Ladder</a></li>
			<li><a class="button nav-last" href="//pokemonshowdown.com/forums/">Forum</a></li>
			<li><a class="button greenbutton nav-first nav-last" href="//play.pokemonshowdown.com/">Play</a></li>
		</ul></div>
	</header>

	<div class="main" id="main">

		<noscript><section class="section">You need to enable JavaScript to use this page; sorry!</section></noscript>

	</div>

</div>

<script defer nomodule src="//play.pokemonshowdown.com/js/lib/ps-polyfill.js"></script>
<script defer src="//play.pokemonshowdown.com/js/lib/preact.min.js"></script>

<script defer src="//play.pokemonshowdown.com/config/config.js?2bddbc15"></script>
<script defer src="//play.pokemonshowdown.com/js/lib/jquery-1.11.0.min.js"></script>
<script defer src="//play.pokemonshowdown.com/js/lib/html-sanitizer-minified.js"></script>
<script defer src="//play.pokemonshowdown.com/js/battle-sound.js"></script>
<script defer src="//play.pokemonshowdown.com/js/battledata.js?0.7209276989879541"></script>
<script defer src="//play.pokemonshowdown.com/data/pokedex-mini.js?0.6111056340867951"></script>
<script defer src="//play.pokemonshowdown.com/data/pokedex-mini-bw.js?0.3532142036491459"></script>
<script defer src="//play.pokemonshowdown.com/data/graphics.js?0.24223875632456182"></script>
<script defer src="//play.pokemonshowdown.com/data/pokedex.js?0.38839984266356864"></script>
<script defer src="//play.pokemonshowdown.com/data/moves.js?0.21866028504024015"></script>
<script defer src="//play.pokemonshowdown.com/data/abilities.js?0.2005157953846628"></script>
<script defer src="//play.pokemonshowdown.com/data/items.js?0.9894211263848525"></script>
<script defer src="//play.pokemonshowdown.com/data/teambuilder-tables.js?0.6008791140282215"></script>
<script defer src="//play.pokemonshowdown.com/js/battle-tooltips.js?0.7580118955022959"></script>
<script defer src="//play.pokemonshowdown.com/js/battle.js?0.6057722274234274"></script>

<script defer src="js/utils.js?e31f9a17"></script>
<script defer src="js/replays-battle.js?7008c182"></script>

<!-- don't scrape this data! just add .json or .log after the URL!
Full API docs: https://github.com/smogon/pokemon-showdown-client/blob/master/WEB-API.md -->
<script type="text/plain" class="log" id="replaylog-smogtours-gen3ou-798844">
|inactive|Battle timer is ON: inactive players will automatically lose when time's up.
|t:|1728951856
|gametype|singles
|player|p1|ShellyYGO|hugh|
|player|p2|Donly Phans|noland-gen3|
|teamsize|p1|6
|teamsize|p2|6
|gen|3
|tier|[Gen 3] OU
|rule|Sleep Clause Mod: Limit one foe put to sleep
|rule|Switch Priority Clause Mod: Faster Pokémon switch first
|rule|Species Clause: Limit one of each Pokémon
|rule|OHKO Clause: OHKO moves are banned
|rule|Evasion Items Clause: Evasion items are banned
|rule|Evasion Moves Clause: Evasion moves are banned
|rule|Endless Battle Clause: Forcing endless battles is banned
|rule|HP Percentage Mod: HP is shown in percentages
|rule|One Boost Passer Clause: Limit one Baton Passer that has a way to boost its stats
|rule|Freeze Clause Mod: Limit one foe frozen
|
|t:|1728951856
|start
|switch|p1a: SandyShorts|Tyranitar, M|100/100
|switch|p2a: Prickly Opening|Zapdos|100/100
|-weather|Sandstorm|[from] ability: Sand Stream|[of] p1a: SandyShorts
|turn|1
|c|☆ShellyYGO|Glhf
|c|☆Donly Phans|u2
|inactive|Donly Phans has 270 seconds left.
|
|t:|1728951891
|move|p2a: Prickly Opening|Thunderbolt|p1a: SandyShorts
|-damage|p1a: SandyShorts|52/100
|move|p1a: SandyShorts|Rock Slide|p2a: Prickly Opening
|-supereffective|p2a: Prickly Opening
|-damage|p2a: Prickly Opening|20/100
|
|-weather|Sandstorm|[upkeep]
|-damage|p2a: Prickly Opening|14/100|[from] Sandstorm
|-heal|p2a: Prickly Opening|20/100|[from] item: Leftovers
|upkeep
|turn|2
|
|t:|1728951908
|switch|p1a: Sparky|Jolteon, M, shiny|100/100
|move|p2a: Prickly Opening|Baton Pass|p2a: Prickly Opening
|
|t:|1728951923
|switch|p2a: 3 Brain Cells|Dugtrio, M|100/100|[from] Baton Pass
|
|-weather|Sandstorm|[upkeep]
|-damage|p1a: Sparky|95/100|[from] Sandstorm
|-heal|p1a: Sparky|100/100|[from] item: Leftovers
|upkeep
|turn|3
|
|t:|1728951933
|move|p1a: Sparky|Hidden Power|p2a: 3 Brain Cells
|-supereffective|p2a: 3 Brain Cells
|-damage|p2a: 3 Brain Cells|17/100
|move|p2a: 3 Brain Cells|Earthquake|p1a: Sparky
|-supereffective|p1a: Sparky
|-damage|p1a: Sparky|0 fnt
|faint|p1a: Sparky
|
|t:|1728951942
|switch|p1a: TheStrongest|Sceptile, M|100/100
|
|-weather|Sandstorm|[upkeep]
|-damage|p1a: TheStrongest|94/100|[from] Sandstorm
|-heal|p1a: TheStrongest|100/100|[from] item: Leftovers
|upkeep
|turn|4
|
|t:|1728951967
|switch|p2a: Onions Have Layers|Celebi|100/100
|move|p1a: TheStrongest|Leaf Blade|p2a: Onions Have Layers
|-resisted|p2a: Onions Have Layers
|-crit|p2a: Onions Have Layers
|-damage|p2a: Onions Have Layers|77/100
|
|-weather|Sandstorm|[upkeep]
|-damage|p1a: TheStrongest|94/100|[from] Sandstorm
|-damage|p2a: Onions Have Layers|71/100|[from] Sandstorm
|-heal|p1a: TheStrongest|100/100|[from] item: Leftovers
|-heal|p2a: Onions Have Layers|77/100|[from] item: Leftovers
|upkeep
|turn|5
|
|t:|1728951976
|move|p1a: TheStrongest|Substitute|p1a: TheStrongest
|-start|p1a: TheStrongest|Substitute
|-damage|p1a: TheStrongest|76/100
|move|p2a: Onions Have Layers|Calm Mind|p2a: Onions Have Layers
|-boost|p2a: Onions Have Layers|spa|1
|-boost|p2a: Onions Have Layers|spd|1
|
|-weather|Sandstorm|[upkeep]
|-damage|p1a: TheStrongest|70/100|[from] Sandstorm
|-damage|p2a: Onions Have Layers|71/100|[from] Sandstorm
|-heal|p1a: TheStrongest|76/100|[from] item: Leftovers
|-heal|p2a: Onions Have Layers|77/100|[from] item: Leftovers
|upkeep
|turn|6
|
|t:|1728951980
|move|p1a: TheStrongest|Hidden Power|p2a: Onions Have Layers
|-supereffective|p2a: Onions Have Layers
|-damage|p2a: Onions Have Layers|57/100
|move|p2a: Onions Have Layers|Hidden Power|p1a: TheStrongest
|-supereffective|p1a: TheStrongest
|-end|p1a: TheStrongest|Substitute
|
|-weather|Sandstorm|[upkeep]
|-damage|p1a: TheStrongest|70/100|[from] Sandstorm
|-damage|p2a: Onions Have Layers|51/100|[from] Sandstorm
|-heal|p1a: TheStrongest|76/100|[from] item: Leftovers
|-heal|p2a: Onions Have Layers|57/100|[from] item: Leftovers
|upkeep
|turn|7
|
|t:|1728951993
|switch|p1a: Boogie Woogie|Charizard, M|100/100
|move|p2a: Onions Have Layers|Calm Mind|p2a: Onions Have Layers
|-boost|p2a: Onions Have Layers|spa|1
|-boost|p2a: Onions Have Layers|spd|1
|
|-weather|Sandstorm|[upkeep]
|-damage|p1a: Boogie Woogie|94/100|[from] Sandstorm
|-damage|p2a: Onions Have Layers|51/100|[from] Sandstorm
|-heal|p1a: Boogie Woogie|100/100|[from] item: Leftovers
|-heal|p2a: Onions Have Layers|57/100|[from] item: Leftovers
|upkeep
|turn|8
|
|t:|1728952018
|move|p1a: Boogie Woogie|Fire Blast|p2a: Onions Have Layers
|-supereffective|p2a: Onions Have Layers
|-damage|p2a: Onions Have Layers|13/100
|move|p2a: Onions Have Layers|Baton Pass|p2a: Onions Have Layers
|
|t:|1728952024
|switch|p2a: "Too Offensive"|Suicune, shiny|100/100|[from] Baton Pass
|
|-weather|Sandstorm|[upkeep]
|-damage|p1a: Boogie Woogie|94/100|[from] Sandstorm
|-damage|p2a: "Too Offensive"|94/100|[from] Sandstorm
|-heal|p1a: Boogie Woogie|100/100|[from] item: Leftovers
|-heal|p2a: "Too Offensive"|100/100|[from] item: Leftovers
|upkeep
|turn|9
|c|☆ShellyYGO|Its so over
|inactive|ShellyYGO has 270 seconds left.
|
|t:|1728952055
|move|p1a: Boogie Woogie|Substitute|p1a: Boogie Woogie
|-start|p1a: Boogie Woogie|Substitute
|-damage|p1a: Boogie Woogie|76/100
|move|p2a: "Too Offensive"|Surf|p1a: Boogie Woogie
|-supereffective|p1a: Boogie Woogie
|-end|p1a: Boogie Woogie|Substitute
|
|-weather|Sandstorm|[upkeep]
|-damage|p1a: Boogie Woogie|70/100|[from] Sandstorm
|-damage|p2a: "Too Offensive"|94/100|[from] Sandstorm
|-heal|p1a: Boogie Woogie|76/100|[from] item: Leftovers
|-heal|p2a: "Too Offensive"|100/100|[from] item: Leftovers
|upkeep
|turn|10
|c|☆Donly Phans|Leaf Blade Crit chance says its never over
|inactive|Donly Phans has 270 seconds left.
|
|t:|1728952072
|move|p1a: Boogie Woogie|Hidden Power|p2a: "Too Offensive"
|-supereffective|p2a: "Too Offensive"
|-damage|p2a: "Too Offensive"|81/100
|move|p2a: "Too Offensive"|Surf|p1a: Boogie Woogie
|-supereffective|p1a: Boogie Woogie
|-damage|p1a: Boogie Woogie|0 fnt
|faint|p1a: Boogie Woogie
|
|t:|1728952076
|switch|p1a: TheStrongest|Sceptile, M|76/100
|
|-weather|Sandstorm|[upkeep]
|-damage|p1a: TheStrongest|70/100|[from] Sandstorm
|-damage|p2a: "Too Offensive"|75/100|[from] Sandstorm
|-heal|p1a: TheStrongest|76/100|[from] item: Leftovers
|-heal|p2a: "Too Offensive"|81/100|[from] item: Leftovers
|upkeep
|turn|11
|
|t:|1728952084
|move|p1a: TheStrongest|Leaf Blade|p2a: "Too Offensive"
|-supereffective|p2a: "Too Offensive"
|-crit|p2a: "Too Offensive"
|-damage|p2a: "Too Offensive"|2/100
|move|p2a: "Too Offensive"|Ice Beam|p1a: TheStrongest
|-supereffective|p1a: TheStrongest
|-damage|p1a: TheStrongest|0 fnt
|faint|p1a: TheStrongest
|c|☆ShellyYGO|We're so back 🗣
|
|t:|1728952105
|switch|p1a: Kurosaki|Skarmory, M|100/100
|
|-weather|Sandstorm|[upkeep]
|-damage|p2a: "Too Offensive"|0 fnt|[from] Sandstorm
|faint|p2a: "Too Offensive"
|upkeep
|inactive|Donly Phans has 270 seconds left.
|
|t:|1728952126
|switch|p2a: Prickly Opening|Zapdos|20/100
|turn|12
|
|t:|1728952132
|switch|p1a: SwampGal|Swampert, F|100/100
|move|p2a: Prickly Opening|Thunderbolt|p1a: SwampGal
|-immune|p1a: SwampGal
|
|-weather|Sandstorm|[upkeep]
|-damage|p2a: Prickly Opening|14/100|[from] Sandstorm
|-heal|p2a: Prickly Opening|20/100|[from] item: Leftovers
|upkeep
|turn|13
|
|t:|1728952138
|move|p2a: Prickly Opening|Hidden Power|p1a: SwampGal
|-supereffective|p1a: SwampGal
|-damage|p1a: SwampGal|41/100
|move|p1a: SwampGal|Ice Beam|p2a: Prickly Opening
|-supereffective|p2a: Prickly Opening
|-damage|p2a: Prickly Opening|0 fnt
|faint|p2a: Prickly Opening
|
|t:|1728952158
|switch|p2a: Onions Have Layers|Celebi|13/100
|
|-weather|Sandstorm|[upkeep]
|-damage|p2a: Onions Have Layers|7/100|[from] Sandstorm
|-heal|p2a: Onions Have Layers|13/100|[from] item: Leftovers
|-heal|p1a: SwampGal|47/100|[from] item: Leftovers
|upkeep
|turn|14
|
|t:|1728952168
|switch|p1a: Kurosaki|Skarmory, M|100/100
|move|p2a: Onions Have Layers|Giga Drain|p1a: Kurosaki
|-resisted|p1a: Kurosaki
|-damage|p1a: Kurosaki|93/100
|-heal|p2a: Onions Have Layers|16/100|[from] drain|[of] p1a: Kurosaki
|
|-weather|Sandstorm|[upkeep]
|-damage|p2a: Onions Have Layers|10/100|[from] Sandstorm
|-heal|p2a: Onions Have Layers|16/100|[from] item: Leftovers
|-heal|p1a: Kurosaki|99/100|[from] item: Leftovers
|upkeep
|turn|15
|inactive|Donly Phans has 270 seconds left.
|
|t:|1728952202
|move|p2a: Onions Have Layers|Baton Pass|p2a: Onions Have Layers
|
|t:|1728952204
|switch|p2a: Gringar|Gengar, M, shiny|100/100|[from] Baton Pass
|move|p1a: Kurosaki|Drill Peck|p2a: Gringar
|-damage|p2a: Gringar|64/100
|
|-weather|Sandstorm|[upkeep]
|-damage|p2a: Gringar|58/100|[from] Sandstorm
|-heal|p2a: Gringar|64/100|[from] item: Leftovers
|-heal|p1a: Kurosaki|100/100|[from] item: Leftovers
|upkeep
|turn|16
|inactive|Donly Phans has 270 seconds left.
|
|t:|1728952215
|switch|p1a: SwampGal|Swampert, F|47/100
|move|p2a: Gringar|Will-O-Wisp|p1a: SwampGal|[miss]
|-miss|p2a: Gringar|p1a: SwampGal
|
|-weather|Sandstorm|[upkeep]
|-damage|p2a: Gringar|58/100|[from] Sandstorm
|-heal|p2a: Gringar|64/100|[from] item: Leftovers
|-heal|p1a: SwampGal|53/100|[from] item: Leftovers
|upkeep
|turn|17
|inactive|Donly Phans has 270 seconds left.
|
|t:|1728952249
|move|p2a: Gringar|Explosion|p1a: SwampGal
|-damage|p1a: SwampGal|0 fnt
|faint|p2a: Gringar
|faint|p1a: SwampGal
|
|t:|1728952264
|switch|p2a: Onions Have Layers|Celebi|16/100
|switch|p1a: Kurosaki|Skarmory, M|100/100
|
|-weather|Sandstorm|[upkeep]
|-damage|p2a: Onions Have Layers|10/100|[from] Sandstorm
|-heal|p2a: Onions Have Layers|16/100|[from] item: Leftovers
|upkeep
|turn|18
|
|t:|1728952276
|move|p2a: Onions Have Layers|Hidden Power|p1a: Kurosaki
|-supereffective|p1a: Kurosaki
|-damage|p1a: Kurosaki|48/100
|move|p1a: Kurosaki|Drill Peck|p2a: Onions Have Layers
|-supereffective|p2a: Onions Have Layers
|-damage|p2a: Onions Have Layers|0 fnt
|faint|p2a: Onions Have Layers
|
|t:|1728952283
|switch|p2a: Starbies|Jirachi|100/100
|
|-weather|Sandstorm|[upkeep]
|-heal|p1a: Kurosaki|54/100|[from] item: Leftovers
|upkeep
|turn|19
|
|t:|1728952295
|move|p2a: Starbies|Calm Mind|p2a: Starbies
|-boost|p2a: Starbies|spa|1
|-boost|p2a: Starbies|spd|1
|move|p1a: Kurosaki|Drill Peck|p2a: Starbies
|-resisted|p2a: Starbies
|-damage|p2a: Starbies|90/100
|
|-weather|Sandstorm|[upkeep]
|-heal|p2a: Starbies|96/100|[from] item: Leftovers
|-heal|p1a: Kurosaki|60/100|[from] item: Leftovers
|upkeep
|turn|20
|
|t:|1728952301
|switch|p1a: SandyShorts|Tyranitar, M|52/100
|move|p2a: Starbies|Fire Punch|p1a: SandyShorts
|-resisted|p1a: SandyShorts
|-damage|p1a: SandyShorts|35/100
|
|-weather|Sandstorm|[upkeep]
|-heal|p2a: Starbies|100/100|[from] item: Leftovers
|upkeep
|turn|21
|
|t:|1728952310
|move|p2a: Starbies|Hidden Power|p1a: SandyShorts
|-supereffective|p1a: SandyShorts
|-damage|p1a: SandyShorts|0 fnt
|faint|p1a: SandyShorts
|
|t:|1728952313
|switch|p1a: Kurosaki|Skarmory, M|60/100
|
|-weather|Sandstorm|[upkeep]
|-heal|p1a: Kurosaki|66/100|[from] item: Leftovers
|upkeep
|turn|22
|
|t:|1728952316
|move|p2a: Starbies|Fire Punch|p1a: Kurosaki
|-supereffective|p1a: Kurosaki
|-damage|p1a: Kurosaki|0 fnt
|faint|p1a: Kurosaki
|
|win|Donly Phans
|c|☆Donly Phans|gg
|c|☆ShellyYGO|gg
|player|p1|
|player|p1|ShellyYGO|hugh|

</script>
<script type="application/json" class="data" id="replaydata-smogtours-gen3ou-798844">
{"id":"smogtours-gen3ou-798844","format":"[Gen 3] OU","players":["ShellyYGO","Donly Phans"],"uploadtime":1728952316,"views":88,"formatid":"gen3ou","rating":null,"private":0,"password":null}
</script>

<script defer src="js/replays.js?9d40a366"></script>
