<!DOCTYPE html>
<meta charset="utf-8" />
<meta name="viewport" content="width=device-width" />

<title>[Gen 3] OU: big will 2024 vs. billclintonlol - Replays - Pok&eacute;mon Showdown!</title>

<meta name="description" content="Watch a replay of a Pok&eacute;mon battle between big will 2024 and billclintonlol! Format: [Gen 3] OU; Date: Oct 18, 2024" />
<!--

Hey, you! Looking in the source for the replay log?

You can find them in JSON format, just add `.json` at the end of a replay URL.

https://replay.pokemonshowdown.com/gen7randomdoublesbattle-865046831.json

Or, if you only need the log itself, add `.log` instead:

https://replay.pokemonshowdown.com/gen7randomdoublesbattle-865046831.log

-->

<link rel="stylesheet" href="//pokemonshowdown.com/style/global.css?0.023195364461161105" />
<link rel="stylesheet" href="//play.pokemonshowdown.com/style/font-awesome.css?0.13261647063804238" />
<link rel="stylesheet" href="//play.pokemonshowdown.com/style/battle.css?0.8753245789963631" />
<link rel="stylesheet" href="//play.pokemonshowdown.com/style/utilichart.css?0.8627959624976733" />

<!-- Global site tag (gtag.js) - Google Analytics -->
<script async src="https://www.googletagmanager.com/gtag/js?id=UA-26211653-1"></script>
<script>
  window.dataLayer = window.dataLayer || [];
  function gtag(){dataLayer.push(arguments);}
  gtag('js', new Date());

  gtag('config', 'UA-26211653-1');
</script>
<!-- End Google Analytics -->
<!-- Venatus Ad Manager - Install in <HEAD> of page -->
	<script src="https://hb.vntsm.com/v3/live/ad-manager.min.js" type="text/javascript" data-site-id="642aba63ec9a7b11c3c9c1be" data-mode="scan" async></script>
<!-- / Venatus Ad Manager -->

<style>
	@media (max-width:820px) {
		.battle {
			margin: 0 auto;
		}
		.battle-log {
			margin: 7px auto 0;
			max-width: 640px;
			height: 300px;
			position: static;
		}
	}
	.optgroup {
		display: inline-block;
		line-height: 22px;
		font-size: 10pt;
	}
	.optgroup .button {
		height: 25px;
		padding-top: 0;
		padding-bottom: 0;
	}
	.optgroup button.button {
		padding-left: 12px;
		padding-right: 12px;
	}
	.linklist {
		list-style: none;
		margin: 0.5em 0;
		padding: 0;
	}
	.linklist li {
		padding: 2px 0;
	}
	.sidebar {
		float: left;
		width: 320px;
	}
	.bar-wrapper {
		max-width: 1100px;
		margin: 0 auto;
	}
	.bar-wrapper.has-sidebar {
		max-width: 1430px;
	}
	.mainbar {
		margin: 0;
		padding-right: 1px;
	}
	.mainbar.has-sidebar {
		margin-left: 330px;
	}
	@media (min-width: 1511px) {
		.sidebar {
			width: 400px;
		}
		.bar-wrapper.has-sidebar {
			max-width: 1510px;
		}
		.mainbar.has-sidebar {
			margin-left: 410px;
		}
	}
	.section.first-section {
		margin-top: 9px;
	}
	.blocklink small {
		white-space: normal;
	}
	.button {
		vertical-align: middle;
	}
	.replay-controls {
		padding-top: 10px;
	}
	.replay-controls h1 {
		font-size: 16pt;
		font-weight: normal;
		color: #CCC;
	}
	.pagelink {
		text-align: center;
	}
	.pagelink a {
		width: 150px;
	}
	.textbox, .button {
		font-size: 11pt;
		vertical-align: middle;
	}
	@media (max-width: 450px) {
		.button {
			font-size: 9pt;
		}
	}
</style>

<div>

	<header>
		<div class="nav-wrapper"><ul class="nav">
			<li><a class="button nav-first" href="//pokemonshowdown.com/"><img src="//pokemonshowdown.com/images/pokemonshowdownbeta.png" srcset="//pokemonshowdown.com/images/pokemonshowdownbeta.png 1x, //pokemonshowdown.com/images/pokemonshowdownbeta@2x.png 2x" alt="Pok&eacute;mon Showdown" width="146" height="44" /> Home</a></li>
			<li><a class="button" href="//pokemonshowdown.com/dex/">Pok&eacute;dex</a></li>
			<li><a class="button cur" href="/">Replays</a></li>
			<li><a class="button" href="//pokemonshowdown.com/ladder/">Ladder</a></li>
			<li><a class="button nav-last" href="//pokemonshowdown.com/forums/">Forum</a></li>
			<li><a class="button greenbutton nav-first nav-last" href="//play.pokemonshowdown.com/">Play</a></li>
		</ul></div>
	</header>

	<div class="main" id="main">

		<noscript><section class="section">You need to enable JavaScript to use this page; sorry!</section></noscript>

	</div>

</div>

<script defer nomodule src="//play.pokemonshowdown.com/js/lib/ps-polyfill.js"></script>
<script defer src="//play.pokemonshowdown.com/js/lib/preact.min.js"></script>

<script defer src="//play.pokemonshowdown.com/config/config.js?2bddbc15"></script>
<script defer src="//play.pokemonshowdown.com/js/lib/jquery-1.11.0.min.js"></script>
<script defer src="//play.pokemonshowdown.com/js/lib/html-sanitizer-minified.js"></script>
<script defer src="//play.pokemonshowdown.com/js/battle-sound.js"></script>
<script defer src="//play.pokemonshowdown.com/js/battledata.js?0.7209276989879541"></script>
<script defer src="//play.pokemonshowdown.com/data/pokedex-mini.js?0.6111056340867951"></script>
<script defer src="//play.pokemonshowdown.com/data/pokedex-mini-bw.js?0.3532142036491459"></script>
<script defer src="//play.pokemonshowdown.com/data/graphics.js?0.24223875632456182"></script>
<script defer src="//play.pokemonshowdown.com/data/pokedex.js?0.38839984266356864"></script>
<script defer src="//play.pokemonshowdown.com/data/moves.js?0.21866028504024015"></script>
<script defer src="//play.pokemonshowdown.com/data/abilities.js?0.2005157953846628"></script>
<script defer src="//play.pokemonshowdown.com/data/items.js?0.9894211263848525"></script>
<script defer src="//play.pokemonshowdown.com/data/teambuilder-tables.js?0.6008791140282215"></script>
<script defer src="//play.pokemonshowdown.com/js/battle-tooltips.js?0.7580118955022959"></script>
<script defer src="//play.pokemonshowdown.com/js/battle.js?0.6057722274234274"></script>

<script defer src="js/utils.js?e31f9a17"></script>
<script defer src="js/replays-battle.js?7008c182"></script>

<!-- don't scrape this data! just add .json or .log after the URL!
Full API docs: https://github.com/smogon/pokemon-showdown-client/blob/master/WEB-API.md -->
<script type="text/plain" class="log" id="replaylog-smogtours-gen3ou-799429">
|inactive|Battle timer is ON: inactive players will automatically lose when time's up.
|t:|1729209954
|gametype|singles
|player|p1|big will 2024|morty-gen2|
|player|p2|billclintonlol|lucas|
|teamsize|p1|6
|teamsize|p2|6
|gen|3
|tier|[Gen 3] OU
|rule|Sleep Clause Mod: Limit one foe put to sleep
|rule|Switch Priority Clause Mod: Faster Pokémon switch first
|rule|Species Clause: Limit one of each Pokémon
|rule|OHKO Clause: OHKO moves are banned
|rule|Evasion Items Clause: Evasion items are banned
|rule|Evasion Moves Clause: Evasion moves are banned
|rule|Endless Battle Clause: Forcing endless battles is banned
|rule|HP Percentage Mod: HP is shown in percentages
|rule|One Boost Passer Clause: Limit one Baton Passer that has a way to boost its stats
|rule|Freeze Clause Mod: Limit one foe frozen
|
|t:|1729209954
|start
|switch|p1a: prism tale|Zapdos|100/100
|switch|p2a: 10|Skarmory, F|100/100
|turn|1
|inactive|big will 2024 also wants the timer to be on.
|c|☆billclintonlol|gl hf
|c|☆big will 2024|u2
|
|t:|1729209967
|switch|p2a: 11|Blissey, F|100/100
|move|p1a: prism tale|Thunderbolt|p2a: 11
|-damage|p2a: 11|83/100
|
|-heal|p2a: 11|89/100|[from] item: Leftovers
|upkeep
|turn|2
|
|t:|1729209977
|switch|p1a: believe|Tyranitar, F|100/100
|-weather|Sandstorm|[from] ability: Sand Stream|[of] p1a: believe
|switch|p2a: 10|Skarmory, F|100/100
|
|-weather|Sandstorm|[upkeep]
|upkeep
|turn|3
|
|t:|1729209983
|switch|p1a: my leaving|Magneton|100/100
|move|p2a: 10|Spikes|p1a: my leaving
|-sidestart|p1: big will 2024|Spikes
|
|-weather|Sandstorm|[upkeep]
|upkeep
|turn|4
|
|t:|1729210002
|move|p1a: my leaving|Thunderbolt|p2a: 10
|-supereffective|p2a: 10
|-damage|p2a: 10|0 fnt
|faint|p2a: 10
|
|t:|1729210009
|switch|p2a: 12|Tyranitar, F|100/100
|
|-weather|Sandstorm|[upkeep]
|upkeep
|turn|5
|
|t:|1729210016
|switch|p1a: waves|Swampert, F|100/100
|-damage|p1a: waves|88/100|[from] Spikes
|move|p2a: 12|Earthquake|p1a: waves
|-damage|p1a: waves|63/100
|
|-weather|Sandstorm|[upkeep]
|-heal|p1a: waves|69/100|[from] item: Leftovers
|upkeep
|turn|6
|
|t:|1729210033
|switch|p2a: 13|Swampert, F|100/100
|move|p1a: waves|Toxic|p2a: 13
|-status|p2a: 13|tox
|
|-weather|Sandstorm|[upkeep]
|-heal|p1a: waves|75/100|[from] item: Leftovers
|-damage|p2a: 13|94/100 tox|[from] psn
|upkeep
|turn|7
|
|t:|1729210040
|switch|p1a: my love my life|Skarmory, M|100/100
|switch|p2a: 14|Gengar, F|100/100
|
|-weather|Sandstorm|[upkeep]
|-damage|p2a: 14|95/100|[from] Sandstorm
|-heal|p2a: 14|100/100|[from] item: Leftovers
|upkeep
|turn|8
|
|t:|1729210056
|switch|p2a: 15|Starmie|100/100
|switch|p1a: my leaving|Magneton|100/100
|-damage|p1a: my leaving|88/100|[from] Spikes
|
|-weather|Sandstorm|[upkeep]
|-damage|p2a: 15|94/100|[from] Sandstorm
|-heal|p2a: 15|100/100|[from] item: Leftovers
|upkeep
|turn|9
|
|t:|1729210064
|move|p2a: 15|Hydro Pump|p1a: my leaving
|-damage|p1a: my leaving|0 fnt
|faint|p1a: my leaving
|
|t:|1729210066
|switch|p1a: prism tale|Zapdos|100/100
|
|-weather|Sandstorm|[upkeep]
|-damage|p2a: 15|94/100|[from] Sandstorm
|-damage|p1a: prism tale|94/100|[from] Sandstorm
|-heal|p2a: 15|100/100|[from] item: Leftovers
|-heal|p1a: prism tale|100/100|[from] item: Leftovers
|upkeep
|turn|10
|
|t:|1729210072
|switch|p2a: 11|Blissey, F|89/100
|switch|p1a: my love my life|Skarmory, M|100/100
|
|-weather|Sandstorm|[upkeep]
|-damage|p2a: 11|83/100|[from] Sandstorm
|-heal|p2a: 11|89/100|[from] item: Leftovers
|upkeep
|turn|11
|
|t:|1729210077
|move|p1a: my love my life|Spikes|p2a: 11
|-sidestart|p2: billclintonlol|Spikes
|move|p2a: 11|Thunderbolt|p1a: my love my life
|-supereffective|p1a: my love my life
|-damage|p1a: my love my life|51/100
|
|-weather|Sandstorm|[upkeep]
|-damage|p2a: 11|83/100|[from] Sandstorm
|-heal|p1a: my love my life|57/100|[from] item: Leftovers
|-heal|p2a: 11|89/100|[from] item: Leftovers
|upkeep
|turn|12
|
|t:|1729210084
|switch|p2a: 15|Starmie|100/100
|-damage|p2a: 15|88/100|[from] Spikes
|move|p1a: my love my life|Protect||[still]
|-fail|p1a: my love my life
|
|-weather|Sandstorm|[upkeep]
|-damage|p2a: 15|82/100|[from] Sandstorm
|-heal|p2a: 15|88/100|[from] item: Leftovers
|-heal|p1a: my love my life|63/100|[from] item: Leftovers
|upkeep
|turn|13
|
|t:|1729210088
|move|p2a: 15|Rapid Spin|p1a: my love my life
|-resisted|p1a: my love my life
|-damage|p1a: my love my life|62/100
|-sideend|p2: billclintonlol|Spikes|[from] move: Rapid Spin|[of] p2a: 15
|move|p1a: my love my life|Toxic|p2a: 15
|-status|p2a: 15|tox
|
|-weather|Sandstorm|[upkeep]
|-damage|p2a: 15|82/100 tox|[from] Sandstorm
|-heal|p2a: 15|88/100 tox|[from] item: Leftovers
|-damage|p2a: 15|82/100 tox|[from] psn
|-heal|p1a: my love my life|68/100|[from] item: Leftovers
|upkeep
|turn|14
|
|t:|1729210091
|move|p2a: 15|Thunderbolt|p1a: my love my life
|-supereffective|p1a: my love my life
|-damage|p1a: my love my life|19/100
|move|p1a: my love my life|Spikes|p2a: 15
|-sidestart|p2: billclintonlol|Spikes
|
|-weather|Sandstorm|[upkeep]
|-damage|p2a: 15|76/100 tox|[from] Sandstorm
|-heal|p2a: 15|82/100 tox|[from] item: Leftovers
|-damage|p2a: 15|70/100 tox|[from] psn
|-heal|p1a: my love my life|25/100|[from] item: Leftovers
|upkeep
|turn|15
|
|t:|1729210097
|-curestatus|p2a: 15|tox|[from] ability: Natural Cure
|switch|p2a: 14|Gengar, F|100/100
|move|p1a: my love my life|Protect||[still]
|-fail|p1a: my love my life
|
|-weather|Sandstorm|[upkeep]
|-damage|p2a: 14|95/100|[from] Sandstorm
|-heal|p2a: 14|100/100|[from] item: Leftovers
|-heal|p1a: my love my life|31/100|[from] item: Leftovers
|upkeep
|turn|16
|
|t:|1729210103
|move|p1a: my love my life|Protect|p1a: my love my life
|-singleturn|p1a: my love my life|Protect
|move|p2a: 14|Fire Punch|p1a: my love my life
|-activate|p1a: my love my life|Protect
|
|-weather|Sandstorm|[upkeep]
|-damage|p2a: 14|95/100|[from] Sandstorm
|-heal|p2a: 14|100/100|[from] item: Leftovers
|-heal|p1a: my love my life|37/100|[from] item: Leftovers
|upkeep
|turn|17
|
|t:|1729210107
|switch|p1a: believe|Tyranitar, F|100/100
|-damage|p1a: believe|88/100|[from] Spikes
|move|p2a: 14|Fire Punch|p1a: believe
|-resisted|p1a: believe
|-damage|p1a: believe|79/100
|
|-weather|Sandstorm|[upkeep]
|-damage|p2a: 14|95/100|[from] Sandstorm
|-heal|p2a: 14|100/100|[from] item: Leftovers
|-heal|p1a: believe|85/100|[from] item: Leftovers
|upkeep
|turn|18
|
|t:|1729210112
|move|p2a: 14|Will-O-Wisp|p1a: believe
|-status|p1a: believe|brn
|move|p1a: believe|Crunch|p2a: 14
|-supereffective|p2a: 14
|-damage|p2a: 14|27/100
|
|-weather|Sandstorm|[upkeep]
|-damage|p2a: 14|21/100|[from] Sandstorm
|-heal|p2a: 14|27/100|[from] item: Leftovers
|-heal|p1a: believe|91/100 brn|[from] item: Leftovers
|-damage|p1a: believe|79/100 brn|[from] brn
|upkeep
|turn|19
|
|t:|1729210129
|move|p2a: 14|Explosion|p1a: believe
|-resisted|p1a: believe
|-damage|p1a: believe|50/100 brn
|faint|p2a: 14
|
|t:|1729210134
|switch|p2a: 15|Starmie|70/100
|-damage|p2a: 15|58/100|[from] Spikes
|
|-weather|Sandstorm|[upkeep]
|-damage|p2a: 15|52/100|[from] Sandstorm
|-heal|p2a: 15|58/100|[from] item: Leftovers
|-heal|p1a: believe|56/100 brn|[from] item: Leftovers
|-damage|p1a: believe|44/100 brn|[from] brn
|upkeep
|turn|20
|
|t:|1729210136
|move|p2a: 15|Hydro Pump|p1a: believe|[miss]
|-miss|p2a: 15|p1a: believe
|move|p1a: believe|Crunch|p2a: 15
|-supereffective|p2a: 15
|-damage|p2a: 15|0 fnt
|faint|p2a: 15
|
|t:|1729210139
|switch|p2a: 13|Swampert, F|94/100 tox
|-damage|p2a: 13|82/100 tox|[from] Spikes
|
|-weather|Sandstorm|[upkeep]
|-heal|p1a: believe|50/100 brn|[from] item: Leftovers
|-damage|p1a: believe|38/100 brn|[from] brn
|-heal|p2a: 13|88/100 tox|[from] item: Leftovers
|-damage|p2a: 13|82/100 tox|[from] psn
|upkeep
|turn|21
|
|t:|1729210144
|move|p1a: believe|Crunch|p2a: 13
|-damage|p2a: 13|51/100 tox
|move|p2a: 13|Hydro Pump|p1a: believe|[miss]
|-miss|p2a: 13|p1a: believe
|
|-weather|Sandstorm|[upkeep]
|-heal|p1a: believe|44/100 brn|[from] item: Leftovers
|-damage|p1a: believe|32/100 brn|[from] brn
|-heal|p2a: 13|58/100 tox|[from] item: Leftovers
|-damage|p2a: 13|45/100 tox|[from] psn
|upkeep
|turn|22
|c|☆big will 2024|sry
|
|t:|1729210160
|move|p1a: believe|Crunch|p2a: 13
|-damage|p2a: 13|15/100 tox
|move|p2a: 13|Earthquake|p1a: believe
|-supereffective|p1a: believe
|-damage|p1a: believe|0 fnt
|faint|p1a: believe
|c|☆billclintonlol|happens
|
|t:|1729210168
|switch|p1a: my love my life|Skarmory, M|37/100
|
|-weather|Sandstorm|[upkeep]
|-heal|p1a: my love my life|43/100|[from] item: Leftovers
|-heal|p2a: 13|21/100 tox|[from] item: Leftovers
|-damage|p2a: 13|2/100 tox|[from] psn
|upkeep
|turn|23
|
|t:|1729210174
|switch|p2a: 11|Blissey, F|89/100
|-damage|p2a: 11|77/100|[from] Spikes
|move|p1a: my love my life|Protect||[still]
|-fail|p1a: my love my life
|
|-weather|Sandstorm|[upkeep]
|-damage|p2a: 11|71/100|[from] Sandstorm
|-heal|p1a: my love my life|49/100|[from] item: Leftovers
|-heal|p2a: 11|77/100|[from] item: Leftovers
|upkeep
|turn|24
|
|t:|1729210179
|move|p1a: my love my life|Protect|p1a: my love my life
|-singleturn|p1a: my love my life|Protect
|move|p2a: 11|Thunderbolt|p1a: my love my life
|-activate|p1a: my love my life|Protect
|
|-weather|Sandstorm|[upkeep]
|-damage|p2a: 11|71/100|[from] Sandstorm
|-heal|p1a: my love my life|55/100|[from] item: Leftovers
|-heal|p2a: 11|77/100|[from] item: Leftovers
|upkeep
|turn|25
|
|t:|1729210182
|switch|p1a: waves|Swampert, F|75/100
|-damage|p1a: waves|63/100|[from] Spikes
|move|p2a: 11|Thunderbolt|p1a: waves
|-immune|p1a: waves
|
|-weather|Sandstorm|[upkeep]
|-damage|p2a: 11|71/100|[from] Sandstorm
|-heal|p1a: waves|69/100|[from] item: Leftovers
|-heal|p2a: 11|77/100|[from] item: Leftovers
|upkeep
|turn|26
|
|t:|1729210186
|move|p1a: waves|Toxic|p2a: 11
|-status|p2a: 11|tox
|move|p2a: 11|Toxic|p1a: waves
|-status|p1a: waves|tox
|
|-weather|Sandstorm|[upkeep]
|-damage|p2a: 11|71/100 tox|[from] Sandstorm
|-heal|p1a: waves|75/100 tox|[from] item: Leftovers
|-damage|p1a: waves|69/100 tox|[from] psn
|-heal|p2a: 11|77/100 tox|[from] item: Leftovers
|-damage|p2a: 11|71/100 tox|[from] psn
|upkeep
|turn|27
|
|t:|1729210193
|move|p1a: waves|Surf|p2a: 11
|-damage|p2a: 11|59/100 tox
|move|p2a: 11|Ice Beam|p1a: waves
|-crit|p1a: waves
|-damage|p1a: waves|23/100 tox
|
|-weather|Sandstorm|[upkeep]
|-damage|p2a: 11|53/100 tox|[from] Sandstorm
|-heal|p1a: waves|29/100 tox|[from] item: Leftovers
|-damage|p1a: waves|16/100 tox|[from] psn
|-heal|p2a: 11|59/100 tox|[from] item: Leftovers
|-damage|p2a: 11|47/100 tox|[from] psn
|upkeep
|turn|28
|
|t:|1729210200
|-curestatus|p2a: 11|tox|[from] ability: Natural Cure
|switch|p2a: 13|Swampert, F|2/100 tox
|-damage|p2a: 13|0 fnt|[from] Spikes
|faint|p2a: 13
|
|t:|1729210205
|switch|p2a: 12|Tyranitar, F|100/100
|-damage|p2a: 12|88/100|[from] Spikes
|
|-weather|Sandstorm|[upkeep]
|-heal|p1a: waves|23/100 tox|[from] item: Leftovers
|-damage|p1a: waves|4/100 tox|[from] psn
|-heal|p2a: 12|94/100|[from] item: Leftovers
|upkeep
|turn|29
|
|t:|1729210213
|move|p2a: 12|Rock Slide|p1a: waves
|-resisted|p1a: waves
|-damage|p1a: waves|0 fnt
|faint|p1a: waves
|
|t:|1729210214
|switch|p1a: pass the tea|Flygon, F, shiny|100/100
|
|-weather|Sandstorm|[upkeep]
|-heal|p2a: 12|100/100|[from] item: Leftovers
|upkeep
|turn|30
|
|t:|1729210237
|move|p1a: pass the tea|Earthquake|p2a: 12
|-supereffective|p2a: 12
|-damage|p2a: 12|35/100
|move|p2a: 12|Rock Slide|p1a: pass the tea
|-resisted|p1a: pass the tea
|-damage|p1a: pass the tea|74/100
|
|-weather|Sandstorm|[upkeep]
|-heal|p1a: pass the tea|80/100|[from] item: Leftovers
|-heal|p2a: 12|41/100|[from] item: Leftovers
|upkeep
|turn|31
|
|t:|1729210243
|move|p1a: pass the tea|Earthquake|p2a: 12
|-supereffective|p2a: 12
|-crit|p2a: 12
|-damage|p2a: 12|0 fnt
|faint|p2a: 12
|
|t:|1729210244
|switch|p2a: 11|Blissey, F|47/100
|-damage|p2a: 11|35/100|[from] Spikes
|
|-weather|Sandstorm|[upkeep]
|-damage|p2a: 11|29/100|[from] Sandstorm
|-heal|p1a: pass the tea|86/100|[from] item: Leftovers
|-heal|p2a: 11|35/100|[from] item: Leftovers
|upkeep
|turn|32
|
|t:|1729210246
|move|p1a: pass the tea|Earthquake|p2a: 11
|-damage|p2a: 11|0 fnt
|faint|p2a: 11
|
|win|big will 2024
|c|☆big will 2024|gg
|c|☆billclintonlol|gg
|player|p2|

</script>
<script type="application/json" class="data" id="replaydata-smogtours-gen3ou-799429">
{"id":"smogtours-gen3ou-799429","format":"[Gen 3] OU","players":["big will 2024","billclintonlol"],"uploadtime":1729210246,"views":103,"formatid":"gen3ou","rating":null,"private":0,"password":null}
</script>

<script defer src="js/replays.js?9d40a366"></script>
