<!DOCTYPE html>
<meta charset="utf-8" />
<meta name="viewport" content="width=device-width" />

<title>[Gen 3] OU: Seradess vs. ojr - Replays - Pok&eacute;mon Showdown!</title>

<meta name="description" content="Watch a replay of a Pok&eacute;mon battle between Seradess and ojr! Format: [Gen 3] OU; Date: Nov 9, 2024" />
<!--

Hey, you! Looking in the source for the replay log?

You can find them in JSON format, just add `.json` at the end of a replay URL.

https://replay.pokemonshowdown.com/gen7randomdoublesbattle-865046831.json

Or, if you only need the log itself, add `.log` instead:

https://replay.pokemonshowdown.com/gen7randomdoublesbattle-865046831.log

-->

<link rel="stylesheet" href="//pokemonshowdown.com/style/global.css?0.023195364461161105" />
<link rel="stylesheet" href="//play.pokemonshowdown.com/style/font-awesome.css?0.13261647063804238" />
<link rel="stylesheet" href="//play.pokemonshowdown.com/style/battle.css?0.8753245789963631" />
<link rel="stylesheet" href="//play.pokemonshowdown.com/style/utilichart.css?0.8627959624976733" />

<!-- Global site tag (gtag.js) - Google Analytics -->
<script async src="https://www.googletagmanager.com/gtag/js?id=UA-26211653-1"></script>
<script>
  window.dataLayer = window.dataLayer || [];
  function gtag(){dataLayer.push(arguments);}
  gtag('js', new Date());

  gtag('config', 'UA-26211653-1');
</script>
<!-- End Google Analytics -->
<!-- Venatus Ad Manager - Install in <HEAD> of page -->
	<script src="https://hb.vntsm.com/v3/live/ad-manager.min.js" type="text/javascript" data-site-id="642aba63ec9a7b11c3c9c1be" data-mode="scan" async></script>
<!-- / Venatus Ad Manager -->

<style>
	@media (max-width:820px) {
		.battle {
			margin: 0 auto;
		}
		.battle-log {
			margin: 7px auto 0;
			max-width: 640px;
			height: 300px;
			position: static;
		}
	}
	.optgroup {
		display: inline-block;
		line-height: 22px;
		font-size: 10pt;
	}
	.optgroup .button {
		height: 25px;
		padding-top: 0;
		padding-bottom: 0;
	}
	.optgroup button.button {
		padding-left: 12px;
		padding-right: 12px;
	}
	.linklist {
		list-style: none;
		margin: 0.5em 0;
		padding: 0;
	}
	.linklist li {
		padding: 2px 0;
	}
	.sidebar {
		float: left;
		width: 320px;
	}
	.bar-wrapper {
		max-width: 1100px;
		margin: 0 auto;
	}
	.bar-wrapper.has-sidebar {
		max-width: 1430px;
	}
	.mainbar {
		margin: 0;
		padding-right: 1px;
	}
	.mainbar.has-sidebar {
		margin-left: 330px;
	}
	@media (min-width: 1511px) {
		.sidebar {
			width: 400px;
		}
		.bar-wrapper.has-sidebar {
			max-width: 1510px;
		}
		.mainbar.has-sidebar {
			margin-left: 410px;
		}
	}
	.section.first-section {
		margin-top: 9px;
	}
	.blocklink small {
		white-space: normal;
	}
	.button {
		vertical-align: middle;
	}
	.replay-controls {
		padding-top: 10px;
	}
	.replay-controls h1 {
		font-size: 16pt;
		font-weight: normal;
		color: #CCC;
	}
	.pagelink {
		text-align: center;
	}
	.pagelink a {
		width: 150px;
	}
	.textbox, .button {
		font-size: 11pt;
		vertical-align: middle;
	}
	@media (max-width: 450px) {
		.button {
			font-size: 9pt;
		}
	}
</style>

<div>

	<header>
		<div class="nav-wrapper"><ul class="nav">
			<li><a class="button nav-first" href="//pokemonshowdown.com/"><img src="//pokemonshowdown.com/images/pokemonshowdownbeta.png" srcset="//pokemonshowdown.com/images/pokemonshowdownbeta.png 1x, //pokemonshowdown.com/images/pokemonshowdownbeta@2x.png 2x" alt="Pok&eacute;mon Showdown" width="146" height="44" /> Home</a></li>
			<li><a class="button" href="//pokemonshowdown.com/dex/">Pok&eacute;dex</a></li>
			<li><a class="button cur" href="/">Replays</a></li>
			<li><a class="button" href="//pokemonshowdown.com/ladder/">Ladder</a></li>
			<li><a class="button nav-last" href="//pokemonshowdown.com/forums/">Forum</a></li>
			<li><a class="button greenbutton nav-first nav-last" href="//play.pokemonshowdown.com/">Play</a></li>
		</ul></div>
	</header>

	<div class="main" id="main">

		<noscript><section class="section">You need to enable JavaScript to use this page; sorry!</section></noscript>

	</div>

</div>

<script defer nomodule src="//play.pokemonshowdown.com/js/lib/ps-polyfill.js"></script>
<script defer src="//play.pokemonshowdown.com/js/lib/preact.min.js"></script>

<script defer src="//play.pokemonshowdown.com/config/config.js?2bddbc15"></script>
<script defer src="//play.pokemonshowdown.com/js/lib/jquery-1.11.0.min.js"></script>
<script defer src="//play.pokemonshowdown.com/js/lib/html-sanitizer-minified.js"></script>
<script defer src="//play.pokemonshowdown.com/js/battle-sound.js"></script>
<script defer src="//play.pokemonshowdown.com/js/battledata.js?0.7209276989879541"></script>
<script defer src="//play.pokemonshowdown.com/data/pokedex-mini.js?0.6111056340867951"></script>
<script defer src="//play.pokemonshowdown.com/data/pokedex-mini-bw.js?0.3532142036491459"></script>
<script defer src="//play.pokemonshowdown.com/data/graphics.js?0.24223875632456182"></script>
<script defer src="//play.pokemonshowdown.com/data/pokedex.js?0.38839984266356864"></script>
<script defer src="//play.pokemonshowdown.com/data/moves.js?0.21866028504024015"></script>
<script defer src="//play.pokemonshowdown.com/data/abilities.js?0.2005157953846628"></script>
<script defer src="//play.pokemonshowdown.com/data/items.js?0.9894211263848525"></script>
<script defer src="//play.pokemonshowdown.com/data/teambuilder-tables.js?0.6008791140282215"></script>
<script defer src="//play.pokemonshowdown.com/js/battle-tooltips.js?0.7580118955022959"></script>
<script defer src="//play.pokemonshowdown.com/js/battle.js?0.6057722274234274"></script>

<script defer src="js/utils.js?e31f9a17"></script>
<script defer src="js/replays-battle.js?7008c182"></script>

<!-- don't scrape this data! just add .json or .log after the URL!
Full API docs: https://github.com/smogon/pokemon-showdown-client/blob/master/WEB-API.md -->
<script type="text/plain" class="log" id="replaylog-smogtours-gen3ou-805554">
|inactive|Battle timer is ON: inactive players will automatically lose when time's up.
|t:|1731183878
|gametype|singles
|player|p1|Seradess|265|
|player|p2|ojr|#ptplvjirachis|
|teamsize|p1|6
|teamsize|p2|6
|gen|3
|tier|[Gen 3] OU
|rule|Sleep Clause Mod: Limit one foe put to sleep
|rule|Switch Priority Clause Mod: Faster Pokémon switch first
|rule|Species Clause: Limit one of each Pokémon
|rule|OHKO Clause: OHKO moves are banned
|rule|Evasion Items Clause: Evasion items are banned
|rule|Evasion Moves Clause: Evasion moves are banned
|rule|Endless Battle Clause: Forcing endless battles is banned
|rule|HP Percentage Mod: HP is shown in percentages
|rule|One Boost Passer Clause: Limit one Baton Passer that has a way to boost its stats
|rule|Freeze Clause Mod: Limit one foe frozen
|
|t:|1731183878
|start
|switch|p1a: Whyrdam|Tyranitar, M, shiny|100/100
|switch|p2a: Tyranitar|Tyranitar, F|100/100
|-weather|Sandstorm|[from] ability: Sand Stream|[of] p2a: Tyranitar
|turn|1
|c|☆ojr|hf
|c|☆Seradess|u2
|c|☆Seradess|forgot to gg last time mb
|inactive|ojr has 270 seconds left.
|inactive|ojr has 240 seconds left.
|
|t:|1731183940
|move|p2a: Tyranitar|Brick Break|p1a: Whyrdam
|-supereffective|p1a: Whyrdam
|-damage|p1a: Whyrdam|34/100
|move|p1a: Whyrdam|Earthquake|p2a: Tyranitar
|-supereffective|p2a: Tyranitar
|-damage|p2a: Tyranitar|45/100
|
|-weather|Sandstorm|[upkeep]
|-heal|p1a: Whyrdam|40/100|[from] item: Leftovers
|upkeep
|turn|2
|inactive|Seradess has 270 seconds left.
|
|t:|1731183972
|move|p2a: Tyranitar|Fire Blast|p1a: Whyrdam|[miss]
|-miss|p2a: Tyranitar|p1a: Whyrdam
|move|p1a: Whyrdam|Earthquake|p2a: Tyranitar
|-supereffective|p2a: Tyranitar
|-damage|p2a: Tyranitar|0 fnt
|faint|p2a: Tyranitar
|
|t:|1731183984
|switch|p2a: Skarmory|Skarmory, F|100/100
|
|-weather|Sandstorm|[upkeep]
|-heal|p1a: Whyrdam|47/100|[from] item: Leftovers
|upkeep
|turn|3
|
|t:|1731183989
|move|p1a: Whyrdam|Dragon Dance|p1a: Whyrdam
|-boost|p1a: Whyrdam|atk|1
|-boost|p1a: Whyrdam|spe|1
|move|p2a: Skarmory|Spikes|p1a: Whyrdam
|-sidestart|p1: Seradess|Spikes
|
|-weather|Sandstorm|[upkeep]
|-heal|p1a: Whyrdam|53/100|[from] item: Leftovers
|upkeep
|turn|4
|
|t:|1731183998
|move|p1a: Whyrdam|Rock Slide|p2a: Skarmory|[miss]
|-miss|p1a: Whyrdam|p2a: Skarmory
|move|p2a: Skarmory|Roar|p1a: Whyrdam
|drag|p1a: LeBron|Swampert, M, shiny|100/100
|-damage|p1a: LeBron|88/100|[from] Spikes
|
|-weather|Sandstorm|[upkeep]
|-heal|p1a: LeBron|94/100|[from] item: Leftovers
|upkeep
|turn|5
|c|☆ojr|sorry
|c|☆ojr|im lucky asf
|
|t:|1731184006
|switch|p1a: Skarmory|Skarmory, F|100/100
|move|p2a: Skarmory|Spikes|p1a: Skarmory
|-sidestart|p1: Seradess|Spikes
|
|-weather|Sandstorm|[upkeep]
|upkeep
|turn|6
|
|t:|1731184023
|switch|p2a: Gengar|Gengar, F|100/100
|move|p1a: Skarmory|Taunt|p2a: Gengar
|-start|p2a: Gengar|move: Taunt
|
|-weather|Sandstorm|[upkeep]
|-damage|p2a: Gengar|94/100|[from] Sandstorm
|-heal|p2a: Gengar|100/100|[from] item: Leftovers
|upkeep
|turn|7
|
|t:|1731184031
|move|p2a: Gengar|Thunderbolt|p1a: Skarmory
|-supereffective|p1a: Skarmory
|-damage|p1a: Skarmory|28/100
|move|p1a: Skarmory|Spikes|p2a: Gengar
|-sidestart|p2: ojr|Spikes
|
|-weather|Sandstorm|[upkeep]
|-damage|p2a: Gengar|94/100|[from] Sandstorm
|-heal|p2a: Gengar|100/100|[from] item: Leftovers
|-end|p2a: Gengar|move: Taunt|[silent]
|-heal|p1a: Skarmory|34/100|[from] item: Leftovers
|upkeep
|turn|8
|inactive|ojr has 270 seconds left.
|
|t:|1731184068
|switch|p2a: Skarmory|Skarmory, F|100/100
|switch|p1a: LeBron|Swampert, M, shiny|94/100
|-damage|p1a: LeBron|78/100|[from] Spikes
|
|-weather|Sandstorm|[upkeep]
|-heal|p1a: LeBron|84/100|[from] item: Leftovers
|upkeep
|turn|9
|
|t:|1731184083
|switch|p1a: Dexter|Gengar, M, shiny|100/100
|move|p2a: Skarmory|Spikes|p1a: Dexter
|-sidestart|p1: Seradess|Spikes
|
|-weather|Sandstorm|[upkeep]
|-damage|p1a: Dexter|94/100|[from] Sandstorm
|-heal|p1a: Dexter|100/100|[from] item: Leftovers
|upkeep
|turn|10
|
|t:|1731184093
|move|p1a: Dexter|Will-O-Wisp|p2a: Skarmory
|-status|p2a: Skarmory|brn
|move|p2a: Skarmory|Roar|p1a: Dexter
|drag|p1a: Aleithilithos|Aerodactyl, M, shiny|100/100
|
|-weather|Sandstorm|[upkeep]
|-damage|p2a: Skarmory|88/100 brn|[from] brn
|upkeep
|turn|11
|
|t:|1731184100
|switch|p1a: Skarmory|Skarmory, F|34/100
|switch|p2a: Flygon|Flygon, M|100/100
|
|-weather|Sandstorm|[upkeep]
|-heal|p1a: Skarmory|40/100|[from] item: Leftovers
|upkeep
|turn|12
|
|t:|1731184113
|switch|p2a: Gengar|Gengar, F|100/100
|move|p1a: Skarmory|Toxic|p2a: Gengar|[miss]
|-miss|p1a: Skarmory|p2a: Gengar
|
|-weather|Sandstorm|[upkeep]
|-damage|p2a: Gengar|94/100|[from] Sandstorm
|-heal|p2a: Gengar|100/100|[from] item: Leftovers
|-heal|p1a: Skarmory|46/100|[from] item: Leftovers
|upkeep
|turn|13
|
|t:|1731184123
|move|p2a: Gengar|Thunderbolt|p1a: Skarmory
|-supereffective|p1a: Skarmory
|-damage|p1a: Skarmory|0 fnt
|faint|p1a: Skarmory
|
|t:|1731184128
|switch|p1a: Zapdos|Zapdos|100/100
|
|-weather|Sandstorm|[upkeep]
|-damage|p2a: Gengar|94/100|[from] Sandstorm
|-damage|p1a: Zapdos|94/100|[from] Sandstorm
|-heal|p2a: Gengar|100/100|[from] item: Leftovers
|-heal|p1a: Zapdos|100/100|[from] item: Leftovers
|upkeep
|turn|14
|inactive|ojr has 270 seconds left.
|inactive|ojr has 240 seconds left.
|
|t:|1731184194
|move|p2a: Gengar|Ice Punch|p1a: Zapdos
|-supereffective|p1a: Zapdos
|-damage|p1a: Zapdos|38/100
|move|p1a: Zapdos|Thunderbolt|p2a: Gengar
|-damage|p2a: Gengar|22/100
|
|-weather|Sandstorm|[upkeep]
|-damage|p2a: Gengar|16/100|[from] Sandstorm
|-damage|p1a: Zapdos|32/100|[from] Sandstorm
|-heal|p2a: Gengar|22/100|[from] item: Leftovers
|-heal|p1a: Zapdos|38/100|[from] item: Leftovers
|upkeep
|turn|15
|inactive|ojr has 240 seconds left.
|
|t:|1731184206
|switch|p1a: LeBron|Swampert, M, shiny|84/100
|-damage|p1a: LeBron|59/100|[from] Spikes
|move|p2a: Gengar|Ice Punch|p1a: LeBron
|-damage|p1a: LeBron|34/100
|
|-weather|Sandstorm|[upkeep]
|-damage|p2a: Gengar|16/100|[from] Sandstorm
|-heal|p2a: Gengar|22/100|[from] item: Leftovers
|-heal|p1a: LeBron|41/100|[from] item: Leftovers
|upkeep
|turn|16
|
|t:|1731184215
|move|p2a: Gengar|Giga Drain|p1a: LeBron
|-supereffective|p1a: LeBron
|-damage|p1a: LeBron|0 fnt
|-heal|p2a: Gengar|53/100|[from] drain|[of] p1a: LeBron
|faint|p1a: LeBron
|
|t:|1731184221
|switch|p1a: Aleithilithos|Aerodactyl, M, shiny|100/100
|
|-weather|Sandstorm|[upkeep]
|-damage|p2a: Gengar|47/100|[from] Sandstorm
|-heal|p2a: Gengar|53/100|[from] item: Leftovers
|upkeep
|turn|17
|
|t:|1731184237
|switch|p1a: Zapdos|Zapdos|38/100
|switch|p2a: Flygon|Flygon, M|100/100
|
|-weather|Sandstorm|[upkeep]
|-damage|p1a: Zapdos|32/100|[from] Sandstorm
|-heal|p1a: Zapdos|38/100|[from] item: Leftovers
|upkeep
|turn|18
|
|t:|1731184252
|move|p2a: Flygon|Rock Slide|p1a: Zapdos
|-supereffective|p1a: Zapdos
|-crit|p1a: Zapdos
|-damage|p1a: Zapdos|0 fnt
|faint|p1a: Zapdos
|
|t:|1731184261
|switch|p1a: Dexter|Gengar, M, shiny|100/100
|
|-weather|Sandstorm|[upkeep]
|-damage|p1a: Dexter|94/100|[from] Sandstorm
|-heal|p1a: Dexter|100/100|[from] item: Leftovers
|upkeep
|turn|19
|
|t:|1731184273
|switch|p2a: Skarmory|Skarmory, F|88/100 brn
|move|p1a: Dexter|Will-O-Wisp|p2a: Skarmory
|-fail|p2a: Skarmory|brn
|
|-weather|Sandstorm|[upkeep]
|-damage|p1a: Dexter|94/100|[from] Sandstorm
|-heal|p1a: Dexter|100/100|[from] item: Leftovers
|-heal|p2a: Skarmory|94/100 brn|[from] item: Leftovers
|-damage|p2a: Skarmory|82/100 brn|[from] brn
|upkeep
|turn|20
|
|t:|1731184277
|move|p1a: Dexter|Thunderbolt|p2a: Skarmory
|-supereffective|p2a: Skarmory
|-damage|p2a: Skarmory|18/100 brn
|move|p2a: Skarmory|Roar|p1a: Dexter
|drag|p1a: Aleithilithos|Aerodactyl, M, shiny|100/100
|
|-weather|Sandstorm|[upkeep]
|-heal|p2a: Skarmory|24/100 brn|[from] item: Leftovers
|-damage|p2a: Skarmory|12/100 brn|[from] brn
|upkeep
|turn|21
|
|t:|1731184286
|move|p2a: Skarmory|Protect|p2a: Skarmory
|-singleturn|p2a: Skarmory|Protect
|move|p1a: Aleithilithos|Rock Slide|p2a: Skarmory
|-activate|p2a: Skarmory|Protect
|
|-weather|Sandstorm|[upkeep]
|-heal|p2a: Skarmory|18/100 brn|[from] item: Leftovers
|-damage|p2a: Skarmory|6/100 brn|[from] brn
|upkeep
|turn|22
|
|t:|1731184293
|switch|p2a: Flygon|Flygon, M|100/100
|move|p1a: Aleithilithos|Rock Slide|p2a: Flygon
|-resisted|p2a: Flygon
|-damage|p2a: Flygon|69/100
|
|-weather|Sandstorm|[upkeep]
|-heal|p2a: Flygon|75/100|[from] item: Leftovers
|upkeep
|turn|23
|
|t:|1731184300
|move|p1a: Aleithilithos|Rock Slide|p2a: Flygon
|-resisted|p2a: Flygon
|-damage|p2a: Flygon|43/100
|move|p2a: Flygon|Rock Slide|p1a: Aleithilithos
|-supereffective|p1a: Aleithilithos
|-damage|p1a: Aleithilithos|29/100
|
|-weather|Sandstorm|[upkeep]
|-heal|p2a: Flygon|49/100|[from] item: Leftovers
|upkeep
|turn|24
|
|t:|1731184308
|move|p1a: Aleithilithos|Rock Slide|p2a: Flygon|[miss]
|-miss|p1a: Aleithilithos|p2a: Flygon
|move|p2a: Flygon|Rock Slide|p1a: Aleithilithos
|-supereffective|p1a: Aleithilithos
|-damage|p1a: Aleithilithos|0 fnt
|faint|p1a: Aleithilithos
|c|☆Seradess|ggs
|c|☆ojr|ggs
|
|t:|1731184320
|switch|p1a: Dexter|Gengar, M, shiny|100/100
|
|-weather|Sandstorm|[upkeep]
|-damage|p1a: Dexter|94/100|[from] Sandstorm
|-heal|p2a: Flygon|55/100|[from] item: Leftovers
|-heal|p1a: Dexter|100/100|[from] item: Leftovers
|upkeep
|turn|25
|
|t:|1731184325
|switch|p2a: Skarmory|Skarmory, F|6/100 brn
|move|p1a: Dexter|Will-O-Wisp|p2a: Skarmory
|-fail|p2a: Skarmory|brn
|
|-weather|Sandstorm|[upkeep]
|-damage|p1a: Dexter|94/100|[from] Sandstorm
|-heal|p1a: Dexter|100/100|[from] item: Leftovers
|-heal|p2a: Skarmory|12/100 brn|[from] item: Leftovers
|-damage|p2a: Skarmory|0 fnt|[from] brn
|faint|p2a: Skarmory
|upkeep
|
|t:|1731184334
|switch|p2a: Jolteon|Jolteon, F|100/100
|-damage|p2a: Jolteon|88/100|[from] Spikes
|turn|26
|
|t:|1731184339
|move|p2a: Jolteon|Thunderbolt|p1a: Dexter
|-damage|p1a: Dexter|46/100
|move|p1a: Dexter|Giga Drain|p2a: Jolteon
|-damage|p2a: Jolteon|60/100
|-heal|p1a: Dexter|59/100|[from] drain|[of] p2a: Jolteon
|
|-weather|Sandstorm|[upkeep]
|-damage|p2a: Jolteon|54/100|[from] Sandstorm
|-damage|p1a: Dexter|53/100|[from] Sandstorm
|-heal|p2a: Jolteon|60/100|[from] item: Leftovers
|-heal|p1a: Dexter|59/100|[from] item: Leftovers
|upkeep
|turn|27
|
|t:|1731184345
|move|p2a: Jolteon|Thunderbolt|p1a: Dexter
|-damage|p1a: Dexter|9/100
|move|p1a: Dexter|Will-O-Wisp|p2a: Jolteon|[miss]
|-miss|p1a: Dexter|p2a: Jolteon
|
|-weather|Sandstorm|[upkeep]
|-damage|p2a: Jolteon|54/100|[from] Sandstorm
|-damage|p1a: Dexter|3/100|[from] Sandstorm
|-heal|p2a: Jolteon|60/100|[from] item: Leftovers
|-heal|p1a: Dexter|9/100|[from] item: Leftovers
|upkeep
|turn|28
|
|t:|1731184351
|move|p2a: Jolteon|Thunderbolt|p1a: Dexter
|-damage|p1a: Dexter|0 fnt
|faint|p1a: Dexter
|
|t:|1731184354
|switch|p1a: Whyrdam|Tyranitar, M, shiny|53/100
|-damage|p1a: Whyrdam|28/100|[from] Spikes
|
|-weather|Sandstorm|[upkeep]
|-damage|p2a: Jolteon|54/100|[from] Sandstorm
|-heal|p2a: Jolteon|60/100|[from] item: Leftovers
|-heal|p1a: Whyrdam|34/100|[from] item: Leftovers
|upkeep
|turn|29
|
|t:|1731184357
|move|p2a: Jolteon|Thunderbolt|p1a: Whyrdam
|-damage|p1a: Whyrdam|0 fnt
|faint|p1a: Whyrdam
|
|win|ojr

</script>
<script type="application/json" class="data" id="replaydata-smogtours-gen3ou-805554">
{"id":"smogtours-gen3ou-805554","format":"[Gen 3] OU","players":["Seradess","ojr"],"uploadtime":1731184357,"views":45,"formatid":"gen3ou","rating":null,"private":0,"password":null}
</script>

<script defer src="js/replays.js?9d40a366"></script>
