<!DOCTYPE html>
<meta charset="utf-8" />
<meta name="viewport" content="width=device-width" />

<title>[Gen 3] OU: Seradess vs. Organic Oranges - Replays - Pok&eacute;mon Showdown!</title>

<meta name="description" content="Watch a replay of a Pok&eacute;mon battle between Seradess and Organic Oranges! Format: [Gen 3] OU; Date: Oct 20, 2024" />
<!--

Hey, you! Looking in the source for the replay log?

You can find them in JSON format, just add `.json` at the end of a replay URL.

https://replay.pokemonshowdown.com/gen7randomdoublesbattle-865046831.json

Or, if you only need the log itself, add `.log` instead:

https://replay.pokemonshowdown.com/gen7randomdoublesbattle-865046831.log

-->

<link rel="stylesheet" href="//pokemonshowdown.com/style/global.css?0.023195364461161105" />
<link rel="stylesheet" href="//play.pokemonshowdown.com/style/font-awesome.css?0.13261647063804238" />
<link rel="stylesheet" href="//play.pokemonshowdown.com/style/battle.css?0.8753245789963631" />
<link rel="stylesheet" href="//play.pokemonshowdown.com/style/utilichart.css?0.8627959624976733" />

<!-- Global site tag (gtag.js) - Google Analytics -->
<script async src="https://www.googletagmanager.com/gtag/js?id=UA-26211653-1"></script>
<script>
  window.dataLayer = window.dataLayer || [];
  function gtag(){dataLayer.push(arguments);}
  gtag('js', new Date());

  gtag('config', 'UA-26211653-1');
</script>
<!-- End Google Analytics -->
<!-- Venatus Ad Manager - Install in <HEAD> of page -->
	<script src="https://hb.vntsm.com/v3/live/ad-manager.min.js" type="text/javascript" data-site-id="642aba63ec9a7b11c3c9c1be" data-mode="scan" async></script>
<!-- / Venatus Ad Manager -->

<style>
	@media (max-width:820px) {
		.battle {
			margin: 0 auto;
		}
		.battle-log {
			margin: 7px auto 0;
			max-width: 640px;
			height: 300px;
			position: static;
		}
	}
	.optgroup {
		display: inline-block;
		line-height: 22px;
		font-size: 10pt;
	}
	.optgroup .button {
		height: 25px;
		padding-top: 0;
		padding-bottom: 0;
	}
	.optgroup button.button {
		padding-left: 12px;
		padding-right: 12px;
	}
	.linklist {
		list-style: none;
		margin: 0.5em 0;
		padding: 0;
	}
	.linklist li {
		padding: 2px 0;
	}
	.sidebar {
		float: left;
		width: 320px;
	}
	.bar-wrapper {
		max-width: 1100px;
		margin: 0 auto;
	}
	.bar-wrapper.has-sidebar {
		max-width: 1430px;
	}
	.mainbar {
		margin: 0;
		padding-right: 1px;
	}
	.mainbar.has-sidebar {
		margin-left: 330px;
	}
	@media (min-width: 1511px) {
		.sidebar {
			width: 400px;
		}
		.bar-wrapper.has-sidebar {
			max-width: 1510px;
		}
		.mainbar.has-sidebar {
			margin-left: 410px;
		}
	}
	.section.first-section {
		margin-top: 9px;
	}
	.blocklink small {
		white-space: normal;
	}
	.button {
		vertical-align: middle;
	}
	.replay-controls {
		padding-top: 10px;
	}
	.replay-controls h1 {
		font-size: 16pt;
		font-weight: normal;
		color: #CCC;
	}
	.pagelink {
		text-align: center;
	}
	.pagelink a {
		width: 150px;
	}
	.textbox, .button {
		font-size: 11pt;
		vertical-align: middle;
	}
	@media (max-width: 450px) {
		.button {
			font-size: 9pt;
		}
	}
</style>

<div>

	<header>
		<div class="nav-wrapper"><ul class="nav">
			<li><a class="button nav-first" href="//pokemonshowdown.com/"><img src="//pokemonshowdown.com/images/pokemonshowdownbeta.png" srcset="//pokemonshowdown.com/images/pokemonshowdownbeta.png 1x, //pokemonshowdown.com/images/pokemonshowdownbeta@2x.png 2x" alt="Pok&eacute;mon Showdown" width="146" height="44" /> Home</a></li>
			<li><a class="button" href="//pokemonshowdown.com/dex/">Pok&eacute;dex</a></li>
			<li><a class="button cur" href="/">Replays</a></li>
			<li><a class="button" href="//pokemonshowdown.com/ladder/">Ladder</a></li>
			<li><a class="button nav-last" href="//pokemonshowdown.com/forums/">Forum</a></li>
			<li><a class="button greenbutton nav-first nav-last" href="//play.pokemonshowdown.com/">Play</a></li>
		</ul></div>
	</header>

	<div class="main" id="main">

		<noscript><section class="section">You need to enable JavaScript to use this page; sorry!</section></noscript>

	</div>

</div>

<script defer nomodule src="//play.pokemonshowdown.com/js/lib/ps-polyfill.js"></script>
<script defer src="//play.pokemonshowdown.com/js/lib/preact.min.js"></script>

<script defer src="//play.pokemonshowdown.com/config/config.js?2bddbc15"></script>
<script defer src="//play.pokemonshowdown.com/js/lib/jquery-1.11.0.min.js"></script>
<script defer src="//play.pokemonshowdown.com/js/lib/html-sanitizer-minified.js"></script>
<script defer src="//play.pokemonshowdown.com/js/battle-sound.js"></script>
<script defer src="//play.pokemonshowdown.com/js/battledata.js?0.7209276989879541"></script>
<script defer src="//play.pokemonshowdown.com/data/pokedex-mini.js?0.6111056340867951"></script>
<script defer src="//play.pokemonshowdown.com/data/pokedex-mini-bw.js?0.3532142036491459"></script>
<script defer src="//play.pokemonshowdown.com/data/graphics.js?0.24223875632456182"></script>
<script defer src="//play.pokemonshowdown.com/data/pokedex.js?0.38839984266356864"></script>
<script defer src="//play.pokemonshowdown.com/data/moves.js?0.21866028504024015"></script>
<script defer src="//play.pokemonshowdown.com/data/abilities.js?0.2005157953846628"></script>
<script defer src="//play.pokemonshowdown.com/data/items.js?0.9894211263848525"></script>
<script defer src="//play.pokemonshowdown.com/data/teambuilder-tables.js?0.6008791140282215"></script>
<script defer src="//play.pokemonshowdown.com/js/battle-tooltips.js?0.7580118955022959"></script>
<script defer src="//play.pokemonshowdown.com/js/battle.js?0.6057722274234274"></script>

<script defer src="js/utils.js?e31f9a17"></script>
<script defer src="js/replays-battle.js?7008c182"></script>

<!-- don't scrape this data! just add .json or .log after the URL!
Full API docs: https://github.com/smogon/pokemon-showdown-client/blob/master/WEB-API.md -->
<script type="text/plain" class="log" id="replaylog-smogtours-gen3ou-800606">
|inactive|Battle timer is ON: inactive players will automatically lose when time's up.
|t:|1729445931
|gametype|singles
|player|p1|Seradess|2|
|player|p2|Organic Oranges|tate|
|teamsize|p1|6
|teamsize|p2|6
|gen|3
|tier|[Gen 3] OU
|rule|Sleep Clause Mod: Limit one foe put to sleep
|rule|Switch Priority Clause Mod: Faster Pokémon switch first
|rule|Species Clause: Limit one of each Pokémon
|rule|OHKO Clause: OHKO moves are banned
|rule|Evasion Items Clause: Evasion items are banned
|rule|Evasion Moves Clause: Evasion moves are banned
|rule|Endless Battle Clause: Forcing endless battles is banned
|rule|HP Percentage Mod: HP is shown in percentages
|rule|One Boost Passer Clause: Limit one Baton Passer that has a way to boost its stats
|rule|Freeze Clause Mod: Limit one foe frozen
|
|t:|1729445931
|start
|switch|p1a: Tundra|Tyranitar, F, shiny|100/100
|switch|p2a: Ca Ira|Salamence, F, shiny|100/100
|-ability|p2a: Ca Ira|Intimidate|boost
|-unboost|p1a: Tundra|atk|1
|-weather|Sandstorm|[from] ability: Sand Stream|[of] p1a: Tundra
|turn|1
|inactive|Seradess has 270 seconds left.
|
|t:|1729445963
|switch|p2a: Gyarados|Gyarados, F|100/100
|-ability|p2a: Gyarados|Intimidate|boost
|-unboost|p1a: Tundra|atk|1
|switch|p1a: Skarmory|Skarmory, M|100/100
|
|-weather|Sandstorm|[upkeep]
|-damage|p2a: Gyarados|94/100|[from] Sandstorm
|-heal|p2a: Gyarados|100/100|[from] item: Leftovers
|upkeep
|turn|2
|c|☆Seradess|glhf
|
|t:|1729445981
|switch|p2a: Turn it down|Magneton, shiny|100/100
|move|p1a: Skarmory|Spikes|p2a: Turn it down
|-sidestart|p2: Organic Oranges|Spikes
|
|-weather|Sandstorm|[upkeep]
|upkeep
|turn|3
|c|☆Organic Oranges|u2
|
|t:|1729445987
|move|p2a: Turn it down|Thunderbolt|p1a: Skarmory
|-supereffective|p1a: Skarmory
|-damage|p1a: Skarmory|0 fnt
|faint|p1a: Skarmory
|
|t:|1729446007
|switch|p1a: Aleithilithos|Aerodactyl, M, shiny|100/100
|
|-weather|Sandstorm|[upkeep]
|upkeep
|turn|4
|
|t:|1729446022
|switch|p2a: Gyarados|Gyarados, F|100/100
|-ability|p2a: Gyarados|Intimidate|boost
|-unboost|p1a: Aleithilithos|atk|1
|move|p1a: Aleithilithos|Earthquake|p2a: Gyarados
|-immune|p2a: Gyarados
|
|-weather|Sandstorm|[upkeep]
|-damage|p2a: Gyarados|94/100|[from] Sandstorm
|-heal|p2a: Gyarados|100/100|[from] item: Leftovers
|upkeep
|turn|5
|
|t:|1729446034
|switch|p1a: Zapdos|Zapdos|100/100
|move|p2a: Gyarados|Thunder Wave|p1a: Zapdos
|-status|p1a: Zapdos|par
|
|-weather|Sandstorm|[upkeep]
|-damage|p2a: Gyarados|94/100|[from] Sandstorm
|-damage|p1a: Zapdos|94/100 par|[from] Sandstorm
|-heal|p2a: Gyarados|100/100|[from] item: Leftovers
|-heal|p1a: Zapdos|100/100 par|[from] item: Leftovers
|upkeep
|turn|6
|
|t:|1729446044
|switch|p2a: Replay|Snorlax, F, shiny|100/100
|-damage|p2a: Replay|88/100|[from] Spikes
|move|p1a: Zapdos|Thunderbolt|p2a: Replay
|-damage|p2a: Replay|61/100
|
|-weather|Sandstorm|[upkeep]
|-damage|p2a: Replay|54/100|[from] Sandstorm
|-damage|p1a: Zapdos|94/100 par|[from] Sandstorm
|-heal|p2a: Replay|61/100|[from] item: Leftovers
|-heal|p1a: Zapdos|100/100 par|[from] item: Leftovers
|upkeep
|turn|7
|
|t:|1729446064
|switch|p1a: LeBron|Swampert, M, shiny|100/100
|move|p2a: Replay|Curse|p2a: Replay
|-unboost|p2a: Replay|spe|1
|-boost|p2a: Replay|atk|1
|-boost|p2a: Replay|def|1
|
|-weather|Sandstorm|[upkeep]
|-damage|p2a: Replay|54/100|[from] Sandstorm
|-heal|p2a: Replay|61/100|[from] item: Leftovers
|upkeep
|turn|8
|inactive|Organic Oranges has 270 seconds left.
|
|t:|1729446091
|move|p1a: LeBron|Surf|p2a: Replay
|-damage|p2a: Replay|44/100
|move|p2a: Replay|Body Slam|p1a: LeBron
|-damage|p1a: LeBron|58/100
|
|-weather|Sandstorm|[upkeep]
|-damage|p2a: Replay|38/100|[from] Sandstorm
|-heal|p1a: LeBron|64/100|[from] item: Leftovers
|-heal|p2a: Replay|44/100|[from] item: Leftovers
|upkeep
|turn|9
|inactive|Organic Oranges has 270 seconds left.
|
|t:|1729446109
|move|p1a: LeBron|Surf|p2a: Replay
|-damage|p2a: Replay|28/100
|move|p2a: Replay|Body Slam|p1a: LeBron
|-crit|p1a: LeBron
|-damage|p1a: LeBron|0 fnt
|faint|p1a: LeBron
|
|t:|1729446119
|switch|p1a: Aleithilithos|Aerodactyl, M, shiny|100/100
|
|-weather|Sandstorm|[upkeep]
|-damage|p2a: Replay|22/100|[from] Sandstorm
|-heal|p2a: Replay|28/100|[from] item: Leftovers
|upkeep
|turn|10
|inactive|Organic Oranges has 270 seconds left.
|
|t:|1729446154
|move|p1a: Aleithilithos|Double-Edge|p2a: Replay
|-damage|p2a: Replay|0 fnt
|faint|p2a: Replay
|
|t:|1729446163
|switch|p2a: Ca Ira|Salamence, F, shiny|100/100
|-ability|p2a: Ca Ira|Intimidate|boost
|-unboost|p1a: Aleithilithos|atk|1
|
|-weather|Sandstorm|[upkeep]
|-damage|p2a: Ca Ira|94/100|[from] Sandstorm
|-heal|p2a: Ca Ira|100/100|[from] item: Leftovers
|upkeep
|turn|11
|
|t:|1729446172
|switch|p1a: Blissey|Blissey, F|100/100
|move|p2a: Ca Ira|Dragon Dance|p2a: Ca Ira
|-boost|p2a: Ca Ira|atk|1
|-boost|p2a: Ca Ira|spe|1
|
|-weather|Sandstorm|[upkeep]
|-damage|p2a: Ca Ira|94/100|[from] Sandstorm
|-damage|p1a: Blissey|94/100|[from] Sandstorm
|-heal|p2a: Ca Ira|100/100|[from] item: Leftovers
|-heal|p1a: Blissey|100/100|[from] item: Leftovers
|upkeep
|turn|12
|
|t:|1729446190
|switch|p2a: Metagross|Metagross|100/100
|-damage|p2a: Metagross|88/100|[from] Spikes
|move|p1a: Blissey|Ice Beam|p2a: Metagross
|-resisted|p2a: Metagross
|-damage|p2a: Metagross|74/100
|
|-weather|Sandstorm|[upkeep]
|-damage|p1a: Blissey|94/100|[from] Sandstorm
|-heal|p1a: Blissey|100/100|[from] item: Leftovers
|upkeep
|turn|13
|
|t:|1729446205
|switch|p1a: Zapdos|Zapdos|100/100 par
|move|p2a: Metagross|Meteor Mash|p1a: Zapdos
|-resisted|p1a: Zapdos
|-damage|p1a: Zapdos|55/100 par
|
|-weather|Sandstorm|[upkeep]
|-damage|p1a: Zapdos|49/100 par|[from] Sandstorm
|-heal|p1a: Zapdos|55/100 par|[from] item: Leftovers
|upkeep
|turn|14
|
|t:|1729446231
|switch|p2a: Turn it down|Magneton, shiny|100/100
|-damage|p2a: Turn it down|88/100|[from] Spikes
|cant|p1a: Zapdos|par
|
|-weather|Sandstorm|[upkeep]
|-damage|p1a: Zapdos|49/100 par|[from] Sandstorm
|-heal|p1a: Zapdos|55/100 par|[from] item: Leftovers
|upkeep
|turn|15
|
|t:|1729446241
|switch|p1a: Blissey|Blissey, F|100/100
|move|p2a: Turn it down|Thunderbolt|p1a: Blissey
|-damage|p1a: Blissey|81/100
|
|-weather|Sandstorm|[upkeep]
|-damage|p1a: Blissey|75/100|[from] Sandstorm
|-heal|p1a: Blissey|81/100|[from] item: Leftovers
|upkeep
|turn|16
|
|t:|1729446250
|move|p2a: Turn it down|Thunder Wave|p1a: Blissey
|-status|p1a: Blissey|par
|move|p1a: Blissey|Thunder Wave|p2a: Turn it down
|-status|p2a: Turn it down|par
|
|-weather|Sandstorm|[upkeep]
|-damage|p1a: Blissey|75/100 par|[from] Sandstorm
|-heal|p1a: Blissey|81/100 par|[from] item: Leftovers
|upkeep
|turn|17
|
|t:|1729446260
|switch|p2a: Metagross|Metagross|74/100
|-damage|p2a: Metagross|62/100|[from] Spikes
|move|p1a: Blissey|Thunder Wave|p2a: Metagross
|-status|p2a: Metagross|par
|
|-weather|Sandstorm|[upkeep]
|-damage|p1a: Blissey|75/100 par|[from] Sandstorm
|-heal|p1a: Blissey|81/100 par|[from] item: Leftovers
|upkeep
|turn|18
|
|t:|1729446280
|-curestatus|p1a: Blissey|par|[from] ability: Natural Cure
|switch|p1a: Zapdos|Zapdos|55/100 par
|cant|p2a: Metagross|par
|
|-weather|Sandstorm|[upkeep]
|-damage|p1a: Zapdos|49/100 par|[from] Sandstorm
|-heal|p1a: Zapdos|55/100 par|[from] item: Leftovers
|upkeep
|turn|19
|
|t:|1729446293
|cant|p1a: Zapdos|par
|move|p2a: Metagross|Explosion|p1a: Zapdos
|-damage|p1a: Zapdos|0 fnt
|faint|p2a: Metagross
|faint|p1a: Zapdos
|
|t:|1729446310
|switch|p1a: Blissey|Blissey, F|81/100
|switch|p2a: Gyarados|Gyarados, F|100/100
|-ability|p2a: Gyarados|Intimidate|boost
|-unboost|p1a: Blissey|atk|1
|
|-weather|Sandstorm|[upkeep]
|-damage|p2a: Gyarados|94/100|[from] Sandstorm
|-damage|p1a: Blissey|75/100|[from] Sandstorm
|-heal|p2a: Gyarados|100/100|[from] item: Leftovers
|-heal|p1a: Blissey|81/100|[from] item: Leftovers
|upkeep
|turn|20
|
|t:|1729446323
|move|p2a: Gyarados|Hidden Power|p1a: Blissey
|-damage|p1a: Blissey|42/100
|move|p1a: Blissey|Thunder Wave|p2a: Gyarados
|-status|p2a: Gyarados|par
|
|-weather|Sandstorm|[upkeep]
|-damage|p1a: Blissey|36/100|[from] Sandstorm
|-damage|p2a: Gyarados|94/100 par|[from] Sandstorm
|-heal|p1a: Blissey|42/100|[from] item: Leftovers
|-heal|p2a: Gyarados|100/100 par|[from] item: Leftovers
|upkeep
|turn|21
|
|t:|1729446337
|move|p1a: Blissey|Soft-Boiled|p1a: Blissey
|-heal|p1a: Blissey|92/100
|move|p2a: Gyarados|Hidden Power|p1a: Blissey
|-damage|p1a: Blissey|52/100
|
|-weather|Sandstorm|[upkeep]
|-damage|p1a: Blissey|46/100|[from] Sandstorm
|-damage|p2a: Gyarados|94/100 par|[from] Sandstorm
|-heal|p1a: Blissey|52/100|[from] item: Leftovers
|-heal|p2a: Gyarados|100/100 par|[from] item: Leftovers
|upkeep
|turn|22
|
|t:|1729446353
|switch|p2a: Turn it down|Magneton, shiny|88/100 par
|-damage|p2a: Turn it down|76/100 par|[from] Spikes
|move|p1a: Blissey|Soft-Boiled|p1a: Blissey
|-heal|p1a: Blissey|100/100
|
|-weather|Sandstorm|[upkeep]
|-damage|p1a: Blissey|94/100|[from] Sandstorm
|-heal|p1a: Blissey|100/100|[from] item: Leftovers
|upkeep
|turn|23
|
|t:|1729446363
|move|p1a: Blissey|Seismic Toss|p2a: Turn it down
|-damage|p2a: Turn it down|34/100 par
|cant|p2a: Turn it down|par
|
|-weather|Sandstorm|[upkeep]
|-damage|p1a: Blissey|94/100|[from] Sandstorm
|-heal|p1a: Blissey|100/100|[from] item: Leftovers
|upkeep
|turn|24
|
|t:|1729446372
|move|p1a: Blissey|Seismic Toss|p2a: Turn it down
|-damage|p2a: Turn it down|0 fnt
|faint|p2a: Turn it down
|
|t:|1729446384
|switch|p2a: Gyarados|Gyarados, F|100/100 par
|-ability|p2a: Gyarados|Intimidate|boost
|-unboost|p1a: Blissey|atk|1
|
|-weather|Sandstorm|[upkeep]
|-damage|p1a: Blissey|94/100|[from] Sandstorm
|-damage|p2a: Gyarados|94/100 par|[from] Sandstorm
|-heal|p1a: Blissey|100/100|[from] item: Leftovers
|-heal|p2a: Gyarados|100/100 par|[from] item: Leftovers
|upkeep
|turn|25
|
|t:|1729446394
|switch|p1a: Tundra|Tyranitar, F, shiny|100/100
|move|p2a: Gyarados|Thunder Wave|p1a: Tundra
|-status|p1a: Tundra|par
|
|-weather|Sandstorm|[upkeep]
|-damage|p2a: Gyarados|94/100 par|[from] Sandstorm
|-heal|p2a: Gyarados|100/100 par|[from] item: Leftovers
|upkeep
|turn|26
|
|t:|1729446403
|switch|p2a: Ca Ira|Salamence, F, shiny|100/100
|-ability|p2a: Ca Ira|Intimidate|boost
|-unboost|p1a: Tundra|atk|1
|move|p1a: Tundra|Rock Slide|p2a: Ca Ira
|-supereffective|p2a: Ca Ira
|-damage|p2a: Ca Ira|28/100
|
|-weather|Sandstorm|[upkeep]
|-damage|p2a: Ca Ira|22/100|[from] Sandstorm
|-heal|p2a: Ca Ira|28/100|[from] item: Leftovers
|upkeep
|turn|27
|
|t:|1729446417
|move|p2a: Ca Ira|Dragon Dance|p2a: Ca Ira
|-boost|p2a: Ca Ira|atk|1
|-boost|p2a: Ca Ira|spe|1
|cant|p1a: Tundra|par
|
|-weather|Sandstorm|[upkeep]
|-damage|p2a: Ca Ira|22/100|[from] Sandstorm
|-heal|p2a: Ca Ira|28/100|[from] item: Leftovers
|upkeep
|turn|28
|
|t:|1729446425
|move|p2a: Ca Ira|Earthquake|p1a: Tundra
|-supereffective|p1a: Tundra
|-damage|p1a: Tundra|5/100 par
|cant|p1a: Tundra|par
|
|-weather|Sandstorm|[upkeep]
|-damage|p2a: Ca Ira|22/100|[from] Sandstorm
|-heal|p2a: Ca Ira|28/100|[from] item: Leftovers
|-heal|p1a: Tundra|11/100 par|[from] item: Leftovers
|upkeep
|turn|29
|inactive|Organic Oranges has 270 seconds left.
|
|t:|1729446434
|move|p2a: Ca Ira|Hidden Power|p1a: Tundra
|-resisted|p1a: Tundra
|-crit|p1a: Tundra
|-damage|p1a: Tundra|0 fnt
|faint|p1a: Tundra
|
|t:|1729446437
|switch|p1a: Blissey|Blissey, F|100/100
|
|-weather|Sandstorm|[upkeep]
|-damage|p2a: Ca Ira|22/100|[from] Sandstorm
|-damage|p1a: Blissey|94/100|[from] Sandstorm
|-heal|p2a: Ca Ira|28/100|[from] item: Leftovers
|-heal|p1a: Blissey|100/100|[from] item: Leftovers
|upkeep
|turn|30
|
|t:|1729446451
|move|p2a: Ca Ira|Rock Slide|p1a: Blissey
|-damage|p1a: Blissey|51/100
|move|p1a: Blissey|Ice Beam|p2a: Ca Ira
|-supereffective|p2a: Ca Ira
|-damage|p2a: Ca Ira|0 fnt
|faint|p2a: Ca Ira
|inactive|Organic Oranges has 270 seconds left.
|
|t:|1729446463
|switch|p2a: Jirachi|Jirachi|100/100
|-damage|p2a: Jirachi|88/100|[from] Spikes
|
|-weather|Sandstorm|[upkeep]
|-damage|p1a: Blissey|45/100|[from] Sandstorm
|-heal|p2a: Jirachi|94/100|[from] item: Leftovers
|-heal|p1a: Blissey|51/100|[from] item: Leftovers
|upkeep
|turn|31
|
|t:|1729446472
|move|p2a: Jirachi|Calm Mind|p2a: Jirachi
|-boost|p2a: Jirachi|spa|1
|-boost|p2a: Jirachi|spd|1
|move|p1a: Blissey|Thunder Wave|p2a: Jirachi
|-status|p2a: Jirachi|par
|
|-weather|Sandstorm|[upkeep]
|-damage|p1a: Blissey|45/100|[from] Sandstorm
|-heal|p1a: Blissey|51/100|[from] item: Leftovers
|-heal|p2a: Jirachi|100/100 par|[from] item: Leftovers
|upkeep
|turn|32
|
|t:|1729446484
|move|p1a: Blissey|Seismic Toss|p2a: Jirachi
|-damage|p2a: Jirachi|76/100 par
|move|p2a: Jirachi|Thunder|p1a: Blissey
|-damage|p1a: Blissey|35/100
|
|-weather|Sandstorm|[upkeep]
|-damage|p1a: Blissey|28/100|[from] Sandstorm
|-heal|p1a: Blissey|35/100|[from] item: Leftovers
|-heal|p2a: Jirachi|82/100 par|[from] item: Leftovers
|upkeep
|turn|33
|
|t:|1729446496
|move|p1a: Blissey|Soft-Boiled|p1a: Blissey
|-heal|p1a: Blissey|85/100
|cant|p2a: Jirachi|par
|
|-weather|Sandstorm|[upkeep]
|-damage|p1a: Blissey|78/100|[from] Sandstorm
|-heal|p1a: Blissey|85/100|[from] item: Leftovers
|-heal|p2a: Jirachi|88/100 par|[from] item: Leftovers
|upkeep
|turn|34
|
|t:|1729446504
|move|p1a: Blissey|Seismic Toss|p2a: Jirachi
|-damage|p2a: Jirachi|63/100 par
|cant|p2a: Jirachi|par
|
|-weather|Sandstorm|[upkeep]
|-damage|p1a: Blissey|78/100|[from] Sandstorm
|-heal|p1a: Blissey|85/100|[from] item: Leftovers
|-heal|p2a: Jirachi|70/100 par|[from] item: Leftovers
|upkeep
|turn|35
|
|t:|1729446513
|move|p1a: Blissey|Seismic Toss|p2a: Jirachi
|-damage|p2a: Jirachi|45/100 par
|move|p2a: Jirachi|Thunder|p1a: Blissey|[miss]
|-miss|p2a: Jirachi|p1a: Blissey
|
|-weather|Sandstorm|[upkeep]
|-damage|p1a: Blissey|78/100|[from] Sandstorm
|-heal|p1a: Blissey|85/100|[from] item: Leftovers
|-heal|p2a: Jirachi|51/100 par|[from] item: Leftovers
|upkeep
|turn|36
|
|t:|1729446523
|move|p1a: Blissey|Seismic Toss|p2a: Jirachi
|-damage|p2a: Jirachi|26/100 par
|move|p2a: Jirachi|Wish|p2a: Jirachi
|
|-weather|Sandstorm|[upkeep]
|-damage|p1a: Blissey|78/100|[from] Sandstorm
|-heal|p1a: Blissey|85/100|[from] item: Leftovers
|-heal|p2a: Jirachi|32/100 par|[from] item: Leftovers
|upkeep
|turn|37
|
|t:|1729446536
|move|p1a: Blissey|Seismic Toss|p2a: Jirachi
|-damage|p2a: Jirachi|8/100 par
|move|p2a: Jirachi|Thunder|p1a: Blissey
|-damage|p1a: Blissey|68/100
|
|-heal|p2a: Jirachi|58/100 par|[from] move: Wish|[wisher] Jirachi
|-weather|Sandstorm|[upkeep]
|-damage|p1a: Blissey|62/100|[from] Sandstorm
|-heal|p1a: Blissey|68/100|[from] item: Leftovers
|-heal|p2a: Jirachi|64/100 par|[from] item: Leftovers
|upkeep
|turn|38
|
|t:|1729446548
|move|p1a: Blissey|Seismic Toss|p2a: Jirachi
|-damage|p2a: Jirachi|39/100 par
|move|p2a: Jirachi|Wish|p2a: Jirachi
|
|-weather|Sandstorm|[upkeep]
|-damage|p1a: Blissey|62/100|[from] Sandstorm
|-heal|p1a: Blissey|68/100|[from] item: Leftovers
|-heal|p2a: Jirachi|45/100 par|[from] item: Leftovers
|upkeep
|turn|39
|
|t:|1729446557
|move|p1a: Blissey|Seismic Toss|p2a: Jirachi
|-damage|p2a: Jirachi|21/100 par
|move|p2a: Jirachi|Thunder|p1a: Blissey
|-damage|p1a: Blissey|52/100
|-status|p1a: Blissey|par
|
|-heal|p2a: Jirachi|71/100 par|[from] move: Wish|[wisher] Jirachi
|-weather|Sandstorm|[upkeep]
|-damage|p1a: Blissey|46/100 par|[from] Sandstorm
|-heal|p2a: Jirachi|77/100 par|[from] item: Leftovers
|-heal|p1a: Blissey|52/100 par|[from] item: Leftovers
|upkeep
|turn|40
|
|t:|1729446573
|cant|p2a: Jirachi|par
|move|p1a: Blissey|Soft-Boiled|p1a: Blissey
|-heal|p1a: Blissey|100/100 par
|
|-weather|Sandstorm|[upkeep]
|-damage|p1a: Blissey|94/100 par|[from] Sandstorm
|-heal|p2a: Jirachi|83/100 par|[from] item: Leftovers
|-heal|p1a: Blissey|100/100 par|[from] item: Leftovers
|upkeep
|turn|41
|
|t:|1729446596
|move|p2a: Jirachi|Wish|p2a: Jirachi
|move|p1a: Blissey|Seismic Toss|p2a: Jirachi
|-damage|p2a: Jirachi|58/100 par
|
|-weather|Sandstorm|[upkeep]
|-damage|p1a: Blissey|94/100 par|[from] Sandstorm
|-heal|p2a: Jirachi|64/100 par|[from] item: Leftovers
|-heal|p1a: Blissey|100/100 par|[from] item: Leftovers
|upkeep
|turn|42
|
|t:|1729446604
|move|p2a: Jirachi|Calm Mind|p2a: Jirachi
|-boost|p2a: Jirachi|spa|1
|-boost|p2a: Jirachi|spd|1
|move|p1a: Blissey|Seismic Toss|p2a: Jirachi
|-damage|p2a: Jirachi|40/100 par
|
|-heal|p2a: Jirachi|90/100 par|[from] move: Wish|[wisher] Jirachi
|-weather|Sandstorm|[upkeep]
|-damage|p1a: Blissey|94/100 par|[from] Sandstorm
|-heal|p2a: Jirachi|96/100 par|[from] item: Leftovers
|-heal|p1a: Blissey|100/100 par|[from] item: Leftovers
|upkeep
|turn|43
|
|t:|1729446616
|move|p2a: Jirachi|Calm Mind|p2a: Jirachi
|-boost|p2a: Jirachi|spa|1
|-boost|p2a: Jirachi|spd|1
|cant|p1a: Blissey|par
|
|-weather|Sandstorm|[upkeep]
|-damage|p1a: Blissey|94/100 par|[from] Sandstorm
|-heal|p2a: Jirachi|100/100 par|[from] item: Leftovers
|-heal|p1a: Blissey|100/100 par|[from] item: Leftovers
|upkeep
|turn|44
|
|t:|1729446628
|move|p2a: Jirachi|Calm Mind|p2a: Jirachi
|-boost|p2a: Jirachi|spa|1
|-boost|p2a: Jirachi|spd|1
|move|p1a: Blissey|Seismic Toss|p2a: Jirachi
|-damage|p2a: Jirachi|76/100 par
|
|-weather|Sandstorm|[upkeep]
|-damage|p1a: Blissey|94/100 par|[from] Sandstorm
|-heal|p2a: Jirachi|82/100 par|[from] item: Leftovers
|-heal|p1a: Blissey|100/100 par|[from] item: Leftovers
|upkeep
|turn|45
|
|t:|1729446639
|move|p2a: Jirachi|Calm Mind|p2a: Jirachi
|-boost|p2a: Jirachi|spa|1
|-boost|p2a: Jirachi|spd|1
|cant|p1a: Blissey|par
|
|-weather|Sandstorm|[upkeep]
|-damage|p1a: Blissey|94/100 par|[from] Sandstorm
|-heal|p2a: Jirachi|88/100 par|[from] item: Leftovers
|-heal|p1a: Blissey|100/100 par|[from] item: Leftovers
|upkeep
|turn|46
|
|t:|1729446649
|move|p2a: Jirachi|Calm Mind|p2a: Jirachi
|-boost|p2a: Jirachi|spa|1
|-boost|p2a: Jirachi|spd|1
|cant|p1a: Blissey|par
|
|-weather|Sandstorm|[upkeep]
|-damage|p1a: Blissey|94/100 par|[from] Sandstorm
|-heal|p2a: Jirachi|94/100 par|[from] item: Leftovers
|-heal|p1a: Blissey|100/100 par|[from] item: Leftovers
|upkeep
|turn|47
|
|t:|1729446666
|move|p2a: Jirachi|Thunder|p1a: Blissey|[miss]
|-miss|p2a: Jirachi|p1a: Blissey
|move|p1a: Blissey|Seismic Toss|p2a: Jirachi
|-damage|p2a: Jirachi|70/100 par
|
|-weather|Sandstorm|[upkeep]
|-damage|p1a: Blissey|94/100 par|[from] Sandstorm
|-heal|p2a: Jirachi|76/100 par|[from] item: Leftovers
|-heal|p1a: Blissey|100/100 par|[from] item: Leftovers
|upkeep
|turn|48
|
|t:|1729446683
|move|p2a: Jirachi|Wish|p2a: Jirachi
|move|p1a: Blissey|Seismic Toss|p2a: Jirachi
|-damage|p2a: Jirachi|51/100 par
|
|-weather|Sandstorm|[upkeep]
|-damage|p1a: Blissey|94/100 par|[from] Sandstorm
|-heal|p2a: Jirachi|57/100 par|[from] item: Leftovers
|-heal|p1a: Blissey|100/100 par|[from] item: Leftovers
|upkeep
|turn|49
|
|t:|1729446692
|move|p2a: Jirachi|Calm Mind|p2a: Jirachi
|-boost|p2a: Jirachi|spa|0
|-boost|p2a: Jirachi|spd|0
|cant|p1a: Blissey|par
|
|-heal|p2a: Jirachi|100/100 par|[from] move: Wish|[wisher] Jirachi
|-weather|Sandstorm|[upkeep]
|-damage|p1a: Blissey|94/100 par|[from] Sandstorm
|-heal|p1a: Blissey|100/100 par|[from] item: Leftovers
|upkeep
|turn|50
|inactive|Organic Oranges has 270 seconds left.
|
|t:|1729446720
|move|p2a: Jirachi|Fire Punch|p1a: Blissey
|-damage|p1a: Blissey|73/100 par
|move|p1a: Blissey|Seismic Toss|p2a: Jirachi
|-damage|p2a: Jirachi|76/100 par
|
|-weather|Sandstorm|[upkeep]
|-damage|p1a: Blissey|66/100 par|[from] Sandstorm
|-heal|p2a: Jirachi|82/100 par|[from] item: Leftovers
|-heal|p1a: Blissey|73/100 par|[from] item: Leftovers
|upkeep
|turn|51
|inactive|Organic Oranges has 270 seconds left.
|
|t:|1729446734
|move|p2a: Jirachi|Thunder|p1a: Blissey|[miss]
|-miss|p2a: Jirachi|p1a: Blissey
|move|p1a: Blissey|Seismic Toss|p2a: Jirachi
|-damage|p2a: Jirachi|57/100 par
|
|-weather|Sandstorm|[upkeep]
|-damage|p1a: Blissey|66/100 par|[from] Sandstorm
|-heal|p2a: Jirachi|63/100 par|[from] item: Leftovers
|-heal|p1a: Blissey|73/100 par|[from] item: Leftovers
|upkeep
|turn|52
|inactive|Organic Oranges has 270 seconds left.
|
|t:|1729446746
|-curestatus|p1a: Blissey|par|[from] ability: Natural Cure
|switch|p1a: Aleithilithos|Aerodactyl, M, shiny|100/100
|move|p2a: Jirachi|Wish|p2a: Jirachi
|
|-weather|Sandstorm|[upkeep]
|-heal|p2a: Jirachi|70/100 par|[from] item: Leftovers
|upkeep
|turn|53
|
|t:|1729446755
|move|p1a: Aleithilithos|Earthquake|p2a: Jirachi
|-supereffective|p2a: Jirachi
|-damage|p2a: Jirachi|10/100 par
|move|p2a: Jirachi|Thunder|p1a: Aleithilithos|[miss]
|-miss|p2a: Jirachi|p1a: Aleithilithos
|
|-heal|p2a: Jirachi|60/100 par|[from] move: Wish|[wisher] Jirachi
|-weather|Sandstorm|[upkeep]
|-heal|p2a: Jirachi|66/100 par|[from] item: Leftovers
|upkeep
|turn|54
|
|t:|1729446765
|move|p1a: Aleithilithos|Earthquake|p2a: Jirachi
|-supereffective|p2a: Jirachi
|-damage|p2a: Jirachi|8/100 par
|move|p2a: Jirachi|Thunder|p1a: Aleithilithos
|-supereffective|p1a: Aleithilithos
|-damage|p1a: Aleithilithos|0 fnt
|faint|p1a: Aleithilithos
|
|t:|1729446771
|switch|p1a: Blissey|Blissey, F|73/100
|
|-weather|Sandstorm|[upkeep]
|-damage|p1a: Blissey|66/100|[from] Sandstorm
|-heal|p1a: Blissey|73/100|[from] item: Leftovers
|-heal|p2a: Jirachi|14/100 par|[from] item: Leftovers
|upkeep
|turn|55
|
|t:|1729446778
|move|p1a: Blissey|Seismic Toss|p2a: Jirachi
|-damage|p2a: Jirachi|0 fnt
|faint|p2a: Jirachi
|
|t:|1729446783
|switch|p2a: Gyarados|Gyarados, F|100/100 par
|-ability|p2a: Gyarados|Intimidate|boost
|-unboost|p1a: Blissey|atk|1
|
|-weather|Sandstorm|[upkeep]
|-damage|p1a: Blissey|66/100|[from] Sandstorm
|-damage|p2a: Gyarados|94/100 par|[from] Sandstorm
|-heal|p1a: Blissey|73/100|[from] item: Leftovers
|-heal|p2a: Gyarados|100/100 par|[from] item: Leftovers
|upkeep
|turn|56
|
|t:|1729446798
|move|p1a: Blissey|Seismic Toss|p2a: Gyarados
|-damage|p2a: Gyarados|72/100 par
|cant|p2a: Gyarados|par
|
|-weather|Sandstorm|[upkeep]
|-damage|p1a: Blissey|66/100|[from] Sandstorm
|-damage|p2a: Gyarados|66/100 par|[from] Sandstorm
|-heal|p1a: Blissey|73/100|[from] item: Leftovers
|-heal|p2a: Gyarados|72/100 par|[from] item: Leftovers
|upkeep
|turn|57
|inactive|Organic Oranges has 270 seconds left.
|
|t:|1729446825
|move|p1a: Blissey|Seismic Toss|p2a: Gyarados
|-damage|p2a: Gyarados|43/100 par
|move|p2a: Gyarados|Dragon Dance|p2a: Gyarados
|-boost|p2a: Gyarados|atk|1
|-boost|p2a: Gyarados|spe|1
|
|-weather|Sandstorm|[upkeep]
|-damage|p1a: Blissey|66/100|[from] Sandstorm
|-damage|p2a: Gyarados|37/100 par|[from] Sandstorm
|-heal|p1a: Blissey|73/100|[from] item: Leftovers
|-heal|p2a: Gyarados|43/100 par|[from] item: Leftovers
|upkeep
|turn|58
|inactive|Organic Oranges has 270 seconds left.
|
|t:|1729446836
|move|p1a: Blissey|Seismic Toss|p2a: Gyarados
|-damage|p2a: Gyarados|14/100 par
|move|p2a: Gyarados|Hidden Power|p1a: Blissey
|-damage|p1a: Blissey|16/100
|
|-weather|Sandstorm|[upkeep]
|-damage|p1a: Blissey|9/100|[from] Sandstorm
|-damage|p2a: Gyarados|8/100 par|[from] Sandstorm
|-heal|p1a: Blissey|16/100|[from] item: Leftovers
|-heal|p2a: Gyarados|14/100 par|[from] item: Leftovers
|upkeep
|turn|59
|c|☆Seradess|gg
|inactive|Organic Oranges has 270 seconds left.
|
|t:|1729446846
|move|p1a: Blissey|Seismic Toss|p2a: Gyarados
|-damage|p2a: Gyarados|0 fnt
|faint|p2a: Gyarados
|
|win|Seradess
|c|☆Organic Oranges|gg

</script>
<script type="application/json" class="data" id="replaydata-smogtours-gen3ou-800606">
{"id":"smogtours-gen3ou-800606","format":"[Gen 3] OU","players":["Seradess","Organic Oranges"],"uploadtime":1729446846,"views":165,"formatid":"gen3ou","rating":null,"private":0,"password":null}
</script>

<script defer src="js/replays.js?9d40a366"></script>
