<!DOCTYPE html>
<meta charset="utf-8" />
<meta name="viewport" content="width=device-width" />

<title>[Gen 3] OU: keeping it icy vs. social inclusion - Replays - Pok&eacute;mon Showdown!</title>

<meta name="description" content="Watch a replay of a Pok&eacute;mon battle between keeping it icy and social inclusion! Format: [Gen 3] OU; Date: Oct 30, 2024" />
<!--

Hey, you! Looking in the source for the replay log?

You can find them in JSON format, just add `.json` at the end of a replay URL.

https://replay.pokemonshowdown.com/gen7randomdoublesbattle-865046831.json

Or, if you only need the log itself, add `.log` instead:

https://replay.pokemonshowdown.com/gen7randomdoublesbattle-865046831.log

-->

<link rel="stylesheet" href="//pokemonshowdown.com/style/global.css?0.023195364461161105" />
<link rel="stylesheet" href="//play.pokemonshowdown.com/style/font-awesome.css?0.13261647063804238" />
<link rel="stylesheet" href="//play.pokemonshowdown.com/style/battle.css?0.8753245789963631" />
<link rel="stylesheet" href="//play.pokemonshowdown.com/style/utilichart.css?0.8627959624976733" />

<!-- Global site tag (gtag.js) - Google Analytics -->
<script async src="https://www.googletagmanager.com/gtag/js?id=UA-26211653-1"></script>
<script>
  window.dataLayer = window.dataLayer || [];
  function gtag(){dataLayer.push(arguments);}
  gtag('js', new Date());

  gtag('config', 'UA-26211653-1');
</script>
<!-- End Google Analytics -->
<!-- Venatus Ad Manager - Install in <HEAD> of page -->
	<script src="https://hb.vntsm.com/v3/live/ad-manager.min.js" type="text/javascript" data-site-id="642aba63ec9a7b11c3c9c1be" data-mode="scan" async></script>
<!-- / Venatus Ad Manager -->

<style>
	@media (max-width:820px) {
		.battle {
			margin: 0 auto;
		}
		.battle-log {
			margin: 7px auto 0;
			max-width: 640px;
			height: 300px;
			position: static;
		}
	}
	.optgroup {
		display: inline-block;
		line-height: 22px;
		font-size: 10pt;
	}
	.optgroup .button {
		height: 25px;
		padding-top: 0;
		padding-bottom: 0;
	}
	.optgroup button.button {
		padding-left: 12px;
		padding-right: 12px;
	}
	.linklist {
		list-style: none;
		margin: 0.5em 0;
		padding: 0;
	}
	.linklist li {
		padding: 2px 0;
	}
	.sidebar {
		float: left;
		width: 320px;
	}
	.bar-wrapper {
		max-width: 1100px;
		margin: 0 auto;
	}
	.bar-wrapper.has-sidebar {
		max-width: 1430px;
	}
	.mainbar {
		margin: 0;
		padding-right: 1px;
	}
	.mainbar.has-sidebar {
		margin-left: 330px;
	}
	@media (min-width: 1511px) {
		.sidebar {
			width: 400px;
		}
		.bar-wrapper.has-sidebar {
			max-width: 1510px;
		}
		.mainbar.has-sidebar {
			margin-left: 410px;
		}
	}
	.section.first-section {
		margin-top: 9px;
	}
	.blocklink small {
		white-space: normal;
	}
	.button {
		vertical-align: middle;
	}
	.replay-controls {
		padding-top: 10px;
	}
	.replay-controls h1 {
		font-size: 16pt;
		font-weight: normal;
		color: #CCC;
	}
	.pagelink {
		text-align: center;
	}
	.pagelink a {
		width: 150px;
	}
	.textbox, .button {
		font-size: 11pt;
		vertical-align: middle;
	}
	@media (max-width: 450px) {
		.button {
			font-size: 9pt;
		}
	}
</style>

<div>

	<header>
		<div class="nav-wrapper"><ul class="nav">
			<li><a class="button nav-first" href="//pokemonshowdown.com/"><img src="//pokemonshowdown.com/images/pokemonshowdownbeta.png" srcset="//pokemonshowdown.com/images/pokemonshowdownbeta.png 1x, //pokemonshowdown.com/images/pokemonshowdownbeta@2x.png 2x" alt="Pok&eacute;mon Showdown" width="146" height="44" /> Home</a></li>
			<li><a class="button" href="//pokemonshowdown.com/dex/">Pok&eacute;dex</a></li>
			<li><a class="button cur" href="/">Replays</a></li>
			<li><a class="button" href="//pokemonshowdown.com/ladder/">Ladder</a></li>
			<li><a class="button nav-last" href="//pokemonshowdown.com/forums/">Forum</a></li>
			<li><a class="button greenbutton nav-first nav-last" href="//play.pokemonshowdown.com/">Play</a></li>
		</ul></div>
	</header>

	<div class="main" id="main">

		<noscript><section class="section">You need to enable JavaScript to use this page; sorry!</section></noscript>

	</div>

</div>

<script defer nomodule src="//play.pokemonshowdown.com/js/lib/ps-polyfill.js"></script>
<script defer src="//play.pokemonshowdown.com/js/lib/preact.min.js"></script>

<script defer src="//play.pokemonshowdown.com/config/config.js?2bddbc15"></script>
<script defer src="//play.pokemonshowdown.com/js/lib/jquery-1.11.0.min.js"></script>
<script defer src="//play.pokemonshowdown.com/js/lib/html-sanitizer-minified.js"></script>
<script defer src="//play.pokemonshowdown.com/js/battle-sound.js"></script>
<script defer src="//play.pokemonshowdown.com/js/battledata.js?0.7209276989879541"></script>
<script defer src="//play.pokemonshowdown.com/data/pokedex-mini.js?0.6111056340867951"></script>
<script defer src="//play.pokemonshowdown.com/data/pokedex-mini-bw.js?0.3532142036491459"></script>
<script defer src="//play.pokemonshowdown.com/data/graphics.js?0.24223875632456182"></script>
<script defer src="//play.pokemonshowdown.com/data/pokedex.js?0.38839984266356864"></script>
<script defer src="//play.pokemonshowdown.com/data/moves.js?0.21866028504024015"></script>
<script defer src="//play.pokemonshowdown.com/data/abilities.js?0.2005157953846628"></script>
<script defer src="//play.pokemonshowdown.com/data/items.js?0.9894211263848525"></script>
<script defer src="//play.pokemonshowdown.com/data/teambuilder-tables.js?0.6008791140282215"></script>
<script defer src="//play.pokemonshowdown.com/js/battle-tooltips.js?0.7580118955022959"></script>
<script defer src="//play.pokemonshowdown.com/js/battle.js?0.6057722274234274"></script>

<script defer src="js/utils.js?e31f9a17"></script>
<script defer src="js/replays-battle.js?7008c182"></script>

<!-- don't scrape this data! just add .json or .log after the URL!
Full API docs: https://github.com/smogon/pokemon-showdown-client/blob/master/WEB-API.md -->
<script type="text/plain" class="log" id="replaylog-smogtours-gen3ou-803468">
|inactive|Battle timer is ON: inactive players will automatically lose when time's up.
|t:|1730320316
|gametype|singles
|player|p1|keeping it icy|skier-gen2|
|player|p2|social inclusion|scientist|
|teamsize|p1|6
|teamsize|p2|6
|gen|3
|tier|[Gen 3] OU
|rule|Sleep Clause Mod: Limit one foe put to sleep
|rule|Switch Priority Clause Mod: Faster Pokémon switch first
|rule|Species Clause: Limit one of each Pokémon
|rule|OHKO Clause: OHKO moves are banned
|rule|Evasion Items Clause: Evasion items are banned
|rule|Evasion Moves Clause: Evasion moves are banned
|rule|Endless Battle Clause: Forcing endless battles is banned
|rule|HP Percentage Mod: HP is shown in percentages
|rule|One Boost Passer Clause: Limit one Baton Passer that has a way to boost its stats
|rule|Freeze Clause Mod: Limit one foe frozen
|
|t:|1730320316
|start
|switch|p1a: Tyranitar|Tyranitar, F|100/100
|switch|p2a: Forretress|Forretress, F|100/100
|-weather|Sandstorm|[from] ability: Sand Stream|[of] p1a: Tyranitar
|turn|1
|c|☆social inclusion|hf mate
|c|☆keeping it icy|u2 boss
|inactive|keeping it icy has 270 seconds left.
|inactive|keeping it icy has 240 seconds left.
|inactive|keeping it icy has 210 seconds left.
|
|t:|1730320409
|switch|p1a: Skarmory|Skarmory, F|100/100
|switch|p2a: Milotic|Milotic, M|100/100
|
|-weather|Sandstorm|[upkeep]
|-damage|p2a: Milotic|94/100|[from] Sandstorm
|-heal|p2a: Milotic|100/100|[from] item: Leftovers
|upkeep
|turn|2
|inactive|keeping it icy has 270 seconds left.
|
|t:|1730320431
|switch|p2a: Forretress|Forretress, F|100/100
|move|p1a: Skarmory|Spikes|p2a: Forretress
|-sidestart|p2: social inclusion|Spikes
|
|-weather|Sandstorm|[upkeep]
|upkeep
|turn|3
|
|t:|1730320447
|move|p1a: Skarmory|Drill Peck|p2a: Forretress
|-damage|p2a: Forretress|87/100
|move|p2a: Forretress|Rapid Spin|p1a: Skarmory
|-resisted|p1a: Skarmory
|-damage|p1a: Skarmory|99/100
|-sideend|p2: social inclusion|Spikes|[from] move: Rapid Spin|[of] p2a: Forretress
|
|-weather|Sandstorm|[upkeep]
|-heal|p1a: Skarmory|100/100|[from] item: Leftovers
|-heal|p2a: Forretress|93/100|[from] item: Leftovers
|upkeep
|turn|4
|
|t:|1730320453
|move|p1a: Skarmory|Drill Peck|p2a: Forretress
|-damage|p2a: Forretress|79/100
|move|p2a: Forretress|Zap Cannon|p1a: Skarmory|[miss]
|-miss|p2a: Forretress|p1a: Skarmory
|
|-weather|Sandstorm|[upkeep]
|-heal|p2a: Forretress|85/100|[from] item: Leftovers
|upkeep
|turn|5
|inactive|keeping it icy has 270 seconds left.
|
|t:|1730320475
|move|p1a: Skarmory|Drill Peck|p2a: Forretress
|-damage|p2a: Forretress|70/100
|move|p2a: Forretress|Spikes|p1a: Skarmory
|-sidestart|p1: keeping it icy|Spikes
|
|-weather|Sandstorm|[upkeep]
|-heal|p2a: Forretress|76/100|[from] item: Leftovers
|upkeep
|turn|6
|
|t:|1730320499
|move|p1a: Skarmory|Drill Peck|p2a: Forretress
|-damage|p2a: Forretress|61/100
|move|p2a: Forretress|Zap Cannon|p1a: Skarmory|[miss]
|-miss|p2a: Forretress|p1a: Skarmory
|
|-weather|Sandstorm|[upkeep]
|-heal|p2a: Forretress|67/100|[from] item: Leftovers
|upkeep
|turn|7
|
|t:|1730320502
|move|p1a: Skarmory|Drill Peck|p2a: Forretress
|-damage|p2a: Forretress|52/100
|move|p2a: Forretress|Zap Cannon|p1a: Skarmory
|-supereffective|p1a: Skarmory
|-damage|p1a: Skarmory|71/100
|-status|p1a: Skarmory|par
|
|-weather|Sandstorm|[upkeep]
|-heal|p2a: Forretress|58/100|[from] item: Leftovers
|-heal|p1a: Skarmory|77/100 par|[from] item: Leftovers
|upkeep
|turn|8
|
|t:|1730320512
|switch|p2a: Milotic|Milotic, M|100/100
|move|p1a: Skarmory|Spikes|p2a: Milotic
|-sidestart|p2: social inclusion|Spikes
|
|-weather|Sandstorm|[upkeep]
|-damage|p2a: Milotic|94/100|[from] Sandstorm
|-heal|p2a: Milotic|100/100|[from] item: Leftovers
|-heal|p1a: Skarmory|83/100 par|[from] item: Leftovers
|upkeep
|turn|9
|inactive|keeping it icy has 240 seconds left.
|
|t:|1730320547
|switch|p2a: Claydol|Claydol|100/100
|switch|p1a: Starmie|Starmie|100/100
|-damage|p1a: Starmie|88/100|[from] Spikes
|
|-weather|Sandstorm|[upkeep]
|-damage|p1a: Starmie|82/100|[from] Sandstorm
|-heal|p1a: Starmie|88/100|[from] item: Leftovers
|upkeep
|turn|10
|inactive|keeping it icy has 240 seconds left.
|
|t:|1730320575
|switch|p2a: Blissey|Blissey, F|100/100
|-damage|p2a: Blissey|88/100|[from] Spikes
|move|p1a: Starmie|Surf|p2a: Blissey
|-damage|p2a: Blissey|73/100
|
|-weather|Sandstorm|[upkeep]
|-damage|p1a: Starmie|82/100|[from] Sandstorm
|-damage|p2a: Blissey|67/100|[from] Sandstorm
|-heal|p1a: Starmie|88/100|[from] item: Leftovers
|-heal|p2a: Blissey|73/100|[from] item: Leftovers
|upkeep
|turn|11
|inactive|keeping it icy has 240 seconds left.
|inactive|social inclusion has 270 seconds left.
|inactive|keeping it icy has 210 seconds left.
|
|t:|1730320627
|switch|p1a: Blissey|Blissey, F|100/100
|-damage|p1a: Blissey|88/100|[from] Spikes
|move|p2a: Blissey|Thunderbolt|p1a: Blissey
|-damage|p1a: Blissey|79/100
|
|-weather|Sandstorm|[upkeep]
|-damage|p2a: Blissey|67/100|[from] Sandstorm
|-damage|p1a: Blissey|72/100|[from] Sandstorm
|-heal|p2a: Blissey|73/100|[from] item: Leftovers
|-heal|p1a: Blissey|79/100|[from] item: Leftovers
|upkeep
|turn|12
|inactive|social inclusion has 270 seconds left.
|
|t:|1730320646
|move|p2a: Blissey|Soft-Boiled|p2a: Blissey
|-heal|p2a: Blissey|100/100
|move|p1a: Blissey|Ice Beam|p2a: Blissey
|-damage|p2a: Blissey|91/100
|
|-weather|Sandstorm|[upkeep]
|-damage|p2a: Blissey|85/100|[from] Sandstorm
|-damage|p1a: Blissey|72/100|[from] Sandstorm
|-heal|p2a: Blissey|91/100|[from] item: Leftovers
|-heal|p1a: Blissey|79/100|[from] item: Leftovers
|upkeep
|turn|13
|inactive|social inclusion has 270 seconds left.
|
|t:|1730320655
|move|p2a: Blissey|Ice Beam|p1a: Blissey
|-damage|p1a: Blissey|67/100
|move|p1a: Blissey|Ice Beam|p2a: Blissey
|-damage|p2a: Blissey|81/100
|
|-weather|Sandstorm|[upkeep]
|-damage|p2a: Blissey|75/100|[from] Sandstorm
|-damage|p1a: Blissey|61/100|[from] Sandstorm
|-heal|p2a: Blissey|81/100|[from] item: Leftovers
|-heal|p1a: Blissey|67/100|[from] item: Leftovers
|upkeep
|turn|14
|
|t:|1730320658
|move|p2a: Blissey|Ice Beam|p1a: Blissey
|-damage|p1a: Blissey|56/100
|move|p1a: Blissey|Soft-Boiled|p1a: Blissey
|-heal|p1a: Blissey|100/100
|
|-weather|Sandstorm|[upkeep]
|-damage|p2a: Blissey|75/100|[from] Sandstorm
|-damage|p1a: Blissey|94/100|[from] Sandstorm
|-heal|p2a: Blissey|81/100|[from] item: Leftovers
|-heal|p1a: Blissey|100/100|[from] item: Leftovers
|upkeep
|turn|15
|inactive|keeping it icy has 210 seconds left.
|
|t:|1730320685
|move|p2a: Blissey|Thunderbolt|p1a: Blissey
|-damage|p1a: Blissey|90/100
|move|p1a: Blissey|Calm Mind|p1a: Blissey
|-boost|p1a: Blissey|spa|1
|-boost|p1a: Blissey|spd|1
|
|-weather|Sandstorm|[upkeep]
|-damage|p2a: Blissey|75/100|[from] Sandstorm
|-damage|p1a: Blissey|84/100|[from] Sandstorm
|-heal|p2a: Blissey|81/100|[from] item: Leftovers
|-heal|p1a: Blissey|90/100|[from] item: Leftovers
|upkeep
|turn|16
|
|t:|1730320696
|move|p2a: Blissey|Calm Mind|p2a: Blissey
|-boost|p2a: Blissey|spa|1
|-boost|p2a: Blissey|spd|1
|move|p1a: Blissey|Ice Beam|p2a: Blissey
|-crit|p2a: Blissey
|-damage|p2a: Blissey|50/100
|
|-weather|Sandstorm|[upkeep]
|-damage|p2a: Blissey|43/100|[from] Sandstorm
|-damage|p1a: Blissey|84/100|[from] Sandstorm
|-heal|p2a: Blissey|50/100|[from] item: Leftovers
|-heal|p1a: Blissey|90/100|[from] item: Leftovers
|upkeep
|turn|17
|
|t:|1730320699
|switch|p1a: Tyranitar|Tyranitar, F|100/100
|-damage|p1a: Tyranitar|88/100|[from] Spikes
|move|p2a: Blissey|Soft-Boiled|p2a: Blissey
|-heal|p2a: Blissey|99/100
|
|-weather|Sandstorm|[upkeep]
|-damage|p2a: Blissey|93/100|[from] Sandstorm
|-heal|p2a: Blissey|99/100|[from] item: Leftovers
|upkeep
|turn|18
|inactive|keeping it icy has 210 seconds left.
|
|t:|1730320732
|switch|p1a: Swampert|Swampert, F|100/100
|-damage|p1a: Swampert|88/100|[from] Spikes
|switch|p2a: Skarmory|Skarmory, M|100/100
|
|-weather|Sandstorm|[upkeep]
|-heal|p1a: Swampert|94/100|[from] item: Leftovers
|upkeep
|turn|19
|inactive|social inclusion has 270 seconds left.
|
|t:|1730320749
|move|p2a: Skarmory|Toxic|p1a: Swampert
|-status|p1a: Swampert|tox
|move|p1a: Swampert|Surf|p2a: Skarmory
|-damage|p2a: Skarmory|65/100
|
|-weather|Sandstorm|[upkeep]
|-heal|p2a: Skarmory|71/100|[from] item: Leftovers
|-heal|p1a: Swampert|100/100 tox|[from] item: Leftovers
|-damage|p1a: Swampert|94/100 tox|[from] psn
|upkeep
|turn|20
|inactive|social inclusion has 270 seconds left.
|
|t:|1730320763
|switch|p2a: Forretress|Forretress, F|58/100
|-damage|p2a: Forretress|45/100|[from] Spikes
|move|p1a: Swampert|Surf|p2a: Forretress
|-damage|p2a: Forretress|12/100
|
|-weather|Sandstorm|[upkeep]
|-heal|p1a: Swampert|100/100 tox|[from] item: Leftovers
|-damage|p1a: Swampert|88/100 tox|[from] psn
|-heal|p2a: Forretress|18/100|[from] item: Leftovers
|upkeep
|turn|21
|inactive|social inclusion has 270 seconds left.
|
|t:|1730320773
|switch|p2a: Milotic|Milotic, M|100/100
|-damage|p2a: Milotic|88/100|[from] Spikes
|move|p1a: Swampert|Surf|p2a: Milotic
|-resisted|p2a: Milotic
|-damage|p2a: Milotic|78/100
|
|-weather|Sandstorm|[upkeep]
|-damage|p2a: Milotic|72/100|[from] Sandstorm
|-heal|p2a: Milotic|78/100|[from] item: Leftovers
|-heal|p1a: Swampert|94/100 tox|[from] item: Leftovers
|-damage|p1a: Swampert|76/100 tox|[from] psn
|upkeep
|turn|22
|
|t:|1730320780
|switch|p2a: Forretress|Forretress, F|18/100
|-damage|p2a: Forretress|6/100|[from] Spikes
|move|p1a: Swampert|Refresh|p1a: Swampert
|-curestatus|p1a: Swampert|tox|[msg]
|
|-weather|Sandstorm|[upkeep]
|-heal|p1a: Swampert|82/100|[from] item: Leftovers
|-heal|p2a: Forretress|12/100|[from] item: Leftovers
|upkeep
|turn|23
|
|t:|1730320791
|switch|p2a: Milotic|Milotic, M|78/100
|-damage|p2a: Milotic|65/100|[from] Spikes
|move|p1a: Swampert|Surf|p2a: Milotic
|-resisted|p2a: Milotic
|-damage|p2a: Milotic|54/100
|
|-weather|Sandstorm|[upkeep]
|-damage|p2a: Milotic|48/100|[from] Sandstorm
|-heal|p2a: Milotic|54/100|[from] item: Leftovers
|-heal|p1a: Swampert|88/100|[from] item: Leftovers
|upkeep
|turn|24
|
|t:|1730320803
|move|p2a: Milotic|Recover|p2a: Milotic
|-heal|p2a: Milotic|100/100
|move|p1a: Swampert|Toxic|p2a: Milotic
|-status|p2a: Milotic|tox
|
|-weather|Sandstorm|[upkeep]
|-damage|p2a: Milotic|94/100 tox|[from] Sandstorm
|-heal|p2a: Milotic|100/100 tox|[from] item: Leftovers
|-damage|p2a: Milotic|94/100 tox|[from] psn
|-heal|p1a: Swampert|94/100|[from] item: Leftovers
|upkeep
|turn|25
|
|t:|1730320812
|switch|p1a: Blissey|Blissey, F|90/100
|-damage|p1a: Blissey|77/100|[from] Spikes
|move|p2a: Milotic|Refresh|p2a: Milotic
|-curestatus|p2a: Milotic|tox|[msg]
|
|-weather|Sandstorm|[upkeep]
|-damage|p2a: Milotic|88/100|[from] Sandstorm
|-damage|p1a: Blissey|71/100|[from] Sandstorm
|-heal|p2a: Milotic|94/100|[from] item: Leftovers
|-heal|p1a: Blissey|77/100|[from] item: Leftovers
|upkeep
|turn|26
|
|t:|1730320830
|move|p2a: Milotic|Toxic|p1a: Blissey
|-status|p1a: Blissey|tox
|move|p1a: Blissey|Ice Beam|p2a: Milotic
|-resisted|p2a: Milotic
|-damage|p2a: Milotic|86/100
|
|-weather|Sandstorm|[upkeep]
|-damage|p2a: Milotic|80/100|[from] Sandstorm
|-damage|p1a: Blissey|71/100 tox|[from] Sandstorm
|-heal|p2a: Milotic|86/100|[from] item: Leftovers
|-heal|p1a: Blissey|77/100 tox|[from] item: Leftovers
|-damage|p1a: Blissey|71/100 tox|[from] psn
|upkeep
|turn|27
|inactive|keeping it icy has 210 seconds left.
|
|t:|1730320857
|switch|p2a: Forretress|Forretress, F|12/100
|-damage|p2a: Forretress|0 fnt|[from] Spikes
|faint|p2a: Forretress
|
|t:|1730320860
|switch|p2a: Claydol|Claydol|100/100
|
|-weather|Sandstorm|[upkeep]
|-damage|p1a: Blissey|65/100 tox|[from] Sandstorm
|-heal|p1a: Blissey|71/100 tox|[from] item: Leftovers
|-damage|p1a: Blissey|59/100 tox|[from] psn
|upkeep
|turn|28
|inactive|keeping it icy has 210 seconds left.
|
|t:|1730320876
|-curestatus|p1a: Blissey|tox|[from] ability: Natural Cure
|switch|p1a: Skarmory|Skarmory, F|83/100 par
|move|p2a: Claydol|Rapid Spin|p1a: Skarmory
|-resisted|p1a: Skarmory
|-damage|p1a: Skarmory|82/100 par
|-sideend|p2: social inclusion|Spikes|[from] move: Rapid Spin|[of] p2a: Claydol
|
|-weather|Sandstorm|[upkeep]
|-heal|p1a: Skarmory|88/100 par|[from] item: Leftovers
|upkeep
|turn|29
|
|t:|1730320882
|move|p2a: Claydol|Ice Beam|p1a: Skarmory
|-damage|p1a: Skarmory|66/100 par
|move|p1a: Skarmory|Spikes|p2a: Claydol
|-sidestart|p2: social inclusion|Spikes
|
|-weather|Sandstorm|[upkeep]
|-heal|p1a: Skarmory|72/100 par|[from] item: Leftovers
|upkeep
|turn|30
|
|t:|1730320885
|move|p1a: Skarmory|Protect|p1a: Skarmory
|-singleturn|p1a: Skarmory|Protect
|move|p2a: Claydol|Rapid Spin|p1a: Skarmory
|-activate|p1a: Skarmory|Protect
|
|-weather|Sandstorm|[upkeep]
|-heal|p1a: Skarmory|78/100 par|[from] item: Leftovers
|upkeep
|turn|31
|
|t:|1730320887
|move|p2a: Claydol|Rapid Spin|p1a: Skarmory
|-resisted|p1a: Skarmory
|-damage|p1a: Skarmory|77/100 par
|-sideend|p2: social inclusion|Spikes|[from] move: Rapid Spin|[of] p2a: Claydol
|move|p1a: Skarmory|Drill Peck|p2a: Claydol
|-damage|p2a: Claydol|78/100
|
|-weather|Sandstorm|[upkeep]
|-heal|p2a: Claydol|84/100|[from] item: Leftovers
|-heal|p1a: Skarmory|83/100 par|[from] item: Leftovers
|upkeep
|turn|32
|
|t:|1730320892
|move|p2a: Claydol|Ice Beam|p1a: Skarmory
|-damage|p1a: Skarmory|61/100 par
|cant|p1a: Skarmory|par
|
|-weather|Sandstorm|[upkeep]
|-heal|p2a: Claydol|90/100|[from] item: Leftovers
|-heal|p1a: Skarmory|67/100 par|[from] item: Leftovers
|upkeep
|turn|33
|
|t:|1730320895
|move|p1a: Skarmory|Protect|p1a: Skarmory
|-singleturn|p1a: Skarmory|Protect
|move|p2a: Claydol|Ice Beam|p1a: Skarmory
|-activate|p1a: Skarmory|Protect
|
|-weather|Sandstorm|[upkeep]
|-heal|p2a: Claydol|96/100|[from] item: Leftovers
|-heal|p1a: Skarmory|73/100 par|[from] item: Leftovers
|upkeep
|turn|34
|
|t:|1730320902
|move|p2a: Claydol|Ice Beam|p1a: Skarmory
|-damage|p1a: Skarmory|51/100 par
|move|p1a: Skarmory|Spikes|p2a: Claydol
|-sidestart|p2: social inclusion|Spikes
|
|-weather|Sandstorm|[upkeep]
|-heal|p2a: Claydol|100/100|[from] item: Leftovers
|-heal|p1a: Skarmory|57/100 par|[from] item: Leftovers
|upkeep
|turn|35
|
|t:|1730320905
|cant|p1a: Skarmory|par
|move|p2a: Claydol|Rapid Spin|p1a: Skarmory
|-resisted|p1a: Skarmory
|-damage|p1a: Skarmory|56/100 par
|-sideend|p2: social inclusion|Spikes|[from] move: Rapid Spin|[of] p2a: Claydol
|
|-weather|Sandstorm|[upkeep]
|-heal|p1a: Skarmory|62/100 par|[from] item: Leftovers
|upkeep
|turn|36
|
|t:|1730320912
|move|p2a: Claydol|Ice Beam|p1a: Skarmory
|-damage|p1a: Skarmory|39/100 par
|cant|p1a: Skarmory|par
|
|-weather|Sandstorm|[upkeep]
|-heal|p1a: Skarmory|45/100 par|[from] item: Leftovers
|upkeep
|turn|37
|
|t:|1730320915
|move|p1a: Skarmory|Protect|p1a: Skarmory
|-singleturn|p1a: Skarmory|Protect
|move|p2a: Claydol|Ice Beam|p1a: Skarmory
|-activate|p1a: Skarmory|Protect
|
|-weather|Sandstorm|[upkeep]
|-heal|p1a: Skarmory|51/100 par|[from] item: Leftovers
|upkeep
|turn|38
|
|t:|1730320921
|switch|p1a: Starmie|Starmie|88/100
|-damage|p1a: Starmie|76/100|[from] Spikes
|move|p2a: Claydol|Ice Beam|p1a: Starmie
|-resisted|p1a: Starmie
|-damage|p1a: Starmie|61/100
|-status|p1a: Starmie|frz
|
|-weather|Sandstorm|[upkeep]
|-damage|p1a: Starmie|55/100 frz|[from] Sandstorm
|-heal|p1a: Starmie|61/100 frz|[from] item: Leftovers
|upkeep
|turn|39
|inactive|social inclusion has 270 seconds left.
|
|t:|1730320954
|-curestatus|p1a: Starmie|frz|[from] ability: Natural Cure
|switch|p1a: Skarmory|Skarmory, F|51/100 par
|switch|p2a: Dugtrio|Dugtrio, F|100/100
|
|-weather|Sandstorm|[upkeep]
|-heal|p1a: Skarmory|57/100 par|[from] item: Leftovers
|upkeep
|turn|40
|
|t:|1730320961
|switch|p2a: Claydol|Claydol|100/100
|cant|p1a: Skarmory|par
|
|-weather|Sandstorm|[upkeep]
|-heal|p1a: Skarmory|63/100 par|[from] item: Leftovers
|upkeep
|turn|41
|
|t:|1730320966
|move|p1a: Skarmory|Protect|p1a: Skarmory
|-singleturn|p1a: Skarmory|Protect
|move|p2a: Claydol|Psychic|p1a: Skarmory
|-activate|p1a: Skarmory|Protect
|
|-weather|Sandstorm|[upkeep]
|-heal|p1a: Skarmory|69/100 par|[from] item: Leftovers
|upkeep
|turn|42
|
|t:|1730320976
|move|p2a: Claydol|Ice Beam|p1a: Skarmory
|-damage|p1a: Skarmory|48/100 par
|move|p1a: Skarmory|Spikes|p2a: Claydol
|-sidestart|p2: social inclusion|Spikes
|
|-weather|Sandstorm|[upkeep]
|-heal|p1a: Skarmory|54/100 par|[from] item: Leftovers
|upkeep
|turn|43
|
|t:|1730320980
|move|p1a: Skarmory|Protect|p1a: Skarmory
|-singleturn|p1a: Skarmory|Protect
|move|p2a: Claydol|Rapid Spin|p1a: Skarmory
|-activate|p1a: Skarmory|Protect
|
|-weather|Sandstorm|[upkeep]
|-heal|p1a: Skarmory|60/100 par|[from] item: Leftovers
|upkeep
|turn|44
|
|t:|1730320990
|move|p2a: Claydol|Ice Beam|p1a: Skarmory
|-damage|p1a: Skarmory|38/100 par
|move|p1a: Skarmory|Spikes|p2a: Claydol
|-sidestart|p2: social inclusion|Spikes
|
|-weather|Sandstorm|[upkeep]
|-heal|p1a: Skarmory|44/100 par|[from] item: Leftovers
|upkeep
|turn|45
|
|t:|1730320995
|move|p1a: Skarmory|Protect|p1a: Skarmory
|-singleturn|p1a: Skarmory|Protect
|move|p2a: Claydol|Rapid Spin|p1a: Skarmory
|-activate|p1a: Skarmory|Protect
|
|-weather|Sandstorm|[upkeep]
|-heal|p1a: Skarmory|50/100 par|[from] item: Leftovers
|upkeep
|turn|46
|inactive|keeping it icy has 270 seconds left.
|inactive|keeping it icy has 240 seconds left.
|
|t:|1730321074
|move|p2a: Claydol|Rapid Spin|p1a: Skarmory
|-resisted|p1a: Skarmory
|-damage|p1a: Skarmory|49/100 par
|-sideend|p2: social inclusion|Spikes|[from] move: Rapid Spin|[of] p2a: Claydol
|move|p1a: Skarmory|Roar|p2a: Claydol
|drag|p2a: Milotic|Milotic, M|86/100
|
|-weather|Sandstorm|[upkeep]
|-damage|p2a: Milotic|80/100|[from] Sandstorm
|-heal|p2a: Milotic|86/100|[from] item: Leftovers
|-heal|p1a: Skarmory|55/100 par|[from] item: Leftovers
|upkeep
|turn|47
|
|t:|1730321090
|switch|p1a: Blissey|Blissey, F|59/100
|-damage|p1a: Blissey|47/100|[from] Spikes
|move|p2a: Milotic|Surf|p1a: Blissey
|-damage|p1a: Blissey|33/100
|
|-weather|Sandstorm|[upkeep]
|-damage|p2a: Milotic|80/100|[from] Sandstorm
|-damage|p1a: Blissey|26/100|[from] Sandstorm
|-heal|p2a: Milotic|86/100|[from] item: Leftovers
|-heal|p1a: Blissey|33/100|[from] item: Leftovers
|upkeep
|turn|48
|inactive|social inclusion has 270 seconds left.
|
|t:|1730321131
|switch|p2a: Dugtrio|Dugtrio, F|100/100
|move|p1a: Blissey|Soft-Boiled|p1a: Blissey
|-heal|p1a: Blissey|83/100
|
|-weather|Sandstorm|[upkeep]
|-damage|p1a: Blissey|76/100|[from] Sandstorm
|-heal|p1a: Blissey|83/100|[from] item: Leftovers
|upkeep
|turn|49
|
|t:|1730321134
|move|p2a: Dugtrio|Earthquake|p1a: Blissey
|-damage|p1a: Blissey|30/100
|move|p1a: Blissey|Ice Beam|p2a: Dugtrio
|-supereffective|p2a: Dugtrio
|-damage|p2a: Dugtrio|1/100
|
|-weather|Sandstorm|[upkeep]
|-damage|p1a: Blissey|24/100|[from] Sandstorm
|-heal|p1a: Blissey|30/100|[from] item: Leftovers
|upkeep
|turn|50
|
|t:|1730321139
|move|p2a: Dugtrio|Earthquake|p1a: Blissey
|-crit|p1a: Blissey
|-damage|p1a: Blissey|0 fnt
|faint|p1a: Blissey
|
|t:|1730321143
|switch|p1a: Skarmory|Skarmory, F|55/100 par
|
|-weather|Sandstorm|[upkeep]
|-heal|p1a: Skarmory|61/100 par|[from] item: Leftovers
|upkeep
|turn|51
|
|t:|1730321156
|switch|p2a: Claydol|Claydol|100/100
|cant|p1a: Skarmory|par
|
|-weather|Sandstorm|[upkeep]
|-heal|p1a: Skarmory|67/100 par|[from] item: Leftovers
|upkeep
|turn|52
|
|t:|1730321160
|move|p1a: Skarmory|Protect|p1a: Skarmory
|-singleturn|p1a: Skarmory|Protect
|move|p2a: Claydol|Psychic|p1a: Skarmory
|-activate|p1a: Skarmory|Protect
|
|-weather|Sandstorm|[upkeep]
|-heal|p1a: Skarmory|73/100 par|[from] item: Leftovers
|upkeep
|turn|53
|
|t:|1730321168
|switch|p1a: Swampert|Swampert, F|94/100
|-damage|p1a: Swampert|82/100|[from] Spikes
|move|p2a: Claydol|Ice Beam|p1a: Swampert
|-damage|p1a: Swampert|58/100
|-status|p1a: Swampert|frz
|
|-weather|Sandstorm|[upkeep]
|-heal|p1a: Swampert|64/100 frz|[from] item: Leftovers
|upkeep
|turn|54
|inactive|keeping it icy has 270 seconds left.
|c|☆social inclusion|mb mate
|c|☆social inclusion|sorry
|
|t:|1730321183
|switch|p2a: Skarmory|Skarmory, M|71/100
|switch|p1a: Skarmory|Skarmory, F|73/100 par
|
|-weather|Sandstorm|[upkeep]
|-heal|p2a: Skarmory|77/100|[from] item: Leftovers
|-heal|p1a: Skarmory|79/100 par|[from] item: Leftovers
|upkeep
|turn|55
|
|t:|1730321186
|switch|p2a: Claydol|Claydol|100/100
|move|p1a: Skarmory|Spikes|p2a: Claydol
|-sidestart|p2: social inclusion|Spikes
|
|-weather|Sandstorm|[upkeep]
|-heal|p1a: Skarmory|85/100 par|[from] item: Leftovers
|upkeep
|turn|56
|
|t:|1730321189
|move|p1a: Skarmory|Protect|p1a: Skarmory
|-singleturn|p1a: Skarmory|Protect
|move|p2a: Claydol|Rapid Spin|p1a: Skarmory
|-activate|p1a: Skarmory|Protect
|
|-weather|Sandstorm|[upkeep]
|-heal|p1a: Skarmory|91/100 par|[from] item: Leftovers
|upkeep
|turn|57
|
|t:|1730321192
|move|p2a: Claydol|Rapid Spin|p1a: Skarmory
|-resisted|p1a: Skarmory
|-damage|p1a: Skarmory|91/100 par
|-sideend|p2: social inclusion|Spikes|[from] move: Rapid Spin|[of] p2a: Claydol
|move|p1a: Skarmory|Spikes|p2a: Claydol
|-sidestart|p2: social inclusion|Spikes
|
|-weather|Sandstorm|[upkeep]
|-heal|p1a: Skarmory|97/100 par|[from] item: Leftovers
|upkeep
|turn|58
|
|t:|1730321196
|move|p2a: Claydol|Rapid Spin|p1a: Skarmory
|-resisted|p1a: Skarmory
|-damage|p1a: Skarmory|96/100 par
|-sideend|p2: social inclusion|Spikes|[from] move: Rapid Spin|[of] p2a: Claydol
|cant|p1a: Skarmory|par
|
|-weather|Sandstorm|[upkeep]
|-heal|p1a: Skarmory|100/100 par|[from] item: Leftovers
|upkeep
|turn|59
|
|t:|1730321201
|move|p1a: Skarmory|Protect|p1a: Skarmory
|-singleturn|p1a: Skarmory|Protect
|move|p2a: Claydol|Psychic|p1a: Skarmory
|-activate|p1a: Skarmory|Protect
|
|-weather|Sandstorm|[upkeep]
|upkeep
|turn|60
|
|t:|1730321206
|move|p2a: Claydol|Psychic|p1a: Skarmory
|-resisted|p1a: Skarmory
|-damage|p1a: Skarmory|85/100 par
|cant|p1a: Skarmory|par
|
|-weather|Sandstorm|[upkeep]
|-heal|p1a: Skarmory|91/100 par|[from] item: Leftovers
|upkeep
|turn|61
|
|t:|1730321216
|move|p2a: Claydol|Rapid Spin|p1a: Skarmory
|-resisted|p1a: Skarmory
|-damage|p1a: Skarmory|90/100 par
|move|p1a: Skarmory|Spikes|p2a: Claydol
|-sidestart|p2: social inclusion|Spikes
|
|-weather|Sandstorm|[upkeep]
|-heal|p1a: Skarmory|96/100 par|[from] item: Leftovers
|upkeep
|turn|62
|
|t:|1730321227
|move|p2a: Claydol|Rapid Spin|p1a: Skarmory
|-resisted|p1a: Skarmory
|-damage|p1a: Skarmory|95/100 par
|-sideend|p2: social inclusion|Spikes|[from] move: Rapid Spin|[of] p2a: Claydol
|move|p1a: Skarmory|Drill Peck|p2a: Claydol
|-damage|p2a: Claydol|78/100
|
|-weather|Sandstorm|[upkeep]
|-heal|p2a: Claydol|85/100|[from] item: Leftovers
|-heal|p1a: Skarmory|100/100 par|[from] item: Leftovers
|upkeep
|turn|63
|
|t:|1730321239
|move|p2a: Claydol|Rapid Spin|p1a: Skarmory
|-resisted|p1a: Skarmory
|-damage|p1a: Skarmory|99/100 par
|cant|p1a: Skarmory|par
|
|-weather|Sandstorm|[upkeep]
|-heal|p2a: Claydol|91/100|[from] item: Leftovers
|-heal|p1a: Skarmory|100/100 par|[from] item: Leftovers
|upkeep
|turn|64
|
|t:|1730321245
|move|p2a: Claydol|Rapid Spin|p1a: Skarmory
|-resisted|p1a: Skarmory
|-damage|p1a: Skarmory|99/100 par
|move|p1a: Skarmory|Drill Peck|p2a: Claydol
|-damage|p2a: Claydol|67/100
|
|-weather|Sandstorm|[upkeep]
|-heal|p2a: Claydol|73/100|[from] item: Leftovers
|-heal|p1a: Skarmory|100/100 par|[from] item: Leftovers
|upkeep
|turn|65
|
|t:|1730321254
|switch|p2a: Skarmory|Skarmory, M|77/100
|move|p1a: Skarmory|Spikes|p2a: Skarmory
|-sidestart|p2: social inclusion|Spikes
|
|-weather|Sandstorm|[upkeep]
|-heal|p2a: Skarmory|83/100|[from] item: Leftovers
|upkeep
|turn|66
|
|t:|1730321274
|move|p2a: Skarmory|Spikes|p1a: Skarmory
|-sidestart|p1: keeping it icy|Spikes
|move|p1a: Skarmory|Roar|p2a: Skarmory
|drag|p2a: Dugtrio|Dugtrio, F|1/100
|-damage|p2a: Dugtrio|0 fnt|[from] Spikes
|faint|p2a: Dugtrio
|
|t:|1730321302
|switch|p2a: Claydol|Claydol|73/100
|
|-weather|Sandstorm|[upkeep]
|-heal|p2a: Claydol|80/100|[from] item: Leftovers
|upkeep
|turn|67
|
|t:|1730321306
|switch|p2a: Blissey|Blissey, F|99/100
|-damage|p2a: Blissey|87/100|[from] Spikes
|move|p1a: Skarmory|Drill Peck|p2a: Blissey
|-damage|p2a: Blissey|63/100
|
|-weather|Sandstorm|[upkeep]
|-damage|p2a: Blissey|57/100|[from] Sandstorm
|-heal|p2a: Blissey|63/100|[from] item: Leftovers
|upkeep
|turn|68
|
|t:|1730321316
|switch|p1a: Tyranitar|Tyranitar, F|88/100
|-damage|p1a: Tyranitar|72/100|[from] Spikes
|move|p2a: Blissey|Soft-Boiled|p2a: Blissey
|-heal|p2a: Blissey|100/100
|
|-weather|Sandstorm|[upkeep]
|-damage|p2a: Blissey|94/100|[from] Sandstorm
|-heal|p2a: Blissey|100/100|[from] item: Leftovers
|upkeep
|turn|69
|
|t:|1730321323
|switch|p2a: Skarmory|Skarmory, M|83/100
|move|p1a: Tyranitar|Dragon Dance|p1a: Tyranitar
|-boost|p1a: Tyranitar|atk|1
|-boost|p1a: Tyranitar|spe|1
|
|-weather|Sandstorm|[upkeep]
|-heal|p2a: Skarmory|89/100|[from] item: Leftovers
|upkeep
|turn|70
|
|t:|1730321326
|move|p1a: Tyranitar|Rock Slide|p2a: Skarmory
|-damage|p2a: Skarmory|52/100
|move|p2a: Skarmory|Counter|p1a: Tyranitar
|-damage|p1a: Tyranitar|0 fnt
|faint|p1a: Tyranitar
|
|t:|1730321330
|switch|p1a: Starmie|Starmie|61/100
|-damage|p1a: Starmie|44/100|[from] Spikes
|
|-weather|Sandstorm|[upkeep]
|-damage|p1a: Starmie|38/100|[from] Sandstorm
|-heal|p1a: Starmie|44/100|[from] item: Leftovers
|-heal|p2a: Skarmory|58/100|[from] item: Leftovers
|upkeep
|turn|71
|
|t:|1730321353
|switch|p2a: Blissey|Blissey, F|100/100
|-damage|p2a: Blissey|88/100|[from] Spikes
|move|p1a: Starmie|Rapid Spin|p2a: Blissey
|-damage|p2a: Blissey|85/100
|-sideend|p1: keeping it icy|Spikes|[from] move: Rapid Spin|[of] p1a: Starmie
|
|-weather|Sandstorm|[upkeep]
|-damage|p1a: Starmie|38/100|[from] Sandstorm
|-damage|p2a: Blissey|79/100|[from] Sandstorm
|-heal|p1a: Starmie|44/100|[from] item: Leftovers
|-heal|p2a: Blissey|85/100|[from] item: Leftovers
|upkeep
|turn|72
|
|t:|1730321380
|switch|p1a: Skarmory|Skarmory, F|100/100 par
|move|p2a: Blissey|Thunderbolt|p1a: Skarmory
|-supereffective|p1a: Skarmory
|-damage|p1a: Skarmory|55/100 par
|
|-weather|Sandstorm|[upkeep]
|-damage|p2a: Blissey|79/100|[from] Sandstorm
|-heal|p2a: Blissey|85/100|[from] item: Leftovers
|-heal|p1a: Skarmory|62/100 par|[from] item: Leftovers
|upkeep
|turn|73
|
|t:|1730321386
|move|p2a: Blissey|Thunderbolt|p1a: Skarmory
|-supereffective|p1a: Skarmory
|-damage|p1a: Skarmory|17/100 par
|move|p1a: Skarmory|Roar|p2a: Blissey
|drag|p2a: Milotic|Milotic, M|86/100
|-damage|p2a: Milotic|74/100|[from] Spikes
|
|-weather|Sandstorm|[upkeep]
|-damage|p2a: Milotic|68/100|[from] Sandstorm
|-heal|p2a: Milotic|74/100|[from] item: Leftovers
|-heal|p1a: Skarmory|23/100 par|[from] item: Leftovers
|upkeep
|turn|74
|
|t:|1730321398
|switch|p1a: Starmie|Starmie|44/100
|move|p2a: Milotic|Surf|p1a: Starmie
|-resisted|p1a: Starmie
|-damage|p1a: Starmie|25/100
|
|-weather|Sandstorm|[upkeep]
|-damage|p1a: Starmie|19/100|[from] Sandstorm
|-damage|p2a: Milotic|68/100|[from] Sandstorm
|-heal|p1a: Starmie|25/100|[from] item: Leftovers
|-heal|p2a: Milotic|74/100|[from] item: Leftovers
|upkeep
|turn|75
|
|t:|1730321405
|move|p1a: Starmie|Recover|p1a: Starmie
|-heal|p1a: Starmie|75/100
|move|p2a: Milotic|Toxic|p1a: Starmie
|-status|p1a: Starmie|tox
|
|-weather|Sandstorm|[upkeep]
|-damage|p1a: Starmie|69/100 tox|[from] Sandstorm
|-damage|p2a: Milotic|68/100|[from] Sandstorm
|-heal|p1a: Starmie|75/100 tox|[from] item: Leftovers
|-damage|p1a: Starmie|69/100 tox|[from] psn
|-heal|p2a: Milotic|74/100|[from] item: Leftovers
|upkeep
|turn|76
|
|t:|1730321411
|move|p1a: Starmie|Thunder Wave|p2a: Milotic
|-status|p2a: Milotic|par
|move|p2a: Milotic|Surf|p1a: Starmie
|-resisted|p1a: Starmie
|-damage|p1a: Starmie|50/100 tox
|
|-weather|Sandstorm|[upkeep]
|-damage|p1a: Starmie|43/100 tox|[from] Sandstorm
|-damage|p2a: Milotic|68/100 par|[from] Sandstorm
|-heal|p1a: Starmie|50/100 tox|[from] item: Leftovers
|-damage|p1a: Starmie|37/100 tox|[from] psn
|-heal|p2a: Milotic|74/100 par|[from] item: Leftovers
|upkeep
|turn|77
|
|t:|1730321414
|move|p1a: Starmie|Recover|p1a: Starmie
|-heal|p1a: Starmie|87/100 tox
|move|p2a: Milotic|Refresh|p2a: Milotic
|-curestatus|p2a: Milotic|par|[msg]
|
|-weather|Sandstorm|[upkeep]
|-damage|p1a: Starmie|81/100 tox|[from] Sandstorm
|-damage|p2a: Milotic|68/100|[from] Sandstorm
|-heal|p1a: Starmie|87/100 tox|[from] item: Leftovers
|-damage|p1a: Starmie|69/100 tox|[from] psn
|-heal|p2a: Milotic|74/100|[from] item: Leftovers
|upkeep
|turn|78
|
|t:|1730321421
|-curestatus|p1a: Starmie|tox|[from] ability: Natural Cure
|switch|p1a: Skarmory|Skarmory, F|23/100 par
|move|p2a: Milotic|Surf|p1a: Skarmory
|-damage|p1a: Skarmory|0 fnt
|faint|p1a: Skarmory
|
|t:|1730321435
|switch|p1a: Swampert|Swampert, F|64/100 frz
|
|-weather|Sandstorm|[upkeep]
|-damage|p2a: Milotic|68/100|[from] Sandstorm
|-heal|p2a: Milotic|74/100|[from] item: Leftovers
|-heal|p1a: Swampert|70/100 frz|[from] item: Leftovers
|upkeep
|turn|79
|
|t:|1730321443
|switch|p1a: Starmie|Starmie|69/100
|move|p2a: Milotic|Surf|p1a: Starmie
|-resisted|p1a: Starmie
|-damage|p1a: Starmie|50/100
|
|-weather|Sandstorm|[upkeep]
|-damage|p1a: Starmie|43/100|[from] Sandstorm
|-damage|p2a: Milotic|68/100|[from] Sandstorm
|-heal|p1a: Starmie|50/100|[from] item: Leftovers
|-heal|p2a: Milotic|74/100|[from] item: Leftovers
|upkeep
|turn|80
|
|t:|1730321449
|move|p1a: Starmie|Thunder Wave|p2a: Milotic
|-status|p2a: Milotic|par
|move|p2a: Milotic|Recover|p2a: Milotic
|-heal|p2a: Milotic|100/100 par
|
|-weather|Sandstorm|[upkeep]
|-damage|p1a: Starmie|43/100|[from] Sandstorm
|-damage|p2a: Milotic|94/100 par|[from] Sandstorm
|-heal|p1a: Starmie|50/100|[from] item: Leftovers
|-heal|p2a: Milotic|100/100 par|[from] item: Leftovers
|upkeep
|turn|81
|
|t:|1730321451
|move|p1a: Starmie|Recover|p1a: Starmie
|-heal|p1a: Starmie|99/100
|move|p2a: Milotic|Refresh|p2a: Milotic
|-curestatus|p2a: Milotic|par|[msg]
|
|-weather|Sandstorm|[upkeep]
|-damage|p1a: Starmie|93/100|[from] Sandstorm
|-damage|p2a: Milotic|94/100|[from] Sandstorm
|-heal|p1a: Starmie|99/100|[from] item: Leftovers
|-heal|p2a: Milotic|100/100|[from] item: Leftovers
|upkeep
|turn|82
|
|t:|1730321454
|move|p1a: Starmie|Thunder Wave|p2a: Milotic
|-status|p2a: Milotic|par
|move|p2a: Milotic|Toxic|p1a: Starmie
|-status|p1a: Starmie|tox
|
|-weather|Sandstorm|[upkeep]
|-damage|p1a: Starmie|93/100 tox|[from] Sandstorm
|-damage|p2a: Milotic|94/100 par|[from] Sandstorm
|-heal|p1a: Starmie|99/100 tox|[from] item: Leftovers
|-damage|p1a: Starmie|93/100 tox|[from] psn
|-heal|p2a: Milotic|100/100 par|[from] item: Leftovers
|upkeep
|turn|83
|
|t:|1730321457
|-curestatus|p1a: Starmie|tox|[from] ability: Natural Cure
|switch|p1a: Swampert|Swampert, F|70/100 frz
|move|p2a: Milotic|Surf|p1a: Swampert
|-damage|p1a: Swampert|38/100 frz
|
|-weather|Sandstorm|[upkeep]
|-damage|p2a: Milotic|94/100 par|[from] Sandstorm
|-heal|p1a: Swampert|44/100 frz|[from] item: Leftovers
|-heal|p2a: Milotic|100/100 par|[from] item: Leftovers
|upkeep
|turn|84
|
|t:|1730321462
|cant|p1a: Swampert|frz
|cant|p2a: Milotic|par
|
|-weather|Sandstorm|[upkeep]
|-damage|p2a: Milotic|94/100 par|[from] Sandstorm
|-heal|p1a: Swampert|51/100 frz|[from] item: Leftovers
|-heal|p2a: Milotic|100/100 par|[from] item: Leftovers
|upkeep
|turn|85
|
|t:|1730321467
|cant|p1a: Swampert|frz
|move|p2a: Milotic|Refresh|p2a: Milotic
|-curestatus|p2a: Milotic|par|[msg]
|
|-weather|Sandstorm|[upkeep]
|-damage|p2a: Milotic|94/100|[from] Sandstorm
|-heal|p2a: Milotic|100/100|[from] item: Leftovers
|-heal|p1a: Swampert|57/100 frz|[from] item: Leftovers
|upkeep
|turn|86
|
|t:|1730321469
|-curestatus|p1a: Swampert|frz|[msg]
|move|p1a: Swampert|Protect|p1a: Swampert
|-singleturn|p1a: Swampert|Protect
|move|p2a: Milotic|Surf|p1a: Swampert
|-activate|p1a: Swampert|Protect
|
|-weather|Sandstorm|[upkeep]
|-damage|p2a: Milotic|94/100|[from] Sandstorm
|-heal|p2a: Milotic|100/100|[from] item: Leftovers
|-heal|p1a: Swampert|63/100|[from] item: Leftovers
|upkeep
|turn|87
|
|t:|1730321476
|switch|p1a: Starmie|Starmie|93/100
|move|p2a: Milotic|Surf|p1a: Starmie
|-resisted|p1a: Starmie
|-damage|p1a: Starmie|74/100
|
|-weather|Sandstorm|[upkeep]
|-damage|p1a: Starmie|67/100|[from] Sandstorm
|-damage|p2a: Milotic|94/100|[from] Sandstorm
|-heal|p1a: Starmie|74/100|[from] item: Leftovers
|-heal|p2a: Milotic|100/100|[from] item: Leftovers
|upkeep
|turn|88
|
|t:|1730321488
|switch|p2a: Blissey|Blissey, F|85/100
|-damage|p2a: Blissey|72/100|[from] Spikes
|move|p1a: Starmie|Thunder Wave|p2a: Blissey
|-status|p2a: Blissey|par
|
|-weather|Sandstorm|[upkeep]
|-damage|p1a: Starmie|67/100|[from] Sandstorm
|-damage|p2a: Blissey|66/100 par|[from] Sandstorm
|-heal|p1a: Starmie|74/100|[from] item: Leftovers
|-heal|p2a: Blissey|72/100 par|[from] item: Leftovers
|upkeep
|turn|89
|
|t:|1730321494
|switch|p1a: Swampert|Swampert, F|63/100
|move|p2a: Blissey|Soft-Boiled|p2a: Blissey
|-heal|p2a: Blissey|100/100 par
|
|-weather|Sandstorm|[upkeep]
|-damage|p2a: Blissey|94/100 par|[from] Sandstorm
|-heal|p1a: Swampert|69/100|[from] item: Leftovers
|-heal|p2a: Blissey|100/100 par|[from] item: Leftovers
|upkeep
|turn|90
|
|t:|1730321503
|switch|p1a: Aerodactyl|Aerodactyl, F|100/100
|move|p2a: Blissey|Calm Mind|p2a: Blissey
|-boost|p2a: Blissey|spa|1
|-boost|p2a: Blissey|spd|1
|
|-weather|Sandstorm|[upkeep]
|-damage|p2a: Blissey|94/100 par|[from] Sandstorm
|-heal|p2a: Blissey|100/100 par|[from] item: Leftovers
|upkeep
|turn|91
|
|t:|1730321512
|move|p1a: Aerodactyl|Rock Slide|p2a: Blissey
|-crit|p2a: Blissey
|-damage|p2a: Blissey|0 fnt
|faint|p2a: Blissey
|
|t:|1730321536
|switch|p2a: Claydol|Claydol|80/100
|
|-weather|Sandstorm|[upkeep]
|-heal|p2a: Claydol|86/100|[from] item: Leftovers
|upkeep
|turn|92
|
|t:|1730321540
|switch|p1a: Starmie|Starmie|74/100
|move|p2a: Claydol|Rapid Spin|p1a: Starmie
|-damage|p1a: Starmie|71/100
|-sideend|p2: social inclusion|Spikes|[from] move: Rapid Spin|[of] p2a: Claydol
|
|-weather|Sandstorm|[upkeep]
|-damage|p1a: Starmie|64/100|[from] Sandstorm
|-heal|p1a: Starmie|71/100|[from] item: Leftovers
|-heal|p2a: Claydol|92/100|[from] item: Leftovers
|upkeep
|turn|93
|
|t:|1730321546
|switch|p2a: Milotic|Milotic, M|100/100
|move|p1a: Starmie|Surf|p2a: Milotic
|-resisted|p2a: Milotic
|-damage|p2a: Milotic|89/100
|
|-weather|Sandstorm|[upkeep]
|-damage|p1a: Starmie|64/100|[from] Sandstorm
|-damage|p2a: Milotic|82/100|[from] Sandstorm
|-heal|p1a: Starmie|71/100|[from] item: Leftovers
|-heal|p2a: Milotic|89/100|[from] item: Leftovers
|upkeep
|turn|94
|
|t:|1730321552
|move|p1a: Starmie|Thunder Wave|p2a: Milotic
|-status|p2a: Milotic|par
|move|p2a: Milotic|Toxic|p1a: Starmie
|-status|p1a: Starmie|tox
|
|-weather|Sandstorm|[upkeep]
|-damage|p1a: Starmie|64/100 tox|[from] Sandstorm
|-damage|p2a: Milotic|82/100 par|[from] Sandstorm
|-heal|p1a: Starmie|71/100 tox|[from] item: Leftovers
|-damage|p1a: Starmie|64/100 tox|[from] psn
|-heal|p2a: Milotic|89/100 par|[from] item: Leftovers
|upkeep
|turn|95
|
|t:|1730321562
|-curestatus|p1a: Starmie|tox|[from] ability: Natural Cure
|switch|p1a: Swampert|Swampert, F|69/100
|move|p2a: Milotic|Surf|p1a: Swampert
|-damage|p1a: Swampert|41/100
|
|-weather|Sandstorm|[upkeep]
|-damage|p2a: Milotic|82/100 par|[from] Sandstorm
|-heal|p1a: Swampert|47/100|[from] item: Leftovers
|-heal|p2a: Milotic|89/100 par|[from] item: Leftovers
|upkeep
|turn|96
|
|t:|1730321574
|move|p1a: Swampert|Surf|p2a: Milotic
|-resisted|p2a: Milotic
|-damage|p2a: Milotic|78/100 par
|cant|p2a: Milotic|par
|
|-weather|Sandstorm|[upkeep]
|-damage|p2a: Milotic|72/100 par|[from] Sandstorm
|-heal|p1a: Swampert|53/100|[from] item: Leftovers
|-heal|p2a: Milotic|78/100 par|[from] item: Leftovers
|upkeep
|turn|97
|
|t:|1730321590
|move|p1a: Swampert|Protect|p1a: Swampert
|-singleturn|p1a: Swampert|Protect
|cant|p2a: Milotic|par
|
|-weather|Sandstorm|[upkeep]
|-damage|p2a: Milotic|72/100 par|[from] Sandstorm
|-heal|p1a: Swampert|59/100|[from] item: Leftovers
|-heal|p2a: Milotic|78/100 par|[from] item: Leftovers
|upkeep
|turn|98
|
|t:|1730321596
|move|p1a: Swampert|Surf|p2a: Milotic
|-resisted|p2a: Milotic
|-damage|p2a: Milotic|68/100 par
|move|p2a: Milotic|Recover|p2a: Milotic
|-heal|p2a: Milotic|100/100 par
|
|-weather|Sandstorm|[upkeep]
|-damage|p2a: Milotic|94/100 par|[from] Sandstorm
|-heal|p1a: Swampert|66/100|[from] item: Leftovers
|-heal|p2a: Milotic|100/100 par|[from] item: Leftovers
|upkeep
|turn|99
|
|t:|1730321600
|move|p1a: Swampert|Protect|p1a: Swampert
|-singleturn|p1a: Swampert|Protect
|cant|p2a: Milotic|par
|
|-weather|Sandstorm|[upkeep]
|-damage|p2a: Milotic|94/100 par|[from] Sandstorm
|-heal|p1a: Swampert|72/100|[from] item: Leftovers
|-heal|p2a: Milotic|100/100 par|[from] item: Leftovers
|upkeep
|turn|100
|
|t:|1730321609
|move|p1a: Swampert|Surf|p2a: Milotic
|-resisted|p2a: Milotic
|-damage|p2a: Milotic|89/100 par
|move|p2a: Milotic|Recover|p2a: Milotic
|-heal|p2a: Milotic|100/100 par
|
|-weather|Sandstorm|[upkeep]
|-damage|p2a: Milotic|94/100 par|[from] Sandstorm
|-heal|p1a: Swampert|78/100|[from] item: Leftovers
|-heal|p2a: Milotic|100/100 par|[from] item: Leftovers
|upkeep
|turn|101
|
|t:|1730321616
|move|p1a: Swampert|Protect|p1a: Swampert
|-singleturn|p1a: Swampert|Protect
|move|p2a: Milotic|Recover||[still]
|-fail|p2a: Milotic|heal
|
|-weather|Sandstorm|[upkeep]
|-damage|p2a: Milotic|94/100 par|[from] Sandstorm
|-heal|p1a: Swampert|84/100|[from] item: Leftovers
|-heal|p2a: Milotic|100/100 par|[from] item: Leftovers
|upkeep
|turn|102
|
|t:|1730321624
|move|p1a: Swampert|Refresh||[still]
|-fail|p1a: Swampert
|move|p2a: Milotic|Surf|p1a: Swampert
|-damage|p1a: Swampert|52/100
|
|-weather|Sandstorm|[upkeep]
|-damage|p2a: Milotic|94/100 par|[from] Sandstorm
|-heal|p1a: Swampert|58/100|[from] item: Leftovers
|-heal|p2a: Milotic|100/100 par|[from] item: Leftovers
|upkeep
|turn|103
|
|t:|1730321628
|move|p1a: Swampert|Protect|p1a: Swampert
|-singleturn|p1a: Swampert|Protect
|move|p2a: Milotic|Refresh|p2a: Milotic
|-curestatus|p2a: Milotic|par|[msg]
|
|-weather|Sandstorm|[upkeep]
|-damage|p2a: Milotic|94/100|[from] Sandstorm
|-heal|p2a: Milotic|100/100|[from] item: Leftovers
|-heal|p1a: Swampert|64/100|[from] item: Leftovers
|upkeep
|turn|104
|
|t:|1730321634
|switch|p1a: Starmie|Starmie|64/100
|move|p2a: Milotic|Toxic|p1a: Starmie
|-status|p1a: Starmie|tox
|
|-weather|Sandstorm|[upkeep]
|-damage|p1a: Starmie|58/100 tox|[from] Sandstorm
|-damage|p2a: Milotic|94/100|[from] Sandstorm
|-heal|p1a: Starmie|64/100 tox|[from] item: Leftovers
|-damage|p1a: Starmie|58/100 tox|[from] psn
|-heal|p2a: Milotic|100/100|[from] item: Leftovers
|upkeep
|turn|105
|
|t:|1730321651
|-curestatus|p1a: Starmie|tox|[from] ability: Natural Cure
|switch|p1a: Swampert|Swampert, F|64/100
|move|p2a: Milotic|Refresh||[still]
|-fail|p2a: Milotic
|
|-weather|Sandstorm|[upkeep]
|-damage|p2a: Milotic|94/100|[from] Sandstorm
|-heal|p2a: Milotic|100/100|[from] item: Leftovers
|-heal|p1a: Swampert|70/100|[from] item: Leftovers
|upkeep
|turn|106
|
|t:|1730321658
|switch|p1a: Starmie|Starmie|58/100
|move|p2a: Milotic|Refresh||[still]
|-fail|p2a: Milotic
|
|-weather|Sandstorm|[upkeep]
|-damage|p1a: Starmie|52/100|[from] Sandstorm
|-damage|p2a: Milotic|94/100|[from] Sandstorm
|-heal|p1a: Starmie|58/100|[from] item: Leftovers
|-heal|p2a: Milotic|100/100|[from] item: Leftovers
|upkeep
|turn|107
|
|t:|1730321678
|move|p1a: Starmie|Thunder Wave|p2a: Milotic
|-status|p2a: Milotic|par
|move|p2a: Milotic|Toxic|p1a: Starmie
|-status|p1a: Starmie|tox
|
|-weather|Sandstorm|[upkeep]
|-damage|p1a: Starmie|52/100 tox|[from] Sandstorm
|-damage|p2a: Milotic|94/100 par|[from] Sandstorm
|-heal|p1a: Starmie|58/100 tox|[from] item: Leftovers
|-damage|p1a: Starmie|52/100 tox|[from] psn
|-heal|p2a: Milotic|100/100 par|[from] item: Leftovers
|upkeep
|turn|108
|
|t:|1730321683
|move|p1a: Starmie|Recover|p1a: Starmie
|-heal|p1a: Starmie|100/100 tox
|move|p2a: Milotic|Surf|p1a: Starmie
|-resisted|p1a: Starmie
|-damage|p1a: Starmie|80/100 tox
|
|-weather|Sandstorm|[upkeep]
|-damage|p1a: Starmie|74/100 tox|[from] Sandstorm
|-damage|p2a: Milotic|94/100 par|[from] Sandstorm
|-heal|p1a: Starmie|80/100 tox|[from] item: Leftovers
|-damage|p1a: Starmie|68/100 tox|[from] psn
|-heal|p2a: Milotic|100/100 par|[from] item: Leftovers
|upkeep
|turn|109
|
|t:|1730321687
|move|p1a: Starmie|Recover|p1a: Starmie
|-heal|p1a: Starmie|100/100 tox
|move|p2a: Milotic|Surf|p1a: Starmie
|-resisted|p1a: Starmie
|-damage|p1a: Starmie|83/100 tox
|
|-weather|Sandstorm|[upkeep]
|-damage|p1a: Starmie|77/100 tox|[from] Sandstorm
|-damage|p2a: Milotic|94/100 par|[from] Sandstorm
|-heal|p1a: Starmie|83/100 tox|[from] item: Leftovers
|-damage|p1a: Starmie|65/100 tox|[from] psn
|-heal|p2a: Milotic|100/100 par|[from] item: Leftovers
|upkeep
|turn|110
|
|t:|1730321693
|-curestatus|p1a: Starmie|tox|[from] ability: Natural Cure
|switch|p1a: Swampert|Swampert, F|70/100
|move|p2a: Milotic|Surf|p1a: Swampert
|-damage|p1a: Swampert|39/100
|
|-weather|Sandstorm|[upkeep]
|-damage|p2a: Milotic|94/100 par|[from] Sandstorm
|-heal|p1a: Swampert|45/100|[from] item: Leftovers
|-heal|p2a: Milotic|100/100 par|[from] item: Leftovers
|upkeep
|turn|111
|
|t:|1730321700
|move|p1a: Swampert|Protect|p1a: Swampert
|-singleturn|p1a: Swampert|Protect
|move|p2a: Milotic|Refresh|p2a: Milotic
|-curestatus|p2a: Milotic|par|[msg]
|
|-weather|Sandstorm|[upkeep]
|-damage|p2a: Milotic|94/100|[from] Sandstorm
|-heal|p2a: Milotic|100/100|[from] item: Leftovers
|-heal|p1a: Swampert|51/100|[from] item: Leftovers
|upkeep
|turn|112
|
|t:|1730321703
|switch|p1a: Starmie|Starmie|65/100
|move|p2a: Milotic|Surf|p1a: Starmie
|-resisted|p1a: Starmie
|-damage|p1a: Starmie|45/100
|
|-weather|Sandstorm|[upkeep]
|-damage|p1a: Starmie|38/100|[from] Sandstorm
|-damage|p2a: Milotic|94/100|[from] Sandstorm
|-heal|p1a: Starmie|45/100|[from] item: Leftovers
|-heal|p2a: Milotic|100/100|[from] item: Leftovers
|upkeep
|turn|113
|
|t:|1730321706
|move|p1a: Starmie|Recover|p1a: Starmie
|-heal|p1a: Starmie|95/100
|move|p2a: Milotic|Toxic|p1a: Starmie
|-status|p1a: Starmie|tox
|
|-weather|Sandstorm|[upkeep]
|-damage|p1a: Starmie|88/100 tox|[from] Sandstorm
|-damage|p2a: Milotic|94/100|[from] Sandstorm
|-heal|p1a: Starmie|95/100 tox|[from] item: Leftovers
|-damage|p1a: Starmie|88/100 tox|[from] psn
|-heal|p2a: Milotic|100/100|[from] item: Leftovers
|upkeep
|turn|114
|
|t:|1730321709
|move|p1a: Starmie|Thunder Wave|p2a: Milotic
|-status|p2a: Milotic|par
|cant|p2a: Milotic|par
|
|-weather|Sandstorm|[upkeep]
|-damage|p1a: Starmie|82/100 tox|[from] Sandstorm
|-damage|p2a: Milotic|94/100 par|[from] Sandstorm
|-heal|p1a: Starmie|88/100 tox|[from] item: Leftovers
|-damage|p1a: Starmie|76/100 tox|[from] psn
|-heal|p2a: Milotic|100/100 par|[from] item: Leftovers
|upkeep
|turn|115
|
|t:|1730321727
|move|p1a: Starmie|Surf|p2a: Milotic
|-resisted|p2a: Milotic
|-damage|p2a: Milotic|88/100 par
|cant|p2a: Milotic|par
|
|-weather|Sandstorm|[upkeep]
|-damage|p1a: Starmie|70/100 tox|[from] Sandstorm
|-damage|p2a: Milotic|82/100 par|[from] Sandstorm
|-heal|p1a: Starmie|76/100 tox|[from] item: Leftovers
|-damage|p1a: Starmie|58/100 tox|[from] psn
|-heal|p2a: Milotic|88/100 par|[from] item: Leftovers
|upkeep
|turn|116
|
|t:|1730321734
|-curestatus|p1a: Starmie|tox|[from] ability: Natural Cure
|switch|p1a: Swampert|Swampert, F|51/100
|move|p2a: Milotic|Surf|p1a: Swampert
|-damage|p1a: Swampert|23/100
|
|-weather|Sandstorm|[upkeep]
|-damage|p2a: Milotic|82/100 par|[from] Sandstorm
|-heal|p1a: Swampert|30/100|[from] item: Leftovers
|-heal|p2a: Milotic|88/100 par|[from] item: Leftovers
|upkeep
|turn|117
|
|t:|1730321753
|move|p1a: Swampert|Surf|p2a: Milotic
|-resisted|p2a: Milotic
|-damage|p2a: Milotic|72/100 par
|move|p2a: Milotic|Refresh|p2a: Milotic
|-curestatus|p2a: Milotic|par|[msg]
|
|-weather|Sandstorm|[upkeep]
|-damage|p2a: Milotic|66/100|[from] Sandstorm
|-heal|p2a: Milotic|72/100|[from] item: Leftovers
|-heal|p1a: Swampert|36/100|[from] item: Leftovers
|upkeep
|turn|118
|
|t:|1730321759
|move|p1a: Swampert|Protect|p1a: Swampert
|-singleturn|p1a: Swampert|Protect
|move|p2a: Milotic|Recover|p2a: Milotic
|-heal|p2a: Milotic|100/100
|
|-weather|Sandstorm|[upkeep]
|-damage|p2a: Milotic|94/100|[from] Sandstorm
|-heal|p2a: Milotic|100/100|[from] item: Leftovers
|-heal|p1a: Swampert|42/100|[from] item: Leftovers
|upkeep
|turn|119
|
|t:|1730321767
|switch|p1a: Starmie|Starmie|58/100
|move|p2a: Milotic|Toxic|p1a: Starmie
|-status|p1a: Starmie|tox
|
|-weather|Sandstorm|[upkeep]
|-damage|p1a: Starmie|51/100 tox|[from] Sandstorm
|-damage|p2a: Milotic|94/100|[from] Sandstorm
|-heal|p1a: Starmie|58/100 tox|[from] item: Leftovers
|-damage|p1a: Starmie|51/100 tox|[from] psn
|-heal|p2a: Milotic|100/100|[from] item: Leftovers
|upkeep
|turn|120
|
|t:|1730321775
|move|p1a: Starmie|Thunder Wave|p2a: Milotic
|-status|p2a: Milotic|par
|move|p2a: Milotic|Refresh|p2a: Milotic
|-curestatus|p2a: Milotic|par|[msg]
|
|-weather|Sandstorm|[upkeep]
|-damage|p1a: Starmie|45/100 tox|[from] Sandstorm
|-damage|p2a: Milotic|94/100|[from] Sandstorm
|-heal|p1a: Starmie|51/100 tox|[from] item: Leftovers
|-damage|p1a: Starmie|39/100 tox|[from] psn
|-heal|p2a: Milotic|100/100|[from] item: Leftovers
|upkeep
|turn|121
|
|t:|1730321782
|move|p1a: Starmie|Recover|p1a: Starmie
|-heal|p1a: Starmie|89/100 tox
|move|p2a: Milotic|Refresh||[still]
|-fail|p2a: Milotic
|
|-weather|Sandstorm|[upkeep]
|-damage|p1a: Starmie|83/100 tox|[from] Sandstorm
|-damage|p2a: Milotic|94/100|[from] Sandstorm
|-heal|p1a: Starmie|89/100 tox|[from] item: Leftovers
|-damage|p1a: Starmie|71/100 tox|[from] psn
|-heal|p2a: Milotic|100/100|[from] item: Leftovers
|upkeep
|turn|122
|
|t:|1730321790
|move|p1a: Starmie|Thunder Wave|p2a: Milotic
|-status|p2a: Milotic|par
|move|p2a: Milotic|Refresh|p2a: Milotic
|-curestatus|p2a: Milotic|par|[msg]
|
|-weather|Sandstorm|[upkeep]
|-damage|p1a: Starmie|64/100 tox|[from] Sandstorm
|-damage|p2a: Milotic|94/100|[from] Sandstorm
|-heal|p1a: Starmie|71/100 tox|[from] item: Leftovers
|-damage|p1a: Starmie|46/100 tox|[from] psn
|-heal|p2a: Milotic|100/100|[from] item: Leftovers
|upkeep
|turn|123
|
|t:|1730321793
|move|p1a: Starmie|Recover|p1a: Starmie
|-heal|p1a: Starmie|96/100 tox
|move|p2a: Milotic|Surf|p1a: Starmie
|-resisted|p1a: Starmie
|-damage|p1a: Starmie|76/100 tox
|
|-weather|Sandstorm|[upkeep]
|-damage|p1a: Starmie|70/100 tox|[from] Sandstorm
|-damage|p2a: Milotic|94/100|[from] Sandstorm
|-heal|p1a: Starmie|76/100 tox|[from] item: Leftovers
|-damage|p1a: Starmie|45/100 tox|[from] psn
|-heal|p2a: Milotic|100/100|[from] item: Leftovers
|upkeep
|turn|124
|
|t:|1730321800
|-curestatus|p1a: Starmie|tox|[from] ability: Natural Cure
|switch|p1a: Swampert|Swampert, F|42/100
|move|p2a: Milotic|Surf|p1a: Swampert
|-damage|p1a: Swampert|14/100
|
|-weather|Sandstorm|[upkeep]
|-damage|p2a: Milotic|94/100|[from] Sandstorm
|-heal|p2a: Milotic|100/100|[from] item: Leftovers
|-heal|p1a: Swampert|20/100|[from] item: Leftovers
|upkeep
|turn|125
|
|t:|1730321806
|move|p1a: Swampert|Protect|p1a: Swampert
|-singleturn|p1a: Swampert|Protect
|move|p2a: Milotic|Toxic|p1a: Swampert
|-activate|p1a: Swampert|Protect
|
|-weather|Sandstorm|[upkeep]
|-damage|p2a: Milotic|94/100|[from] Sandstorm
|-heal|p2a: Milotic|100/100|[from] item: Leftovers
|-heal|p1a: Swampert|26/100|[from] item: Leftovers
|upkeep
|turn|126
|
|t:|1730321814
|switch|p1a: Starmie|Starmie|45/100
|move|p2a: Milotic|Toxic|p1a: Starmie
|-status|p1a: Starmie|tox
|
|-weather|Sandstorm|[upkeep]
|-damage|p1a: Starmie|39/100 tox|[from] Sandstorm
|-damage|p2a: Milotic|94/100|[from] Sandstorm
|-heal|p1a: Starmie|45/100 tox|[from] item: Leftovers
|-damage|p1a: Starmie|39/100 tox|[from] psn
|-heal|p2a: Milotic|100/100|[from] item: Leftovers
|upkeep
|turn|127
|
|t:|1730321827
|switch|p2a: Claydol|Claydol|92/100
|move|p1a: Starmie|Recover|p1a: Starmie
|-heal|p1a: Starmie|89/100 tox
|
|-weather|Sandstorm|[upkeep]
|-damage|p1a: Starmie|83/100 tox|[from] Sandstorm
|-heal|p1a: Starmie|89/100 tox|[from] item: Leftovers
|-damage|p1a: Starmie|76/100 tox|[from] psn
|-heal|p2a: Claydol|98/100|[from] item: Leftovers
|upkeep
|turn|128
|
|t:|1730321847
|-curestatus|p1a: Starmie|tox|[from] ability: Natural Cure
|switch|p1a: Aerodactyl|Aerodactyl, F|100/100
|move|p2a: Claydol|Ice Beam|p1a: Aerodactyl
|-supereffective|p1a: Aerodactyl
|-damage|p1a: Aerodactyl|30/100
|
|-weather|Sandstorm|[upkeep]
|-heal|p2a: Claydol|100/100|[from] item: Leftovers
|upkeep
|turn|129
|
|t:|1730321867
|switch|p1a: Starmie|Starmie|76/100
|move|p2a: Claydol|Ice Beam|p1a: Starmie
|-resisted|p1a: Starmie
|-damage|p1a: Starmie|61/100
|
|-weather|Sandstorm|[upkeep]
|-damage|p1a: Starmie|55/100|[from] Sandstorm
|-heal|p1a: Starmie|61/100|[from] item: Leftovers
|upkeep
|turn|130
|
|t:|1730321889
|switch|p2a: Milotic|Milotic, M|100/100
|move|p1a: Starmie|Thunder Wave|p2a: Milotic
|-status|p2a: Milotic|par
|
|-weather|Sandstorm|[upkeep]
|-damage|p1a: Starmie|55/100|[from] Sandstorm
|-damage|p2a: Milotic|94/100 par|[from] Sandstorm
|-heal|p1a: Starmie|61/100|[from] item: Leftovers
|-heal|p2a: Milotic|100/100 par|[from] item: Leftovers
|upkeep
|turn|131
|
|t:|1730321897
|switch|p1a: Swampert|Swampert, F|26/100
|move|p2a: Milotic|Toxic|p1a: Swampert
|-status|p1a: Swampert|tox
|
|-weather|Sandstorm|[upkeep]
|-damage|p2a: Milotic|94/100 par|[from] Sandstorm
|-heal|p1a: Swampert|32/100 tox|[from] item: Leftovers
|-damage|p1a: Swampert|26/100 tox|[from] psn
|-heal|p2a: Milotic|100/100 par|[from] item: Leftovers
|upkeep
|turn|132
|
|t:|1730321905
|switch|p1a: Starmie|Starmie|61/100
|cant|p2a: Milotic|par
|
|-weather|Sandstorm|[upkeep]
|-damage|p1a: Starmie|55/100|[from] Sandstorm
|-damage|p2a: Milotic|94/100 par|[from] Sandstorm
|-heal|p1a: Starmie|61/100|[from] item: Leftovers
|-heal|p2a: Milotic|100/100 par|[from] item: Leftovers
|upkeep
|turn|133
|
|t:|1730321910
|move|p1a: Starmie|Recover|p1a: Starmie
|-heal|p1a: Starmie|100/100
|move|p2a: Milotic|Refresh|p2a: Milotic
|-curestatus|p2a: Milotic|par|[msg]
|
|-weather|Sandstorm|[upkeep]
|-damage|p1a: Starmie|94/100|[from] Sandstorm
|-damage|p2a: Milotic|94/100|[from] Sandstorm
|-heal|p1a: Starmie|100/100|[from] item: Leftovers
|-heal|p2a: Milotic|100/100|[from] item: Leftovers
|upkeep
|turn|134
|
|t:|1730321929
|move|p1a: Starmie|Thunder Wave|p2a: Milotic
|-status|p2a: Milotic|par
|move|p2a: Milotic|Refresh|p2a: Milotic
|-curestatus|p2a: Milotic|par|[msg]
|
|-weather|Sandstorm|[upkeep]
|-damage|p1a: Starmie|94/100|[from] Sandstorm
|-damage|p2a: Milotic|94/100|[from] Sandstorm
|-heal|p1a: Starmie|100/100|[from] item: Leftovers
|-heal|p2a: Milotic|100/100|[from] item: Leftovers
|upkeep
|turn|135
|
|t:|1730321934
|move|p1a: Starmie|Thunder Wave|p2a: Milotic
|-status|p2a: Milotic|par
|move|p2a: Milotic|Toxic|p1a: Starmie
|-status|p1a: Starmie|tox
|
|-weather|Sandstorm|[upkeep]
|-damage|p1a: Starmie|94/100 tox|[from] Sandstorm
|-damage|p2a: Milotic|94/100 par|[from] Sandstorm
|-heal|p1a: Starmie|100/100 tox|[from] item: Leftovers
|-damage|p1a: Starmie|94/100 tox|[from] psn
|-heal|p2a: Milotic|100/100 par|[from] item: Leftovers
|upkeep
|turn|136
|
|t:|1730321957
|-curestatus|p1a: Starmie|tox|[from] ability: Natural Cure
|switch|p1a: Aerodactyl|Aerodactyl, F|30/100
|move|p2a: Milotic|Surf|p1a: Aerodactyl
|-supereffective|p1a: Aerodactyl
|-damage|p1a: Aerodactyl|0 fnt
|faint|p1a: Aerodactyl
|
|t:|1730321969
|switch|p1a: Swampert|Swampert, F|26/100 tox
|
|-weather|Sandstorm|[upkeep]
|-damage|p2a: Milotic|94/100 par|[from] Sandstorm
|-heal|p1a: Swampert|32/100 tox|[from] item: Leftovers
|-damage|p1a: Swampert|26/100 tox|[from] psn
|-heal|p2a: Milotic|100/100 par|[from] item: Leftovers
|upkeep
|turn|137
|
|t:|1730321982
|switch|p1a: Starmie|Starmie|94/100
|cant|p2a: Milotic|par
|
|-weather|Sandstorm|[upkeep]
|-damage|p1a: Starmie|88/100|[from] Sandstorm
|-damage|p2a: Milotic|94/100 par|[from] Sandstorm
|-heal|p1a: Starmie|94/100|[from] item: Leftovers
|-heal|p2a: Milotic|100/100 par|[from] item: Leftovers
|upkeep
|turn|138
|
|t:|1730321988
|switch|p1a: Swampert|Swampert, F|26/100 tox
|cant|p2a: Milotic|par
|
|-weather|Sandstorm|[upkeep]
|-damage|p2a: Milotic|94/100 par|[from] Sandstorm
|-heal|p1a: Swampert|32/100 tox|[from] item: Leftovers
|-damage|p1a: Swampert|26/100 tox|[from] psn
|-heal|p2a: Milotic|100/100 par|[from] item: Leftovers
|upkeep
|turn|139
|
|t:|1730321991
|move|p1a: Swampert|Refresh|p1a: Swampert
|-curestatus|p1a: Swampert|tox|[msg]
|move|p2a: Milotic|Refresh|p2a: Milotic
|-curestatus|p2a: Milotic|par|[msg]
|
|-weather|Sandstorm|[upkeep]
|-damage|p2a: Milotic|94/100|[from] Sandstorm
|-heal|p2a: Milotic|100/100|[from] item: Leftovers
|-heal|p1a: Swampert|32/100|[from] item: Leftovers
|upkeep
|turn|140
|
|t:|1730321998
|move|p1a: Swampert|Protect|p1a: Swampert
|-singleturn|p1a: Swampert|Protect
|move|p2a: Milotic|Toxic|p1a: Swampert|[miss]
|-miss|p2a: Milotic|p1a: Swampert
|
|-weather|Sandstorm|[upkeep]
|-damage|p2a: Milotic|94/100|[from] Sandstorm
|-heal|p2a: Milotic|100/100|[from] item: Leftovers
|-heal|p1a: Swampert|38/100|[from] item: Leftovers
|upkeep
|turn|141
|inactive|keeping it icy has 270 seconds left.
|inactive|social inclusion has 270 seconds left.
|inactive|keeping it icy has 240 seconds left.
|inactive|social inclusion has 240 seconds left.
|inactive|keeping it icy has 210 seconds left.
|
|t:|1730322116
|switch|p1a: Starmie|Starmie|94/100
|move|p2a: Milotic|Surf|p1a: Starmie
|-resisted|p1a: Starmie
|-damage|p1a: Starmie|76/100
|
|-weather|Sandstorm|[upkeep]
|-damage|p1a: Starmie|70/100|[from] Sandstorm
|-damage|p2a: Milotic|94/100|[from] Sandstorm
|-heal|p1a: Starmie|76/100|[from] item: Leftovers
|-heal|p2a: Milotic|100/100|[from] item: Leftovers
|upkeep
|turn|142
|inactive|social inclusion has 240 seconds left.
|inactive|keeping it icy has 180 seconds left.
|inactive|social inclusion has 210 seconds left.
|
|t:|1730322155
|move|p1a: Starmie|Thunder Wave|p2a: Milotic
|-status|p2a: Milotic|par
|move|p2a: Milotic|Toxic|p1a: Starmie
|-status|p1a: Starmie|tox
|
|-weather|Sandstorm|[upkeep]
|-damage|p1a: Starmie|70/100 tox|[from] Sandstorm
|-damage|p2a: Milotic|94/100 par|[from] Sandstorm
|-heal|p1a: Starmie|76/100 tox|[from] item: Leftovers
|-damage|p1a: Starmie|70/100 tox|[from] psn
|-heal|p2a: Milotic|100/100 par|[from] item: Leftovers
|upkeep
|turn|143
|
|t:|1730322164
|-curestatus|p1a: Starmie|tox|[from] ability: Natural Cure
|switch|p1a: Swampert|Swampert, F|38/100
|cant|p2a: Milotic|par
|
|-weather|Sandstorm|[upkeep]
|-damage|p2a: Milotic|94/100 par|[from] Sandstorm
|-heal|p1a: Swampert|45/100|[from] item: Leftovers
|-heal|p2a: Milotic|100/100 par|[from] item: Leftovers
|upkeep
|turn|144
|inactive|keeping it icy has 180 seconds left.
|
|t:|1730322180
|move|p1a: Swampert|Surf|p2a: Milotic
|-resisted|p2a: Milotic
|-crit|p2a: Milotic
|-damage|p2a: Milotic|77/100 par
|move|p2a: Milotic|Refresh|p2a: Milotic
|-curestatus|p2a: Milotic|par|[msg]
|
|-weather|Sandstorm|[upkeep]
|-damage|p2a: Milotic|71/100|[from] Sandstorm
|-heal|p2a: Milotic|77/100|[from] item: Leftovers
|-heal|p1a: Swampert|51/100|[from] item: Leftovers
|upkeep
|turn|145
|inactive|keeping it icy has 180 seconds left.
|
|t:|1730322191
|switch|p2a: Skarmory|Skarmory, M|58/100
|move|p1a: Swampert|Toxic|p2a: Skarmory
|-immune|p2a: Skarmory
|
|-weather|Sandstorm|[upkeep]
|-heal|p2a: Skarmory|64/100|[from] item: Leftovers
|-heal|p1a: Swampert|57/100|[from] item: Leftovers
|upkeep
|turn|146
|
|t:|1730322197
|move|p2a: Skarmory|Spikes|p1a: Swampert
|-sidestart|p1: keeping it icy|Spikes
|move|p1a: Swampert|Surf|p2a: Skarmory
|-damage|p2a: Skarmory|26/100
|
|-weather|Sandstorm|[upkeep]
|-heal|p2a: Skarmory|32/100|[from] item: Leftovers
|-heal|p1a: Swampert|63/100|[from] item: Leftovers
|upkeep
|turn|147
|inactive|social inclusion has 240 seconds left.
|
|t:|1730322211
|move|p2a: Skarmory|Toxic|p1a: Swampert
|-status|p1a: Swampert|tox
|move|p1a: Swampert|Surf|p2a: Skarmory
|-damage|p2a: Skarmory|0 fnt
|faint|p2a: Skarmory
|
|t:|1730322218
|switch|p2a: Milotic|Milotic, M|77/100
|
|-weather|Sandstorm|[upkeep]
|-damage|p2a: Milotic|71/100|[from] Sandstorm
|-heal|p2a: Milotic|77/100|[from] item: Leftovers
|-heal|p1a: Swampert|69/100 tox|[from] item: Leftovers
|-damage|p1a: Swampert|63/100 tox|[from] psn
|upkeep
|turn|148
|
|t:|1730322229
|switch|p1a: Starmie|Starmie|70/100
|-damage|p1a: Starmie|58/100|[from] Spikes
|move|p2a: Milotic|Surf|p1a: Starmie
|-resisted|p1a: Starmie
|-damage|p1a: Starmie|40/100
|
|-weather|Sandstorm|[upkeep]
|-damage|p1a: Starmie|34/100|[from] Sandstorm
|-damage|p2a: Milotic|71/100|[from] Sandstorm
|-heal|p1a: Starmie|40/100|[from] item: Leftovers
|-heal|p2a: Milotic|77/100|[from] item: Leftovers
|upkeep
|turn|149
|
|t:|1730322241
|move|p1a: Starmie|Recover|p1a: Starmie
|-heal|p1a: Starmie|90/100
|move|p2a: Milotic|Toxic|p1a: Starmie
|-status|p1a: Starmie|tox
|
|-weather|Sandstorm|[upkeep]
|-damage|p1a: Starmie|84/100 tox|[from] Sandstorm
|-damage|p2a: Milotic|71/100|[from] Sandstorm
|-heal|p1a: Starmie|90/100 tox|[from] item: Leftovers
|-damage|p1a: Starmie|84/100 tox|[from] psn
|-heal|p2a: Milotic|77/100|[from] item: Leftovers
|upkeep
|turn|150
|
|t:|1730322252
|move|p1a: Starmie|Rapid Spin|p2a: Milotic
|-damage|p2a: Milotic|75/100
|-sideend|p1: keeping it icy|Spikes|[from] move: Rapid Spin|[of] p1a: Starmie
|move|p2a: Milotic|Refresh||[still]
|-fail|p2a: Milotic
|
|-weather|Sandstorm|[upkeep]
|-damage|p1a: Starmie|78/100 tox|[from] Sandstorm
|-damage|p2a: Milotic|69/100|[from] Sandstorm
|-heal|p1a: Starmie|84/100 tox|[from] item: Leftovers
|-damage|p1a: Starmie|72/100 tox|[from] psn
|-heal|p2a: Milotic|75/100|[from] item: Leftovers
|upkeep
|turn|151
|inactive|keeping it icy has 210 seconds left.
|
|t:|1730322272
|-curestatus|p1a: Starmie|tox|[from] ability: Natural Cure
|switch|p1a: Swampert|Swampert, F|63/100 tox
|switch|p2a: Claydol|Claydol|100/100
|
|-weather|Sandstorm|[upkeep]
|-heal|p1a: Swampert|69/100 tox|[from] item: Leftovers
|-damage|p1a: Swampert|63/100 tox|[from] psn
|upkeep
|turn|152
|inactive|keeping it icy has 180 seconds left.
|
|t:|1730322306
|move|p2a: Claydol|Psychic|p1a: Swampert
|-damage|p1a: Swampert|32/100 tox
|move|p1a: Swampert|Refresh|p1a: Swampert
|-curestatus|p1a: Swampert|tox|[msg]
|
|-weather|Sandstorm|[upkeep]
|-heal|p1a: Swampert|38/100|[from] item: Leftovers
|upkeep
|turn|153
|inactive|keeping it icy has 180 seconds left.
|
|t:|1730322313
|switch|p2a: Milotic|Milotic, M|75/100
|move|p1a: Swampert|Protect||[still]
|-fail|p1a: Swampert
|
|-weather|Sandstorm|[upkeep]
|-damage|p2a: Milotic|69/100|[from] Sandstorm
|-heal|p2a: Milotic|75/100|[from] item: Leftovers
|-heal|p1a: Swampert|44/100|[from] item: Leftovers
|upkeep
|turn|154
|inactive|social inclusion has 270 seconds left.
|
|t:|1730322324
|switch|p2a: Claydol|Claydol|100/100
|move|p1a: Swampert|Protect||[still]
|-fail|p1a: Swampert
|
|-weather|Sandstorm|[upkeep]
|-heal|p1a: Swampert|51/100|[from] item: Leftovers
|upkeep
|turn|155
|inactive|keeping it icy has 180 seconds left.
|
|t:|1730322342
|switch|p2a: Milotic|Milotic, M|75/100
|move|p1a: Swampert|Protect||[still]
|-fail|p1a: Swampert
|
|-weather|Sandstorm|[upkeep]
|-damage|p2a: Milotic|69/100|[from] Sandstorm
|-heal|p2a: Milotic|75/100|[from] item: Leftovers
|-heal|p1a: Swampert|57/100|[from] item: Leftovers
|upkeep
|turn|156
|inactive|social inclusion has 270 seconds left.
|c|☆social inclusion|Im regreting staying with blissey
|c|☆social inclusion|such a bad play
|
|t:|1730322376
|move|p2a: Milotic|Recover|p2a: Milotic
|-heal|p2a: Milotic|100/100
|move|p1a: Swampert|Toxic|p2a: Milotic
|-status|p2a: Milotic|tox
|
|-weather|Sandstorm|[upkeep]
|-damage|p2a: Milotic|94/100 tox|[from] Sandstorm
|-heal|p2a: Milotic|100/100 tox|[from] item: Leftovers
|-damage|p2a: Milotic|94/100 tox|[from] psn
|-heal|p1a: Swampert|63/100|[from] item: Leftovers
|upkeep
|turn|157
|
|t:|1730322388
|move|p2a: Milotic|Refresh|p2a: Milotic
|-curestatus|p2a: Milotic|tox|[msg]
|move|p1a: Swampert|Toxic|p2a: Milotic
|-status|p2a: Milotic|tox
|
|-weather|Sandstorm|[upkeep]
|-damage|p2a: Milotic|88/100 tox|[from] Sandstorm
|-heal|p2a: Milotic|94/100 tox|[from] item: Leftovers
|-damage|p2a: Milotic|88/100 tox|[from] psn
|-heal|p1a: Swampert|69/100|[from] item: Leftovers
|upkeep
|turn|158
|inactive|keeping it icy has 180 seconds left.
|c|☆keeping it icy|i made some questionable plays too
|
|t:|1730322417
|move|p2a: Milotic|Refresh|p2a: Milotic
|-curestatus|p2a: Milotic|tox|[msg]
|move|p1a: Swampert|Toxic|p2a: Milotic
|-status|p2a: Milotic|tox
|
|-weather|Sandstorm|[upkeep]
|-damage|p2a: Milotic|82/100 tox|[from] Sandstorm
|-heal|p2a: Milotic|88/100 tox|[from] item: Leftovers
|-damage|p2a: Milotic|82/100 tox|[from] psn
|-heal|p1a: Swampert|75/100|[from] item: Leftovers
|upkeep
|turn|159
|inactive|keeping it icy has 180 seconds left.
|
|t:|1730322424
|move|p2a: Milotic|Refresh|p2a: Milotic
|-curestatus|p2a: Milotic|tox|[msg]
|move|p1a: Swampert|Toxic|p2a: Milotic
|-status|p2a: Milotic|tox
|
|-weather|Sandstorm|[upkeep]
|-damage|p2a: Milotic|76/100 tox|[from] Sandstorm
|-heal|p2a: Milotic|82/100 tox|[from] item: Leftovers
|-damage|p2a: Milotic|76/100 tox|[from] psn
|-heal|p1a: Swampert|82/100|[from] item: Leftovers
|upkeep
|turn|160
|
|t:|1730322431
|move|p2a: Milotic|Refresh|p2a: Milotic
|-curestatus|p2a: Milotic|tox|[msg]
|move|p1a: Swampert|Toxic|p2a: Milotic
|-status|p2a: Milotic|tox
|
|-weather|Sandstorm|[upkeep]
|-damage|p2a: Milotic|70/100 tox|[from] Sandstorm
|-heal|p2a: Milotic|76/100 tox|[from] item: Leftovers
|-damage|p2a: Milotic|70/100 tox|[from] psn
|-heal|p1a: Swampert|88/100|[from] item: Leftovers
|upkeep
|turn|161
|
|t:|1730322441
|move|p2a: Milotic|Recover|p2a: Milotic
|-heal|p2a: Milotic|100/100 tox
|move|p1a: Swampert|Toxic|p2a: Milotic
|-fail|p2a: Milotic|tox
|
|-weather|Sandstorm|[upkeep]
|-damage|p2a: Milotic|94/100 tox|[from] Sandstorm
|-heal|p2a: Milotic|100/100 tox|[from] item: Leftovers
|-damage|p2a: Milotic|88/100 tox|[from] psn
|-heal|p1a: Swampert|94/100|[from] item: Leftovers
|upkeep
|turn|162
|inactive|keeping it icy has 180 seconds left.
|
|t:|1730322457
|switch|p1a: Starmie|Starmie|72/100
|move|p2a: Milotic|Refresh|p2a: Milotic
|-curestatus|p2a: Milotic|tox|[msg]
|
|-weather|Sandstorm|[upkeep]
|-damage|p1a: Starmie|66/100|[from] Sandstorm
|-damage|p2a: Milotic|82/100|[from] Sandstorm
|-heal|p1a: Starmie|72/100|[from] item: Leftovers
|-heal|p2a: Milotic|88/100|[from] item: Leftovers
|upkeep
|turn|163
|
|t:|1730322464
|switch|p2a: Claydol|Claydol|100/100
|move|p1a: Starmie|Recover|p1a: Starmie
|-heal|p1a: Starmie|100/100
|
|-weather|Sandstorm|[upkeep]
|-damage|p1a: Starmie|94/100|[from] Sandstorm
|-heal|p1a: Starmie|100/100|[from] item: Leftovers
|upkeep
|turn|164
|inactive|keeping it icy has 180 seconds left.
|
|t:|1730322480
|switch|p1a: Swampert|Swampert, F|94/100
|switch|p2a: Milotic|Milotic, M|88/100
|
|-weather|Sandstorm|[upkeep]
|-damage|p2a: Milotic|82/100|[from] Sandstorm
|-heal|p2a: Milotic|88/100|[from] item: Leftovers
|-heal|p1a: Swampert|99/100|[from] item: Leftovers
|upkeep
|turn|165
|c|☆social inclusion|gg mate, you can infinitely switch I think
|-message|social inclusion forfeited.
|
|win|keeping it icy
|player|p2|
|c|☆keeping it icy|gg

</script>
<script type="application/json" class="data" id="replaydata-smogtours-gen3ou-803468">
{"id":"smogtours-gen3ou-803468","format":"[Gen 3] OU","players":["keeping it icy","social inclusion"],"uploadtime":1730322505,"views":75,"formatid":"gen3ou","rating":null,"private":0,"password":null}
</script>

<script defer src="js/replays.js?9d40a366"></script>
