<!DOCTYPE html>
<meta charset="utf-8" />
<meta name="viewport" content="width=device-width" />

<title>[Gen 3] OU: drogasas vs. ljsampson - Replays - Pok&eacute;mon Showdown!</title>

<meta name="description" content="Watch a replay of a Pok&eacute;mon battle between drogasas and ljsampson! Format: [Gen 3] OU; Date: Oct 4, 2024" />
<!--

Hey, you! Looking in the source for the replay log?

You can find them in JSON format, just add `.json` at the end of a replay URL.

https://replay.pokemonshowdown.com/gen7randomdoublesbattle-865046831.json

Or, if you only need the log itself, add `.log` instead:

https://replay.pokemonshowdown.com/gen7randomdoublesbattle-865046831.log

-->

<link rel="stylesheet" href="//pokemonshowdown.com/style/global.css?0.023195364461161105" />
<link rel="stylesheet" href="//play.pokemonshowdown.com/style/font-awesome.css?0.13261647063804238" />
<link rel="stylesheet" href="//play.pokemonshowdown.com/style/battle.css?0.8753245789963631" />
<link rel="stylesheet" href="//play.pokemonshowdown.com/style/utilichart.css?0.8627959624976733" />

<!-- Global site tag (gtag.js) - Google Analytics -->
<script async src="https://www.googletagmanager.com/gtag/js?id=UA-26211653-1"></script>
<script>
  window.dataLayer = window.dataLayer || [];
  function gtag(){dataLayer.push(arguments);}
  gtag('js', new Date());

  gtag('config', 'UA-26211653-1');
</script>
<!-- End Google Analytics -->
<!-- Venatus Ad Manager - Install in <HEAD> of page -->
	<script src="https://hb.vntsm.com/v3/live/ad-manager.min.js" type="text/javascript" data-site-id="642aba63ec9a7b11c3c9c1be" data-mode="scan" async></script>
<!-- / Venatus Ad Manager -->

<style>
	@media (max-width:820px) {
		.battle {
			margin: 0 auto;
		}
		.battle-log {
			margin: 7px auto 0;
			max-width: 640px;
			height: 300px;
			position: static;
		}
	}
	.optgroup {
		display: inline-block;
		line-height: 22px;
		font-size: 10pt;
	}
	.optgroup .button {
		height: 25px;
		padding-top: 0;
		padding-bottom: 0;
	}
	.optgroup button.button {
		padding-left: 12px;
		padding-right: 12px;
	}
	.linklist {
		list-style: none;
		margin: 0.5em 0;
		padding: 0;
	}
	.linklist li {
		padding: 2px 0;
	}
	.sidebar {
		float: left;
		width: 320px;
	}
	.bar-wrapper {
		max-width: 1100px;
		margin: 0 auto;
	}
	.bar-wrapper.has-sidebar {
		max-width: 1430px;
	}
	.mainbar {
		margin: 0;
		padding-right: 1px;
	}
	.mainbar.has-sidebar {
		margin-left: 330px;
	}
	@media (min-width: 1511px) {
		.sidebar {
			width: 400px;
		}
		.bar-wrapper.has-sidebar {
			max-width: 1510px;
		}
		.mainbar.has-sidebar {
			margin-left: 410px;
		}
	}
	.section.first-section {
		margin-top: 9px;
	}
	.blocklink small {
		white-space: normal;
	}
	.button {
		vertical-align: middle;
	}
	.replay-controls {
		padding-top: 10px;
	}
	.replay-controls h1 {
		font-size: 16pt;
		font-weight: normal;
		color: #CCC;
	}
	.pagelink {
		text-align: center;
	}
	.pagelink a {
		width: 150px;
	}
	.textbox, .button {
		font-size: 11pt;
		vertical-align: middle;
	}
	@media (max-width: 450px) {
		.button {
			font-size: 9pt;
		}
	}
</style>

<div>

	<header>
		<div class="nav-wrapper"><ul class="nav">
			<li><a class="button nav-first" href="//pokemonshowdown.com/"><img src="//pokemonshowdown.com/images/pokemonshowdownbeta.png" srcset="//pokemonshowdown.com/images/pokemonshowdownbeta.png 1x, //pokemonshowdown.com/images/pokemonshowdownbeta@2x.png 2x" alt="Pok&eacute;mon Showdown" width="146" height="44" /> Home</a></li>
			<li><a class="button" href="//pokemonshowdown.com/dex/">Pok&eacute;dex</a></li>
			<li><a class="button cur" href="/">Replays</a></li>
			<li><a class="button" href="//pokemonshowdown.com/ladder/">Ladder</a></li>
			<li><a class="button nav-last" href="//pokemonshowdown.com/forums/">Forum</a></li>
			<li><a class="button greenbutton nav-first nav-last" href="//play.pokemonshowdown.com/">Play</a></li>
		</ul></div>
	</header>

	<div class="main" id="main">

		<noscript><section class="section">You need to enable JavaScript to use this page; sorry!</section></noscript>

	</div>

</div>

<script defer nomodule src="//play.pokemonshowdown.com/js/lib/ps-polyfill.js"></script>
<script defer src="//play.pokemonshowdown.com/js/lib/preact.min.js"></script>

<script defer src="//play.pokemonshowdown.com/config/config.js?2bddbc15"></script>
<script defer src="//play.pokemonshowdown.com/js/lib/jquery-1.11.0.min.js"></script>
<script defer src="//play.pokemonshowdown.com/js/lib/html-sanitizer-minified.js"></script>
<script defer src="//play.pokemonshowdown.com/js/battle-sound.js"></script>
<script defer src="//play.pokemonshowdown.com/js/battledata.js?0.7209276989879541"></script>
<script defer src="//play.pokemonshowdown.com/data/pokedex-mini.js?0.6111056340867951"></script>
<script defer src="//play.pokemonshowdown.com/data/pokedex-mini-bw.js?0.3532142036491459"></script>
<script defer src="//play.pokemonshowdown.com/data/graphics.js?0.24223875632456182"></script>
<script defer src="//play.pokemonshowdown.com/data/pokedex.js?0.38839984266356864"></script>
<script defer src="//play.pokemonshowdown.com/data/moves.js?0.21866028504024015"></script>
<script defer src="//play.pokemonshowdown.com/data/abilities.js?0.2005157953846628"></script>
<script defer src="//play.pokemonshowdown.com/data/items.js?0.9894211263848525"></script>
<script defer src="//play.pokemonshowdown.com/data/teambuilder-tables.js?0.6008791140282215"></script>
<script defer src="//play.pokemonshowdown.com/js/battle-tooltips.js?0.7580118955022959"></script>
<script defer src="//play.pokemonshowdown.com/js/battle.js?0.6057722274234274"></script>

<script defer src="js/utils.js?e31f9a17"></script>
<script defer src="js/replays-battle.js?7008c182"></script>

<!-- don't scrape this data! just add .json or .log after the URL!
Full API docs: https://github.com/smogon/pokemon-showdown-client/blob/master/WEB-API.md -->
<script type="text/plain" class="log" id="replaylog-smogtours-gen3ou-794566">
|inactive|Battle timer is ON: inactive players will automatically lose when time's up.
|t:|1728055698
|gametype|singles
|player|p1|drogasas|scientist-gen4|
|player|p2|ljsampson|169|
|teamsize|p1|6
|teamsize|p2|6
|gen|3
|tier|[Gen 3] OU
|rule|Sleep Clause Mod: Limit one foe put to sleep
|rule|Switch Priority Clause Mod: Faster Pokémon switch first
|rule|Species Clause: Limit one of each Pokémon
|rule|OHKO Clause: OHKO moves are banned
|rule|Evasion Items Clause: Evasion items are banned
|rule|Evasion Moves Clause: Evasion moves are banned
|rule|Endless Battle Clause: Forcing endless battles is banned
|rule|HP Percentage Mod: HP is shown in percentages
|rule|One Boost Passer Clause: Limit one Baton Passer that has a way to boost its stats
|rule|Freeze Clause Mod: Limit one foe frozen
|
|t:|1728055698
|start
|switch|p1a: Snorlax|Snorlax, M|100/100
|switch|p2a: Regirock|Regirock|100/100
|turn|1
|c|☆ljsampson|glhf
|c|☆drogasas|u2
|
|t:|1728055727
|switch|p1a: Donphan|Donphan, M|100/100
|move|p2a: Regirock|Superpower|p1a: Donphan
|-damage|p1a: Donphan|69/100
|-unboost|p2a: Regirock|atk|1
|-unboost|p2a: Regirock|def|1
|
|-heal|p1a: Donphan|75/100|[from] item: Leftovers
|upkeep
|turn|2
|
|t:|1728055739
|switch|p2a: Celebi|Celebi|100/100
|move|p1a: Donphan|Earthquake|p2a: Celebi
|-resisted|p2a: Celebi
|-damage|p2a: Celebi|78/100
|
|-heal|p2a: Celebi|84/100|[from] item: Leftovers
|-heal|p1a: Donphan|82/100|[from] item: Leftovers
|upkeep
|turn|3
|
|t:|1728055744
|switch|p1a: Houndoom|Houndoom, F|100/100
|move|p2a: Celebi|Giga Drain|p1a: Houndoom
|-resisted|p1a: Houndoom
|-damage|p1a: Houndoom|85/100
|-heal|p2a: Celebi|91/100|[from] drain|[of] p1a: Houndoom
|
|-heal|p2a: Celebi|97/100|[from] item: Leftovers
|-heal|p1a: Houndoom|91/100|[from] item: Leftovers
|upkeep
|turn|4
|
|t:|1728055759
|-activate|p2a: Celebi|move: Pursuit
|move|p1a: Houndoom|Pursuit|p2a: Celebi|[from]Pursuit
|-supereffective|p2a: Celebi
|-damage|p2a: Celebi|19/100
|switch|p2a: Snorlax|Snorlax, F|100/100
|
|-heal|p1a: Houndoom|97/100|[from] item: Leftovers
|upkeep
|turn|5
|
|t:|1728055779
|switch|p1a: Donphan|Donphan, M|82/100
|move|p2a: Snorlax|Return|p1a: Donphan
|-damage|p1a: Donphan|50/100
|
|-heal|p1a: Donphan|56/100|[from] item: Leftovers
|upkeep
|turn|6
|
|t:|1728055789
|move|p1a: Donphan|Earthquake|p2a: Snorlax
|-damage|p2a: Snorlax|67/100
|move|p2a: Snorlax|Return|p1a: Donphan
|-crit|p1a: Donphan
|-damage|p1a: Donphan|0 fnt
|faint|p1a: Donphan
|
|t:|1728055801
|switch|p1a: Salamence|Salamence, M|100/100
|-ability|p1a: Salamence|Intimidate|boost
|-unboost|p2a: Snorlax|atk|1
|
|-heal|p2a: Snorlax|73/100|[from] item: Leftovers
|upkeep
|turn|7
|c|☆ljsampson|sorry :/
|
|t:|1728055831
|move|p1a: Salamence|Hidden Power|p2a: Snorlax
|-damage|p2a: Snorlax|33/100
|move|p2a: Snorlax|Self-Destruct|p1a: Salamence
|-damage|p1a: Salamence|0 fnt
|faint|p2a: Snorlax
|faint|p1a: Salamence
|inactive|ljsampson has 270 seconds left.
|
|t:|1728055866
|switch|p1a: Suicune|Suicune|100/100
|switch|p2a: Regirock|Regirock|100/100
|
|upkeep
|turn|8
|
|t:|1728055886
|switch|p2a: Zapdos|Zapdos|100/100
|move|p1a: Suicune|Hydro Pump|p2a: Zapdos
|-damage|p2a: Zapdos|35/100
|
|-heal|p2a: Zapdos|41/100|[from] item: Leftovers
|upkeep
|turn|9
|
|t:|1728055895
|switch|p1a: Snorlax|Snorlax, M|100/100
|move|p2a: Zapdos|Thunderbolt|p1a: Snorlax
|-damage|p1a: Snorlax|74/100
|
|-heal|p2a: Zapdos|47/100|[from] item: Leftovers
|-heal|p1a: Snorlax|80/100|[from] item: Leftovers
|upkeep
|turn|10
|
|t:|1728055906
|-singleturn|p1a: Snorlax|move: Focus Punch
|switch|p2a: Regirock|Regirock|100/100
|move|p1a: Snorlax|Focus Punch|p2a: Regirock
|-supereffective|p2a: Regirock
|-damage|p2a: Regirock|55/100
|
|-heal|p1a: Snorlax|87/100|[from] item: Leftovers
|upkeep
|turn|11
|
|t:|1728055912
|switch|p1a: Suicune|Suicune|100/100
|move|p2a: Regirock|Superpower|p1a: Suicune
|-damage|p1a: Suicune|46/100
|-unboost|p2a: Regirock|atk|1
|-unboost|p2a: Regirock|def|1
|
|-heal|p1a: Suicune|53/100|[from] item: Leftovers
|upkeep
|turn|12
|
|t:|1728055918
|switch|p2a: Cloyster|Cloyster, F|100/100
|move|p1a: Suicune|Hydro Pump|p2a: Cloyster
|-resisted|p2a: Cloyster
|-damage|p2a: Cloyster|65/100
|
|-heal|p1a: Suicune|59/100|[from] item: Leftovers
|-heal|p2a: Cloyster|71/100|[from] item: Leftovers
|upkeep
|turn|13
|
|t:|1728055929
|move|p1a: Suicune|Calm Mind|p1a: Suicune
|-boost|p1a: Suicune|spa|1
|-boost|p1a: Suicune|spd|1
|move|p2a: Cloyster|Spikes|p1a: Suicune
|-sidestart|p1: drogasas|Spikes
|
|-heal|p1a: Suicune|65/100|[from] item: Leftovers
|-heal|p2a: Cloyster|77/100|[from] item: Leftovers
|upkeep
|turn|14
|
|t:|1728055932
|move|p1a: Suicune|Hidden Power|p2a: Cloyster
|-supereffective|p2a: Cloyster
|-damage|p2a: Cloyster|0 fnt
|faint|p2a: Cloyster
|
|t:|1728055955
|switch|p2a: Celebi|Celebi|19/100
|
|-heal|p2a: Celebi|25/100|[from] item: Leftovers
|-heal|p1a: Suicune|71/100|[from] item: Leftovers
|upkeep
|turn|15
|
|t:|1728055959
|move|p2a: Celebi|Giga Drain|p1a: Suicune
|-supereffective|p1a: Suicune
|-damage|p1a: Suicune|38/100
|-heal|p2a: Celebi|41/100|[from] drain|[of] p1a: Suicune
|move|p1a: Suicune|Ice Beam|p2a: Celebi
|-supereffective|p2a: Celebi
|-damage|p2a: Celebi|0 fnt
|faint|p2a: Celebi
|
|t:|1728055969
|switch|p2a: Zapdos|Zapdos|47/100
|
|-heal|p2a: Zapdos|53/100|[from] item: Leftovers
|-heal|p1a: Suicune|44/100|[from] item: Leftovers
|upkeep
|turn|16
|
|t:|1728055976
|switch|p1a: Magneton|Magneton|100/100
|-damage|p1a: Magneton|88/100|[from] Spikes
|move|p2a: Zapdos|Thunderbolt|p1a: Magneton
|-resisted|p1a: Magneton
|-damage|p1a: Magneton|46/100
|-status|p1a: Magneton|par
|
|-heal|p2a: Zapdos|60/100|[from] item: Leftovers
|upkeep
|turn|17
|
|t:|1728055983
|move|p2a: Zapdos|Thunderbolt|p1a: Magneton
|-resisted|p1a: Magneton
|-damage|p1a: Magneton|4/100 par
|move|p1a: Magneton|Thunderbolt|p2a: Zapdos
|-damage|p2a: Zapdos|0 fnt
|faint|p2a: Zapdos
|
|t:|1728055993
|switch|p2a: Suicune|Suicune|100/100
|
|upkeep
|turn|18
|
|t:|1728055997
|move|p2a: Suicune|Surf|p1a: Magneton
|-damage|p1a: Magneton|0 fnt
|faint|p1a: Magneton
|
|t:|1728056000
|switch|p1a: Suicune|Suicune|44/100
|-damage|p1a: Suicune|32/100|[from] Spikes
|
|-heal|p1a: Suicune|38/100|[from] item: Leftovers
|upkeep
|turn|19
|
|t:|1728056003
|move|p1a: Suicune|Calm Mind|p1a: Suicune
|-boost|p1a: Suicune|spa|1
|-boost|p1a: Suicune|spd|1
|move|p2a: Suicune|Calm Mind|p2a: Suicune
|-boost|p2a: Suicune|spa|1
|-boost|p2a: Suicune|spd|1
|
|-heal|p1a: Suicune|44/100|[from] item: Leftovers
|upkeep
|turn|20
|
|t:|1728056008
|move|p1a: Suicune|Calm Mind|p1a: Suicune
|-boost|p1a: Suicune|spa|1
|-boost|p1a: Suicune|spd|1
|move|p2a: Suicune|Calm Mind|p2a: Suicune
|-boost|p2a: Suicune|spa|1
|-boost|p2a: Suicune|spd|1
|
|-heal|p1a: Suicune|50/100|[from] item: Leftovers
|upkeep
|turn|21
|
|t:|1728056012
|move|p1a: Suicune|Calm Mind|p1a: Suicune
|-boost|p1a: Suicune|spa|1
|-boost|p1a: Suicune|spd|1
|move|p2a: Suicune|Calm Mind|p2a: Suicune
|-boost|p2a: Suicune|spa|1
|-boost|p2a: Suicune|spd|1
|
|-heal|p1a: Suicune|56/100|[from] item: Leftovers
|upkeep
|turn|22
|
|t:|1728056015
|move|p1a: Suicune|Calm Mind|p1a: Suicune
|-boost|p1a: Suicune|spa|1
|-boost|p1a: Suicune|spd|1
|move|p2a: Suicune|Calm Mind|p2a: Suicune
|-boost|p2a: Suicune|spa|1
|-boost|p2a: Suicune|spd|1
|
|-heal|p1a: Suicune|62/100|[from] item: Leftovers
|upkeep
|turn|23
|
|t:|1728056032
|move|p1a: Suicune|Calm Mind|p1a: Suicune
|-boost|p1a: Suicune|spa|1
|-boost|p1a: Suicune|spd|1
|move|p2a: Suicune|Calm Mind|p2a: Suicune
|-boost|p2a: Suicune|spa|1
|-boost|p2a: Suicune|spd|1
|
|-heal|p1a: Suicune|68/100|[from] item: Leftovers
|upkeep
|turn|24
|
|t:|1728056036
|move|p1a: Suicune|Calm Mind|p1a: Suicune
|-boost|p1a: Suicune|spa|1
|-boost|p1a: Suicune|spd|1
|move|p2a: Suicune|Roar|p1a: Suicune
|drag|p1a: Snorlax|Snorlax, M|87/100
|-damage|p1a: Snorlax|74/100|[from] Spikes
|
|-heal|p1a: Snorlax|80/100|[from] item: Leftovers
|upkeep
|turn|25
|
|t:|1728056039
|switch|p2a: Regirock|Regirock|55/100
|move|p1a: Snorlax|Self-Destruct|p2a: Regirock
|-resisted|p2a: Regirock
|-damage|p2a: Regirock|9/100
|faint|p1a: Snorlax
|
|t:|1728056044
|switch|p1a: Houndoom|Houndoom, F|97/100
|-damage|p1a: Houndoom|85/100|[from] Spikes
|
|-heal|p1a: Houndoom|91/100|[from] item: Leftovers
|upkeep
|turn|26
|
|t:|1728056051
|move|p1a: Houndoom|Crunch|p2a: Regirock
|-damage|p2a: Regirock|0 fnt
|faint|p2a: Regirock
|
|t:|1728056053
|switch|p2a: Suicune|Suicune|100/100
|
|-heal|p1a: Houndoom|97/100|[from] item: Leftovers
|upkeep
|turn|27
|
|t:|1728056056
|move|p1a: Houndoom|Will-O-Wisp|p2a: Suicune
|-status|p2a: Suicune|brn
|move|p2a: Suicune|Calm Mind|p2a: Suicune
|-boost|p2a: Suicune|spa|1
|-boost|p2a: Suicune|spd|1
|
|-heal|p1a: Houndoom|100/100|[from] item: Leftovers
|-damage|p2a: Suicune|88/100 brn|[from] brn
|upkeep
|turn|28
|
|t:|1728056060
|move|p1a: Houndoom|Crunch|p2a: Suicune
|-damage|p2a: Suicune|68/100 brn
|move|p2a: Suicune|Calm Mind|p2a: Suicune
|-boost|p2a: Suicune|spa|1
|-boost|p2a: Suicune|spd|1
|
|-heal|p2a: Suicune|74/100 brn|[from] item: Leftovers
|-damage|p2a: Suicune|62/100 brn|[from] brn
|upkeep
|turn|29
|
|t:|1728056066
|move|p1a: Houndoom|Crunch|p2a: Suicune
|-damage|p2a: Suicune|47/100 brn
|move|p2a: Suicune|Calm Mind|p2a: Suicune
|-boost|p2a: Suicune|spa|1
|-boost|p2a: Suicune|spd|1
|
|-heal|p2a: Suicune|53/100 brn|[from] item: Leftovers
|-damage|p2a: Suicune|41/100 brn|[from] brn
|upkeep
|turn|30
|
|t:|1728056070
|move|p1a: Houndoom|Crunch|p2a: Suicune
|-damage|p2a: Suicune|29/100 brn
|move|p2a: Suicune|Rest|p2a: Suicune
|-status|p2a: Suicune|slp|[from] move: Rest
|-heal|p2a: Suicune|100/100 slp|[silent]
|
|upkeep
|turn|31
|
|t:|1728056079
|move|p1a: Houndoom|Crunch|p2a: Suicune
|-damage|p2a: Suicune|87/100 slp
|cant|p2a: Suicune|slp
|
|-heal|p2a: Suicune|93/100 slp|[from] item: Leftovers
|upkeep
|turn|32
|
|t:|1728056083
|move|p1a: Houndoom|Crunch|p2a: Suicune
|-damage|p2a: Suicune|82/100 slp
|-unboost|p2a: Suicune|spd|1
|cant|p2a: Suicune|slp
|
|-heal|p2a: Suicune|88/100 slp|[from] item: Leftovers
|upkeep
|turn|33
|
|t:|1728056086
|move|p1a: Houndoom|Crunch|p2a: Suicune
|-damage|p2a: Suicune|71/100 slp
|-curestatus|p2a: Suicune|slp|[msg]
|move|p2a: Suicune|Calm Mind|p2a: Suicune
|-boost|p2a: Suicune|spa|1
|-boost|p2a: Suicune|spd|1
|
|-heal|p2a: Suicune|77/100|[from] item: Leftovers
|upkeep
|turn|34
|
|t:|1728056090
|move|p1a: Houndoom|Crunch|p2a: Suicune
|-damage|p2a: Suicune|65/100
|move|p2a: Suicune|Calm Mind|p2a: Suicune
|-boost|p2a: Suicune|spa|1
|-boost|p2a: Suicune|spd|1
|
|-heal|p2a: Suicune|71/100|[from] item: Leftovers
|upkeep
|turn|35
|
|t:|1728056094
|move|p1a: Houndoom|Crunch|p2a: Suicune
|-damage|p2a: Suicune|61/100
|move|p2a: Suicune|Calm Mind|p2a: Suicune
|-boost|p2a: Suicune|spa|1
|-boost|p2a: Suicune|spd|1
|
|-heal|p2a: Suicune|67/100|[from] item: Leftovers
|upkeep
|turn|36
|
|t:|1728056098
|move|p1a: Houndoom|Crunch|p2a: Suicune
|-damage|p2a: Suicune|59/100
|move|p2a: Suicune|Rest|p2a: Suicune
|-status|p2a: Suicune|slp|[from] move: Rest
|-heal|p2a: Suicune|100/100 slp|[silent]
|
|upkeep
|turn|37
|
|t:|1728056103
|switch|p1a: Suicune|Suicune|68/100
|-damage|p1a: Suicune|56/100|[from] Spikes
|cant|p2a: Suicune|slp
|
|-heal|p1a: Suicune|62/100|[from] item: Leftovers
|upkeep
|turn|38
|
|t:|1728056105
|move|p1a: Suicune|Calm Mind|p1a: Suicune
|-boost|p1a: Suicune|spa|1
|-boost|p1a: Suicune|spd|1
|cant|p2a: Suicune|slp
|
|-heal|p1a: Suicune|68/100|[from] item: Leftovers
|upkeep
|turn|39
|
|t:|1728056109
|move|p1a: Suicune|Hidden Power|p2a: Suicune
|-supereffective|p2a: Suicune
|-damage|p2a: Suicune|87/100 slp
|-curestatus|p2a: Suicune|slp|[msg]
|move|p2a: Suicune|Surf|p1a: Suicune
|-resisted|p1a: Suicune
|-damage|p1a: Suicune|32/100
|
|-heal|p1a: Suicune|38/100|[from] item: Leftovers
|-heal|p2a: Suicune|93/100|[from] item: Leftovers
|upkeep
|turn|40
|
|t:|1728056121
|move|p1a: Suicune|Calm Mind|p1a: Suicune
|-boost|p1a: Suicune|spa|1
|-boost|p1a: Suicune|spd|1
|move|p2a: Suicune|Surf|p1a: Suicune
|-resisted|p1a: Suicune
|-crit|p1a: Suicune
|-damage|p1a: Suicune|0 fnt
|faint|p1a: Suicune
|
|t:|1728056125
|switch|p1a: Houndoom|Houndoom, F|100/100
|-damage|p1a: Houndoom|88/100|[from] Spikes
|
|-heal|p1a: Houndoom|94/100|[from] item: Leftovers
|-heal|p2a: Suicune|99/100|[from] item: Leftovers
|upkeep
|turn|41
|
|t:|1728056128
|move|p1a: Houndoom|Crunch|p2a: Suicune
|-damage|p2a: Suicune|89/100
|move|p2a: Suicune|Surf|p1a: Houndoom
|-supereffective|p1a: Houndoom
|-damage|p1a: Houndoom|0 fnt
|faint|p1a: Houndoom
|
|win|ljsampson
|c|☆drogasas|gg
|c|☆ljsampson|gg

</script>
<script type="application/json" class="data" id="replaydata-smogtours-gen3ou-794566">
{"id":"smogtours-gen3ou-794566","format":"[Gen 3] OU","players":["drogasas","ljsampson"],"uploadtime":1728056128,"views":109,"formatid":"gen3ou","rating":null,"private":0,"password":null}
</script>

<script defer src="js/replays.js?9d40a366"></script>
