<!DOCTYPE html>
<meta charset="utf-8" />
<meta name="viewport" content="width=device-width" />

<title>[Gen 3] OU: crab person vs. Cakeconnesseur - Replays - Pok&eacute;mon Showdown!</title>

<meta name="description" content="Watch a replay of a Pok&eacute;mon battle between crab person and Cakeconnesseur! Format: [Gen 3] OU; Date: Oct 18, 2024" />
<!--

Hey, you! Looking in the source for the replay log?

You can find them in JSON format, just add `.json` at the end of a replay URL.

https://replay.pokemonshowdown.com/gen7randomdoublesbattle-865046831.json

Or, if you only need the log itself, add `.log` instead:

https://replay.pokemonshowdown.com/gen7randomdoublesbattle-865046831.log

-->

<link rel="stylesheet" href="//pokemonshowdown.com/style/global.css?0.767286132409787" />
<link rel="stylesheet" href="//play.pokemonshowdown.com/style/font-awesome.css?0.9266228007934947" />
<link rel="stylesheet" href="//play.pokemonshowdown.com/style/battle.css?0.7924700842790926" />
<link rel="stylesheet" href="//play.pokemonshowdown.com/style/utilichart.css?0.8777417872839479" />

<!-- Global site tag (gtag.js) - Google Analytics -->
<script async src="https://www.googletagmanager.com/gtag/js?id=UA-26211653-1"></script>
<script>
  window.dataLayer = window.dataLayer || [];
  function gtag(){dataLayer.push(arguments);}
  gtag('js', new Date());

  gtag('config', 'UA-26211653-1');
</script>
<!-- End Google Analytics -->
<!-- Venatus Ad Manager - Install in <HEAD> of page -->
	<script src="https://hb.vntsm.com/v3/live/ad-manager.min.js" type="text/javascript" data-site-id="642aba63ec9a7b11c3c9c1be" data-mode="scan" async></script>
<!-- / Venatus Ad Manager -->

<style>
	@media (max-width:820px) {
		.battle {
			margin: 0 auto;
		}
		.battle-log {
			margin: 7px auto 0;
			max-width: 640px;
			height: 300px;
			position: static;
		}
	}
	.optgroup {
		display: inline-block;
		line-height: 22px;
		font-size: 10pt;
	}
	.optgroup .button {
		height: 25px;
		padding-top: 0;
		padding-bottom: 0;
	}
	.optgroup button.button {
		padding-left: 12px;
		padding-right: 12px;
	}
	.linklist {
		list-style: none;
		margin: 0.5em 0;
		padding: 0;
	}
	.linklist li {
		padding: 2px 0;
	}
	.sidebar {
		float: left;
		width: 320px;
	}
	.bar-wrapper {
		max-width: 1100px;
		margin: 0 auto;
	}
	.bar-wrapper.has-sidebar {
		max-width: 1430px;
	}
	.mainbar {
		margin: 0;
		padding-right: 1px;
	}
	.mainbar.has-sidebar {
		margin-left: 330px;
	}
	@media (min-width: 1511px) {
		.sidebar {
			width: 400px;
		}
		.bar-wrapper.has-sidebar {
			max-width: 1510px;
		}
		.mainbar.has-sidebar {
			margin-left: 410px;
		}
	}
	.section.first-section {
		margin-top: 9px;
	}
	.blocklink small {
		white-space: normal;
	}
	.button {
		vertical-align: middle;
	}
	.replay-controls {
		padding-top: 10px;
	}
	.replay-controls h1 {
		font-size: 16pt;
		font-weight: normal;
		color: #CCC;
	}
	.pagelink {
		text-align: center;
	}
	.pagelink a {
		width: 150px;
	}
	.textbox, .button {
		font-size: 11pt;
		vertical-align: middle;
	}
	@media (max-width: 450px) {
		.button {
			font-size: 9pt;
		}
	}
</style>

<div>

	<header>
		<div class="nav-wrapper"><ul class="nav">
			<li><a class="button nav-first" href="//pokemonshowdown.com/"><img src="//pokemonshowdown.com/images/pokemonshowdownbeta.png" srcset="//pokemonshowdown.com/images/pokemonshowdownbeta.png 1x, //pokemonshowdown.com/images/pokemonshowdownbeta@2x.png 2x" alt="Pok&eacute;mon Showdown" width="146" height="44" /> Home</a></li>
			<li><a class="button" href="//pokemonshowdown.com/dex/">Pok&eacute;dex</a></li>
			<li><a class="button cur" href="/">Replays</a></li>
			<li><a class="button" href="//pokemonshowdown.com/ladder/">Ladder</a></li>
			<li><a class="button nav-last" href="//pokemonshowdown.com/forums/">Forum</a></li>
			<li><a class="button greenbutton nav-first nav-last" href="//play.pokemonshowdown.com/">Play</a></li>
		</ul></div>
	</header>

	<div class="main" id="main">

		<noscript><section class="section">You need to enable JavaScript to use this page; sorry!</section></noscript>

	</div>

</div>

<script defer nomodule src="//play.pokemonshowdown.com/js/lib/ps-polyfill.js"></script>
<script defer src="//play.pokemonshowdown.com/js/lib/preact.min.js"></script>

<script defer src="//play.pokemonshowdown.com/config/config.js?6dec07f6"></script>
<script defer src="//play.pokemonshowdown.com/js/lib/jquery-1.11.0.min.js"></script>
<script defer src="//play.pokemonshowdown.com/js/lib/html-sanitizer-minified.js"></script>
<script defer src="//play.pokemonshowdown.com/js/battle-sound.js"></script>
<script defer src="//play.pokemonshowdown.com/js/battledata.js?0.6315294753075389"></script>
<script defer src="//play.pokemonshowdown.com/data/pokedex-mini.js?0.7603743185311358"></script>
<script defer src="//play.pokemonshowdown.com/data/pokedex-mini-bw.js?0.030888842834281283"></script>
<script defer src="//play.pokemonshowdown.com/data/graphics.js?0.05593094747507488"></script>
<script defer src="//play.pokemonshowdown.com/data/pokedex.js?0.47064822249611904"></script>
<script defer src="//play.pokemonshowdown.com/data/moves.js?0.8583693120512459"></script>
<script defer src="//play.pokemonshowdown.com/data/abilities.js?0.16017181182386842"></script>
<script defer src="//play.pokemonshowdown.com/data/items.js?0.4163379185673943"></script>
<script defer src="//play.pokemonshowdown.com/data/teambuilder-tables.js?0.31075597372830477"></script>
<script defer src="//play.pokemonshowdown.com/js/battle-tooltips.js?0.6536193500708172"></script>
<script defer src="//play.pokemonshowdown.com/js/battle.js?0.1916591943277901"></script>

<script defer src="js/utils.js?e31f9a17"></script>
<script defer src="js/replays-battle.js?7008c182"></script>

<!-- don't scrape this data! just add .json or .log after the URL!
Full API docs: https://github.com/smogon/pokemon-showdown-client/blob/master/WEB-API.md -->
<script type="text/plain" class="log" id="replaylog-smogtours-gen3ou-799556">
|inactive|Battle timer is ON: inactive players will automatically lose when time's up.
|t:|1729271195
|gametype|singles
|player|p1|crab person|flint|
|player|p2|Cakeconnesseur|lass-gen7|
|teamsize|p1|6
|teamsize|p2|6
|gen|3
|tier|[Gen 3] OU
|rule|Sleep Clause Mod: Limit one foe put to sleep
|rule|Switch Priority Clause Mod: Faster Pokémon switch first
|rule|Species Clause: Limit one of each Pokémon
|rule|OHKO Clause: OHKO moves are banned
|rule|Evasion Items Clause: Evasion items are banned
|rule|Evasion Moves Clause: Evasion moves are banned
|rule|Endless Battle Clause: Forcing endless battles is banned
|rule|HP Percentage Mod: HP is shown in percentages
|rule|One Boost Passer Clause: Limit one Baton Passer that has a way to boost its stats
|rule|Freeze Clause Mod: Limit one foe frozen
|
|t:|1729271195
|start
|switch|p1a: Magmahut|Salamence, F|100/100
|switch|p2a: Salamence|Salamence, M|100/100
|-ability|p1a: Magmahut|Intimidate|boost
|-unboost|p2a: Salamence|atk|1
|-ability|p2a: Salamence|Intimidate|boost
|-unboost|p1a: Magmahut|atk|1
|turn|1
|inactive|Cakeconnesseur also wants the timer to be on.
|c|☆Cakeconnesseur|hf
|c|☆crab person|u2
|inactive|crab person has 270 seconds left.
|inactive|Cakeconnesseur has 270 seconds left.
|
|t:|1729271239
|switch|p1a: Ronin Toad|Swampert, M, shiny|100/100
|switch|p2a: Metagross|Metagross|100/100
|
|upkeep
|turn|2
|
|t:|1729271246
|switch|p2a: Gengar|Gengar, F|100/100
|move|p1a: Ronin Toad|Earthquake|p2a: Gengar
|-immune|p2a: Gengar
|
|upkeep
|turn|3
|
|t:|1729271253
|switch|p1a: Lubellion|Tyranitar, F|100/100
|-weather|Sandstorm|[from] ability: Sand Stream|[of] p1a: Lubellion
|move|p2a: Gengar|Hidden Power|p1a: Lubellion
|-supereffective|p1a: Lubellion
|-damage|p1a: Lubellion|60/100
|
|-weather|Sandstorm|[upkeep]
|-damage|p2a: Gengar|94/100|[from] Sandstorm
|-heal|p2a: Gengar|100/100|[from] item: Leftovers
|upkeep
|turn|4
|
|t:|1729271259
|move|p2a: Gengar|Hidden Power|p1a: Lubellion
|-supereffective|p1a: Lubellion
|-damage|p1a: Lubellion|17/100
|move|p1a: Lubellion|Crunch|p2a: Gengar
|-supereffective|p2a: Gengar
|-damage|p2a: Gengar|0 fnt
|faint|p2a: Gengar
|
|t:|1729271278
|switch|p2a: Starmie|Starmie|100/100
|
|-weather|Sandstorm|[upkeep]
|-damage|p2a: Starmie|94/100|[from] Sandstorm
|-heal|p2a: Starmie|100/100|[from] item: Leftovers
|upkeep
|turn|5
|
|t:|1729271288
|switch|p1a: Big Koala|Snorlax, F|100/100
|move|p2a: Starmie|Ice Beam|p1a: Big Koala
|-damage|p1a: Big Koala|86/100
|
|-weather|Sandstorm|[upkeep]
|-damage|p2a: Starmie|94/100|[from] Sandstorm
|-damage|p1a: Big Koala|79/100|[from] Sandstorm
|-heal|p2a: Starmie|100/100|[from] item: Leftovers
|-heal|p1a: Big Koala|86/100|[from] item: Leftovers
|upkeep
|turn|6
|
|t:|1729271295
|switch|p2a: Metagross|Metagross|100/100
|move|p1a: Big Koala|Shadow Ball|p2a: Metagross
|-damage|p2a: Metagross|80/100
|
|-weather|Sandstorm|[upkeep]
|-damage|p1a: Big Koala|79/100|[from] Sandstorm
|-heal|p1a: Big Koala|86/100|[from] item: Leftovers
|upkeep
|turn|7
|
|t:|1729271299
|switch|p1a: Ronin Toad|Swampert, M, shiny|100/100
|move|p2a: Metagross|Meteor Mash|p1a: Ronin Toad|[miss]
|-miss|p2a: Metagross|p1a: Ronin Toad
|
|-weather|Sandstorm|[upkeep]
|upkeep
|turn|8
|
|t:|1729271306
|move|p2a: Metagross|Explosion|p1a: Ronin Toad
|-damage|p1a: Ronin Toad|0 fnt
|faint|p2a: Metagross
|faint|p1a: Ronin Toad
|
|t:|1729271314
|switch|p2a: Salamence|Salamence, M|100/100
|switch|p1a: Lubellion|Tyranitar, F|17/100
|-ability|p2a: Salamence|Intimidate|boost
|-unboost|p1a: Lubellion|atk|1
|
|-weather|Sandstorm|[upkeep]
|-damage|p2a: Salamence|94/100|[from] Sandstorm
|upkeep
|turn|9
|
|t:|1729271323
|move|p2a: Salamence|Hidden Power|p1a: Lubellion
|-resisted|p1a: Lubellion
|-damage|p1a: Lubellion|0 fnt
|faint|p1a: Lubellion
|
|t:|1729271332
|switch|p1a: Magmahut|Salamence, F|100/100
|-ability|p1a: Magmahut|Intimidate|boost
|-unboost|p2a: Salamence|atk|1
|
|-weather|Sandstorm|[upkeep]
|-damage|p1a: Magmahut|94/100|[from] Sandstorm
|-damage|p2a: Salamence|88/100|[from] Sandstorm
|upkeep
|turn|10
|
|t:|1729271344
|switch|p2a: Starmie|Starmie|100/100
|move|p1a: Magmahut|Brick Break|p2a: Starmie
|-resisted|p2a: Starmie
|-damage|p2a: Starmie|70/100
|
|-weather|Sandstorm|[upkeep]
|-damage|p2a: Starmie|64/100|[from] Sandstorm
|-damage|p1a: Magmahut|88/100|[from] Sandstorm
|-heal|p2a: Starmie|70/100|[from] item: Leftovers
|upkeep
|turn|11
|
|t:|1729271359
|switch|p2a: Salamence|Salamence, M|88/100
|-ability|p2a: Salamence|Intimidate|boost
|-unboost|p1a: Magmahut|atk|1
|switch|p1a: Big Koala|Snorlax, F|86/100
|
|-weather|Sandstorm|[upkeep]
|-damage|p2a: Salamence|82/100|[from] Sandstorm
|-damage|p1a: Big Koala|79/100|[from] Sandstorm
|-heal|p1a: Big Koala|86/100|[from] item: Leftovers
|upkeep
|turn|12
|
|t:|1729271380
|move|p2a: Salamence|Hidden Power|p1a: Big Koala
|-damage|p1a: Big Koala|30/100
|move|p1a: Big Koala|Body Slam|p2a: Salamence
|-damage|p2a: Salamence|29/100
|
|-weather|Sandstorm|[upkeep]
|-damage|p2a: Salamence|23/100|[from] Sandstorm
|-damage|p1a: Big Koala|24/100|[from] Sandstorm
|-heal|p1a: Big Koala|30/100|[from] item: Leftovers
|upkeep
|turn|13
|
|t:|1729271384
|switch|p1a: Magmahut|Salamence, F|88/100
|-ability|p1a: Magmahut|Intimidate|boost
|-unboost|p2a: Salamence|atk|1
|move|p2a: Salamence|Hidden Power|p1a: Magmahut
|-damage|p1a: Magmahut|37/100
|
|-weather|Sandstorm|[upkeep]
|-damage|p1a: Magmahut|30/100|[from] Sandstorm
|-damage|p2a: Salamence|17/100|[from] Sandstorm
|upkeep
|turn|14
|
|t:|1729271388
|move|p1a: Magmahut|Hidden Power|p2a: Salamence
|-damage|p2a: Salamence|0 fnt
|faint|p2a: Salamence
|
|t:|1729271409
|switch|p2a: Starmie|Starmie|70/100
|
|-weather|Sandstorm|[upkeep]
|-damage|p2a: Starmie|64/100|[from] Sandstorm
|-damage|p1a: Magmahut|24/100|[from] Sandstorm
|-heal|p2a: Starmie|70/100|[from] item: Leftovers
|upkeep
|turn|15
|
|t:|1729271417
|switch|p1a: Coral Anemone|Starmie|100/100
|move|p2a: Starmie|Ice Beam|p1a: Coral Anemone
|-resisted|p1a: Coral Anemone
|-crit|p1a: Coral Anemone
|-damage|p1a: Coral Anemone|64/100
|
|-weather|Sandstorm|[upkeep]
|-damage|p2a: Starmie|64/100|[from] Sandstorm
|-damage|p1a: Coral Anemone|58/100|[from] Sandstorm
|-heal|p2a: Starmie|70/100|[from] item: Leftovers
|-heal|p1a: Coral Anemone|64/100|[from] item: Leftovers
|upkeep
|turn|16
|
|t:|1729271423
|switch|p2a: Regice|Regice|100/100
|move|p1a: Coral Anemone|Thunder Wave|p2a: Regice
|-status|p2a: Regice|par
|
|-weather|Sandstorm|[upkeep]
|-damage|p1a: Coral Anemone|58/100|[from] Sandstorm
|-damage|p2a: Regice|94/100 par|[from] Sandstorm
|-heal|p1a: Coral Anemone|64/100|[from] item: Leftovers
|-heal|p2a: Regice|100/100 par|[from] item: Leftovers
|upkeep
|turn|17
|
|t:|1729271433
|switch|p1a: King Regulis|Registeel|100/100
|move|p2a: Regice|Thunderbolt|p1a: King Regulis
|-damage|p1a: King Regulis|85/100
|
|-weather|Sandstorm|[upkeep]
|-damage|p2a: Regice|94/100 par|[from] Sandstorm
|-heal|p1a: King Regulis|91/100|[from] item: Leftovers
|-heal|p2a: Regice|100/100 par|[from] item: Leftovers
|upkeep
|turn|18
|
|t:|1729271442
|move|p1a: King Regulis|Seismic Toss|p2a: Regice
|-damage|p2a: Regice|73/100 par
|move|p2a: Regice|Thunder Wave|p1a: King Regulis
|-status|p1a: King Regulis|par
|
|-weather|Sandstorm|[upkeep]
|-damage|p2a: Regice|67/100 par|[from] Sandstorm
|-heal|p1a: King Regulis|97/100 par|[from] item: Leftovers
|-heal|p2a: Regice|73/100 par|[from] item: Leftovers
|upkeep
|turn|19
|inactive|Cakeconnesseur has 270 seconds left.
|
|t:|1729271475
|cant|p1a: King Regulis|par
|cant|p2a: Regice|par
|
|-weather|Sandstorm|[upkeep]
|-damage|p2a: Regice|67/100 par|[from] Sandstorm
|-heal|p1a: King Regulis|100/100 par|[from] item: Leftovers
|-heal|p2a: Regice|73/100 par|[from] item: Leftovers
|upkeep
|turn|20
|c|☆crab person|lol
|
|t:|1729271483
|move|p1a: King Regulis|Toxic||[still]
|-fail|p1a: King Regulis
|cant|p2a: Regice|par
|
|-weather|Sandstorm|[upkeep]
|-damage|p2a: Regice|67/100 par|[from] Sandstorm
|-heal|p2a: Regice|73/100 par|[from] item: Leftovers
|upkeep
|turn|21
|
|t:|1729271487
|move|p1a: King Regulis|Seismic Toss|p2a: Regice
|-damage|p2a: Regice|46/100 par
|move|p2a: Regice|Thunderbolt|p1a: King Regulis
|-damage|p1a: King Regulis|86/100 par
|
|-weather|Sandstorm|[upkeep]
|-damage|p2a: Regice|40/100 par|[from] Sandstorm
|-heal|p1a: King Regulis|92/100 par|[from] item: Leftovers
|-heal|p2a: Regice|46/100 par|[from] item: Leftovers
|upkeep
|turn|22
|
|t:|1729271500
|move|p1a: King Regulis|Seismic Toss|p2a: Regice
|-damage|p2a: Regice|18/100 par
|cant|p2a: Regice|par
|
|-weather|Sandstorm|[upkeep]
|-damage|p2a: Regice|12/100 par|[from] Sandstorm
|-heal|p1a: King Regulis|98/100 par|[from] item: Leftovers
|-heal|p2a: Regice|18/100 par|[from] item: Leftovers
|upkeep
|turn|23
|
|t:|1729271504
|move|p1a: King Regulis|Seismic Toss|p2a: Regice
|-damage|p2a: Regice|0 fnt
|faint|p2a: Regice
|
|t:|1729271507
|switch|p2a: Tyranitar|Tyranitar, F|100/100
|
|-weather|Sandstorm|[upkeep]
|-heal|p1a: King Regulis|100/100 par|[from] item: Leftovers
|upkeep
|turn|24
|
|t:|1729271525
|switch|p1a: Magmahut|Salamence, F|24/100
|-ability|p1a: Magmahut|Intimidate|boost
|-unboost|p2a: Tyranitar|atk|1
|move|p2a: Tyranitar|Dragon Dance|p2a: Tyranitar
|-boost|p2a: Tyranitar|atk|1
|-boost|p2a: Tyranitar|spe|1
|
|-weather|Sandstorm|[upkeep]
|-damage|p1a: Magmahut|18/100|[from] Sandstorm
|upkeep
|turn|25
|inactive|Cakeconnesseur has 270 seconds left.
|
|t:|1729271569
|switch|p1a: Coral Anemone|Starmie|64/100
|move|p2a: Tyranitar|Rock Slide|p1a: Coral Anemone
|-damage|p1a: Coral Anemone|15/100
|
|-weather|Sandstorm|[upkeep]
|-damage|p1a: Coral Anemone|8/100|[from] Sandstorm
|-heal|p1a: Coral Anemone|15/100|[from] item: Leftovers
|upkeep
|turn|26
|
|t:|1729271595
|move|p2a: Tyranitar|Hidden Power|p1a: Coral Anemone
|-supereffective|p1a: Coral Anemone
|-damage|p1a: Coral Anemone|0 fnt
|faint|p1a: Coral Anemone
|
|t:|1729271599
|switch|p1a: King Regulis|Registeel|100/100 par
|
|-weather|Sandstorm|[upkeep]
|upkeep
|turn|27
|
|t:|1729271611
|move|p2a: Tyranitar|Earthquake|p1a: King Regulis
|-supereffective|p1a: King Regulis
|-damage|p1a: King Regulis|55/100 par
|cant|p1a: King Regulis|par
|
|-weather|Sandstorm|[upkeep]
|-heal|p1a: King Regulis|61/100 par|[from] item: Leftovers
|upkeep
|turn|28
|
|t:|1729271614
|move|p2a: Tyranitar|Earthquake|p1a: King Regulis
|-supereffective|p1a: King Regulis
|-damage|p1a: King Regulis|15/100 par
|cant|p1a: King Regulis|par
|
|-weather|Sandstorm|[upkeep]
|-heal|p1a: King Regulis|21/100 par|[from] item: Leftovers
|upkeep
|turn|29
|c|☆crab person|no my couunter
|
|t:|1729271623
|switch|p1a: Magmahut|Salamence, F|18/100
|-ability|p1a: Magmahut|Intimidate|boost
|-unboost|p2a: Tyranitar|atk|1
|move|p2a: Tyranitar|Dragon Dance|p2a: Tyranitar
|-boost|p2a: Tyranitar|atk|1
|-boost|p2a: Tyranitar|spe|1
|
|-weather|Sandstorm|[upkeep]
|-damage|p1a: Magmahut|12/100|[from] Sandstorm
|upkeep
|turn|30
|inactive|Cakeconnesseur has 270 seconds left.
|
|t:|1729271628
|move|p2a: Tyranitar|Hidden Power|p1a: Magmahut
|-resisted|p1a: Magmahut
|-damage|p1a: Magmahut|0 fnt
|faint|p1a: Magmahut
|
|t:|1729271631
|switch|p1a: King Regulis|Registeel|21/100 par
|
|-weather|Sandstorm|[upkeep]
|-heal|p1a: King Regulis|27/100 par|[from] item: Leftovers
|upkeep
|turn|31
|c|☆crab person|gg
|
|t:|1729271635
|move|p2a: Tyranitar|Earthquake|p1a: King Regulis
|-supereffective|p1a: King Regulis
|-damage|p1a: King Regulis|0 fnt
|faint|p1a: King Regulis
|
|t:|1729271638
|switch|p1a: Big Koala|Snorlax, F|30/100
|
|-weather|Sandstorm|[upkeep]
|-damage|p1a: Big Koala|24/100|[from] Sandstorm
|-heal|p1a: Big Koala|30/100|[from] item: Leftovers
|upkeep
|turn|32
|c|☆Cakeconnesseur|gg
|
|t:|1729271646
|move|p2a: Tyranitar|Rock Slide|p1a: Big Koala
|-damage|p1a: Big Koala|0 fnt
|faint|p1a: Big Koala
|
|win|Cakeconnesseur

</script>
<script type="application/json" class="data" id="replaydata-smogtours-gen3ou-799556">
{"id":"smogtours-gen3ou-799556","format":"[Gen 3] OU","players":["crab person","Cakeconnesseur"],"uploadtime":1729271646,"views":108,"formatid":"gen3ou","rating":null,"private":0,"password":null}
</script>

<script defer src="js/replays.js?9d40a366"></script>
