<!DOCTYPE html>
<meta charset="utf-8" />
<meta name="viewport" content="width=device-width" />

<title>[Gen 3] OU: WizzyHatG vs. loleinsmaragd - Replays - Pok&eacute;mon Showdown!</title>

<meta name="description" content="Watch a replay of a Pok&eacute;mon battle between WizzyHatG and loleinsmaragd! Format: [Gen 3] OU; Date: Oct 6, 2024" />
<!--

Hey, you! Looking in the source for the replay log?

You can find them in JSON format, just add `.json` at the end of a replay URL.

https://replay.pokemonshowdown.com/gen7randomdoublesbattle-865046831.json

Or, if you only need the log itself, add `.log` instead:

https://replay.pokemonshowdown.com/gen7randomdoublesbattle-865046831.log

-->

<link rel="stylesheet" href="//pokemonshowdown.com/style/global.css?0.023195364461161105" />
<link rel="stylesheet" href="//play.pokemonshowdown.com/style/font-awesome.css?0.13261647063804238" />
<link rel="stylesheet" href="//play.pokemonshowdown.com/style/battle.css?0.8753245789963631" />
<link rel="stylesheet" href="//play.pokemonshowdown.com/style/utilichart.css?0.8627959624976733" />

<!-- Global site tag (gtag.js) - Google Analytics -->
<script async src="https://www.googletagmanager.com/gtag/js?id=UA-26211653-1"></script>
<script>
  window.dataLayer = window.dataLayer || [];
  function gtag(){dataLayer.push(arguments);}
  gtag('js', new Date());

  gtag('config', 'UA-26211653-1');
</script>
<!-- End Google Analytics -->
<!-- Venatus Ad Manager - Install in <HEAD> of page -->
	<script src="https://hb.vntsm.com/v3/live/ad-manager.min.js" type="text/javascript" data-site-id="642aba63ec9a7b11c3c9c1be" data-mode="scan" async></script>
<!-- / Venatus Ad Manager -->

<style>
	@media (max-width:820px) {
		.battle {
			margin: 0 auto;
		}
		.battle-log {
			margin: 7px auto 0;
			max-width: 640px;
			height: 300px;
			position: static;
		}
	}
	.optgroup {
		display: inline-block;
		line-height: 22px;
		font-size: 10pt;
	}
	.optgroup .button {
		height: 25px;
		padding-top: 0;
		padding-bottom: 0;
	}
	.optgroup button.button {
		padding-left: 12px;
		padding-right: 12px;
	}
	.linklist {
		list-style: none;
		margin: 0.5em 0;
		padding: 0;
	}
	.linklist li {
		padding: 2px 0;
	}
	.sidebar {
		float: left;
		width: 320px;
	}
	.bar-wrapper {
		max-width: 1100px;
		margin: 0 auto;
	}
	.bar-wrapper.has-sidebar {
		max-width: 1430px;
	}
	.mainbar {
		margin: 0;
		padding-right: 1px;
	}
	.mainbar.has-sidebar {
		margin-left: 330px;
	}
	@media (min-width: 1511px) {
		.sidebar {
			width: 400px;
		}
		.bar-wrapper.has-sidebar {
			max-width: 1510px;
		}
		.mainbar.has-sidebar {
			margin-left: 410px;
		}
	}
	.section.first-section {
		margin-top: 9px;
	}
	.blocklink small {
		white-space: normal;
	}
	.button {
		vertical-align: middle;
	}
	.replay-controls {
		padding-top: 10px;
	}
	.replay-controls h1 {
		font-size: 16pt;
		font-weight: normal;
		color: #CCC;
	}
	.pagelink {
		text-align: center;
	}
	.pagelink a {
		width: 150px;
	}
	.textbox, .button {
		font-size: 11pt;
		vertical-align: middle;
	}
	@media (max-width: 450px) {
		.button {
			font-size: 9pt;
		}
	}
</style>

<div>

	<header>
		<div class="nav-wrapper"><ul class="nav">
			<li><a class="button nav-first" href="//pokemonshowdown.com/"><img src="//pokemonshowdown.com/images/pokemonshowdownbeta.png" srcset="//pokemonshowdown.com/images/pokemonshowdownbeta.png 1x, //pokemonshowdown.com/images/pokemonshowdownbeta@2x.png 2x" alt="Pok&eacute;mon Showdown" width="146" height="44" /> Home</a></li>
			<li><a class="button" href="//pokemonshowdown.com/dex/">Pok&eacute;dex</a></li>
			<li><a class="button cur" href="/">Replays</a></li>
			<li><a class="button" href="//pokemonshowdown.com/ladder/">Ladder</a></li>
			<li><a class="button nav-last" href="//pokemonshowdown.com/forums/">Forum</a></li>
			<li><a class="button greenbutton nav-first nav-last" href="//play.pokemonshowdown.com/">Play</a></li>
		</ul></div>
	</header>

	<div class="main" id="main">

		<noscript><section class="section">You need to enable JavaScript to use this page; sorry!</section></noscript>

	</div>

</div>

<script defer nomodule src="//play.pokemonshowdown.com/js/lib/ps-polyfill.js"></script>
<script defer src="//play.pokemonshowdown.com/js/lib/preact.min.js"></script>

<script defer src="//play.pokemonshowdown.com/config/config.js?2bddbc15"></script>
<script defer src="//play.pokemonshowdown.com/js/lib/jquery-1.11.0.min.js"></script>
<script defer src="//play.pokemonshowdown.com/js/lib/html-sanitizer-minified.js"></script>
<script defer src="//play.pokemonshowdown.com/js/battle-sound.js"></script>
<script defer src="//play.pokemonshowdown.com/js/battledata.js?0.7209276989879541"></script>
<script defer src="//play.pokemonshowdown.com/data/pokedex-mini.js?0.6111056340867951"></script>
<script defer src="//play.pokemonshowdown.com/data/pokedex-mini-bw.js?0.3532142036491459"></script>
<script defer src="//play.pokemonshowdown.com/data/graphics.js?0.24223875632456182"></script>
<script defer src="//play.pokemonshowdown.com/data/pokedex.js?0.38839984266356864"></script>
<script defer src="//play.pokemonshowdown.com/data/moves.js?0.21866028504024015"></script>
<script defer src="//play.pokemonshowdown.com/data/abilities.js?0.2005157953846628"></script>
<script defer src="//play.pokemonshowdown.com/data/items.js?0.9894211263848525"></script>
<script defer src="//play.pokemonshowdown.com/data/teambuilder-tables.js?0.6008791140282215"></script>
<script defer src="//play.pokemonshowdown.com/js/battle-tooltips.js?0.7580118955022959"></script>
<script defer src="//play.pokemonshowdown.com/js/battle.js?0.6057722274234274"></script>

<script defer src="js/utils.js?e31f9a17"></script>
<script defer src="js/replays-battle.js?7008c182"></script>

<!-- don't scrape this data! just add .json or .log after the URL!
Full API docs: https://github.com/smogon/pokemon-showdown-client/blob/master/WEB-API.md -->
<script type="text/plain" class="log" id="replaylog-smogtours-gen3ou-796026">
|inactive|Battle timer is ON: inactive players will automatically lose when time's up.
|t:|1728250583
|gametype|singles
|player|p1|WizzyHatG|169|
|player|p2|loleinsmaragd|clerk-boss|
|teamsize|p1|6
|teamsize|p2|6
|gen|3
|tier|[Gen 3] OU
|rule|Sleep Clause Mod: Limit one foe put to sleep
|rule|Switch Priority Clause Mod: Faster Pokémon switch first
|rule|Species Clause: Limit one of each Pokémon
|rule|OHKO Clause: OHKO moves are banned
|rule|Evasion Items Clause: Evasion items are banned
|rule|Evasion Moves Clause: Evasion moves are banned
|rule|Endless Battle Clause: Forcing endless battles is banned
|rule|HP Percentage Mod: HP is shown in percentages
|rule|One Boost Passer Clause: Limit one Baton Passer that has a way to boost its stats
|rule|Freeze Clause Mod: Limit one foe frozen
|
|t:|1728250583
|start
|switch|p1a: Mr. T|Tyranitar, F|100/100
|switch|p2a: Slaking|Slaking, F|100/100
|-weather|Sandstorm|[from] ability: Sand Stream|[of] p1a: Mr. T
|turn|1
|c|☆WizzyHatG|glhf!
|
|t:|1728250609
|switch|p1a: bigberd|Skarmory, M|100/100
|move|p2a: Slaking|Earthquake|p1a: bigberd
|-immune|p1a: bigberd
|
|-weather|Sandstorm|[upkeep]
|-damage|p2a: Slaking|94/100|[from] Sandstorm
|upkeep
|turn|2
|
|t:|1728250614
|switch|p2a: Blissey|Blissey, F|100/100
|move|p1a: bigberd|Roar|p2a: Blissey
|drag|p2a: Jirachi|Jirachi|100/100
|
|-weather|Sandstorm|[upkeep]
|upkeep
|turn|3
|
|t:|1728250636
|switch|p1a: Mr. T|Tyranitar, F|100/100
|move|p2a: Jirachi|Fire Punch|p1a: Mr. T
|-resisted|p1a: Mr. T
|-crit|p1a: Mr. T
|-damage|p1a: Mr. T|87/100
|
|-weather|Sandstorm|[upkeep]
|-heal|p1a: Mr. T|93/100|[from] item: Leftovers
|upkeep
|turn|4
|
|t:|1728250646
|switch|p2a: Skarmory|Skarmory, F|100/100
|move|p1a: Mr. T|Fire Blast|p2a: Skarmory
|-supereffective|p2a: Skarmory
|-damage|p2a: Skarmory|38/100
|
|-weather|Sandstorm|[upkeep]
|-heal|p2a: Skarmory|44/100|[from] item: Leftovers
|-heal|p1a: Mr. T|99/100|[from] item: Leftovers
|upkeep
|turn|5
|
|t:|1728250652
|move|p2a: Skarmory|Protect|p2a: Skarmory
|-singleturn|p2a: Skarmory|Protect
|move|p1a: Mr. T|Fire Blast|p2a: Skarmory
|-activate|p2a: Skarmory|Protect
|
|-weather|Sandstorm|[upkeep]
|-heal|p2a: Skarmory|50/100|[from] item: Leftovers
|-heal|p1a: Mr. T|100/100|[from] item: Leftovers
|upkeep
|turn|6
|
|t:|1728250663
|switch|p2a: Blastoise|Blastoise, M|100/100
|move|p1a: Mr. T|Fire Blast|p2a: Blastoise
|-resisted|p2a: Blastoise
|-damage|p2a: Blastoise|84/100
|
|-weather|Sandstorm|[upkeep]
|-damage|p2a: Blastoise|78/100|[from] Sandstorm
|-heal|p2a: Blastoise|84/100|[from] item: Leftovers
|upkeep
|turn|7
|
|t:|1728250671
|switch|p1a: tinkerbell|Celebi|100/100
|move|p2a: Blastoise|Surf|p1a: tinkerbell
|-resisted|p1a: tinkerbell
|-damage|p1a: tinkerbell|87/100
|
|-weather|Sandstorm|[upkeep]
|-damage|p1a: tinkerbell|81/100|[from] Sandstorm
|-damage|p2a: Blastoise|78/100|[from] Sandstorm
|-heal|p1a: tinkerbell|87/100|[from] item: Leftovers
|-heal|p2a: Blastoise|84/100|[from] item: Leftovers
|upkeep
|turn|8
|
|t:|1728250676
|switch|p2a: Blissey|Blissey, F|100/100
|move|p1a: tinkerbell|Light Screen|p1a: tinkerbell
|-sidestart|p1: WizzyHatG|Light Screen
|
|-weather|Sandstorm|[upkeep]
|-damage|p1a: tinkerbell|81/100|[from] Sandstorm
|-damage|p2a: Blissey|94/100|[from] Sandstorm
|-heal|p1a: tinkerbell|87/100|[from] item: Leftovers
|-heal|p2a: Blissey|100/100|[from] item: Leftovers
|upkeep
|turn|9
|
|t:|1728250690
|switch|p1a: moo deng 2|Swampert, M|100/100
|switch|p2a: Blastoise|Blastoise, M|84/100
|
|-weather|Sandstorm|[upkeep]
|-damage|p2a: Blastoise|78/100|[from] Sandstorm
|-heal|p2a: Blastoise|84/100|[from] item: Leftovers
|upkeep
|turn|10
|
|t:|1728250695
|move|p1a: moo deng 2|Toxic|p2a: Blastoise
|-status|p2a: Blastoise|tox
|move|p2a: Blastoise|Roar|p1a: moo deng 2
|drag|p1a: The Big M|Magneton|100/100
|
|-weather|Sandstorm|[upkeep]
|-damage|p2a: Blastoise|78/100 tox|[from] Sandstorm
|-heal|p2a: Blastoise|84/100 tox|[from] item: Leftovers
|-damage|p2a: Blastoise|78/100 tox|[from] psn
|upkeep
|turn|11
|
|t:|1728250703
|switch|p2a: Blissey|Blissey, F|100/100
|move|p1a: The Big M|Thunderbolt|p2a: Blissey
|-crit|p2a: Blissey
|-damage|p2a: Blissey|57/100
|
|-weather|Sandstorm|[upkeep]
|-damage|p2a: Blissey|51/100|[from] Sandstorm
|-heal|p2a: Blissey|57/100|[from] item: Leftovers
|upkeep
|turn|12
|
|t:|1728250708
|move|p1a: The Big M|Protect|p1a: The Big M
|-singleturn|p1a: The Big M|Protect
|move|p2a: Blissey|Soft-Boiled|p2a: Blissey
|-heal|p2a: Blissey|100/100
|
|-sideend|p1: WizzyHatG|Light Screen
|-weather|Sandstorm|[upkeep]
|-damage|p2a: Blissey|94/100|[from] Sandstorm
|-heal|p2a: Blissey|100/100|[from] item: Leftovers
|upkeep
|turn|13
|
|t:|1728250717
|switch|p1a: moo deng 2|Swampert, M|100/100
|move|p2a: Blissey|Thunderbolt|p1a: moo deng 2
|-immune|p1a: moo deng 2
|
|-weather|Sandstorm|[upkeep]
|-damage|p2a: Blissey|94/100|[from] Sandstorm
|-heal|p2a: Blissey|100/100|[from] item: Leftovers
|upkeep
|turn|14
|
|t:|1728250724
|switch|p2a: Skarmory|Skarmory, F|50/100
|move|p1a: moo deng 2|Toxic|p2a: Skarmory
|-immune|p2a: Skarmory
|
|-weather|Sandstorm|[upkeep]
|-heal|p2a: Skarmory|56/100|[from] item: Leftovers
|upkeep
|turn|15
|
|t:|1728250731
|switch|p1a: The Big M|Magneton|100/100
|move|p2a: Skarmory|Spikes|p1a: The Big M
|-sidestart|p1: WizzyHatG|Spikes
|
|-weather|Sandstorm|[upkeep]
|-heal|p2a: Skarmory|62/100|[from] item: Leftovers
|upkeep
|turn|16
|
|t:|1728250735
|move|p1a: The Big M|Thunderbolt|p2a: Skarmory
|-supereffective|p2a: Skarmory
|-damage|p2a: Skarmory|0 fnt
|faint|p2a: Skarmory
|
|t:|1728250747
|switch|p2a: Flygon|Flygon, F|100/100
|
|-weather|Sandstorm|[upkeep]
|upkeep
|turn|17
|c|☆WizzyHatG|do we need to turn on recording?
|c|☆WizzyHatG|dunno how it works
|
|t:|1728250759
|switch|p1a: moo deng 2|Swampert, M|100/100
|-damage|p1a: moo deng 2|88/100|[from] Spikes
|move|p2a: Flygon|Earthquake|p1a: moo deng 2
|-damage|p1a: moo deng 2|65/100
|
|-weather|Sandstorm|[upkeep]
|-heal|p1a: moo deng 2|72/100|[from] item: Leftovers
|upkeep
|turn|18
|
|t:|1728250769
|switch|p2a: Blastoise|Blastoise, M|78/100 tox
|move|p1a: moo deng 2|Toxic|p2a: Blastoise
|-fail|p2a: Blastoise|tox
|
|-weather|Sandstorm|[upkeep]
|-damage|p2a: Blastoise|72/100 tox|[from] Sandstorm
|-heal|p2a: Blastoise|78/100 tox|[from] item: Leftovers
|-damage|p2a: Blastoise|72/100 tox|[from] psn
|-heal|p1a: moo deng 2|78/100|[from] item: Leftovers
|upkeep
|turn|19
|
|t:|1728250776
|move|p1a: moo deng 2|Protect|p1a: moo deng 2
|-singleturn|p1a: moo deng 2|Protect
|move|p2a: Blastoise|Surf|p1a: moo deng 2
|-activate|p1a: moo deng 2|Protect
|
|-weather|Sandstorm|[upkeep]
|-damage|p2a: Blastoise|66/100 tox|[from] Sandstorm
|-heal|p2a: Blastoise|72/100 tox|[from] item: Leftovers
|-damage|p2a: Blastoise|60/100 tox|[from] psn
|-heal|p1a: moo deng 2|84/100|[from] item: Leftovers
|upkeep
|turn|20
|
|t:|1728250785
|switch|p2a: Slaking|Slaking, F|94/100
|move|p1a: moo deng 2|Protect||[still]
|-fail|p1a: moo deng 2
|
|-weather|Sandstorm|[upkeep]
|-damage|p2a: Slaking|88/100|[from] Sandstorm
|-heal|p1a: moo deng 2|90/100|[from] item: Leftovers
|upkeep
|turn|21
|
|t:|1728250804
|switch|p2a: Jirachi|Jirachi|100/100
|move|p1a: moo deng 2|Toxic|p2a: Jirachi
|-immune|p2a: Jirachi
|
|-weather|Sandstorm|[upkeep]
|-heal|p1a: moo deng 2|97/100|[from] item: Leftovers
|upkeep
|turn|22
|
|t:|1728250813
|move|p2a: Jirachi|Body Slam|p1a: moo deng 2
|-damage|p1a: moo deng 2|84/100
|move|p1a: moo deng 2|Surf|p2a: Jirachi
|-damage|p2a: Jirachi|83/100
|
|-weather|Sandstorm|[upkeep]
|-heal|p2a: Jirachi|89/100|[from] item: Leftovers
|-heal|p1a: moo deng 2|91/100|[from] item: Leftovers
|upkeep
|turn|23
|inactive|WizzyHatG has 270 seconds left.
|
|t:|1728250863
|move|p2a: Jirachi|Body Slam|p1a: moo deng 2
|-damage|p1a: moo deng 2|77/100
|-status|p1a: moo deng 2|par
|move|p1a: moo deng 2|Surf|p2a: Jirachi
|-damage|p2a: Jirachi|72/100
|
|-weather|Sandstorm|[upkeep]
|-heal|p2a: Jirachi|78/100|[from] item: Leftovers
|-heal|p1a: moo deng 2|83/100 par|[from] item: Leftovers
|upkeep
|turn|24
|
|t:|1728250885
|move|p2a: Jirachi|Wish|p2a: Jirachi
|cant|p1a: moo deng 2|par
|
|-weather|Sandstorm|[upkeep]
|-heal|p2a: Jirachi|84/100|[from] item: Leftovers
|-heal|p1a: moo deng 2|90/100 par|[from] item: Leftovers
|upkeep
|turn|25
|
|t:|1728250895
|switch|p2a: Blastoise|Blastoise, M|60/100 tox
|cant|p1a: moo deng 2|par
|
|-heal|p2a: Blastoise|100/100 tox|[from] move: Wish|[wisher] Jirachi
|-weather|Sandstorm|[upkeep]
|-damage|p2a: Blastoise|94/100 tox|[from] Sandstorm
|-heal|p2a: Blastoise|100/100 tox|[from] item: Leftovers
|-damage|p2a: Blastoise|94/100 tox|[from] psn
|-heal|p1a: moo deng 2|96/100 par|[from] item: Leftovers
|upkeep
|turn|26
|
|t:|1728250907
|switch|p2a: Jirachi|Jirachi|84/100
|move|p1a: moo deng 2|Refresh|p1a: moo deng 2
|-curestatus|p1a: moo deng 2|par|[msg]
|
|-weather|Sandstorm|[upkeep]
|-heal|p2a: Jirachi|91/100|[from] item: Leftovers
|-heal|p1a: moo deng 2|100/100|[from] item: Leftovers
|upkeep
|turn|27
|
|t:|1728250913
|move|p2a: Jirachi|Body Slam|p1a: moo deng 2
|-damage|p1a: moo deng 2|88/100
|move|p1a: moo deng 2|Surf|p2a: Jirachi
|-damage|p2a: Jirachi|72/100
|
|-weather|Sandstorm|[upkeep]
|-heal|p2a: Jirachi|78/100|[from] item: Leftovers
|-heal|p1a: moo deng 2|94/100|[from] item: Leftovers
|upkeep
|turn|28
|
|t:|1728250919
|move|p2a: Jirachi|Body Slam|p1a: moo deng 2
|-crit|p1a: moo deng 2
|-damage|p1a: moo deng 2|70/100
|-status|p1a: moo deng 2|par
|move|p1a: moo deng 2|Surf|p2a: Jirachi
|-crit|p2a: Jirachi
|-damage|p2a: Jirachi|40/100
|
|-weather|Sandstorm|[upkeep]
|-heal|p2a: Jirachi|47/100|[from] item: Leftovers
|-heal|p1a: moo deng 2|76/100 par|[from] item: Leftovers
|upkeep
|turn|29
|
|t:|1728250926
|move|p2a: Jirachi|Wish|p2a: Jirachi
|move|p1a: moo deng 2|Refresh|p1a: moo deng 2
|-curestatus|p1a: moo deng 2|par|[msg]
|
|-weather|Sandstorm|[upkeep]
|-heal|p2a: Jirachi|53/100|[from] item: Leftovers
|-heal|p1a: moo deng 2|82/100|[from] item: Leftovers
|upkeep
|turn|30
|
|t:|1728250934
|move|p2a: Jirachi|Protect|p2a: Jirachi
|-singleturn|p2a: Jirachi|Protect
|move|p1a: moo deng 2|Surf|p2a: Jirachi
|-activate|p2a: Jirachi|Protect
|
|-heal|p2a: Jirachi|100/100|[from] move: Wish|[wisher] Jirachi
|-weather|Sandstorm|[upkeep]
|-heal|p1a: moo deng 2|88/100|[from] item: Leftovers
|upkeep
|turn|31
|
|t:|1728250940
|move|p1a: moo deng 2|Protect|p1a: moo deng 2
|-singleturn|p1a: moo deng 2|Protect
|move|p2a: Jirachi|Body Slam|p1a: moo deng 2
|-activate|p1a: moo deng 2|Protect
|
|-weather|Sandstorm|[upkeep]
|-heal|p1a: moo deng 2|95/100|[from] item: Leftovers
|upkeep
|turn|32
|
|t:|1728250943
|move|p2a: Jirachi|Body Slam|p1a: moo deng 2
|-damage|p1a: moo deng 2|81/100
|move|p1a: moo deng 2|Surf|p2a: Jirachi
|-damage|p2a: Jirachi|82/100
|
|-weather|Sandstorm|[upkeep]
|-heal|p2a: Jirachi|88/100|[from] item: Leftovers
|-heal|p1a: moo deng 2|87/100|[from] item: Leftovers
|upkeep
|turn|33
|
|t:|1728250962
|move|p2a: Jirachi|Body Slam|p1a: moo deng 2
|-damage|p1a: moo deng 2|74/100
|-status|p1a: moo deng 2|par
|move|p1a: moo deng 2|Surf|p2a: Jirachi
|-damage|p2a: Jirachi|71/100
|
|-weather|Sandstorm|[upkeep]
|-heal|p2a: Jirachi|77/100|[from] item: Leftovers
|-heal|p1a: moo deng 2|80/100 par|[from] item: Leftovers
|upkeep
|turn|34
|
|t:|1728250982
|switch|p2a: Blissey|Blissey, F|100/100
|move|p1a: moo deng 2|Refresh|p1a: moo deng 2
|-curestatus|p1a: moo deng 2|par|[msg]
|
|-weather|Sandstorm|[upkeep]
|-damage|p2a: Blissey|94/100|[from] Sandstorm
|-heal|p1a: moo deng 2|86/100|[from] item: Leftovers
|-heal|p2a: Blissey|100/100|[from] item: Leftovers
|upkeep
|turn|35
|
|t:|1728250990
|move|p1a: moo deng 2|Toxic|p2a: Blissey
|-status|p2a: Blissey|tox
|move|p2a: Blissey|Ice Beam|p1a: moo deng 2
|-damage|p1a: moo deng 2|62/100
|
|-weather|Sandstorm|[upkeep]
|-damage|p2a: Blissey|94/100 tox|[from] Sandstorm
|-heal|p1a: moo deng 2|68/100|[from] item: Leftovers
|-heal|p2a: Blissey|100/100 tox|[from] item: Leftovers
|-damage|p2a: Blissey|94/100 tox|[from] psn
|upkeep
|turn|36
|
|t:|1728251005
|switch|p1a: tinkerbell|Celebi|87/100
|-damage|p1a: tinkerbell|75/100|[from] Spikes
|-curestatus|p2a: Blissey|tox|[from] ability: Natural Cure
|switch|p2a: Jirachi|Jirachi|77/100
|
|-weather|Sandstorm|[upkeep]
|-damage|p1a: tinkerbell|69/100|[from] Sandstorm
|-heal|p1a: tinkerbell|75/100|[from] item: Leftovers
|-heal|p2a: Jirachi|83/100|[from] item: Leftovers
|upkeep
|turn|37
|
|t:|1728251012
|move|p1a: tinkerbell|Light Screen|p1a: tinkerbell
|-sidestart|p1: WizzyHatG|Light Screen
|move|p2a: Jirachi|Fire Punch|p1a: tinkerbell
|-supereffective|p1a: tinkerbell
|-damage|p1a: tinkerbell|60/100
|
|-weather|Sandstorm|[upkeep]
|-damage|p1a: tinkerbell|54/100|[from] Sandstorm
|-heal|p1a: tinkerbell|60/100|[from] item: Leftovers
|-heal|p2a: Jirachi|89/100|[from] item: Leftovers
|upkeep
|turn|38
|
|t:|1728251016
|move|p1a: tinkerbell|Leech Seed|p2a: Jirachi
|-start|p2a: Jirachi|move: Leech Seed
|move|p2a: Jirachi|Body Slam|p1a: tinkerbell
|-damage|p1a: tinkerbell|45/100
|-status|p1a: tinkerbell|par
|
|-weather|Sandstorm|[upkeep]
|-damage|p1a: tinkerbell|39/100 par|[from] Sandstorm
|-heal|p2a: Jirachi|96/100|[from] item: Leftovers
|-damage|p2a: Jirachi|83/100|[from] Leech Seed|[of] p1a: tinkerbell
|-heal|p1a: tinkerbell|51/100 par|[silent]
|-heal|p1a: tinkerbell|57/100 par|[from] item: Leftovers
|upkeep
|turn|39
|
|t:|1728251022
|switch|p2a: Slaking|Slaking, F|88/100
|cant|p1a: tinkerbell|par
|
|-weather|Sandstorm|[upkeep]
|-damage|p2a: Slaking|82/100|[from] Sandstorm
|-damage|p1a: tinkerbell|51/100 par|[from] Sandstorm
|-heal|p1a: tinkerbell|57/100 par|[from] item: Leftovers
|upkeep
|turn|40
|
|t:|1728251027
|-singleturn|p2a: Slaking|move: Focus Punch
|-curestatus|p1a: tinkerbell|par|[from] ability: Natural Cure
|switch|p1a: bigberd|Skarmory, M|100/100
|move|p2a: Slaking|Focus Punch|p1a: bigberd
|-damage|p1a: bigberd|24/100
|
|-weather|Sandstorm|[upkeep]
|-damage|p2a: Slaking|76/100|[from] Sandstorm
|-heal|p1a: bigberd|30/100|[from] item: Leftovers
|upkeep
|turn|41
|
|t:|1728251036
|switch|p2a: Blissey|Blissey, F|94/100
|move|p1a: bigberd|Toxic|p2a: Blissey|[miss]
|-miss|p1a: bigberd|p2a: Blissey
|
|-sideend|p1: WizzyHatG|Light Screen
|-weather|Sandstorm|[upkeep]
|-damage|p2a: Blissey|88/100|[from] Sandstorm
|-heal|p1a: bigberd|36/100|[from] item: Leftovers
|-heal|p2a: Blissey|94/100|[from] item: Leftovers
|upkeep
|turn|42
|
|t:|1728251041
|move|p1a: bigberd|Protect|p1a: bigberd
|-singleturn|p1a: bigberd|Protect
|move|p2a: Blissey|Ice Beam|p1a: bigberd
|-activate|p1a: bigberd|Protect
|
|-weather|Sandstorm|[upkeep]
|-damage|p2a: Blissey|88/100|[from] Sandstorm
|-heal|p1a: bigberd|42/100|[from] item: Leftovers
|-heal|p2a: Blissey|94/100|[from] item: Leftovers
|upkeep
|turn|43
|
|t:|1728251050
|switch|p1a: moo deng 2|Swampert, M|68/100
|-damage|p1a: moo deng 2|56/100|[from] Spikes
|move|p2a: Blissey|Thunderbolt|p1a: moo deng 2
|-immune|p1a: moo deng 2
|
|-weather|Sandstorm|[upkeep]
|-damage|p2a: Blissey|88/100|[from] Sandstorm
|-heal|p1a: moo deng 2|62/100|[from] item: Leftovers
|-heal|p2a: Blissey|94/100|[from] item: Leftovers
|upkeep
|turn|44
|
|t:|1728251055
|move|p1a: moo deng 2|Protect|p1a: moo deng 2
|-singleturn|p1a: moo deng 2|Protect
|move|p2a: Blissey|Ice Beam|p1a: moo deng 2
|-activate|p1a: moo deng 2|Protect
|
|-weather|Sandstorm|[upkeep]
|-damage|p2a: Blissey|88/100|[from] Sandstorm
|-heal|p1a: moo deng 2|68/100|[from] item: Leftovers
|-heal|p2a: Blissey|94/100|[from] item: Leftovers
|upkeep
|turn|45
|
|t:|1728251058
|move|p1a: moo deng 2|Toxic|p2a: Blissey|[miss]
|-miss|p1a: moo deng 2|p2a: Blissey
|move|p2a: Blissey|Ice Beam|p1a: moo deng 2
|-damage|p1a: moo deng 2|46/100
|
|-weather|Sandstorm|[upkeep]
|-damage|p2a: Blissey|88/100|[from] Sandstorm
|-heal|p1a: moo deng 2|52/100|[from] item: Leftovers
|-heal|p2a: Blissey|94/100|[from] item: Leftovers
|upkeep
|turn|46
|
|t:|1728251066
|switch|p2a: Jirachi|Jirachi|83/100
|move|p1a: moo deng 2|Toxic|p2a: Jirachi
|-immune|p2a: Jirachi
|
|-weather|Sandstorm|[upkeep]
|-heal|p2a: Jirachi|89/100|[from] item: Leftovers
|-heal|p1a: moo deng 2|58/100|[from] item: Leftovers
|upkeep
|turn|47
|
|t:|1728251090
|switch|p1a: bigberd|Skarmory, M|42/100
|move|p2a: Jirachi|Body Slam|p1a: bigberd
|-resisted|p1a: bigberd
|-damage|p1a: bigberd|35/100
|-status|p1a: bigberd|par
|
|-weather|Sandstorm|[upkeep]
|-heal|p2a: Jirachi|96/100|[from] item: Leftovers
|-heal|p1a: bigberd|41/100 par|[from] item: Leftovers
|upkeep
|turn|48
|
|t:|1728251096
|move|p1a: bigberd|Protect|p1a: bigberd
|-singleturn|p1a: bigberd|Protect
|move|p2a: Jirachi|Fire Punch|p1a: bigberd
|-activate|p1a: bigberd|Protect
|
|-weather|Sandstorm|[upkeep]
|-heal|p2a: Jirachi|100/100|[from] item: Leftovers
|-heal|p1a: bigberd|47/100 par|[from] item: Leftovers
|upkeep
|turn|49
|
|t:|1728251105
|switch|p1a: Mr. T|Tyranitar, F|100/100
|-damage|p1a: Mr. T|88/100|[from] Spikes
|move|p2a: Jirachi|Fire Punch|p1a: Mr. T
|-resisted|p1a: Mr. T
|-damage|p1a: Mr. T|82/100
|
|-weather|Sandstorm|[upkeep]
|-heal|p1a: Mr. T|88/100|[from] item: Leftovers
|upkeep
|turn|50
|
|t:|1728251118
|move|p2a: Jirachi|Body Slam|p1a: Mr. T
|-resisted|p1a: Mr. T
|-damage|p1a: Mr. T|80/100
|move|p1a: Mr. T|Crunch|p2a: Jirachi
|-crit|p2a: Jirachi
|-damage|p2a: Jirachi|51/100
|-unboost|p2a: Jirachi|spd|1
|
|-weather|Sandstorm|[upkeep]
|-heal|p2a: Jirachi|58/100|[from] item: Leftovers
|-heal|p1a: Mr. T|86/100|[from] item: Leftovers
|upkeep
|turn|51
|
|t:|1728251125
|move|p2a: Jirachi|Protect|p2a: Jirachi
|-singleturn|p2a: Jirachi|Protect
|move|p1a: Mr. T|Hidden Power|p2a: Jirachi
|-activate|p2a: Jirachi|Protect
|
|-weather|Sandstorm|[upkeep]
|-heal|p2a: Jirachi|64/100|[from] item: Leftovers
|-heal|p1a: Mr. T|92/100|[from] item: Leftovers
|upkeep
|turn|52
|
|t:|1728251140
|switch|p2a: Flygon|Flygon, F|100/100
|move|p1a: Mr. T|Fire Blast|p2a: Flygon
|-resisted|p2a: Flygon
|-damage|p2a: Flygon|82/100
|
|-weather|Sandstorm|[upkeep]
|-heal|p2a: Flygon|88/100|[from] item: Leftovers
|-heal|p1a: Mr. T|98/100|[from] item: Leftovers
|upkeep
|turn|53
|
|t:|1728251155
|move|p2a: Flygon|Rock Slide|p1a: Mr. T
|-damage|p1a: Mr. T|84/100
|move|p1a: Mr. T|Crunch|p2a: Flygon
|-damage|p2a: Flygon|49/100
|-unboost|p2a: Flygon|spd|1
|
|-weather|Sandstorm|[upkeep]
|-heal|p2a: Flygon|55/100|[from] item: Leftovers
|-heal|p1a: Mr. T|90/100|[from] item: Leftovers
|upkeep
|turn|54
|
|t:|1728251165
|move|p2a: Flygon|Earthquake|p1a: Mr. T
|-supereffective|p1a: Mr. T
|-damage|p1a: Mr. T|32/100
|move|p1a: Mr. T|Pursuit|p2a: Flygon
|-damage|p2a: Flygon|28/100
|
|-weather|Sandstorm|[upkeep]
|-heal|p2a: Flygon|34/100|[from] item: Leftovers
|-heal|p1a: Mr. T|39/100|[from] item: Leftovers
|upkeep
|turn|55
|
|t:|1728251171
|move|p2a: Flygon|Earthquake|p1a: Mr. T
|-supereffective|p1a: Mr. T
|-damage|p1a: Mr. T|0 fnt
|faint|p1a: Mr. T
|
|t:|1728251189
|switch|p1a: diediediediediedie|Aerodactyl, F|100/100
|
|-weather|Sandstorm|[upkeep]
|-heal|p2a: Flygon|40/100|[from] item: Leftovers
|upkeep
|turn|56
|
|t:|1728251193
|move|p2a: Flygon|Protect|p2a: Flygon
|-singleturn|p2a: Flygon|Protect
|move|p1a: diediediediediedie|Double-Edge|p2a: Flygon
|-activate|p2a: Flygon|Protect
|
|-weather|Sandstorm|[upkeep]
|-heal|p2a: Flygon|46/100|[from] item: Leftovers
|upkeep
|turn|57
|
|t:|1728251200
|switch|p1a: The Big M|Magneton|100/100
|-damage|p1a: The Big M|88/100|[from] Spikes
|switch|p2a: Jirachi|Jirachi|64/100
|
|-weather|Sandstorm|[upkeep]
|-heal|p1a: The Big M|94/100|[from] item: Leftovers
|-heal|p2a: Jirachi|70/100|[from] item: Leftovers
|upkeep
|turn|58
|
|t:|1728251204
|move|p2a: Jirachi|Protect|p2a: Jirachi
|-singleturn|p2a: Jirachi|Protect
|move|p1a: The Big M|Thunderbolt|p2a: Jirachi
|-activate|p2a: Jirachi|Protect
|
|-weather|Sandstorm|[upkeep]
|-heal|p1a: The Big M|100/100|[from] item: Leftovers
|-heal|p2a: Jirachi|76/100|[from] item: Leftovers
|upkeep
|turn|59
|
|t:|1728251208
|move|p1a: The Big M|Thunderbolt|p2a: Jirachi
|-damage|p2a: Jirachi|42/100
|move|p2a: Jirachi|Wish|p2a: Jirachi
|
|-weather|Sandstorm|[upkeep]
|-heal|p2a: Jirachi|48/100|[from] item: Leftovers
|upkeep
|turn|60
|
|t:|1728251219
|switch|p1a: diediediediediedie|Aerodactyl, F|100/100
|move|p2a: Jirachi|Protect||[still]
|-fail|p2a: Jirachi
|
|-heal|p2a: Jirachi|98/100|[from] move: Wish|[wisher] Jirachi
|-weather|Sandstorm|[upkeep]
|-heal|p2a: Jirachi|100/100|[from] item: Leftovers
|upkeep
|turn|61
|
|t:|1728251222
|move|p2a: Jirachi|Protect|p2a: Jirachi
|-singleturn|p2a: Jirachi|Protect
|move|p1a: diediediediediedie|Earthquake|p2a: Jirachi
|-activate|p2a: Jirachi|Protect
|
|-weather|Sandstorm|[upkeep]
|upkeep
|turn|62
|
|t:|1728251229
|switch|p1a: tinkerbell|Celebi|57/100
|-damage|p1a: tinkerbell|45/100|[from] Spikes
|switch|p2a: Flygon|Flygon, F|46/100
|
|-weather|Sandstorm|[upkeep]
|-damage|p1a: tinkerbell|39/100|[from] Sandstorm
|-heal|p1a: tinkerbell|45/100|[from] item: Leftovers
|-heal|p2a: Flygon|52/100|[from] item: Leftovers
|upkeep
|turn|63
|
|t:|1728251237
|move|p1a: tinkerbell|Recover|p1a: tinkerbell
|-heal|p1a: tinkerbell|95/100
|move|p2a: Flygon|Toxic|p1a: tinkerbell
|-status|p1a: tinkerbell|tox
|
|-weather|Sandstorm|[upkeep]
|-damage|p1a: tinkerbell|89/100 tox|[from] Sandstorm
|-heal|p1a: tinkerbell|95/100 tox|[from] item: Leftovers
|-damage|p1a: tinkerbell|89/100 tox|[from] psn
|-heal|p2a: Flygon|58/100|[from] item: Leftovers
|upkeep
|turn|64
|
|t:|1728251248
|switch|p2a: Blissey|Blissey, F|94/100
|move|p1a: tinkerbell|Leech Seed|p2a: Blissey
|-start|p2a: Blissey|move: Leech Seed
|
|-weather|Sandstorm|[upkeep]
|-damage|p1a: tinkerbell|82/100 tox|[from] Sandstorm
|-damage|p2a: Blissey|88/100|[from] Sandstorm
|-heal|p1a: tinkerbell|89/100 tox|[from] item: Leftovers
|-damage|p1a: tinkerbell|76/100 tox|[from] psn
|-heal|p2a: Blissey|94/100|[from] item: Leftovers
|-damage|p2a: Blissey|82/100|[from] Leech Seed|[of] p1a: tinkerbell
|-heal|p1a: tinkerbell|96/100 tox|[silent]
|upkeep
|turn|65
|
|t:|1728251256
|-curestatus|p1a: tinkerbell|tox|[from] ability: Natural Cure
|switch|p1a: moo deng 2|Swampert, M|58/100
|-damage|p1a: moo deng 2|46/100|[from] Spikes
|move|p2a: Blissey|Ice Beam|p1a: moo deng 2
|-damage|p1a: moo deng 2|24/100
|
|-weather|Sandstorm|[upkeep]
|-damage|p2a: Blissey|76/100|[from] Sandstorm
|-heal|p1a: moo deng 2|30/100|[from] item: Leftovers
|-heal|p2a: Blissey|82/100|[from] item: Leftovers
|-damage|p2a: Blissey|69/100|[from] Leech Seed|[of] p1a: moo deng 2
|-heal|p1a: moo deng 2|50/100|[silent]
|upkeep
|turn|66
|
|t:|1728251276
|switch|p2a: Slaking|Slaking, F|76/100
|move|p1a: moo deng 2|Toxic|p2a: Slaking
|-status|p2a: Slaking|tox
|
|-weather|Sandstorm|[upkeep]
|-damage|p2a: Slaking|70/100 tox|[from] Sandstorm
|-damage|p2a: Slaking|64/100 tox|[from] psn
|-heal|p1a: moo deng 2|57/100|[from] item: Leftovers
|upkeep
|turn|67
|inactive|WizzyHatG has 270 seconds left.
|
|t:|1728251307
|move|p1a: moo deng 2|Protect|p1a: moo deng 2
|-singleturn|p1a: moo deng 2|Protect
|move|p2a: Slaking|Return|p1a: moo deng 2
|-activate|p1a: moo deng 2|Protect
|
|-weather|Sandstorm|[upkeep]
|-damage|p2a: Slaking|58/100 tox|[from] Sandstorm
|-damage|p2a: Slaking|46/100 tox|[from] psn
|-heal|p1a: moo deng 2|63/100|[from] item: Leftovers
|upkeep
|turn|68
|
|t:|1728251315
|switch|p2a: Jirachi|Jirachi|100/100
|move|p1a: moo deng 2|Surf|p2a: Jirachi
|-damage|p2a: Jirachi|82/100
|
|-weather|Sandstorm|[upkeep]
|-heal|p2a: Jirachi|89/100|[from] item: Leftovers
|-heal|p1a: moo deng 2|69/100|[from] item: Leftovers
|upkeep
|turn|69
|inactive|WizzyHatG has 270 seconds left.
|
|t:|1728251330
|switch|p1a: tinkerbell|Celebi|96/100
|-damage|p1a: tinkerbell|84/100|[from] Spikes
|move|p2a: Jirachi|Wish|p2a: Jirachi
|
|-weather|Sandstorm|[upkeep]
|-damage|p1a: tinkerbell|78/100|[from] Sandstorm
|-heal|p1a: tinkerbell|84/100|[from] item: Leftovers
|-heal|p2a: Jirachi|95/100|[from] item: Leftovers
|upkeep
|turn|70
|
|t:|1728251338
|switch|p2a: Slaking|Slaking, F|46/100 tox
|move|p1a: tinkerbell|Light Screen|p1a: tinkerbell
|-sidestart|p1: WizzyHatG|Light Screen
|
|-heal|p2a: Slaking|96/100 tox|[from] move: Wish|[wisher] Jirachi
|-weather|Sandstorm|[upkeep]
|-damage|p1a: tinkerbell|78/100|[from] Sandstorm
|-damage|p2a: Slaking|89/100 tox|[from] Sandstorm
|-heal|p1a: tinkerbell|84/100|[from] item: Leftovers
|-damage|p2a: Slaking|83/100 tox|[from] psn
|upkeep
|turn|71
|
|t:|1728251343
|switch|p1a: bigberd|Skarmory, M|47/100 par
|move|p2a: Slaking|Return|p1a: bigberd
|-resisted|p1a: bigberd
|-damage|p1a: bigberd|11/100 par
|
|-weather|Sandstorm|[upkeep]
|-damage|p2a: Slaking|77/100 tox|[from] Sandstorm
|-damage|p2a: Slaking|65/100 tox|[from] psn
|-heal|p1a: bigberd|17/100 par|[from] item: Leftovers
|upkeep
|turn|72
|
|t:|1728251349
|switch|p2a: Jirachi|Jirachi|95/100
|move|p1a: bigberd|Spikes|p2a: Jirachi
|-sidestart|p2: loleinsmaragd|Spikes
|
|-weather|Sandstorm|[upkeep]
|-heal|p2a: Jirachi|100/100|[from] item: Leftovers
|-heal|p1a: bigberd|23/100 par|[from] item: Leftovers
|upkeep
|turn|73
|
|t:|1728251353
|move|p2a: Jirachi|Fire Punch|p1a: bigberd
|-supereffective|p1a: bigberd
|-damage|p1a: bigberd|6/100 par
|move|p1a: bigberd|Spikes|p2a: Jirachi
|-sidestart|p2: loleinsmaragd|Spikes
|
|-weather|Sandstorm|[upkeep]
|-heal|p1a: bigberd|12/100 par|[from] item: Leftovers
|upkeep
|turn|74
|
|t:|1728251359
|switch|p1a: tinkerbell|Celebi|84/100
|-damage|p1a: tinkerbell|71/100|[from] Spikes
|move|p2a: Jirachi|Fire Punch|p1a: tinkerbell
|-supereffective|p1a: tinkerbell
|-damage|p1a: tinkerbell|56/100
|
|-sideend|p1: WizzyHatG|Light Screen
|-weather|Sandstorm|[upkeep]
|-damage|p1a: tinkerbell|50/100|[from] Sandstorm
|-heal|p1a: tinkerbell|56/100|[from] item: Leftovers
|upkeep
|turn|75
|
|t:|1728251364
|move|p1a: tinkerbell|Leech Seed|p2a: Jirachi
|-start|p2a: Jirachi|move: Leech Seed
|move|p2a: Jirachi|Fire Punch|p1a: tinkerbell
|-supereffective|p1a: tinkerbell
|-crit|p1a: tinkerbell
|-damage|p1a: tinkerbell|0 fnt
|faint|p1a: tinkerbell
|
|t:|1728251383
|switch|p1a: bigberd|Skarmory, M|12/100 par
|
|-weather|Sandstorm|[upkeep]
|-damage|p2a: Jirachi|88/100|[from] Leech Seed|[of] p1a: bigberd
|-heal|p1a: bigberd|27/100 par|[silent]
|-heal|p1a: bigberd|33/100 par|[from] item: Leftovers
|upkeep
|turn|76
|
|t:|1728251390
|move|p2a: Jirachi|Fire Punch|p1a: bigberd
|-supereffective|p1a: bigberd
|-damage|p1a: bigberd|0 fnt
|faint|p1a: bigberd
|c|☆WizzyHatG|gg
|
|t:|1728251395
|switch|p1a: diediediediediedie|Aerodactyl, F|100/100
|
|-weather|Sandstorm|[upkeep]
|-heal|p2a: Jirachi|94/100|[from] item: Leftovers
|-damage|p2a: Jirachi|82/100|[from] Leech Seed|[of] p1a: diediediediediedie
|upkeep
|turn|77
|
|t:|1728251399
|move|p2a: Jirachi|Protect|p2a: Jirachi
|-singleturn|p2a: Jirachi|Protect
|move|p1a: diediediediediedie|Earthquake|p2a: Jirachi
|-activate|p2a: Jirachi|Protect
|
|-weather|Sandstorm|[upkeep]
|-heal|p2a: Jirachi|88/100|[from] item: Leftovers
|-damage|p2a: Jirachi|76/100|[from] Leech Seed|[of] p1a: diediediediediedie
|upkeep
|turn|78
|-message|WizzyHatG forfeited.
|
|win|loleinsmaragd

</script>
<script type="application/json" class="data" id="replaydata-smogtours-gen3ou-796026">
{"id":"smogtours-gen3ou-796026","format":"[Gen 3] OU","players":["WizzyHatG","loleinsmaragd"],"uploadtime":1728251405,"views":107,"formatid":"gen3ou","rating":null,"private":0,"password":null}
</script>

<script defer src="js/replays.js?9d40a366"></script>
