<!DOCTYPE html>
<meta charset="utf-8" />
<meta name="viewport" content="width=device-width" />

<title>[Gen 3] OU: woeishuen vs. themessiah1 - Replays - Pok&eacute;mon Showdown!</title>

<meta name="description" content="Watch a replay of a Pok&eacute;mon battle between woeishuen and themessiah1! Format: [Gen 3] OU; Date: Oct 13, 2024" />
<!--

Hey, you! Looking in the source for the replay log?

You can find them in JSON format, just add `.json` at the end of a replay URL.

https://replay.pokemonshowdown.com/gen7randomdoublesbattle-865046831.json

Or, if you only need the log itself, add `.log` instead:

https://replay.pokemonshowdown.com/gen7randomdoublesbattle-865046831.log

-->

<link rel="stylesheet" href="//pokemonshowdown.com/style/global.css?0.023195364461161105" />
<link rel="stylesheet" href="//play.pokemonshowdown.com/style/font-awesome.css?0.13261647063804238" />
<link rel="stylesheet" href="//play.pokemonshowdown.com/style/battle.css?0.8753245789963631" />
<link rel="stylesheet" href="//play.pokemonshowdown.com/style/utilichart.css?0.8627959624976733" />

<!-- Global site tag (gtag.js) - Google Analytics -->
<script async src="https://www.googletagmanager.com/gtag/js?id=UA-26211653-1"></script>
<script>
  window.dataLayer = window.dataLayer || [];
  function gtag(){dataLayer.push(arguments);}
  gtag('js', new Date());

  gtag('config', 'UA-26211653-1');
</script>
<!-- End Google Analytics -->
<!-- Venatus Ad Manager - Install in <HEAD> of page -->
	<script src="https://hb.vntsm.com/v3/live/ad-manager.min.js" type="text/javascript" data-site-id="642aba63ec9a7b11c3c9c1be" data-mode="scan" async></script>
<!-- / Venatus Ad Manager -->

<style>
	@media (max-width:820px) {
		.battle {
			margin: 0 auto;
		}
		.battle-log {
			margin: 7px auto 0;
			max-width: 640px;
			height: 300px;
			position: static;
		}
	}
	.optgroup {
		display: inline-block;
		line-height: 22px;
		font-size: 10pt;
	}
	.optgroup .button {
		height: 25px;
		padding-top: 0;
		padding-bottom: 0;
	}
	.optgroup button.button {
		padding-left: 12px;
		padding-right: 12px;
	}
	.linklist {
		list-style: none;
		margin: 0.5em 0;
		padding: 0;
	}
	.linklist li {
		padding: 2px 0;
	}
	.sidebar {
		float: left;
		width: 320px;
	}
	.bar-wrapper {
		max-width: 1100px;
		margin: 0 auto;
	}
	.bar-wrapper.has-sidebar {
		max-width: 1430px;
	}
	.mainbar {
		margin: 0;
		padding-right: 1px;
	}
	.mainbar.has-sidebar {
		margin-left: 330px;
	}
	@media (min-width: 1511px) {
		.sidebar {
			width: 400px;
		}
		.bar-wrapper.has-sidebar {
			max-width: 1510px;
		}
		.mainbar.has-sidebar {
			margin-left: 410px;
		}
	}
	.section.first-section {
		margin-top: 9px;
	}
	.blocklink small {
		white-space: normal;
	}
	.button {
		vertical-align: middle;
	}
	.replay-controls {
		padding-top: 10px;
	}
	.replay-controls h1 {
		font-size: 16pt;
		font-weight: normal;
		color: #CCC;
	}
	.pagelink {
		text-align: center;
	}
	.pagelink a {
		width: 150px;
	}
	.textbox, .button {
		font-size: 11pt;
		vertical-align: middle;
	}
	@media (max-width: 450px) {
		.button {
			font-size: 9pt;
		}
	}
</style>

<div>

	<header>
		<div class="nav-wrapper"><ul class="nav">
			<li><a class="button nav-first" href="//pokemonshowdown.com/"><img src="//pokemonshowdown.com/images/pokemonshowdownbeta.png" srcset="//pokemonshowdown.com/images/pokemonshowdownbeta.png 1x, //pokemonshowdown.com/images/pokemonshowdownbeta@2x.png 2x" alt="Pok&eacute;mon Showdown" width="146" height="44" /> Home</a></li>
			<li><a class="button" href="//pokemonshowdown.com/dex/">Pok&eacute;dex</a></li>
			<li><a class="button cur" href="/">Replays</a></li>
			<li><a class="button" href="//pokemonshowdown.com/ladder/">Ladder</a></li>
			<li><a class="button nav-last" href="//pokemonshowdown.com/forums/">Forum</a></li>
			<li><a class="button greenbutton nav-first nav-last" href="//play.pokemonshowdown.com/">Play</a></li>
		</ul></div>
	</header>

	<div class="main" id="main">

		<noscript><section class="section">You need to enable JavaScript to use this page; sorry!</section></noscript>

	</div>

</div>

<script defer nomodule src="//play.pokemonshowdown.com/js/lib/ps-polyfill.js"></script>
<script defer src="//play.pokemonshowdown.com/js/lib/preact.min.js"></script>

<script defer src="//play.pokemonshowdown.com/config/config.js?2bddbc15"></script>
<script defer src="//play.pokemonshowdown.com/js/lib/jquery-1.11.0.min.js"></script>
<script defer src="//play.pokemonshowdown.com/js/lib/html-sanitizer-minified.js"></script>
<script defer src="//play.pokemonshowdown.com/js/battle-sound.js"></script>
<script defer src="//play.pokemonshowdown.com/js/battledata.js?0.7209276989879541"></script>
<script defer src="//play.pokemonshowdown.com/data/pokedex-mini.js?0.6111056340867951"></script>
<script defer src="//play.pokemonshowdown.com/data/pokedex-mini-bw.js?0.3532142036491459"></script>
<script defer src="//play.pokemonshowdown.com/data/graphics.js?0.24223875632456182"></script>
<script defer src="//play.pokemonshowdown.com/data/pokedex.js?0.38839984266356864"></script>
<script defer src="//play.pokemonshowdown.com/data/moves.js?0.21866028504024015"></script>
<script defer src="//play.pokemonshowdown.com/data/abilities.js?0.2005157953846628"></script>
<script defer src="//play.pokemonshowdown.com/data/items.js?0.9894211263848525"></script>
<script defer src="//play.pokemonshowdown.com/data/teambuilder-tables.js?0.6008791140282215"></script>
<script defer src="//play.pokemonshowdown.com/js/battle-tooltips.js?0.7580118955022959"></script>
<script defer src="//play.pokemonshowdown.com/js/battle.js?0.6057722274234274"></script>

<script defer src="js/utils.js?e31f9a17"></script>
<script defer src="js/replays-battle.js?7008c182"></script>

<!-- don't scrape this data! just add .json or .log after the URL!
Full API docs: https://github.com/smogon/pokemon-showdown-client/blob/master/WEB-API.md -->
<script type="text/plain" class="log" id="replaylog-smogtours-gen3ou-798302">
|inactive|Battle timer is ON: inactive players will automatically lose when time's up.
|t:|1728847559
|gametype|singles
|player|p1|woeishuen|steven|
|player|p2|themessiah1|1|
|teamsize|p1|6
|teamsize|p2|6
|gen|3
|tier|[Gen 3] OU
|rule|Sleep Clause Mod: Limit one foe put to sleep
|rule|Switch Priority Clause Mod: Faster Pokémon switch first
|rule|Species Clause: Limit one of each Pokémon
|rule|OHKO Clause: OHKO moves are banned
|rule|Evasion Items Clause: Evasion items are banned
|rule|Evasion Moves Clause: Evasion moves are banned
|rule|Endless Battle Clause: Forcing endless battles is banned
|rule|HP Percentage Mod: HP is shown in percentages
|rule|One Boost Passer Clause: Limit one Baton Passer that has a way to boost its stats
|rule|Freeze Clause Mod: Limit one foe frozen
|
|t:|1728847559
|start
|switch|p1a: Medicham|Medicham, M|100/100
|switch|p2a: Salamence|Salamence, M|100/100
|-ability|p2a: Salamence|Intimidate|boost
|-unboost|p1a: Medicham|atk|1
|turn|1
|c|☆themessiah1|hf
|c|☆woeishuen|glhf
|
|t:|1728847582
|switch|p1a: Swampert|Swampert, M|100/100
|move|p2a: Salamence|Dragon Claw|p1a: Swampert
|-damage|p1a: Swampert|72/100
|
|-heal|p1a: Swampert|78/100|[from] item: Leftovers
|upkeep
|turn|2
|
|t:|1728847589
|move|p1a: Swampert|Protect|p1a: Swampert
|-singleturn|p1a: Swampert|Protect
|move|p2a: Salamence|Hidden Power|p1a: Swampert
|-activate|p1a: Swampert|Protect
|
|-heal|p1a: Swampert|84/100|[from] item: Leftovers
|upkeep
|turn|3
|
|t:|1728847597
|switch|p1a: Gyarados|Gyarados, F|100/100
|-ability|p1a: Gyarados|Intimidate|boost
|-unboost|p2a: Salamence|atk|1
|move|p2a: Salamence|Dragon Claw|p1a: Gyarados
|-damage|p1a: Gyarados|64/100
|
|-heal|p1a: Gyarados|70/100|[from] item: Leftovers
|upkeep
|turn|4
|
|t:|1728847612
|switch|p2a: Tyranitar|Tyranitar, M|100/100
|-weather|Sandstorm|[from] ability: Sand Stream|[of] p2a: Tyranitar
|move|p1a: Gyarados|Earthquake|p2a: Tyranitar
|-supereffective|p2a: Tyranitar
|-damage|p2a: Tyranitar|41/100
|
|-weather|Sandstorm|[upkeep]
|-damage|p1a: Gyarados|64/100|[from] Sandstorm
|-heal|p1a: Gyarados|70/100|[from] item: Leftovers
|-heal|p2a: Tyranitar|48/100|[from] item: Leftovers
|upkeep
|turn|5
|inactive|themessiah1 has 270 seconds left.
|
|t:|1728847652
|move|p1a: Gyarados|Earthquake|p2a: Tyranitar
|-supereffective|p2a: Tyranitar
|-damage|p2a: Tyranitar|0 fnt
|faint|p2a: Tyranitar
|
|t:|1728847656
|switch|p2a: Salamence|Salamence, M|100/100
|-ability|p2a: Salamence|Intimidate|boost
|-unboost|p1a: Gyarados|atk|1
|
|-weather|Sandstorm|[upkeep]
|-damage|p2a: Salamence|94/100|[from] Sandstorm
|-damage|p1a: Gyarados|64/100|[from] Sandstorm
|-heal|p2a: Salamence|100/100|[from] item: Leftovers
|-heal|p1a: Gyarados|70/100|[from] item: Leftovers
|upkeep
|turn|6
|
|t:|1728847674
|switch|p1a: Aerodactyl|Aerodactyl, M|100/100
|move|p2a: Salamence|Dragon Claw|p1a: Aerodactyl
|-damage|p1a: Aerodactyl|40/100
|
|-weather|Sandstorm|[upkeep]
|-damage|p2a: Salamence|94/100|[from] Sandstorm
|-heal|p2a: Salamence|100/100|[from] item: Leftovers
|upkeep
|turn|7
|
|t:|1728847681
|switch|p2a: Claydol|Claydol|100/100
|move|p1a: Aerodactyl|Rock Slide|p2a: Claydol|[miss]
|-miss|p1a: Aerodactyl|p2a: Claydol
|
|-weather|Sandstorm|[upkeep]
|upkeep
|turn|8
|
|t:|1728847691
|switch|p1a: Swampert|Swampert, M|84/100
|move|p2a: Claydol|Earthquake|p1a: Swampert
|-damage|p1a: Swampert|55/100
|
|-weather|Sandstorm|[upkeep]
|-heal|p1a: Swampert|61/100|[from] item: Leftovers
|upkeep
|turn|9
|
|t:|1728847701
|switch|p2a: Suicune|Suicune|100/100
|move|p1a: Swampert|Toxic|p2a: Suicune
|-status|p2a: Suicune|tox
|
|-weather|Sandstorm|[upkeep]
|-damage|p2a: Suicune|94/100 tox|[from] Sandstorm
|-heal|p2a: Suicune|100/100 tox|[from] item: Leftovers
|-damage|p2a: Suicune|94/100 tox|[from] psn
|-heal|p1a: Swampert|68/100|[from] item: Leftovers
|upkeep
|turn|10
|
|t:|1728847709
|switch|p1a: Gyarados|Gyarados, F|70/100
|-ability|p1a: Gyarados|Intimidate|boost
|-unboost|p2a: Suicune|atk|1
|move|p2a: Suicune|Calm Mind|p2a: Suicune
|-boost|p2a: Suicune|spa|1
|-boost|p2a: Suicune|spd|1
|
|-weather|Sandstorm|[upkeep]
|-damage|p1a: Gyarados|64/100|[from] Sandstorm
|-damage|p2a: Suicune|88/100 tox|[from] Sandstorm
|-heal|p1a: Gyarados|70/100|[from] item: Leftovers
|-heal|p2a: Suicune|94/100 tox|[from] item: Leftovers
|-damage|p2a: Suicune|82/100 tox|[from] psn
|upkeep
|turn|11
|
|t:|1728847720
|switch|p2a: Salamence|Salamence, M|100/100
|-ability|p2a: Salamence|Intimidate|boost
|-unboost|p1a: Gyarados|atk|1
|move|p1a: Gyarados|Dragon Dance|p1a: Gyarados
|-boost|p1a: Gyarados|atk|1
|-boost|p1a: Gyarados|spe|1
|
|-weather|Sandstorm|[upkeep]
|-damage|p1a: Gyarados|64/100|[from] Sandstorm
|-damage|p2a: Salamence|94/100|[from] Sandstorm
|-heal|p1a: Gyarados|70/100|[from] item: Leftovers
|-heal|p2a: Salamence|100/100|[from] item: Leftovers
|upkeep
|turn|12
|
|t:|1728847727
|switch|p2a: Jirachi|Jirachi|100/100
|move|p1a: Gyarados|Dragon Dance|p1a: Gyarados
|-boost|p1a: Gyarados|atk|1
|-boost|p1a: Gyarados|spe|1
|
|-weather|Sandstorm|[upkeep]
|-damage|p1a: Gyarados|64/100|[from] Sandstorm
|-heal|p1a: Gyarados|70/100|[from] item: Leftovers
|upkeep
|turn|13
|
|t:|1728847732
|move|p1a: Gyarados|Earthquake|p2a: Jirachi
|-supereffective|p2a: Jirachi
|-damage|p2a: Jirachi|14/100
|move|p2a: Jirachi|Body Slam|p1a: Gyarados
|-damage|p1a: Gyarados|44/100
|-status|p1a: Gyarados|par
|
|-weather|Sandstorm|[upkeep]
|-damage|p1a: Gyarados|38/100 par|[from] Sandstorm
|-heal|p2a: Jirachi|20/100|[from] item: Leftovers
|-heal|p1a: Gyarados|44/100 par|[from] item: Leftovers
|upkeep
|turn|14
|
|t:|1728847740
|move|p2a: Jirachi|Protect|p2a: Jirachi
|-singleturn|p2a: Jirachi|Protect
|move|p1a: Gyarados|Earthquake|p2a: Jirachi
|-activate|p2a: Jirachi|Protect
|
|-weather|Sandstorm|[upkeep]
|-damage|p1a: Gyarados|38/100 par|[from] Sandstorm
|-heal|p2a: Jirachi|26/100|[from] item: Leftovers
|-heal|p1a: Gyarados|44/100 par|[from] item: Leftovers
|upkeep
|turn|15
|
|t:|1728847747
|switch|p2a: Claydol|Claydol|100/100
|move|p1a: Gyarados|Hidden Power|p2a: Claydol
|-resisted|p2a: Claydol
|-damage|p2a: Claydol|82/100
|
|-weather|Sandstorm|[upkeep]
|-damage|p1a: Gyarados|38/100 par|[from] Sandstorm
|-heal|p2a: Claydol|88/100|[from] item: Leftovers
|-heal|p1a: Gyarados|44/100 par|[from] item: Leftovers
|upkeep
|turn|16
|
|t:|1728847754
|move|p2a: Claydol|Hidden Power|p1a: Gyarados
|-resisted|p1a: Gyarados
|-damage|p1a: Gyarados|34/100 par
|move|p1a: Gyarados|Dragon Dance|p1a: Gyarados
|-boost|p1a: Gyarados|atk|1
|-boost|p1a: Gyarados|spe|1
|
|-weather|Sandstorm|[upkeep]
|-damage|p1a: Gyarados|28/100 par|[from] Sandstorm
|-heal|p2a: Claydol|95/100|[from] item: Leftovers
|-heal|p1a: Gyarados|34/100 par|[from] item: Leftovers
|upkeep
|turn|17
|
|t:|1728847758
|move|p2a: Claydol|Hidden Power|p1a: Gyarados
|-resisted|p1a: Gyarados
|-damage|p1a: Gyarados|24/100 par
|move|p1a: Gyarados|Hidden Power|p2a: Claydol
|-resisted|p2a: Claydol
|-damage|p2a: Claydol|71/100
|
|-weather|Sandstorm|[upkeep]
|-damage|p1a: Gyarados|18/100 par|[from] Sandstorm
|-heal|p2a: Claydol|78/100|[from] item: Leftovers
|-heal|p1a: Gyarados|24/100 par|[from] item: Leftovers
|upkeep
|turn|18
|
|t:|1728847761
|move|p2a: Claydol|Hidden Power|p1a: Gyarados
|-resisted|p1a: Gyarados
|-damage|p1a: Gyarados|14/100 par
|move|p1a: Gyarados|Hidden Power|p2a: Claydol
|-resisted|p2a: Claydol
|-damage|p2a: Claydol|55/100
|
|-weather|Sandstorm|[upkeep]
|-damage|p1a: Gyarados|8/100 par|[from] Sandstorm
|-heal|p2a: Claydol|62/100|[from] item: Leftovers
|-heal|p1a: Gyarados|14/100 par|[from] item: Leftovers
|upkeep
|turn|19
|
|t:|1728847763
|move|p2a: Claydol|Hidden Power|p1a: Gyarados
|-resisted|p1a: Gyarados
|-damage|p1a: Gyarados|5/100 par
|move|p1a: Gyarados|Hidden Power|p2a: Claydol
|-resisted|p2a: Claydol
|-crit|p2a: Claydol
|-damage|p2a: Claydol|14/100
|
|-weather|Sandstorm|[upkeep]
|-damage|p1a: Gyarados|0 fnt|[from] Sandstorm
|faint|p1a: Gyarados
|-heal|p2a: Claydol|21/100|[from] item: Leftovers
|upkeep
|
|t:|1728847777
|switch|p1a: Medicham|Medicham, M|100/100
|turn|20
|
|t:|1728847789
|move|p1a: Medicham|Shadow Ball|p2a: Claydol
|-supereffective|p2a: Claydol
|-damage|p2a: Claydol|0 fnt
|faint|p2a: Claydol
|inactive|themessiah1 has 270 seconds left.
|
|t:|1728847838
|switch|p2a: Salamence|Salamence, M|100/100
|-ability|p2a: Salamence|Intimidate|boost
|-unboost|p1a: Medicham|atk|1
|
|-weather|Sandstorm|[upkeep]
|-damage|p2a: Salamence|94/100|[from] Sandstorm
|-damage|p1a: Medicham|94/100|[from] Sandstorm
|-heal|p2a: Salamence|100/100|[from] item: Leftovers
|upkeep
|turn|21
|
|t:|1728847845
|move|p2a: Salamence|Dragon Claw|p1a: Medicham
|-damage|p1a: Medicham|23/100
|move|p1a: Medicham|Rock Slide|p2a: Salamence
|-supereffective|p2a: Salamence
|-damage|p2a: Salamence|40/100
|
|-weather|Sandstorm|[upkeep]
|-damage|p2a: Salamence|34/100|[from] Sandstorm
|-damage|p1a: Medicham|17/100|[from] Sandstorm
|-heal|p2a: Salamence|40/100|[from] item: Leftovers
|upkeep
|turn|22
|
|t:|1728847854
|switch|p1a: Magneton|Magneton|100/100
|move|p2a: Salamence|Dragon Claw|p1a: Magneton
|-resisted|p1a: Magneton
|-damage|p1a: Magneton|62/100
|
|-weather|Sandstorm|[upkeep]
|-damage|p2a: Salamence|34/100|[from] Sandstorm
|-heal|p2a: Salamence|40/100|[from] item: Leftovers
|upkeep
|turn|23
|
|t:|1728847878
|move|p2a: Salamence|Fire Blast|p1a: Magneton
|-supereffective|p1a: Magneton
|-damage|p1a: Magneton|0 fnt
|faint|p1a: Magneton
|
|t:|1728847880
|switch|p1a: Aerodactyl|Aerodactyl, M|40/100
|
|-weather|Sandstorm|[upkeep]
|-damage|p2a: Salamence|34/100|[from] Sandstorm
|-heal|p2a: Salamence|40/100|[from] item: Leftovers
|upkeep
|turn|24
|inactive|themessiah1 has 240 seconds left.
|
|t:|1728847908
|switch|p2a: Suicune|Suicune|82/100 tox
|move|p1a: Aerodactyl|Double-Edge|p2a: Suicune
|-damage|p2a: Suicune|38/100 tox
|
|-weather|Sandstorm|[upkeep]
|-damage|p2a: Suicune|32/100 tox|[from] Sandstorm
|-heal|p2a: Suicune|38/100 tox|[from] item: Leftovers
|-damage|p2a: Suicune|32/100 tox|[from] psn
|upkeep
|turn|25
|
|t:|1728847912
|move|p1a: Aerodactyl|Double-Edge|p2a: Suicune
|-damage|p2a: Suicune|0 fnt
|faint|p2a: Suicune
|
|t:|1728847914
|switch|p2a: Jirachi|Jirachi|26/100
|
|-weather|Sandstorm|[upkeep]
|-heal|p2a: Jirachi|33/100|[from] item: Leftovers
|upkeep
|turn|26
|
|t:|1728847925
|switch|p1a: Swampert|Swampert, M|68/100
|move|p2a: Jirachi|Wish|p2a: Jirachi
|
|-weather|Sandstorm|[upkeep]
|-heal|p2a: Jirachi|39/100|[from] item: Leftovers
|-heal|p1a: Swampert|74/100|[from] item: Leftovers
|upkeep
|turn|27
|
|t:|1728847930
|move|p2a: Jirachi|Protect|p2a: Jirachi
|-singleturn|p2a: Jirachi|Protect
|move|p1a: Swampert|Earthquake|p2a: Jirachi
|-activate|p2a: Jirachi|Protect
|
|-heal|p2a: Jirachi|89/100|[from] move: Wish|[wisher] Jirachi
|-weather|Sandstorm|[upkeep]
|-heal|p2a: Jirachi|95/100|[from] item: Leftovers
|-heal|p1a: Swampert|80/100|[from] item: Leftovers
|upkeep
|turn|28
|
|t:|1728847937
|switch|p2a: Snorlax|Snorlax, M|100/100
|move|p1a: Swampert|Toxic|p2a: Snorlax
|-immune|p2a: Snorlax|[from] ability: Immunity
|
|-weather|Sandstorm|[upkeep]
|-damage|p2a: Snorlax|94/100|[from] Sandstorm
|-heal|p1a: Swampert|86/100|[from] item: Leftovers
|-heal|p2a: Snorlax|100/100|[from] item: Leftovers
|upkeep
|turn|29
|
|t:|1728847947
|move|p1a: Swampert|Earthquake|p2a: Snorlax
|-damage|p2a: Snorlax|69/100
|move|p2a: Snorlax|Body Slam|p1a: Swampert
|-damage|p1a: Swampert|52/100
|
|-weather|Sandstorm|[upkeep]
|-damage|p2a: Snorlax|63/100|[from] Sandstorm
|-heal|p1a: Swampert|58/100|[from] item: Leftovers
|-heal|p2a: Snorlax|69/100|[from] item: Leftovers
|upkeep
|turn|30
|
|t:|1728847951
|move|p1a: Swampert|Earthquake|p2a: Snorlax
|-damage|p2a: Snorlax|38/100
|move|p2a: Snorlax|Body Slam|p1a: Swampert
|-damage|p1a: Swampert|23/100
|-status|p1a: Swampert|par
|
|-weather|Sandstorm|[upkeep]
|-damage|p2a: Snorlax|32/100|[from] Sandstorm
|-heal|p2a: Snorlax|38/100|[from] item: Leftovers
|-heal|p1a: Swampert|29/100 par|[from] item: Leftovers
|upkeep
|turn|31
|
|t:|1728847956
|move|p2a: Snorlax|Body Slam|p1a: Swampert
|-damage|p1a: Swampert|0 fnt
|faint|p1a: Swampert
|
|t:|1728847962
|switch|p1a: Medicham|Medicham, M|17/100
|
|-weather|Sandstorm|[upkeep]
|-damage|p1a: Medicham|11/100|[from] Sandstorm
|-damage|p2a: Snorlax|32/100|[from] Sandstorm
|-heal|p2a: Snorlax|38/100|[from] item: Leftovers
|upkeep
|turn|32
|
|t:|1728847967
|move|p1a: Medicham|Brick Break|p2a: Snorlax
|-supereffective|p2a: Snorlax
|-damage|p2a: Snorlax|0 fnt
|faint|p2a: Snorlax
|
|t:|1728847971
|switch|p2a: Jirachi|Jirachi|95/100
|
|-weather|Sandstorm|[upkeep]
|-damage|p1a: Medicham|5/100|[from] Sandstorm
|-heal|p2a: Jirachi|100/100|[from] item: Leftovers
|upkeep
|turn|33
|
|t:|1728847977
|switch|p1a: Tyranitar|Tyranitar, F|100/100
|move|p2a: Jirachi|Protect||[still]
|-fail|p2a: Jirachi
|
|-weather|Sandstorm|[upkeep]
|upkeep
|turn|34
|
|t:|1728847982
|move|p2a: Jirachi|Body Slam|p1a: Tyranitar
|-resisted|p1a: Tyranitar
|-damage|p1a: Tyranitar|92/100
|move|p1a: Tyranitar|Dragon Dance|p1a: Tyranitar
|-boost|p1a: Tyranitar|atk|1
|-boost|p1a: Tyranitar|spe|1
|
|-weather|Sandstorm|[upkeep]
|upkeep
|turn|35
|
|t:|1728847987
|move|p1a: Tyranitar|Dragon Dance|p1a: Tyranitar
|-boost|p1a: Tyranitar|atk|1
|-boost|p1a: Tyranitar|spe|1
|move|p2a: Jirachi|Body Slam|p1a: Tyranitar
|-resisted|p1a: Tyranitar
|-damage|p1a: Tyranitar|84/100
|-status|p1a: Tyranitar|par
|-enditem|p1a: Tyranitar|Lum Berry|[eat]
|-curestatus|p1a: Tyranitar|par|[msg]
|
|-weather|Sandstorm|[upkeep]
|upkeep
|turn|36
|
|t:|1728847998
|switch|p2a: Salamence|Salamence, M|40/100
|-ability|p2a: Salamence|Intimidate|boost
|-unboost|p1a: Tyranitar|atk|1
|move|p1a: Tyranitar|Earthquake|p2a: Salamence
|-immune|p2a: Salamence
|
|-weather|Sandstorm|[upkeep]
|-damage|p2a: Salamence|34/100|[from] Sandstorm
|-heal|p2a: Salamence|40/100|[from] item: Leftovers
|upkeep
|turn|37
|
|t:|1728848004
|switch|p2a: Jirachi|Jirachi|100/100
|move|p1a: Tyranitar|Dragon Dance|p1a: Tyranitar
|-boost|p1a: Tyranitar|atk|1
|-boost|p1a: Tyranitar|spe|1
|
|-weather|Sandstorm|[upkeep]
|upkeep
|turn|38
|
|t:|1728848007
|move|p1a: Tyranitar|Earthquake|p2a: Jirachi
|-supereffective|p2a: Jirachi
|-damage|p2a: Jirachi|5/100
|move|p2a: Jirachi|Body Slam|p1a: Tyranitar
|-resisted|p1a: Tyranitar
|-damage|p1a: Tyranitar|75/100
|-status|p1a: Tyranitar|par
|
|-weather|Sandstorm|[upkeep]
|-heal|p2a: Jirachi|11/100|[from] item: Leftovers
|upkeep
|turn|39
|
|t:|1728848011
|move|p2a: Jirachi|Protect|p2a: Jirachi
|-singleturn|p2a: Jirachi|Protect
|move|p1a: Tyranitar|Hidden Power|p2a: Jirachi
|-activate|p2a: Jirachi|Protect
|
|-weather|Sandstorm|[upkeep]
|-heal|p2a: Jirachi|17/100|[from] item: Leftovers
|upkeep
|turn|40
|
|t:|1728848019
|move|p2a: Jirachi|Wish|p2a: Jirachi
|move|p1a: Tyranitar|Rock Slide|p2a: Jirachi
|-resisted|p2a: Jirachi
|-damage|p2a: Jirachi|0 fnt
|faint|p2a: Jirachi
|
|t:|1728848021
|switch|p2a: Salamence|Salamence, M|40/100
|-ability|p2a: Salamence|Intimidate|boost
|-unboost|p1a: Tyranitar|atk|1
|
|-weather|Sandstorm|[upkeep]
|-damage|p2a: Salamence|34/100|[from] Sandstorm
|-heal|p2a: Salamence|40/100|[from] item: Leftovers
|upkeep
|turn|41
|
|t:|1728848024
|move|p2a: Salamence|Brick Break|p1a: Tyranitar
|-supereffective|p1a: Tyranitar
|-damage|p1a: Tyranitar|10/100 par
|move|p1a: Tyranitar|Rock Slide|p2a: Salamence
|-supereffective|p2a: Salamence
|-damage|p2a: Salamence|0 fnt
|faint|p2a: Salamence
|
|win|woeishuen
|c|☆woeishuen|gg
|c|☆themessiah1|gg

</script>
<script type="application/json" class="data" id="replaydata-smogtours-gen3ou-798302">
{"id":"smogtours-gen3ou-798302","format":"[Gen 3] OU","players":["woeishuen","themessiah1"],"uploadtime":1728848024,"views":95,"formatid":"gen3ou","rating":null,"private":0,"password":null}
</script>

<script defer src="js/replays.js?9d40a366"></script>
