<!DOCTYPE html>
<meta charset="utf-8" />
<meta name="viewport" content="width=device-width" />

<title>[Gen 3] OU: Spreek vs. bluesenergy00 - Replays - Pok&eacute;mon Showdown!</title>

<meta name="description" content="Watch a replay of a Pok&eacute;mon battle between Spreek and bluesenergy00! Format: [Gen 3] OU; Date: Nov 14, 2024" />
<!--

Hey, you! Looking in the source for the replay log?

You can find them in JSON format, just add `.json` at the end of a replay URL.

https://replay.pokemonshowdown.com/gen7randomdoublesbattle-865046831.json

Or, if you only need the log itself, add `.log` instead:

https://replay.pokemonshowdown.com/gen7randomdoublesbattle-865046831.log

-->

<link rel="stylesheet" href="//pokemonshowdown.com/style/global.css?0.767286132409787" />
<link rel="stylesheet" href="//play.pokemonshowdown.com/style/font-awesome.css?0.9266228007934947" />
<link rel="stylesheet" href="//play.pokemonshowdown.com/style/battle.css?0.7924700842790926" />
<link rel="stylesheet" href="//play.pokemonshowdown.com/style/utilichart.css?0.8777417872839479" />

<!-- Global site tag (gtag.js) - Google Analytics -->
<script async src="https://www.googletagmanager.com/gtag/js?id=UA-26211653-1"></script>
<script>
  window.dataLayer = window.dataLayer || [];
  function gtag(){dataLayer.push(arguments);}
  gtag('js', new Date());

  gtag('config', 'UA-26211653-1');
</script>
<!-- End Google Analytics -->
<!-- Venatus Ad Manager - Install in <HEAD> of page -->
	<script src="https://hb.vntsm.com/v3/live/ad-manager.min.js" type="text/javascript" data-site-id="642aba63ec9a7b11c3c9c1be" data-mode="scan" async></script>
<!-- / Venatus Ad Manager -->

<style>
	@media (max-width:820px) {
		.battle {
			margin: 0 auto;
		}
		.battle-log {
			margin: 7px auto 0;
			max-width: 640px;
			height: 300px;
			position: static;
		}
	}
	.optgroup {
		display: inline-block;
		line-height: 22px;
		font-size: 10pt;
	}
	.optgroup .button {
		height: 25px;
		padding-top: 0;
		padding-bottom: 0;
	}
	.optgroup button.button {
		padding-left: 12px;
		padding-right: 12px;
	}
	.linklist {
		list-style: none;
		margin: 0.5em 0;
		padding: 0;
	}
	.linklist li {
		padding: 2px 0;
	}
	.sidebar {
		float: left;
		width: 320px;
	}
	.bar-wrapper {
		max-width: 1100px;
		margin: 0 auto;
	}
	.bar-wrapper.has-sidebar {
		max-width: 1430px;
	}
	.mainbar {
		margin: 0;
		padding-right: 1px;
	}
	.mainbar.has-sidebar {
		margin-left: 330px;
	}
	@media (min-width: 1511px) {
		.sidebar {
			width: 400px;
		}
		.bar-wrapper.has-sidebar {
			max-width: 1510px;
		}
		.mainbar.has-sidebar {
			margin-left: 410px;
		}
	}
	.section.first-section {
		margin-top: 9px;
	}
	.blocklink small {
		white-space: normal;
	}
	.button {
		vertical-align: middle;
	}
	.replay-controls {
		padding-top: 10px;
	}
	.replay-controls h1 {
		font-size: 16pt;
		font-weight: normal;
		color: #CCC;
	}
	.pagelink {
		text-align: center;
	}
	.pagelink a {
		width: 150px;
	}
	.textbox, .button {
		font-size: 11pt;
		vertical-align: middle;
	}
	@media (max-width: 450px) {
		.button {
			font-size: 9pt;
		}
	}
</style>

<div>

	<header>
		<div class="nav-wrapper"><ul class="nav">
			<li><a class="button nav-first" href="//pokemonshowdown.com/"><img src="//pokemonshowdown.com/images/pokemonshowdownbeta.png" srcset="//pokemonshowdown.com/images/pokemonshowdownbeta.png 1x, //pokemonshowdown.com/images/pokemonshowdownbeta@2x.png 2x" alt="Pok&eacute;mon Showdown" width="146" height="44" /> Home</a></li>
			<li><a class="button" href="//pokemonshowdown.com/dex/">Pok&eacute;dex</a></li>
			<li><a class="button cur" href="/">Replays</a></li>
			<li><a class="button" href="//pokemonshowdown.com/ladder/">Ladder</a></li>
			<li><a class="button nav-last" href="//pokemonshowdown.com/forums/">Forum</a></li>
			<li><a class="button greenbutton nav-first nav-last" href="//play.pokemonshowdown.com/">Play</a></li>
		</ul></div>
	</header>

	<div class="main" id="main">

		<noscript><section class="section">You need to enable JavaScript to use this page; sorry!</section></noscript>

	</div>

</div>

<script defer nomodule src="//play.pokemonshowdown.com/js/lib/ps-polyfill.js"></script>
<script defer src="//play.pokemonshowdown.com/js/lib/preact.min.js"></script>

<script defer src="//play.pokemonshowdown.com/config/config.js?6dec07f6"></script>
<script defer src="//play.pokemonshowdown.com/js/lib/jquery-1.11.0.min.js"></script>
<script defer src="//play.pokemonshowdown.com/js/lib/html-sanitizer-minified.js"></script>
<script defer src="//play.pokemonshowdown.com/js/battle-sound.js"></script>
<script defer src="//play.pokemonshowdown.com/js/battledata.js?0.6315294753075389"></script>
<script defer src="//play.pokemonshowdown.com/data/pokedex-mini.js?0.7603743185311358"></script>
<script defer src="//play.pokemonshowdown.com/data/pokedex-mini-bw.js?0.030888842834281283"></script>
<script defer src="//play.pokemonshowdown.com/data/graphics.js?0.05593094747507488"></script>
<script defer src="//play.pokemonshowdown.com/data/pokedex.js?0.47064822249611904"></script>
<script defer src="//play.pokemonshowdown.com/data/moves.js?0.8583693120512459"></script>
<script defer src="//play.pokemonshowdown.com/data/abilities.js?0.16017181182386842"></script>
<script defer src="//play.pokemonshowdown.com/data/items.js?0.4163379185673943"></script>
<script defer src="//play.pokemonshowdown.com/data/teambuilder-tables.js?0.31075597372830477"></script>
<script defer src="//play.pokemonshowdown.com/js/battle-tooltips.js?0.6536193500708172"></script>
<script defer src="//play.pokemonshowdown.com/js/battle.js?0.1916591943277901"></script>

<script defer src="js/utils.js?e31f9a17"></script>
<script defer src="js/replays-battle.js?7008c182"></script>

<!-- don't scrape this data! just add .json or .log after the URL!
Full API docs: https://github.com/smogon/pokemon-showdown-client/blob/master/WEB-API.md -->
<script type="text/plain" class="log" id="replaylog-smogtours-gen3ou-806290">
|inactive|Battle timer is ON: inactive players will automatically lose when time's up.
|t:|1731622769
|gametype|singles
|player|p1|Spreek|266|
|player|p2|bluesenergy00|red|
|teamsize|p1|6
|teamsize|p2|6
|gen|3
|tier|[Gen 3] OU
|rule|Sleep Clause Mod: Limit one foe put to sleep
|rule|Switch Priority Clause Mod: Faster Pokémon switch first
|rule|Species Clause: Limit one of each Pokémon
|rule|OHKO Clause: OHKO moves are banned
|rule|Evasion Items Clause: Evasion items are banned
|rule|Evasion Moves Clause: Evasion moves are banned
|rule|Endless Battle Clause: Forcing endless battles is banned
|rule|HP Percentage Mod: HP is shown in percentages
|rule|One Boost Passer Clause: Limit one Baton Passer that has a way to boost its stats
|rule|Freeze Clause Mod: Limit one foe frozen
|
|t:|1731622769
|start
|switch|p1a: Flygon|Flygon, M|100/100
|switch|p2a: Metagross|Metagross|100/100
|turn|1
|c|☆Spreek|hf
|c|☆bluesenergy00|Hf
|inactive|Spreek has 270 seconds left.
|
|t:|1731622809
|switch|p2a: Gyarados|Gyarados, F|100/100
|-ability|p2a: Gyarados|Intimidate|boost
|-unboost|p1a: Flygon|atk|1
|move|p1a: Flygon|Substitute|p1a: Flygon
|-start|p1a: Flygon|Substitute
|-damage|p1a: Flygon|76/100
|
|-heal|p1a: Flygon|82/100|[from] item: Leftovers
|upkeep
|turn|2
|
|t:|1731622817
|switch|p2a: Swampert|Swampert, M|100/100
|move|p1a: Flygon|Toxic|p2a: Swampert
|-status|p2a: Swampert|tox
|
|-heal|p1a: Flygon|88/100|[from] item: Leftovers
|-damage|p2a: Swampert|94/100 tox|[from] psn
|upkeep
|turn|3
|
|t:|1731622846
|switch|p1a: Celebi|Celebi|100/100
|move|p2a: Swampert|Curse|p2a: Swampert
|-unboost|p2a: Swampert|spe|1
|-boost|p2a: Swampert|atk|1
|-boost|p2a: Swampert|def|1
|
|-heal|p2a: Swampert|100/100 tox|[from] item: Leftovers
|-damage|p2a: Swampert|88/100 tox|[from] psn
|upkeep
|turn|4
|
|t:|1731622857
|switch|p2a: Gyarados|Gyarados, F|100/100
|-ability|p2a: Gyarados|Intimidate|boost
|-unboost|p1a: Celebi|atk|1
|move|p1a: Celebi|Hidden Power|p2a: Gyarados
|-damage|p2a: Gyarados|77/100
|
|-heal|p2a: Gyarados|83/100|[from] item: Leftovers
|upkeep
|turn|5
|inactive|Spreek has 270 seconds left.
|
|t:|1731622877
|move|p1a: Celebi|Leech Seed|p2a: Gyarados
|-start|p2a: Gyarados|move: Leech Seed
|move|p2a: Gyarados|Hidden Power|p1a: Celebi
|-supereffective|p1a: Celebi
|-damage|p1a: Celebi|33/100
|
|-heal|p1a: Celebi|39/100|[from] item: Leftovers
|-heal|p2a: Gyarados|89/100|[from] item: Leftovers
|-damage|p2a: Gyarados|77/100|[from] Leech Seed|[of] p1a: Celebi
|-heal|p1a: Celebi|50/100|[silent]
|upkeep
|turn|6
|inactive|Spreek has 270 seconds left.
|
|t:|1731622892
|switch|p1a: Swampert|Swampert, F|100/100
|switch|p2a: Celebi|Celebi|100/100
|
|upkeep
|turn|7
|
|t:|1731622907
|switch|p1a: Celebi|Celebi|50/100
|move|p2a: Celebi|Calm Mind|p2a: Celebi
|-boost|p2a: Celebi|spa|1
|-boost|p2a: Celebi|spd|1
|
|-heal|p1a: Celebi|56/100|[from] item: Leftovers
|upkeep
|turn|8
|inactive|Spreek has 270 seconds left.
|
|t:|1731622944
|switch|p1a: Flygon|Flygon, M|88/100
|move|p2a: Celebi|Calm Mind|p2a: Celebi
|-boost|p2a: Celebi|spa|1
|-boost|p2a: Celebi|spd|1
|
|-heal|p1a: Flygon|94/100|[from] item: Leftovers
|upkeep
|turn|9
|
|t:|1731622949
|move|p1a: Flygon|Toxic|p2a: Celebi
|-status|p2a: Celebi|tox
|move|p2a: Celebi|Psychic|p1a: Flygon
|-damage|p1a: Flygon|3/100
|-unboost|p1a: Flygon|spd|1
|
|-heal|p1a: Flygon|9/100|[from] item: Leftovers
|-damage|p2a: Celebi|94/100 tox|[from] psn
|upkeep
|turn|10
|
|t:|1731622976
|move|p1a: Flygon|Protect|p1a: Flygon
|-singleturn|p1a: Flygon|Protect
|move|p2a: Celebi|Giga Drain|p1a: Flygon
|-activate|p1a: Flygon|Protect
|
|-heal|p1a: Flygon|15/100|[from] item: Leftovers
|-heal|p2a: Celebi|100/100 tox|[from] item: Leftovers
|-damage|p2a: Celebi|88/100 tox|[from] psn
|upkeep
|turn|11
|inactive|Spreek has 270 seconds left.
|
|t:|1731622984
|switch|p1a: Snorlax|Snorlax, M|100/100
|move|p2a: Celebi|Giga Drain|p1a: Snorlax
|-damage|p1a: Snorlax|74/100
|-heal|p2a: Celebi|100/100 tox|[from] drain|[of] p1a: Snorlax
|
|-damage|p2a: Celebi|82/100 tox|[from] psn
|-heal|p1a: Snorlax|80/100|[from] item: Leftovers
|upkeep
|turn|12
|
|t:|1731622990
|-curestatus|p2a: Celebi|tox|[from] ability: Natural Cure
|switch|p2a: Metagross|Metagross|100/100
|move|p1a: Snorlax|Curse|p1a: Snorlax
|-unboost|p1a: Snorlax|spe|1
|-boost|p1a: Snorlax|atk|1
|-boost|p1a: Snorlax|def|1
|
|-heal|p1a: Snorlax|86/100|[from] item: Leftovers
|upkeep
|turn|13
|inactive|Spreek has 270 seconds left.
|
|t:|1731623019
|switch|p1a: Magneton|Magneton|100/100
|move|p2a: Metagross|Meteor Mash|p1a: Magneton
|-resisted|p1a: Magneton
|-damage|p1a: Magneton|83/100
|-boost|p2a: Metagross|atk|1
|
|upkeep
|turn|14
|inactive|Spreek has 270 seconds left.
|inactive|Spreek has 240 seconds left.
|
|t:|1731623074
|switch|p1a: Flygon|Flygon, M|15/100
|move|p2a: Metagross|Earthquake|p1a: Flygon
|-immune|p1a: Flygon
|
|-heal|p1a: Flygon|22/100|[from] item: Leftovers
|upkeep
|turn|15
|
|t:|1731623083
|move|p1a: Flygon|Protect|p1a: Flygon
|-singleturn|p1a: Flygon|Protect
|move|p2a: Metagross|Meteor Mash|p1a: Flygon
|-activate|p1a: Flygon|Protect
|
|-heal|p1a: Flygon|28/100|[from] item: Leftovers
|upkeep
|turn|16
|
|t:|1731623093
|switch|p2a: Celebi|Celebi|82/100
|move|p1a: Flygon|Earthquake|p2a: Celebi
|-resisted|p2a: Celebi
|-crit|p2a: Celebi
|-damage|p2a: Celebi|48/100
|
|-heal|p1a: Flygon|34/100|[from] item: Leftovers
|-heal|p2a: Celebi|54/100|[from] item: Leftovers
|upkeep
|turn|17
|inactive|Spreek has 210 seconds left.
|
|t:|1731623135
|switch|p1a: Tyranitar|Tyranitar, F|100/100
|-weather|Sandstorm|[from] ability: Sand Stream|[of] p1a: Tyranitar
|move|p2a: Celebi|Leech Seed|p1a: Tyranitar
|-start|p1a: Tyranitar|move: Leech Seed
|
|-weather|Sandstorm|[upkeep]
|-damage|p2a: Celebi|48/100|[from] Sandstorm
|-heal|p2a: Celebi|54/100|[from] item: Leftovers
|-damage|p1a: Tyranitar|88/100|[from] Leech Seed|[of] p2a: Celebi
|-heal|p2a: Celebi|67/100|[silent]
|upkeep
|turn|18
|
|t:|1731623158
|move|p2a: Celebi|Giga Drain|p1a: Tyranitar
|-supereffective|p1a: Tyranitar
|-damage|p1a: Tyranitar|47/100
|-heal|p2a: Celebi|87/100|[from] drain|[of] p1a: Tyranitar
|move|p1a: Tyranitar|Crunch|p2a: Celebi
|-supereffective|p2a: Celebi
|-damage|p2a: Celebi|25/100
|
|-weather|Sandstorm|[upkeep]
|-damage|p2a: Celebi|19/100|[from] Sandstorm
|-heal|p2a: Celebi|25/100|[from] item: Leftovers
|-heal|p1a: Tyranitar|53/100|[from] item: Leftovers
|-damage|p1a: Tyranitar|40/100|[from] Leech Seed|[of] p2a: Celebi
|-heal|p2a: Celebi|37/100|[silent]
|upkeep
|turn|19
|inactive|Spreek has 180 seconds left.
|
|t:|1731623187
|switch|p1a: Snorlax|Snorlax, M|86/100
|move|p2a: Celebi|Giga Drain|p1a: Snorlax
|-damage|p1a: Snorlax|72/100
|-heal|p2a: Celebi|46/100|[from] drain|[of] p1a: Snorlax
|
|-weather|Sandstorm|[upkeep]
|-damage|p2a: Celebi|40/100|[from] Sandstorm
|-damage|p1a: Snorlax|66/100|[from] Sandstorm
|-heal|p2a: Celebi|46/100|[from] item: Leftovers
|-heal|p1a: Snorlax|72/100|[from] item: Leftovers
|upkeep
|turn|20
|inactive|Spreek has 180 seconds left.
|inactive|bluesenergy00 has 270 seconds left.
|
|t:|1731623210
|move|p2a: Celebi|Leech Seed|p1a: Snorlax|[miss]
|-miss|p2a: Celebi|p1a: Snorlax
|move|p1a: Snorlax|Frustration|p2a: Celebi
|-damage|p2a: Celebi|15/100
|
|-weather|Sandstorm|[upkeep]
|-damage|p2a: Celebi|8/100|[from] Sandstorm
|-damage|p1a: Snorlax|66/100|[from] Sandstorm
|-heal|p2a: Celebi|15/100|[from] item: Leftovers
|-heal|p1a: Snorlax|72/100|[from] item: Leftovers
|upkeep
|turn|21
|inactive|bluesenergy00 has 270 seconds left.
|
|t:|1731623223
|switch|p2a: Metagross|Metagross|100/100
|move|p1a: Snorlax|Frustration|p2a: Metagross
|-resisted|p2a: Metagross
|-damage|p2a: Metagross|86/100
|
|-weather|Sandstorm|[upkeep]
|-damage|p1a: Snorlax|66/100|[from] Sandstorm
|-heal|p2a: Metagross|93/100|[from] item: Leftovers
|-heal|p1a: Snorlax|72/100|[from] item: Leftovers
|upkeep
|turn|22
|inactive|bluesenergy00 has 270 seconds left.
|
|t:|1731623234
|switch|p1a: Swampert|Swampert, F|100/100
|move|p2a: Metagross|Toxic|p1a: Swampert
|-status|p1a: Swampert|tox
|
|-weather|Sandstorm|[upkeep]
|-heal|p2a: Metagross|99/100|[from] item: Leftovers
|-damage|p1a: Swampert|94/100 tox|[from] psn
|upkeep
|turn|23
|inactive|bluesenergy00 has 270 seconds left.
|
|t:|1731623252
|switch|p2a: Snorlax|Snorlax, M|100/100
|move|p1a: Swampert|Refresh|p1a: Swampert
|-curestatus|p1a: Swampert|tox|[msg]
|
|-weather|Sandstorm|[upkeep]
|-damage|p2a: Snorlax|94/100|[from] Sandstorm
|-heal|p1a: Swampert|100/100|[from] item: Leftovers
|-heal|p2a: Snorlax|100/100|[from] item: Leftovers
|upkeep
|turn|24
|inactive|Spreek has 180 seconds left.
|
|t:|1731623265
|move|p1a: Swampert|Curse|p1a: Swampert
|-unboost|p1a: Swampert|spe|1
|-boost|p1a: Swampert|atk|1
|-boost|p1a: Swampert|def|1
|move|p2a: Snorlax|Body Slam|p1a: Swampert
|-damage|p1a: Swampert|83/100
|
|-weather|Sandstorm|[upkeep]
|-damage|p2a: Snorlax|94/100|[from] Sandstorm
|-heal|p2a: Snorlax|100/100|[from] item: Leftovers
|-heal|p1a: Swampert|89/100|[from] item: Leftovers
|upkeep
|turn|25
|inactive|Spreek has 180 seconds left.
|
|t:|1731623278
|move|p2a: Snorlax|Body Slam|p1a: Swampert
|-damage|p1a: Swampert|70/100
|move|p1a: Swampert|Earthquake|p2a: Snorlax
|-damage|p2a: Snorlax|55/100
|
|-weather|Sandstorm|[upkeep]
|-damage|p2a: Snorlax|49/100|[from] Sandstorm
|-heal|p2a: Snorlax|55/100|[from] item: Leftovers
|-heal|p1a: Swampert|76/100|[from] item: Leftovers
|upkeep
|turn|26
|inactive|Spreek has 180 seconds left.
|inactive|Spreek has 150 seconds left.
|inactive|bluesenergy00 has 240 seconds left.
|inactive|Spreek has 120 seconds left.
|
|t:|1731623363
|switch|p2a: Gyarados|Gyarados, F|77/100
|-ability|p2a: Gyarados|Intimidate|boost
|-unboost|p1a: Swampert|atk|1
|switch|p1a: Tyranitar|Tyranitar, F|40/100
|
|-weather|Sandstorm|[upkeep]
|-damage|p2a: Gyarados|71/100|[from] Sandstorm
|-heal|p2a: Gyarados|77/100|[from] item: Leftovers
|-heal|p1a: Tyranitar|46/100|[from] item: Leftovers
|upkeep
|turn|27
|
|t:|1731623378
|move|p2a: Gyarados|Dragon Dance|p2a: Gyarados
|-boost|p2a: Gyarados|atk|1
|-boost|p2a: Gyarados|spe|1
|move|p1a: Tyranitar|Crunch|p2a: Gyarados
|-damage|p2a: Gyarados|43/100
|
|-weather|Sandstorm|[upkeep]
|-damage|p2a: Gyarados|37/100|[from] Sandstorm
|-heal|p2a: Gyarados|43/100|[from] item: Leftovers
|-heal|p1a: Tyranitar|52/100|[from] item: Leftovers
|upkeep
|turn|28
|
|t:|1731623394
|move|p2a: Gyarados|Dragon Dance|p2a: Gyarados
|-boost|p2a: Gyarados|atk|1
|-boost|p2a: Gyarados|spe|1
|move|p1a: Tyranitar|Crunch|p2a: Gyarados
|-damage|p2a: Gyarados|9/100
|
|-weather|Sandstorm|[upkeep]
|-damage|p2a: Gyarados|3/100|[from] Sandstorm
|-heal|p2a: Gyarados|9/100|[from] item: Leftovers
|-heal|p1a: Tyranitar|58/100|[from] item: Leftovers
|upkeep
|turn|29
|
|t:|1731623412
|move|p2a: Gyarados|Earthquake|p1a: Tyranitar
|-supereffective|p1a: Tyranitar
|-damage|p1a: Tyranitar|0 fnt
|faint|p1a: Tyranitar
|
|t:|1731623417
|switch|p1a: Swampert|Swampert, F|76/100
|
|-weather|Sandstorm|[upkeep]
|-damage|p2a: Gyarados|3/100|[from] Sandstorm
|-heal|p2a: Gyarados|9/100|[from] item: Leftovers
|-heal|p1a: Swampert|82/100|[from] item: Leftovers
|upkeep
|turn|30
|inactive|bluesenergy00 has 240 seconds left.
|
|t:|1731623429
|move|p2a: Gyarados|Hidden Power|p1a: Swampert
|-damage|p1a: Swampert|34/100
|move|p1a: Swampert|Ice Beam|p2a: Gyarados
|-damage|p2a: Gyarados|0 fnt
|faint|p2a: Gyarados
|
|t:|1731623443
|switch|p2a: Celebi|Celebi|15/100
|
|-weather|Sandstorm|[upkeep]
|-damage|p2a: Celebi|8/100|[from] Sandstorm
|-heal|p2a: Celebi|15/100|[from] item: Leftovers
|-heal|p1a: Swampert|40/100|[from] item: Leftovers
|upkeep
|turn|31
|inactive|bluesenergy00 has 210 seconds left.
|
|t:|1731623481
|switch|p1a: Celebi|Celebi|56/100
|move|p2a: Celebi|Calm Mind|p2a: Celebi
|-boost|p2a: Celebi|spa|1
|-boost|p2a: Celebi|spd|1
|
|-weather|Sandstorm|[upkeep]
|-damage|p2a: Celebi|8/100|[from] Sandstorm
|-damage|p1a: Celebi|50/100|[from] Sandstorm
|-heal|p2a: Celebi|15/100|[from] item: Leftovers
|-heal|p1a: Celebi|56/100|[from] item: Leftovers
|upkeep
|turn|32
|inactive|Spreek has 120 seconds left.
|inactive|bluesenergy00 has 210 seconds left.
|
|t:|1731623494
|move|p2a: Celebi|Calm Mind|p2a: Celebi
|-boost|p2a: Celebi|spa|1
|-boost|p2a: Celebi|spd|1
|move|p1a: Celebi|Recover|p1a: Celebi
|-heal|p1a: Celebi|100/100
|
|-weather|Sandstorm|[upkeep]
|-damage|p2a: Celebi|8/100|[from] Sandstorm
|-damage|p1a: Celebi|94/100|[from] Sandstorm
|-heal|p2a: Celebi|15/100|[from] item: Leftovers
|-heal|p1a: Celebi|100/100|[from] item: Leftovers
|upkeep
|turn|33
|
|t:|1731623501
|move|p2a: Celebi|Giga Drain|p1a: Celebi
|-resisted|p1a: Celebi
|-damage|p1a: Celebi|81/100
|-heal|p2a: Celebi|24/100|[from] drain|[of] p1a: Celebi
|move|p1a: Celebi|Psychic|p2a: Celebi
|-resisted|p2a: Celebi
|-damage|p2a: Celebi|18/100
|
|-weather|Sandstorm|[upkeep]
|-damage|p2a: Celebi|12/100|[from] Sandstorm
|-damage|p1a: Celebi|75/100|[from] Sandstorm
|-heal|p2a: Celebi|18/100|[from] item: Leftovers
|-heal|p1a: Celebi|81/100|[from] item: Leftovers
|upkeep
|turn|34
|inactive|bluesenergy00 has 210 seconds left.
|
|t:|1731623517
|move|p2a: Celebi|Giga Drain|p1a: Celebi
|-resisted|p1a: Celebi
|-damage|p1a: Celebi|64/100
|-heal|p2a: Celebi|26/100|[from] drain|[of] p1a: Celebi
|move|p1a: Celebi|Psychic|p2a: Celebi
|-resisted|p2a: Celebi
|-damage|p2a: Celebi|19/100
|
|-weather|Sandstorm|[upkeep]
|-damage|p2a: Celebi|13/100|[from] Sandstorm
|-damage|p1a: Celebi|58/100|[from] Sandstorm
|-heal|p2a: Celebi|19/100|[from] item: Leftovers
|-heal|p1a: Celebi|64/100|[from] item: Leftovers
|upkeep
|turn|35
|
|t:|1731623534
|move|p2a: Celebi|Calm Mind|p2a: Celebi
|-boost|p2a: Celebi|spa|1
|-boost|p2a: Celebi|spd|1
|move|p1a: Celebi|Psychic|p2a: Celebi
|-resisted|p2a: Celebi
|-damage|p2a: Celebi|14/100
|
|-weather|Sandstorm|[upkeep]
|-damage|p2a: Celebi|8/100|[from] Sandstorm
|-damage|p1a: Celebi|58/100|[from] Sandstorm
|-heal|p2a: Celebi|14/100|[from] item: Leftovers
|-heal|p1a: Celebi|64/100|[from] item: Leftovers
|upkeep
|turn|36
|
|t:|1731623547
|move|p2a: Celebi|Giga Drain|p1a: Celebi
|-resisted|p1a: Celebi
|-damage|p1a: Celebi|42/100
|-heal|p2a: Celebi|25/100|[from] drain|[of] p1a: Celebi
|move|p1a: Celebi|Psychic|p2a: Celebi
|-resisted|p2a: Celebi
|-damage|p2a: Celebi|20/100
|
|-weather|Sandstorm|[upkeep]
|-damage|p2a: Celebi|14/100|[from] Sandstorm
|-damage|p1a: Celebi|35/100|[from] Sandstorm
|-heal|p2a: Celebi|20/100|[from] item: Leftovers
|-heal|p1a: Celebi|42/100|[from] item: Leftovers
|upkeep
|turn|37
|
|t:|1731623556
|move|p2a: Celebi|Psychic|p1a: Celebi
|-resisted|p1a: Celebi
|-damage|p1a: Celebi|6/100
|move|p1a: Celebi|Recover|p1a: Celebi
|-heal|p1a: Celebi|56/100
|
|-weather|Sandstorm|[upkeep]
|-damage|p2a: Celebi|14/100|[from] Sandstorm
|-damage|p1a: Celebi|50/100|[from] Sandstorm
|-heal|p2a: Celebi|20/100|[from] item: Leftovers
|-heal|p1a: Celebi|56/100|[from] item: Leftovers
|upkeep
|turn|38
|inactive|Spreek has 150 seconds left.
|
|t:|1731623571
|move|p2a: Celebi|Calm Mind|p2a: Celebi
|-boost|p2a: Celebi|spa|1
|-boost|p2a: Celebi|spd|1
|move|p1a: Celebi|Recover|p1a: Celebi
|-heal|p1a: Celebi|100/100
|
|-weather|Sandstorm|[upkeep]
|-damage|p2a: Celebi|14/100|[from] Sandstorm
|-damage|p1a: Celebi|94/100|[from] Sandstorm
|-heal|p2a: Celebi|20/100|[from] item: Leftovers
|-heal|p1a: Celebi|100/100|[from] item: Leftovers
|upkeep
|turn|39
|
|t:|1731623575
|move|p2a: Celebi|Psychic|p1a: Celebi
|-resisted|p1a: Celebi
|-damage|p1a: Celebi|57/100
|move|p1a: Celebi|Psychic|p2a: Celebi
|-resisted|p2a: Celebi
|-damage|p2a: Celebi|15/100
|
|-weather|Sandstorm|[upkeep]
|-damage|p2a: Celebi|9/100|[from] Sandstorm
|-damage|p1a: Celebi|51/100|[from] Sandstorm
|-heal|p2a: Celebi|15/100|[from] item: Leftovers
|-heal|p1a: Celebi|57/100|[from] item: Leftovers
|upkeep
|turn|40
|inactive|Spreek has 150 seconds left.
|inactive|bluesenergy00 has 240 seconds left.
|inactive|Spreek has 120 seconds left.
|inactive|Spreek has 90 seconds left.
|
|t:|1731623669
|move|p2a: Celebi|Giga Drain|p1a: Celebi
|-resisted|p1a: Celebi
|-damage|p1a: Celebi|31/100
|-heal|p2a: Celebi|27/100|[from] drain|[of] p1a: Celebi
|move|p1a: Celebi|Psychic|p2a: Celebi
|-resisted|p2a: Celebi
|-damage|p2a: Celebi|23/100
|
|-weather|Sandstorm|[upkeep]
|-damage|p2a: Celebi|17/100|[from] Sandstorm
|-damage|p1a: Celebi|25/100|[from] Sandstorm
|-heal|p2a: Celebi|23/100|[from] item: Leftovers
|-heal|p1a: Celebi|31/100|[from] item: Leftovers
|upkeep
|turn|41
|inactive|Spreek has 60 seconds left.
|inactive|Spreek has 30 seconds left.
|
|t:|1731623731
|switch|p1a: Swampert|Swampert, F|40/100
|move|p2a: Celebi|Psychic|p1a: Swampert
|-damage|p1a: Swampert|0 fnt
|faint|p1a: Swampert
|inactive|Spreek has 30 seconds left this turn.
|
|t:|1731623736
|switch|p1a: Snorlax|Snorlax, M|72/100
|
|-weather|Sandstorm|[upkeep]
|-damage|p2a: Celebi|17/100|[from] Sandstorm
|-damage|p1a: Snorlax|66/100|[from] Sandstorm
|-heal|p2a: Celebi|23/100|[from] item: Leftovers
|-heal|p1a: Snorlax|72/100|[from] item: Leftovers
|upkeep
|turn|42
|
|t:|1731623738
|move|p2a: Celebi|Psychic|p1a: Snorlax
|-damage|p1a: Snorlax|13/100
|move|p1a: Snorlax|Frustration|p2a: Celebi
|-damage|p2a: Celebi|0 fnt
|faint|p2a: Celebi
|inactive|bluesenergy00 has 210 seconds left.
|
|t:|1731623785
|switch|p2a: Swampert|Swampert, M|88/100 tox
|
|-weather|Sandstorm|[upkeep]
|-damage|p1a: Snorlax|7/100|[from] Sandstorm
|-heal|p2a: Swampert|94/100 tox|[from] item: Leftovers
|-damage|p2a: Swampert|88/100 tox|[from] psn
|-heal|p1a: Snorlax|13/100|[from] item: Leftovers
|upkeep
|turn|43
|
|t:|1731623809
|move|p2a: Swampert|Earthquake|p1a: Snorlax
|-damage|p1a: Snorlax|0 fnt
|faint|p1a: Snorlax
|
|t:|1731623816
|switch|p1a: Celebi|Celebi|31/100
|
|-weather|Sandstorm|[upkeep]
|-damage|p1a: Celebi|25/100|[from] Sandstorm
|-heal|p1a: Celebi|31/100|[from] item: Leftovers
|-heal|p2a: Swampert|94/100 tox|[from] item: Leftovers
|-damage|p2a: Swampert|82/100 tox|[from] psn
|upkeep
|turn|44
|
|t:|1731623822
|move|p1a: Celebi|Recover|p1a: Celebi
|-heal|p1a: Celebi|81/100
|move|p2a: Swampert|Ice Beam|p1a: Celebi
|-supereffective|p1a: Celebi
|-damage|p1a: Celebi|55/100
|
|-weather|Sandstorm|[upkeep]
|-damage|p1a: Celebi|49/100|[from] Sandstorm
|-heal|p1a: Celebi|55/100|[from] item: Leftovers
|-heal|p2a: Swampert|88/100 tox|[from] item: Leftovers
|-damage|p2a: Swampert|69/100 tox|[from] psn
|upkeep
|turn|45
|inactive|bluesenergy00 has 210 seconds left.
|inactive|bluesenergy00 has 180 seconds left.
|
|t:|1731623860
|switch|p2a: Snorlax|Snorlax, M|55/100
|move|p1a: Celebi|Recover|p1a: Celebi
|-heal|p1a: Celebi|100/100
|
|-weather|Sandstorm|[upkeep]
|-damage|p1a: Celebi|94/100|[from] Sandstorm
|-damage|p2a: Snorlax|49/100|[from] Sandstorm
|-heal|p1a: Celebi|100/100|[from] item: Leftovers
|-heal|p2a: Snorlax|55/100|[from] item: Leftovers
|upkeep
|turn|46
|inactive|Spreek has 30 seconds left.
|
|t:|1731623891
|move|p1a: Celebi|Leech Seed|p2a: Snorlax
|-start|p2a: Snorlax|move: Leech Seed
|move|p2a: Snorlax|Self-Destruct|p1a: Celebi
|-damage|p1a: Celebi|0 fnt
|faint|p2a: Snorlax
|faint|p1a: Celebi
|inactive|bluesenergy00 has 180 seconds left.
|
|t:|1731623917
|switch|p1a: Flygon|Flygon, M|34/100
|switch|p2a: Swampert|Swampert, M|69/100 tox
|
|-weather|Sandstorm|[upkeep]
|-heal|p1a: Flygon|40/100|[from] item: Leftovers
|-heal|p2a: Swampert|76/100 tox|[from] item: Leftovers
|-damage|p2a: Swampert|69/100 tox|[from] psn
|upkeep
|turn|47
|inactive|bluesenergy00 has 180 seconds left.
|inactive|Spreek has 30 seconds left.
|
|t:|1731623939
|switch|p1a: Magneton|Magneton|83/100
|move|p2a: Swampert|Curse|p2a: Swampert
|-unboost|p2a: Swampert|spe|1
|-boost|p2a: Swampert|atk|1
|-boost|p2a: Swampert|def|1
|
|-weather|Sandstorm|[upkeep]
|-heal|p2a: Swampert|76/100 tox|[from] item: Leftovers
|-damage|p2a: Swampert|63/100 tox|[from] psn
|upkeep
|turn|48
|inactive|Spreek has 30 seconds left.
|
|t:|1731623948
|switch|p2a: Magneton|Magneton|100/100
|move|p1a: Magneton|Hidden Power|p2a: Magneton
|-resisted|p2a: Magneton
|-damage|p2a: Magneton|79/100
|
|-weather|Sandstorm|[upkeep]
|upkeep
|turn|49
|
|t:|1731623957
|move|p1a: Magneton|Thunderbolt|p2a: Magneton
|-resisted|p2a: Magneton
|-damage|p2a: Magneton|38/100
|move|p2a: Magneton|Substitute|p2a: Magneton
|-start|p2a: Magneton|Substitute
|-damage|p2a: Magneton|13/100
|
|-weather|Sandstorm|[upkeep]
|upkeep
|turn|50
|
|t:|1731623962
|move|p1a: Magneton|Thunderbolt|p2a: Magneton
|-resisted|p2a: Magneton
|-end|p2a: Magneton|Substitute
|move|p2a: Magneton|Hidden Power|p1a: Magneton
|-supereffective|p1a: Magneton
|-damage|p1a: Magneton|0 fnt
|faint|p1a: Magneton
|
|t:|1731623967
|switch|p1a: Flygon|Flygon, M|40/100
|
|-weather|Sandstorm|[upkeep]
|-heal|p1a: Flygon|46/100|[from] item: Leftovers
|upkeep
|turn|51
|inactive|bluesenergy00 has 210 seconds left.
|
|t:|1731624000
|switch|p2a: Metagross|Metagross|99/100
|move|p1a: Flygon|Substitute|p1a: Flygon
|-start|p1a: Flygon|Substitute
|-damage|p1a: Flygon|21/100
|
|-weather|Sandstorm|[upkeep]
|-heal|p1a: Flygon|27/100|[from] item: Leftovers
|-heal|p2a: Metagross|100/100|[from] item: Leftovers
|upkeep
|turn|52
|
|t:|1731624017
|move|p1a: Flygon|Protect|p1a: Flygon
|-singleturn|p1a: Flygon|Protect
|move|p2a: Metagross|Meteor Mash|p1a: Flygon|[miss]
|-miss|p2a: Metagross|p1a: Flygon
|
|-weather|Sandstorm|[upkeep]
|-heal|p1a: Flygon|34/100|[from] item: Leftovers
|upkeep
|turn|53
|
|t:|1731624036
|move|p1a: Flygon|Protect||[still]
|-fail|p1a: Flygon
|move|p2a: Metagross|Explosion|p1a: Flygon
|-end|p1a: Flygon|Substitute
|faint|p2a: Metagross
|
|t:|1731624042
|switch|p2a: Swampert|Swampert, M|63/100 tox
|
|-weather|Sandstorm|[upkeep]
|-heal|p1a: Flygon|40/100|[from] item: Leftovers
|-heal|p2a: Swampert|69/100 tox|[from] item: Leftovers
|-damage|p2a: Swampert|63/100 tox|[from] psn
|upkeep
|turn|54
|
|t:|1731624057
|move|p1a: Flygon|Earthquake|p2a: Swampert
|-damage|p2a: Swampert|26/100 tox
|move|p2a: Swampert|Curse|p2a: Swampert
|-unboost|p2a: Swampert|spe|1
|-boost|p2a: Swampert|atk|1
|-boost|p2a: Swampert|def|1
|
|-weather|Sandstorm|[upkeep]
|-heal|p1a: Flygon|46/100|[from] item: Leftovers
|-heal|p2a: Swampert|32/100 tox|[from] item: Leftovers
|-damage|p2a: Swampert|20/100 tox|[from] psn
|upkeep
|turn|55
|
|t:|1731624081
|move|p1a: Flygon|Earthquake|p2a: Swampert
|-damage|p2a: Swampert|0 fnt
|faint|p2a: Swampert
|c|☆bluesenergy00|Gg
|c|☆Spreek|ggs
|
|t:|1731624092
|switch|p2a: Magneton|Magneton|13/100
|
|-weather|Sandstorm|[upkeep]
|-heal|p1a: Flygon|52/100|[from] item: Leftovers
|upkeep
|turn|56
|
|t:|1731624095
|move|p1a: Flygon|Earthquake|p2a: Magneton
|-supereffective|p2a: Magneton
|-damage|p2a: Magneton|0 fnt
|faint|p2a: Magneton
|
|win|Spreek

</script>
<script type="application/json" class="data" id="replaydata-smogtours-gen3ou-806290">
{"id":"smogtours-gen3ou-806290","format":"[Gen 3] OU","players":["Spreek","bluesenergy00"],"uploadtime":1731624095,"views":21,"formatid":"gen3ou","rating":null,"private":0,"password":null}
</script>

<script defer src="js/replays.js?9d40a366"></script>
