<!DOCTYPE html>
<meta charset="utf-8" />
<meta name="viewport" content="width=device-width" />

<title>[Gen 3] OU: Beleth7rei vs. scootymcbooty123 - Replays - Pok&eacute;mon Showdown!</title>

<meta name="description" content="Watch a replay of a Pok&eacute;mon battle between Beleth7rei and scootymcbooty123! Format: [Gen 3] OU; Date: Oct 4, 2024" />
<!--

Hey, you! Looking in the source for the replay log?

You can find them in JSON format, just add `.json` at the end of a replay URL.

https://replay.pokemonshowdown.com/gen7randomdoublesbattle-865046831.json

Or, if you only need the log itself, add `.log` instead:

https://replay.pokemonshowdown.com/gen7randomdoublesbattle-865046831.log

-->

<link rel="stylesheet" href="//pokemonshowdown.com/style/global.css?0.767286132409787" />
<link rel="stylesheet" href="//play.pokemonshowdown.com/style/font-awesome.css?0.9266228007934947" />
<link rel="stylesheet" href="//play.pokemonshowdown.com/style/battle.css?0.7924700842790926" />
<link rel="stylesheet" href="//play.pokemonshowdown.com/style/utilichart.css?0.8777417872839479" />

<!-- Global site tag (gtag.js) - Google Analytics -->
<script async src="https://www.googletagmanager.com/gtag/js?id=UA-26211653-1"></script>
<script>
  window.dataLayer = window.dataLayer || [];
  function gtag(){dataLayer.push(arguments);}
  gtag('js', new Date());

  gtag('config', 'UA-26211653-1');
</script>
<!-- End Google Analytics -->
<!-- Venatus Ad Manager - Install in <HEAD> of page -->
	<script src="https://hb.vntsm.com/v3/live/ad-manager.min.js" type="text/javascript" data-site-id="642aba63ec9a7b11c3c9c1be" data-mode="scan" async></script>
<!-- / Venatus Ad Manager -->

<style>
	@media (max-width:820px) {
		.battle {
			margin: 0 auto;
		}
		.battle-log {
			margin: 7px auto 0;
			max-width: 640px;
			height: 300px;
			position: static;
		}
	}
	.optgroup {
		display: inline-block;
		line-height: 22px;
		font-size: 10pt;
	}
	.optgroup .button {
		height: 25px;
		padding-top: 0;
		padding-bottom: 0;
	}
	.optgroup button.button {
		padding-left: 12px;
		padding-right: 12px;
	}
	.linklist {
		list-style: none;
		margin: 0.5em 0;
		padding: 0;
	}
	.linklist li {
		padding: 2px 0;
	}
	.sidebar {
		float: left;
		width: 320px;
	}
	.bar-wrapper {
		max-width: 1100px;
		margin: 0 auto;
	}
	.bar-wrapper.has-sidebar {
		max-width: 1430px;
	}
	.mainbar {
		margin: 0;
		padding-right: 1px;
	}
	.mainbar.has-sidebar {
		margin-left: 330px;
	}
	@media (min-width: 1511px) {
		.sidebar {
			width: 400px;
		}
		.bar-wrapper.has-sidebar {
			max-width: 1510px;
		}
		.mainbar.has-sidebar {
			margin-left: 410px;
		}
	}
	.section.first-section {
		margin-top: 9px;
	}
	.blocklink small {
		white-space: normal;
	}
	.button {
		vertical-align: middle;
	}
	.replay-controls {
		padding-top: 10px;
	}
	.replay-controls h1 {
		font-size: 16pt;
		font-weight: normal;
		color: #CCC;
	}
	.pagelink {
		text-align: center;
	}
	.pagelink a {
		width: 150px;
	}
	.textbox, .button {
		font-size: 11pt;
		vertical-align: middle;
	}
	@media (max-width: 450px) {
		.button {
			font-size: 9pt;
		}
	}
</style>

<div>

	<header>
		<div class="nav-wrapper"><ul class="nav">
			<li><a class="button nav-first" href="//pokemonshowdown.com/"><img src="//pokemonshowdown.com/images/pokemonshowdownbeta.png" srcset="//pokemonshowdown.com/images/pokemonshowdownbeta.png 1x, //pokemonshowdown.com/images/pokemonshowdownbeta@2x.png 2x" alt="Pok&eacute;mon Showdown" width="146" height="44" /> Home</a></li>
			<li><a class="button" href="//pokemonshowdown.com/dex/">Pok&eacute;dex</a></li>
			<li><a class="button cur" href="/">Replays</a></li>
			<li><a class="button" href="//pokemonshowdown.com/ladder/">Ladder</a></li>
			<li><a class="button nav-last" href="//pokemonshowdown.com/forums/">Forum</a></li>
			<li><a class="button greenbutton nav-first nav-last" href="//play.pokemonshowdown.com/">Play</a></li>
		</ul></div>
	</header>

	<div class="main" id="main">

		<noscript><section class="section">You need to enable JavaScript to use this page; sorry!</section></noscript>

	</div>

</div>

<script defer nomodule src="//play.pokemonshowdown.com/js/lib/ps-polyfill.js"></script>
<script defer src="//play.pokemonshowdown.com/js/lib/preact.min.js"></script>

<script defer src="//play.pokemonshowdown.com/config/config.js?6dec07f6"></script>
<script defer src="//play.pokemonshowdown.com/js/lib/jquery-1.11.0.min.js"></script>
<script defer src="//play.pokemonshowdown.com/js/lib/html-sanitizer-minified.js"></script>
<script defer src="//play.pokemonshowdown.com/js/battle-sound.js"></script>
<script defer src="//play.pokemonshowdown.com/js/battledata.js?0.6315294753075389"></script>
<script defer src="//play.pokemonshowdown.com/data/pokedex-mini.js?0.7603743185311358"></script>
<script defer src="//play.pokemonshowdown.com/data/pokedex-mini-bw.js?0.030888842834281283"></script>
<script defer src="//play.pokemonshowdown.com/data/graphics.js?0.05593094747507488"></script>
<script defer src="//play.pokemonshowdown.com/data/pokedex.js?0.47064822249611904"></script>
<script defer src="//play.pokemonshowdown.com/data/moves.js?0.8583693120512459"></script>
<script defer src="//play.pokemonshowdown.com/data/abilities.js?0.16017181182386842"></script>
<script defer src="//play.pokemonshowdown.com/data/items.js?0.4163379185673943"></script>
<script defer src="//play.pokemonshowdown.com/data/teambuilder-tables.js?0.31075597372830477"></script>
<script defer src="//play.pokemonshowdown.com/js/battle-tooltips.js?0.6536193500708172"></script>
<script defer src="//play.pokemonshowdown.com/js/battle.js?0.1916591943277901"></script>

<script defer src="js/utils.js?e31f9a17"></script>
<script defer src="js/replays-battle.js?7008c182"></script>

<!-- don't scrape this data! just add .json or .log after the URL!
Full API docs: https://github.com/smogon/pokemon-showdown-client/blob/master/WEB-API.md -->
<script type="text/plain" class="log" id="replaylog-smogtours-gen3ou-794667">
|inactive|Battle timer is ON: inactive players will automatically lose when time's up.
|t:|1728069564
|gametype|singles
|player|p1|Beleth7rei|hilbert|
|player|p2|scootymcbooty123|265|
|teamsize|p1|6
|teamsize|p2|6
|gen|3
|tier|[Gen 3] OU
|rule|Sleep Clause Mod: Limit one foe put to sleep
|rule|Switch Priority Clause Mod: Faster Pokémon switch first
|rule|Species Clause: Limit one of each Pokémon
|rule|OHKO Clause: OHKO moves are banned
|rule|Evasion Items Clause: Evasion items are banned
|rule|Evasion Moves Clause: Evasion moves are banned
|rule|Endless Battle Clause: Forcing endless battles is banned
|rule|HP Percentage Mod: HP is shown in percentages
|rule|One Boost Passer Clause: Limit one Baton Passer that has a way to boost its stats
|rule|Freeze Clause Mod: Limit one foe frozen
|
|t:|1728069564
|start
|switch|p1a: Tyranitar|Tyranitar, M|100/100
|switch|p2a: Hariyama|Hariyama, F|100/100
|-weather|Sandstorm|[from] ability: Sand Stream|[of] p1a: Tyranitar
|turn|1
|
|t:|1728069577
|-singleturn|p2a: Hariyama|move: Focus Punch
|switch|p1a: Skarmory|Skarmory, M|100/100
|move|p2a: Hariyama|Focus Punch|p1a: Skarmory
|-damage|p1a: Skarmory|36/100
|
|-weather|Sandstorm|[upkeep]
|-damage|p2a: Hariyama|94/100|[from] Sandstorm
|-heal|p1a: Skarmory|42/100|[from] item: Leftovers
|-heal|p2a: Hariyama|100/100|[from] item: Leftovers
|upkeep
|turn|2
|
|t:|1728069588
|-singleturn|p2a: Hariyama|move: Focus Punch
|move|p1a: Skarmory|Spikes|p2a: Hariyama
|-sidestart|p2: scootymcbooty123|Spikes
|move|p2a: Hariyama|Focus Punch|p1a: Skarmory
|-damage|p1a: Skarmory|0 fnt
|faint|p1a: Skarmory
|
|t:|1728069592
|switch|p1a: Celebi|Celebi|100/100
|
|-weather|Sandstorm|[upkeep]
|-damage|p1a: Celebi|94/100|[from] Sandstorm
|-damage|p2a: Hariyama|94/100|[from] Sandstorm
|-heal|p1a: Celebi|100/100|[from] item: Leftovers
|-heal|p2a: Hariyama|100/100|[from] item: Leftovers
|upkeep
|turn|3
|
|t:|1728069609
|move|p1a: Celebi|Psychic|p2a: Hariyama
|-supereffective|p2a: Hariyama
|-damage|p2a: Hariyama|21/100
|move|p2a: Hariyama|Hidden Power|p1a: Celebi
|-supereffective|p1a: Celebi
|-damage|p1a: Celebi|26/100
|
|-weather|Sandstorm|[upkeep]
|-damage|p1a: Celebi|20/100|[from] Sandstorm
|-damage|p2a: Hariyama|14/100|[from] Sandstorm
|-heal|p1a: Celebi|26/100|[from] item: Leftovers
|-heal|p2a: Hariyama|21/100|[from] item: Leftovers
|upkeep
|turn|4
|
|t:|1728069618
|switch|p2a: Skarmussy|Skarmory, F|100/100
|move|p1a: Celebi|Giga Drain|p2a: Skarmussy
|-resisted|p2a: Skarmussy
|-damage|p2a: Skarmussy|95/100
|-heal|p1a: Celebi|28/100|[from] drain|[of] p2a: Skarmussy
|
|-weather|Sandstorm|[upkeep]
|-damage|p1a: Celebi|22/100|[from] Sandstorm
|-heal|p1a: Celebi|28/100|[from] item: Leftovers
|-heal|p2a: Skarmussy|100/100|[from] item: Leftovers
|upkeep
|turn|5
|
|t:|1728069626
|move|p1a: Celebi|Hidden Power|p2a: Skarmussy
|-supereffective|p2a: Skarmussy
|-damage|p2a: Skarmussy|68/100
|move|p2a: Skarmussy|Spikes|p1a: Celebi
|-sidestart|p1: Beleth7rei|Spikes
|
|-weather|Sandstorm|[upkeep]
|-damage|p1a: Celebi|22/100|[from] Sandstorm
|-heal|p1a: Celebi|28/100|[from] item: Leftovers
|-heal|p2a: Skarmussy|74/100|[from] item: Leftovers
|upkeep
|turn|6
|
|t:|1728069639
|move|p2a: Skarmussy|Protect|p2a: Skarmussy
|-singleturn|p2a: Skarmussy|Protect
|move|p1a: Celebi|Leech Seed|p2a: Skarmussy
|-activate|p2a: Skarmussy|Protect
|
|-weather|Sandstorm|[upkeep]
|-damage|p1a: Celebi|22/100|[from] Sandstorm
|-heal|p1a: Celebi|28/100|[from] item: Leftovers
|-heal|p2a: Skarmussy|80/100|[from] item: Leftovers
|upkeep
|turn|7
|
|t:|1728069651
|switch|p2a: Blussy|Blissey, F, shiny|100/100
|-damage|p2a: Blussy|88/100|[from] Spikes
|move|p1a: Celebi|Hidden Power|p2a: Blussy
|-damage|p2a: Blussy|80/100
|
|-weather|Sandstorm|[upkeep]
|-damage|p1a: Celebi|22/100|[from] Sandstorm
|-damage|p2a: Blussy|74/100|[from] Sandstorm
|-heal|p1a: Celebi|28/100|[from] item: Leftovers
|-heal|p2a: Blussy|80/100|[from] item: Leftovers
|upkeep
|turn|8
|
|t:|1728069657
|move|p1a: Celebi|Giga Drain|p2a: Blussy
|-damage|p2a: Blussy|70/100
|-heal|p1a: Celebi|37/100|[from] drain|[of] p2a: Blussy
|move|p2a: Blussy|Toxic|p1a: Celebi
|-status|p1a: Celebi|tox
|
|-weather|Sandstorm|[upkeep]
|-damage|p1a: Celebi|30/100 tox|[from] Sandstorm
|-damage|p2a: Blussy|64/100|[from] Sandstorm
|-heal|p1a: Celebi|37/100 tox|[from] item: Leftovers
|-damage|p1a: Celebi|30/100 tox|[from] psn
|-heal|p2a: Blussy|70/100|[from] item: Leftovers
|upkeep
|turn|9
|
|t:|1728069673
|-curestatus|p1a: Celebi|tox|[from] ability: Natural Cure
|switch|p1a: Tyranitar|Tyranitar, M|100/100
|-damage|p1a: Tyranitar|88/100|[from] Spikes
|move|p2a: Blussy|Ice Beam|p1a: Tyranitar
|-damage|p1a: Tyranitar|67/100
|
|-weather|Sandstorm|[upkeep]
|-damage|p2a: Blussy|64/100|[from] Sandstorm
|-heal|p2a: Blussy|70/100|[from] item: Leftovers
|upkeep
|turn|10
|
|t:|1728069681
|switch|p2a: Skarmussy|Skarmory, F|80/100
|move|p1a: Tyranitar|Fire Blast|p2a: Skarmussy
|-supereffective|p2a: Skarmussy
|-damage|p2a: Skarmussy|17/100
|
|-weather|Sandstorm|[upkeep]
|-heal|p2a: Skarmussy|23/100|[from] item: Leftovers
|upkeep
|turn|11
|inactive|Beleth7rei has 270 seconds left.
|
|t:|1728069717
|move|p2a: Skarmussy|Protect|p2a: Skarmussy
|-singleturn|p2a: Skarmussy|Protect
|move|p1a: Tyranitar|Fire Blast|p2a: Skarmussy
|-activate|p2a: Skarmussy|Protect
|
|-weather|Sandstorm|[upkeep]
|-heal|p2a: Skarmussy|29/100|[from] item: Leftovers
|upkeep
|turn|12
|
|t:|1728069740
|move|p1a: Tyranitar|Fire Blast|p2a: Skarmussy
|-supereffective|p2a: Skarmussy
|-damage|p2a: Skarmussy|0 fnt
|faint|p2a: Skarmussy
|
|t:|1728069742
|switch|p2a: Hariyama|Hariyama, F|21/100
|-damage|p2a: Hariyama|8/100|[from] Spikes
|
|-weather|Sandstorm|[upkeep]
|-damage|p2a: Hariyama|2/100|[from] Sandstorm
|-heal|p2a: Hariyama|8/100|[from] item: Leftovers
|upkeep
|turn|13
|
|t:|1728069750
|move|p1a: Tyranitar|Brick Break|p2a: Hariyama
|-damage|p2a: Hariyama|0 fnt
|faint|p2a: Hariyama
|
|t:|1728069757
|switch|p2a: Starmie|Starmie|100/100
|-damage|p2a: Starmie|88/100|[from] Spikes
|
|-weather|Sandstorm|[upkeep]
|-damage|p2a: Starmie|82/100|[from] Sandstorm
|-heal|p2a: Starmie|88/100|[from] item: Leftovers
|upkeep
|turn|14
|
|t:|1728069764
|switch|p1a: Celebi|Celebi|30/100
|-damage|p1a: Celebi|18/100|[from] Spikes
|move|p2a: Starmie|Hydro Pump|p1a: Celebi
|-resisted|p1a: Celebi
|-damage|p1a: Celebi|0 fnt
|faint|p1a: Celebi
|
|t:|1728069774
|switch|p1a: Swampert|Swampert, F|100/100
|-damage|p1a: Swampert|88/100|[from] Spikes
|
|-weather|Sandstorm|[upkeep]
|-damage|p2a: Starmie|82/100|[from] Sandstorm
|-heal|p2a: Starmie|88/100|[from] item: Leftovers
|-heal|p1a: Swampert|94/100|[from] item: Leftovers
|upkeep
|turn|15
|
|t:|1728069782
|move|p2a: Starmie|Rapid Spin|p1a: Swampert
|-damage|p1a: Swampert|91/100
|-sideend|p2: scootymcbooty123|Spikes|[from] move: Rapid Spin|[of] p2a: Starmie
|move|p1a: Swampert|Earthquake|p2a: Starmie
|-damage|p2a: Starmie|28/100
|
|-weather|Sandstorm|[upkeep]
|-damage|p2a: Starmie|22/100|[from] Sandstorm
|-heal|p2a: Starmie|28/100|[from] item: Leftovers
|-heal|p1a: Swampert|98/100|[from] item: Leftovers
|upkeep
|turn|16
|
|t:|1728069789
|switch|p2a: Sceptile|Sceptile, M|100/100
|move|p1a: Swampert|Earthquake|p2a: Sceptile
|-resisted|p2a: Sceptile
|-damage|p2a: Sceptile|67/100
|
|-weather|Sandstorm|[upkeep]
|-damage|p2a: Sceptile|61/100|[from] Sandstorm
|-heal|p2a: Sceptile|67/100|[from] item: Leftovers
|-heal|p1a: Swampert|100/100|[from] item: Leftovers
|upkeep
|turn|17
|
|t:|1728069815
|switch|p1a: Salamence|Salamence, M|100/100
|-ability|p1a: Salamence|Intimidate|boost
|-unboost|p2a: Sceptile|atk|1
|move|p2a: Sceptile|Leaf Blade|p1a: Salamence
|-resisted|p1a: Salamence
|-damage|p1a: Salamence|92/100
|
|-weather|Sandstorm|[upkeep]
|-damage|p2a: Sceptile|61/100|[from] Sandstorm
|-damage|p1a: Salamence|86/100|[from] Sandstorm
|-heal|p2a: Sceptile|67/100|[from] item: Leftovers
|-heal|p1a: Salamence|92/100|[from] item: Leftovers
|upkeep
|turn|18
|inactive|Beleth7rei has 270 seconds left.
|inactive|scootymcbooty123 has 270 seconds left.
|
|t:|1728069863
|switch|p2a: Jirachi|Jirachi|100/100
|move|p1a: Salamence|Dragon Dance|p1a: Salamence
|-boost|p1a: Salamence|atk|1
|-boost|p1a: Salamence|spe|1
|
|-weather|Sandstorm|[upkeep]
|-damage|p1a: Salamence|86/100|[from] Sandstorm
|-heal|p1a: Salamence|92/100|[from] item: Leftovers
|upkeep
|turn|19
|
|t:|1728069877
|move|p1a: Salamence|Earthquake|p2a: Jirachi
|-supereffective|p2a: Jirachi
|-damage|p2a: Jirachi|15/100
|move|p2a: Jirachi|Wish|p2a: Jirachi
|
|-weather|Sandstorm|[upkeep]
|-damage|p1a: Salamence|86/100|[from] Sandstorm
|-heal|p1a: Salamence|92/100|[from] item: Leftovers
|-heal|p2a: Jirachi|21/100|[from] item: Leftovers
|upkeep
|turn|20
|
|t:|1728069881
|move|p1a: Salamence|Earthquake|p2a: Jirachi
|-supereffective|p2a: Jirachi
|-crit|p2a: Jirachi
|-damage|p2a: Jirachi|0 fnt
|faint|p2a: Jirachi
|
|t:|1728069886
|switch|p2a: Starmie|Starmie|28/100
|
|-heal|p2a: Starmie|78/100|[from] move: Wish|[wisher] Jirachi
|-weather|Sandstorm|[upkeep]
|-damage|p1a: Salamence|86/100|[from] Sandstorm
|-damage|p2a: Starmie|72/100|[from] Sandstorm
|-heal|p1a: Salamence|92/100|[from] item: Leftovers
|-heal|p2a: Starmie|78/100|[from] item: Leftovers
|upkeep
|turn|21
|inactive|scootymcbooty123 has 270 seconds left.
|inactive|Beleth7rei has 270 seconds left.
|
|t:|1728069928
|move|p1a: Salamence|Hidden Power|p2a: Starmie
|-damage|p2a: Starmie|0 fnt
|faint|p2a: Starmie
|
|t:|1728069931
|switch|p2a: Blussy|Blissey, F, shiny|70/100
|
|-weather|Sandstorm|[upkeep]
|-damage|p1a: Salamence|86/100|[from] Sandstorm
|-damage|p2a: Blussy|64/100|[from] Sandstorm
|-heal|p1a: Salamence|92/100|[from] item: Leftovers
|-heal|p2a: Blussy|70/100|[from] item: Leftovers
|upkeep
|turn|22
|
|t:|1728069936
|move|p1a: Salamence|Earthquake|p2a: Blussy
|-damage|p2a: Blussy|12/100
|move|p2a: Blussy|Ice Beam|p1a: Salamence
|-supereffective|p1a: Salamence
|-damage|p1a: Salamence|9/100
|
|-weather|Sandstorm|[upkeep]
|-damage|p1a: Salamence|3/100|[from] Sandstorm
|-damage|p2a: Blussy|6/100|[from] Sandstorm
|-heal|p1a: Salamence|9/100|[from] item: Leftovers
|-heal|p2a: Blussy|12/100|[from] item: Leftovers
|upkeep
|turn|23
|
|t:|1728069942
|move|p1a: Salamence|Earthquake|p2a: Blussy
|-damage|p2a: Blussy|0 fnt
|faint|p2a: Blussy
|
|t:|1728069944
|switch|p2a: Sceptile|Sceptile, M|67/100
|
|-weather|Sandstorm|[upkeep]
|-damage|p1a: Salamence|3/100|[from] Sandstorm
|-damage|p2a: Sceptile|61/100|[from] Sandstorm
|-heal|p1a: Salamence|9/100|[from] item: Leftovers
|-heal|p2a: Sceptile|67/100|[from] item: Leftovers
|upkeep
|turn|24
|
|t:|1728069946
|move|p1a: Salamence|Hidden Power|p2a: Sceptile
|-supereffective|p2a: Sceptile
|-crit|p2a: Sceptile
|-damage|p2a: Sceptile|0 fnt
|faint|p2a: Sceptile
|
|win|Beleth7rei
|c|☆Beleth7rei|ggs
|c|☆scootymcbooty123|ggs

</script>
<script type="application/json" class="data" id="replaydata-smogtours-gen3ou-794667">
{"id":"smogtours-gen3ou-794667","format":"[Gen 3] OU","players":["Beleth7rei","scootymcbooty123"],"uploadtime":1728069946,"views":99,"formatid":"gen3ou","rating":null,"private":0,"password":null}
</script>

<script defer src="js/replays.js?9d40a366"></script>
