<!DOCTYPE html>
<meta charset="utf-8" />
<meta name="viewport" content="width=device-width" />

<title>[Gen 3] OU: simonsimonf vs. tempokin - Replays - Pok&eacute;mon Showdown!</title>

<meta name="description" content="Watch a replay of a Pok&eacute;mon battle between simonsimonf and tempokin! Format: [Gen 3] OU; Date: Oct 22, 2024" />
<!--

Hey, you! Looking in the source for the replay log?

You can find them in JSON format, just add `.json` at the end of a replay URL.

https://replay.pokemonshowdown.com/gen7randomdoublesbattle-865046831.json

Or, if you only need the log itself, add `.log` instead:

https://replay.pokemonshowdown.com/gen7randomdoublesbattle-865046831.log

-->

<link rel="stylesheet" href="//pokemonshowdown.com/style/global.css?0.023195364461161105" />
<link rel="stylesheet" href="//play.pokemonshowdown.com/style/font-awesome.css?0.13261647063804238" />
<link rel="stylesheet" href="//play.pokemonshowdown.com/style/battle.css?0.8753245789963631" />
<link rel="stylesheet" href="//play.pokemonshowdown.com/style/utilichart.css?0.8627959624976733" />

<!-- Global site tag (gtag.js) - Google Analytics -->
<script async src="https://www.googletagmanager.com/gtag/js?id=UA-26211653-1"></script>
<script>
  window.dataLayer = window.dataLayer || [];
  function gtag(){dataLayer.push(arguments);}
  gtag('js', new Date());

  gtag('config', 'UA-26211653-1');
</script>
<!-- End Google Analytics -->
<!-- Venatus Ad Manager - Install in <HEAD> of page -->
	<script src="https://hb.vntsm.com/v3/live/ad-manager.min.js" type="text/javascript" data-site-id="642aba63ec9a7b11c3c9c1be" data-mode="scan" async></script>
<!-- / Venatus Ad Manager -->

<style>
	@media (max-width:820px) {
		.battle {
			margin: 0 auto;
		}
		.battle-log {
			margin: 7px auto 0;
			max-width: 640px;
			height: 300px;
			position: static;
		}
	}
	.optgroup {
		display: inline-block;
		line-height: 22px;
		font-size: 10pt;
	}
	.optgroup .button {
		height: 25px;
		padding-top: 0;
		padding-bottom: 0;
	}
	.optgroup button.button {
		padding-left: 12px;
		padding-right: 12px;
	}
	.linklist {
		list-style: none;
		margin: 0.5em 0;
		padding: 0;
	}
	.linklist li {
		padding: 2px 0;
	}
	.sidebar {
		float: left;
		width: 320px;
	}
	.bar-wrapper {
		max-width: 1100px;
		margin: 0 auto;
	}
	.bar-wrapper.has-sidebar {
		max-width: 1430px;
	}
	.mainbar {
		margin: 0;
		padding-right: 1px;
	}
	.mainbar.has-sidebar {
		margin-left: 330px;
	}
	@media (min-width: 1511px) {
		.sidebar {
			width: 400px;
		}
		.bar-wrapper.has-sidebar {
			max-width: 1510px;
		}
		.mainbar.has-sidebar {
			margin-left: 410px;
		}
	}
	.section.first-section {
		margin-top: 9px;
	}
	.blocklink small {
		white-space: normal;
	}
	.button {
		vertical-align: middle;
	}
	.replay-controls {
		padding-top: 10px;
	}
	.replay-controls h1 {
		font-size: 16pt;
		font-weight: normal;
		color: #CCC;
	}
	.pagelink {
		text-align: center;
	}
	.pagelink a {
		width: 150px;
	}
	.textbox, .button {
		font-size: 11pt;
		vertical-align: middle;
	}
	@media (max-width: 450px) {
		.button {
			font-size: 9pt;
		}
	}
</style>

<div>

	<header>
		<div class="nav-wrapper"><ul class="nav">
			<li><a class="button nav-first" href="//pokemonshowdown.com/"><img src="//pokemonshowdown.com/images/pokemonshowdownbeta.png" srcset="//pokemonshowdown.com/images/pokemonshowdownbeta.png 1x, //pokemonshowdown.com/images/pokemonshowdownbeta@2x.png 2x" alt="Pok&eacute;mon Showdown" width="146" height="44" /> Home</a></li>
			<li><a class="button" href="//pokemonshowdown.com/dex/">Pok&eacute;dex</a></li>
			<li><a class="button cur" href="/">Replays</a></li>
			<li><a class="button" href="//pokemonshowdown.com/ladder/">Ladder</a></li>
			<li><a class="button nav-last" href="//pokemonshowdown.com/forums/">Forum</a></li>
			<li><a class="button greenbutton nav-first nav-last" href="//play.pokemonshowdown.com/">Play</a></li>
		</ul></div>
	</header>

	<div class="main" id="main">

		<noscript><section class="section">You need to enable JavaScript to use this page; sorry!</section></noscript>

	</div>

</div>

<script defer nomodule src="//play.pokemonshowdown.com/js/lib/ps-polyfill.js"></script>
<script defer src="//play.pokemonshowdown.com/js/lib/preact.min.js"></script>

<script defer src="//play.pokemonshowdown.com/config/config.js?2bddbc15"></script>
<script defer src="//play.pokemonshowdown.com/js/lib/jquery-1.11.0.min.js"></script>
<script defer src="//play.pokemonshowdown.com/js/lib/html-sanitizer-minified.js"></script>
<script defer src="//play.pokemonshowdown.com/js/battle-sound.js"></script>
<script defer src="//play.pokemonshowdown.com/js/battledata.js?0.7209276989879541"></script>
<script defer src="//play.pokemonshowdown.com/data/pokedex-mini.js?0.6111056340867951"></script>
<script defer src="//play.pokemonshowdown.com/data/pokedex-mini-bw.js?0.3532142036491459"></script>
<script defer src="//play.pokemonshowdown.com/data/graphics.js?0.24223875632456182"></script>
<script defer src="//play.pokemonshowdown.com/data/pokedex.js?0.38839984266356864"></script>
<script defer src="//play.pokemonshowdown.com/data/moves.js?0.21866028504024015"></script>
<script defer src="//play.pokemonshowdown.com/data/abilities.js?0.2005157953846628"></script>
<script defer src="//play.pokemonshowdown.com/data/items.js?0.9894211263848525"></script>
<script defer src="//play.pokemonshowdown.com/data/teambuilder-tables.js?0.6008791140282215"></script>
<script defer src="//play.pokemonshowdown.com/js/battle-tooltips.js?0.7580118955022959"></script>
<script defer src="//play.pokemonshowdown.com/js/battle.js?0.6057722274234274"></script>

<script defer src="js/utils.js?e31f9a17"></script>
<script defer src="js/replays-battle.js?7008c182"></script>

<!-- don't scrape this data! just add .json or .log after the URL!
Full API docs: https://github.com/smogon/pokemon-showdown-client/blob/master/WEB-API.md -->
<script type="text/plain" class="log" id="replaylog-smogtours-gen3ou-801218">
|inactive|Battle timer is ON: inactive players will automatically lose when time's up.
|t:|1729619490
|gametype|singles
|player|p1|simonsimonf|101|
|player|p2|tempokin|steven-masters|
|teamsize|p1|6
|teamsize|p2|6
|gen|3
|tier|[Gen 3] OU
|rule|Sleep Clause Mod: Limit one foe put to sleep
|rule|Switch Priority Clause Mod: Faster Pokémon switch first
|rule|Species Clause: Limit one of each Pokémon
|rule|OHKO Clause: OHKO moves are banned
|rule|Evasion Items Clause: Evasion items are banned
|rule|Evasion Moves Clause: Evasion moves are banned
|rule|Endless Battle Clause: Forcing endless battles is banned
|rule|HP Percentage Mod: HP is shown in percentages
|rule|One Boost Passer Clause: Limit one Baton Passer that has a way to boost its stats
|rule|Freeze Clause Mod: Limit one foe frozen
|
|t:|1729619490
|start
|switch|p1a: Metagross|Metagross|100/100
|switch|p2a: Blissey|Blissey, F|100/100
|turn|1
|
|t:|1729619498
|switch|p2a: Suicune|Suicune|100/100
|move|p1a: Metagross|Meteor Mash|p2a: Suicune
|-resisted|p2a: Suicune
|-damage|p2a: Suicune|75/100
|-boost|p1a: Metagross|atk|1
|
|-heal|p2a: Suicune|81/100|[from] item: Leftovers
|upkeep
|turn|2
|inactive|simonsimonf has 270 seconds left.
|
|t:|1729619540
|move|p1a: Metagross|Meteor Mash|p2a: Suicune
|-resisted|p2a: Suicune
|-damage|p2a: Suicune|43/100
|-boost|p1a: Metagross|atk|1
|move|p2a: Suicune|Roar|p1a: Metagross
|drag|p1a: Swampert|Swampert, M|100/100
|
|-heal|p2a: Suicune|49/100|[from] item: Leftovers
|upkeep
|turn|3
|
|t:|1729619552
|switch|p1a: Snorlax|Snorlax, F|100/100
|move|p2a: Suicune|Rest|p2a: Suicune
|-status|p2a: Suicune|slp|[from] move: Rest
|-heal|p2a: Suicune|100/100 slp|[silent]
|
|upkeep
|turn|4
|
|t:|1729619560
|switch|p2a: Skarmory|Skarmory, M|100/100
|move|p1a: Snorlax|Body Slam|p2a: Skarmory
|-resisted|p2a: Skarmory
|-damage|p2a: Skarmory|85/100
|-status|p2a: Skarmory|par
|
|-heal|p2a: Skarmory|91/100 par|[from] item: Leftovers
|upkeep
|turn|5
|
|t:|1729619565
|switch|p1a: Magneton|Magneton|100/100
|switch|p2a: Dugtrio|Dugtrio, F|100/100
|
|upkeep
|turn|6
|
|t:|1729619571
|move|p2a: Dugtrio|Earthquake|p1a: Magneton
|-supereffective|p1a: Magneton
|-damage|p1a: Magneton|0 fnt
|faint|p1a: Magneton
|
|t:|1729619584
|switch|p1a: Forretress|Forretress, M|100/100
|
|upkeep
|turn|7
|
|t:|1729619587
|switch|p2a: Blissey|Blissey, F|100/100
|move|p1a: Forretress|Spikes|p2a: Blissey
|-sidestart|p2: tempokin|Spikes
|
|upkeep
|turn|8
|
|t:|1729619596
|move|p2a: Blissey|Aromatherapy|p2a: Blissey
|-cureteam|p2a: Blissey|[from] move: Aromatherapy
|move|p1a: Forretress|Spikes|p2a: Blissey
|-sidestart|p2: tempokin|Spikes
|
|upkeep
|turn|9
|
|t:|1729619599
|switch|p2a: Claydol|Claydol|100/100
|move|p1a: Forretress|Spikes|p2a: Claydol
|-sidestart|p2: tempokin|Spikes
|
|upkeep
|turn|10
|
|t:|1729619613
|switch|p1a: Swampert|Swampert, M|100/100
|move|p2a: Claydol|Rapid Spin|p1a: Swampert
|-damage|p1a: Swampert|97/100
|-sideend|p2: tempokin|Spikes|[from] move: Rapid Spin|[of] p2a: Claydol
|
|-heal|p1a: Swampert|100/100|[from] item: Leftovers
|upkeep
|turn|11
|
|t:|1729619618
|switch|p2a: Suicune|Suicune|100/100
|move|p1a: Swampert|Protect||[still]
|-fail|p1a: Swampert
|
|upkeep
|turn|12
|
|t:|1729619623
|switch|p2a: Dusclops|Dusclops, M|100/100
|switch|p1a: Metagross|Metagross|100/100
|
|upkeep
|turn|13
|
|t:|1729619628
|move|p1a: Metagross|Meteor Mash|p2a: Dusclops
|-damage|p2a: Dusclops|17/100
|move|p2a: Dusclops|Will-O-Wisp|p1a: Metagross
|-status|p1a: Metagross|brn
|
|-damage|p1a: Metagross|88/100 brn|[from] brn
|-heal|p2a: Dusclops|23/100|[from] item: Leftovers
|upkeep
|turn|14
|
|t:|1729619637
|switch|p2a: Skarmory|Skarmory, M|91/100
|move|p1a: Metagross|Meteor Mash|p2a: Skarmory
|-resisted|p2a: Skarmory
|-damage|p2a: Skarmory|74/100
|
|-damage|p1a: Metagross|76/100 brn|[from] brn
|-heal|p2a: Skarmory|80/100|[from] item: Leftovers
|upkeep
|turn|15
|
|t:|1729619643
|move|p1a: Metagross|Meteor Mash|p2a: Skarmory|[miss]
|-miss|p1a: Metagross|p2a: Skarmory
|move|p2a: Skarmory|Spikes|p1a: Metagross
|-sidestart|p1: simonsimonf|Spikes
|
|-damage|p1a: Metagross|64/100 brn|[from] brn
|-heal|p2a: Skarmory|86/100|[from] item: Leftovers
|upkeep
|turn|16
|
|t:|1729619646
|move|p1a: Metagross|Meteor Mash|p2a: Skarmory
|-resisted|p2a: Skarmory
|-damage|p2a: Skarmory|68/100
|move|p2a: Skarmory|Spikes|p1a: Metagross
|-sidestart|p1: simonsimonf|Spikes
|
|-damage|p1a: Metagross|51/100 brn|[from] brn
|-heal|p2a: Skarmory|74/100|[from] item: Leftovers
|upkeep
|turn|17
|
|t:|1729619649
|move|p2a: Skarmory|Protect|p2a: Skarmory
|-singleturn|p2a: Skarmory|Protect
|move|p1a: Metagross|Meteor Mash|p2a: Skarmory
|-activate|p2a: Skarmory|Protect
|
|-damage|p1a: Metagross|39/100 brn|[from] brn
|-heal|p2a: Skarmory|80/100|[from] item: Leftovers
|upkeep
|turn|18
|
|t:|1729619650
|move|p1a: Metagross|Meteor Mash|p2a: Skarmory
|-resisted|p2a: Skarmory
|-damage|p2a: Skarmory|64/100
|move|p2a: Skarmory|Spikes|p1a: Metagross
|-sidestart|p1: simonsimonf|Spikes
|
|-damage|p1a: Metagross|27/100 brn|[from] brn
|-heal|p2a: Skarmory|70/100|[from] item: Leftovers
|upkeep
|turn|19
|
|t:|1729619653
|move|p2a: Skarmory|Protect|p2a: Skarmory
|-singleturn|p2a: Skarmory|Protect
|move|p1a: Metagross|Meteor Mash|p2a: Skarmory|[miss]
|-miss|p1a: Metagross|p2a: Skarmory
|
|-damage|p1a: Metagross|14/100 brn|[from] brn
|-heal|p2a: Skarmory|76/100|[from] item: Leftovers
|upkeep
|turn|20
|
|t:|1729619654
|move|p1a: Metagross|Meteor Mash|p2a: Skarmory
|-resisted|p2a: Skarmory
|-damage|p2a: Skarmory|60/100
|move|p2a: Skarmory|Roar|p1a: Metagross
|drag|p1a: Swampert|Swampert, M|100/100
|-damage|p1a: Swampert|76/100|[from] Spikes
|
|-heal|p2a: Skarmory|66/100|[from] item: Leftovers
|-heal|p1a: Swampert|82/100|[from] item: Leftovers
|upkeep
|turn|21
|
|t:|1729619661
|move|p2a: Skarmory|Protect|p2a: Skarmory
|-singleturn|p2a: Skarmory|Protect
|move|p1a: Swampert|Hydro Pump|p2a: Skarmory
|-activate|p2a: Skarmory|Protect
|
|-heal|p2a: Skarmory|72/100|[from] item: Leftovers
|-heal|p1a: Swampert|88/100|[from] item: Leftovers
|upkeep
|turn|22
|
|t:|1729619663
|switch|p2a: Suicune|Suicune|100/100
|move|p1a: Swampert|Hydro Pump|p2a: Suicune
|-resisted|p2a: Suicune
|-damage|p2a: Suicune|86/100
|
|-heal|p2a: Suicune|92/100|[from] item: Leftovers
|-heal|p1a: Swampert|94/100|[from] item: Leftovers
|upkeep
|turn|23
|
|t:|1729619670
|switch|p1a: Metagross|Metagross|14/100 brn
|-damage|p1a: Metagross|0 fnt|[from] Spikes
|faint|p1a: Metagross
|
|t:|1729619679
|switch|p1a: Heracross|Heracross, M|100/100
|-damage|p1a: Heracross|75/100|[from] Spikes
|
|-heal|p2a: Suicune|98/100|[from] item: Leftovers
|upkeep
|turn|24
|
|t:|1729619688
|move|p1a: Heracross|Megahorn|p2a: Suicune
|-damage|p2a: Suicune|61/100
|move|p2a: Suicune|Surf|p1a: Heracross
|-damage|p1a: Heracross|40/100
|
|-heal|p2a: Suicune|67/100|[from] item: Leftovers
|upkeep
|turn|25
|
|t:|1729619693
|move|p1a: Heracross|Swords Dance|p1a: Heracross
|-boost|p1a: Heracross|atk|2
|move|p2a: Suicune|Roar|p1a: Heracross
|drag|p1a: Snorlax|Snorlax, F|100/100
|-damage|p1a: Snorlax|75/100|[from] Spikes
|
|-heal|p2a: Suicune|73/100|[from] item: Leftovers
|-heal|p1a: Snorlax|82/100|[from] item: Leftovers
|upkeep
|turn|26
|
|t:|1729619702
|switch|p2a: Dusclops|Dusclops, M|23/100
|move|p1a: Snorlax|Body Slam|p2a: Dusclops
|-immune|p2a: Dusclops
|
|-heal|p1a: Snorlax|88/100|[from] item: Leftovers
|-heal|p2a: Dusclops|29/100|[from] item: Leftovers
|upkeep
|turn|27
|
|t:|1729619705
|move|p1a: Snorlax|Shadow Ball|p2a: Dusclops
|-supereffective|p2a: Dusclops
|-damage|p2a: Dusclops|0 fnt
|faint|p2a: Dusclops
|
|t:|1729619707
|switch|p2a: Skarmory|Skarmory, M|72/100
|
|-heal|p2a: Skarmory|78/100|[from] item: Leftovers
|-heal|p1a: Snorlax|94/100|[from] item: Leftovers
|upkeep
|turn|28
|
|t:|1729619711
|move|p2a: Skarmory|Protect|p2a: Skarmory
|-singleturn|p2a: Skarmory|Protect
|move|p1a: Snorlax|Body Slam|p2a: Skarmory
|-activate|p2a: Skarmory|Protect
|
|-heal|p2a: Skarmory|84/100|[from] item: Leftovers
|-heal|p1a: Snorlax|99/100|[from] item: Leftovers
|upkeep
|turn|29
|
|t:|1729619714
|-singleturn|p1a: Snorlax|move: Focus Punch
|move|p1a: Snorlax|Focus Punch|p2a: Skarmory
|-damage|p2a: Skarmory|50/100
|move|p2a: Skarmory|Roar|p1a: Snorlax
|drag|p1a: Forretress|Forretress, M|100/100
|-damage|p1a: Forretress|76/100|[from] Spikes
|
|-heal|p2a: Skarmory|56/100|[from] item: Leftovers
|-heal|p1a: Forretress|82/100|[from] item: Leftovers
|upkeep
|turn|30
|
|t:|1729619723
|move|p2a: Skarmory|Spikes||[still]
|-fail|p2a: Skarmory
|move|p1a: Forretress|Rapid Spin|p2a: Skarmory
|-resisted|p2a: Skarmory
|-damage|p2a: Skarmory|54/100
|-sideend|p1: simonsimonf|Spikes|[from] move: Rapid Spin|[of] p1a: Forretress
|
|-heal|p2a: Skarmory|60/100|[from] item: Leftovers
|-heal|p1a: Forretress|88/100|[from] item: Leftovers
|upkeep
|turn|31
|
|t:|1729619726
|move|p2a: Skarmory|Spikes|p1a: Forretress
|-sidestart|p1: simonsimonf|Spikes
|move|p1a: Forretress|Zap Cannon|p2a: Skarmory
|-supereffective|p2a: Skarmory
|-damage|p2a: Skarmory|31/100
|-status|p2a: Skarmory|par
|
|-heal|p1a: Forretress|94/100|[from] item: Leftovers
|-heal|p2a: Skarmory|37/100 par|[from] item: Leftovers
|upkeep
|turn|32
|
|t:|1729619741
|switch|p2a: Claydol|Claydol|100/100
|move|p1a: Forretress|Rapid Spin|p2a: Claydol
|-damage|p2a: Claydol|96/100
|-sideend|p1: simonsimonf|Spikes|[from] move: Rapid Spin|[of] p1a: Forretress
|
|-heal|p2a: Claydol|100/100|[from] item: Leftovers
|-heal|p1a: Forretress|100/100|[from] item: Leftovers
|upkeep
|turn|33
|
|t:|1729619746
|move|p2a: Claydol|Earthquake|p1a: Forretress
|-damage|p1a: Forretress|72/100
|move|p1a: Forretress|Spikes|p2a: Claydol
|-sidestart|p2: tempokin|Spikes
|
|-heal|p1a: Forretress|78/100|[from] item: Leftovers
|upkeep
|turn|34
|
|t:|1729619750
|switch|p1a: Swampert|Swampert, M|94/100
|move|p2a: Claydol|Earthquake|p1a: Swampert
|-damage|p1a: Swampert|68/100
|
|-heal|p1a: Swampert|74/100|[from] item: Leftovers
|upkeep
|turn|35
|
|t:|1729619756
|switch|p2a: Suicune|Suicune|73/100
|-damage|p2a: Suicune|61/100|[from] Spikes
|move|p1a: Swampert|Hydro Pump|p2a: Suicune
|-resisted|p2a: Suicune
|-damage|p2a: Suicune|47/100
|
|-heal|p2a: Suicune|53/100|[from] item: Leftovers
|-heal|p1a: Swampert|81/100|[from] item: Leftovers
|upkeep
|turn|36
|
|t:|1729619762
|switch|p1a: Snorlax|Snorlax, F|99/100
|move|p2a: Suicune|Surf|p1a: Snorlax
|-damage|p1a: Snorlax|84/100
|
|-heal|p2a: Suicune|59/100|[from] item: Leftovers
|-heal|p1a: Snorlax|91/100|[from] item: Leftovers
|upkeep
|turn|37
|
|t:|1729619772
|switch|p2a: Claydol|Claydol|100/100
|move|p1a: Snorlax|Body Slam|p2a: Claydol
|-damage|p2a: Claydol|59/100
|
|-heal|p2a: Claydol|65/100|[from] item: Leftovers
|-heal|p1a: Snorlax|97/100|[from] item: Leftovers
|upkeep
|turn|38
|
|t:|1729619778
|switch|p1a: Forretress|Forretress, M|78/100
|move|p2a: Claydol|Rapid Spin|p1a: Forretress
|-resisted|p1a: Forretress
|-damage|p1a: Forretress|76/100
|-sideend|p2: tempokin|Spikes|[from] move: Rapid Spin|[of] p2a: Claydol
|
|-heal|p2a: Claydol|71/100|[from] item: Leftovers
|-heal|p1a: Forretress|83/100|[from] item: Leftovers
|upkeep
|turn|39
|
|t:|1729619782
|move|p2a: Claydol|Earthquake|p1a: Forretress
|-crit|p1a: Forretress
|-damage|p1a: Forretress|29/100
|move|p1a: Forretress|Spikes|p2a: Claydol
|-sidestart|p2: tempokin|Spikes
|
|-heal|p2a: Claydol|77/100|[from] item: Leftovers
|-heal|p1a: Forretress|36/100|[from] item: Leftovers
|upkeep
|turn|40
|
|t:|1729619787
|switch|p1a: Swampert|Swampert, M|81/100
|move|p2a: Claydol|Earthquake|p1a: Swampert
|-damage|p1a: Swampert|55/100
|
|-heal|p2a: Claydol|84/100|[from] item: Leftovers
|-heal|p1a: Swampert|61/100|[from] item: Leftovers
|upkeep
|turn|41
|
|t:|1729619792
|switch|p2a: Blissey|Blissey, F|100/100
|-damage|p2a: Blissey|88/100|[from] Spikes
|move|p1a: Swampert|Hydro Pump|p2a: Blissey|[miss]
|-miss|p1a: Swampert|p2a: Blissey
|
|-heal|p2a: Blissey|94/100|[from] item: Leftovers
|-heal|p1a: Swampert|67/100|[from] item: Leftovers
|upkeep
|turn|42
|
|t:|1729619801
|switch|p2a: Dugtrio|Dugtrio, F|100/100
|-damage|p2a: Dugtrio|88/100|[from] Spikes
|switch|p1a: Snorlax|Snorlax, F|97/100
|
|-heal|p1a: Snorlax|100/100|[from] item: Leftovers
|upkeep
|turn|43
|
|t:|1729619808
|switch|p2a: Skarmory|Skarmory, M|37/100 par
|move|p1a: Snorlax|Body Slam|p2a: Skarmory
|-resisted|p2a: Skarmory
|-damage|p2a: Skarmory|23/100 par
|
|-heal|p2a: Skarmory|29/100 par|[from] item: Leftovers
|upkeep
|turn|44
|
|t:|1729619817
|-singleturn|p1a: Snorlax|move: Focus Punch
|move|p2a: Skarmory|Spikes|p1a: Snorlax
|-sidestart|p1: simonsimonf|Spikes
|move|p1a: Snorlax|Focus Punch|p2a: Skarmory
|-damage|p2a: Skarmory|0 fnt
|faint|p2a: Skarmory
|
|t:|1729619824
|switch|p2a: Suicune|Suicune|59/100
|-damage|p2a: Suicune|47/100|[from] Spikes
|
|-heal|p2a: Suicune|53/100|[from] item: Leftovers
|upkeep
|turn|45
|
|t:|1729619831
|switch|p2a: Claydol|Claydol|84/100
|move|p1a: Snorlax|Body Slam|p2a: Claydol
|-crit|p2a: Claydol
|-damage|p2a: Claydol|8/100
|
|-heal|p2a: Claydol|14/100|[from] item: Leftovers
|upkeep
|turn|46
|
|t:|1729619840
|switch|p1a: Forretress|Forretress, M|36/100
|-damage|p1a: Forretress|23/100|[from] Spikes
|move|p2a: Claydol|Rapid Spin|p1a: Forretress
|-resisted|p1a: Forretress
|-damage|p1a: Forretress|21/100
|-sideend|p2: tempokin|Spikes|[from] move: Rapid Spin|[of] p2a: Claydol
|
|-heal|p2a: Claydol|20/100|[from] item: Leftovers
|-heal|p1a: Forretress|27/100|[from] item: Leftovers
|upkeep
|turn|47
|
|t:|1729619845
|move|p2a: Claydol|Earthquake|p1a: Forretress
|-damage|p1a: Forretress|0 fnt
|faint|p1a: Forretress
|inactive|simonsimonf has 270 seconds left.
|
|t:|1729619887
|switch|p1a: Heracross|Heracross, M|40/100
|-damage|p1a: Heracross|28/100|[from] Spikes
|
|-heal|p2a: Claydol|26/100|[from] item: Leftovers
|upkeep
|turn|48
|
|t:|1729619895
|move|p1a: Heracross|Megahorn|p2a: Claydol
|-supereffective|p2a: Claydol
|-damage|p2a: Claydol|0 fnt
|faint|p2a: Claydol
|
|t:|1729619898
|switch|p2a: Dugtrio|Dugtrio, F|88/100
|
|upkeep
|turn|49
|
|t:|1729619901
|move|p2a: Dugtrio|Aerial Ace|p1a: Heracross
|-supereffective|p1a: Heracross
|-damage|p1a: Heracross|0 fnt
|faint|p1a: Heracross
|c|☆simonsimonf|omg
|c|☆tempokin|idk why you did that yeah
|c|☆tempokin|gg
|inactive|simonsimonf has 270 seconds left.
|
|t:|1729619925
|switch|p1a: Snorlax|Snorlax, F|100/100
|-damage|p1a: Snorlax|88/100|[from] Spikes
|
|-heal|p1a: Snorlax|94/100|[from] item: Leftovers
|upkeep
|turn|50
|
|t:|1729619953
|switch|p2a: Blissey|Blissey, F|94/100
|move|p1a: Snorlax|Body Slam|p2a: Blissey
|-damage|p2a: Blissey|56/100
|
|-heal|p2a: Blissey|62/100|[from] item: Leftovers
|-heal|p1a: Snorlax|100/100|[from] item: Leftovers
|upkeep
|turn|51
|
|t:|1729619960
|move|p2a: Blissey|Ice Beam|p1a: Snorlax
|-damage|p1a: Snorlax|87/100
|move|p1a: Snorlax|Body Slam|p2a: Blissey
|-damage|p2a: Blissey|21/100
|
|-heal|p2a: Blissey|27/100|[from] item: Leftovers
|-heal|p1a: Snorlax|93/100|[from] item: Leftovers
|upkeep
|turn|52
|
|t:|1729619964
|move|p2a: Blissey|Soft-Boiled|p2a: Blissey
|-heal|p2a: Blissey|77/100
|move|p1a: Snorlax|Body Slam|p2a: Blissey
|-damage|p2a: Blissey|38/100
|
|-heal|p2a: Blissey|44/100|[from] item: Leftovers
|-heal|p1a: Snorlax|99/100|[from] item: Leftovers
|upkeep
|turn|53
|
|t:|1729619968
|move|p2a: Blissey|Ice Beam|p1a: Snorlax
|-damage|p1a: Snorlax|84/100
|move|p1a: Snorlax|Body Slam|p2a: Blissey
|-damage|p2a: Blissey|1/100
|-status|p2a: Blissey|par
|
|-heal|p1a: Snorlax|90/100|[from] item: Leftovers
|-heal|p2a: Blissey|7/100 par|[from] item: Leftovers
|upkeep
|turn|54
|
|t:|1729619971
|move|p1a: Snorlax|Body Slam|p2a: Blissey
|-damage|p2a: Blissey|0 fnt
|faint|p2a: Blissey
|
|t:|1729619973
|switch|p2a: Suicune|Suicune|53/100
|
|-heal|p2a: Suicune|59/100|[from] item: Leftovers
|-heal|p1a: Snorlax|97/100|[from] item: Leftovers
|upkeep
|turn|55
|
|t:|1729619977
|move|p2a: Suicune|Calm Mind|p2a: Suicune
|-boost|p2a: Suicune|spa|1
|-boost|p2a: Suicune|spd|1
|move|p1a: Snorlax|Body Slam|p2a: Suicune
|-damage|p2a: Suicune|36/100
|
|-heal|p2a: Suicune|42/100|[from] item: Leftovers
|-heal|p1a: Snorlax|100/100|[from] item: Leftovers
|upkeep
|turn|56
|
|t:|1729619982
|switch|p2a: Dugtrio|Dugtrio, F|88/100
|move|p1a: Snorlax|Self-Destruct|p2a: Dugtrio
|-damage|p2a: Dugtrio|0 fnt
|faint|p1a: Snorlax
|faint|p2a: Dugtrio
|
|t:|1729619984
|switch|p2a: Suicune|Suicune|42/100
|switch|p1a: Swampert|Swampert, M|67/100
|-damage|p1a: Swampert|55/100|[from] Spikes
|
|-heal|p2a: Suicune|49/100|[from] item: Leftovers
|-heal|p1a: Swampert|61/100|[from] item: Leftovers
|upkeep
|turn|57
|
|t:|1729619988
|move|p2a: Suicune|Calm Mind|p2a: Suicune
|-boost|p2a: Suicune|spa|1
|-boost|p2a: Suicune|spd|1
|move|p1a: Swampert|Earthquake|p2a: Suicune
|-damage|p2a: Suicune|26/100
|
|-heal|p2a: Suicune|33/100|[from] item: Leftovers
|-heal|p1a: Swampert|67/100|[from] item: Leftovers
|upkeep
|turn|58
|
|t:|1729619991
|move|p2a: Suicune|Surf|p1a: Swampert
|-damage|p1a: Swampert|31/100
|move|p1a: Swampert|Earthquake|p2a: Suicune
|-damage|p2a: Suicune|11/100
|
|-heal|p2a: Suicune|18/100|[from] item: Leftovers
|-heal|p1a: Swampert|37/100|[from] item: Leftovers
|upkeep
|turn|59
|
|t:|1729619996
|move|p2a: Suicune|Rest|p2a: Suicune
|-status|p2a: Suicune|slp|[from] move: Rest
|-heal|p2a: Suicune|100/100 slp|[silent]
|move|p1a: Swampert|Earthquake|p2a: Suicune
|-damage|p2a: Suicune|79/100 slp
|
|-heal|p2a: Suicune|85/100 slp|[from] item: Leftovers
|-heal|p1a: Swampert|44/100|[from] item: Leftovers
|upkeep
|turn|60
|
|t:|1729619998
|cant|p2a: Suicune|slp
|move|p1a: Swampert|Earthquake|p2a: Suicune
|-damage|p2a: Suicune|63/100 slp
|
|-heal|p2a: Suicune|70/100 slp|[from] item: Leftovers
|-heal|p1a: Swampert|50/100|[from] item: Leftovers
|upkeep
|turn|61
|
|t:|1729619999
|cant|p2a: Suicune|slp
|move|p1a: Swampert|Earthquake|p2a: Suicune
|-crit|p2a: Suicune
|-damage|p2a: Suicune|27/100 slp
|
|-heal|p2a: Suicune|33/100 slp|[from] item: Leftovers
|-heal|p1a: Swampert|56/100|[from] item: Leftovers
|upkeep
|turn|62
|
|t:|1729620002
|-curestatus|p2a: Suicune|slp|[msg]
|move|p2a: Suicune|Rest|p2a: Suicune
|-status|p2a: Suicune|slp|[from] move: Rest
|-heal|p2a: Suicune|100/100 slp|[silent]
|move|p1a: Swampert|Earthquake|p2a: Suicune
|-crit|p2a: Suicune
|-damage|p2a: Suicune|59/100 slp
|
|-heal|p2a: Suicune|65/100 slp|[from] item: Leftovers
|-heal|p1a: Swampert|62/100|[from] item: Leftovers
|upkeep
|turn|63
|
|t:|1729620005
|cant|p2a: Suicune|slp
|move|p1a: Swampert|Earthquake|p2a: Suicune
|-damage|p2a: Suicune|46/100 slp
|
|-heal|p2a: Suicune|52/100 slp|[from] item: Leftovers
|-heal|p1a: Swampert|68/100|[from] item: Leftovers
|upkeep
|turn|64
|
|t:|1729620007
|cant|p2a: Suicune|slp
|move|p1a: Swampert|Earthquake|p2a: Suicune
|-damage|p2a: Suicune|30/100 slp
|
|-heal|p2a: Suicune|36/100 slp|[from] item: Leftovers
|-heal|p1a: Swampert|75/100|[from] item: Leftovers
|upkeep
|turn|65
|
|t:|1729620010
|-curestatus|p2a: Suicune|slp|[msg]
|move|p2a: Suicune|Rest|p2a: Suicune
|-status|p2a: Suicune|slp|[from] move: Rest
|-heal|p2a: Suicune|100/100 slp|[silent]
|move|p1a: Swampert|Ice Beam|p2a: Suicune
|-resisted|p2a: Suicune
|-damage|p2a: Suicune|96/100 slp
|
|-heal|p2a: Suicune|100/100 slp|[from] item: Leftovers
|-heal|p1a: Swampert|81/100|[from] item: Leftovers
|upkeep
|turn|66
|
|t:|1729620018
|cant|p2a: Suicune|slp
|move|p1a: Swampert|Ice Beam|p2a: Suicune
|-resisted|p2a: Suicune
|-damage|p2a: Suicune|96/100 slp
|
|-heal|p2a: Suicune|100/100 slp|[from] item: Leftovers
|-heal|p1a: Swampert|87/100|[from] item: Leftovers
|upkeep
|turn|67
|
|t:|1729620024
|cant|p2a: Suicune|slp
|move|p1a: Swampert|Ice Beam|p2a: Suicune
|-resisted|p2a: Suicune
|-damage|p2a: Suicune|96/100 slp
|
|-heal|p2a: Suicune|100/100 slp|[from] item: Leftovers
|-heal|p1a: Swampert|93/100|[from] item: Leftovers
|upkeep
|turn|68
|
|t:|1729620028
|move|p1a: Swampert|Protect|p1a: Swampert
|-singleturn|p1a: Swampert|Protect
|-curestatus|p2a: Suicune|slp|[msg]
|move|p2a: Suicune|Surf|p1a: Swampert
|-activate|p1a: Swampert|Protect
|
|-heal|p1a: Swampert|99/100|[from] item: Leftovers
|upkeep
|turn|69
|
|t:|1729620032
|move|p2a: Suicune|Surf|p1a: Swampert
|-damage|p1a: Swampert|60/100
|move|p1a: Swampert|Ice Beam|p2a: Suicune
|-resisted|p2a: Suicune
|-damage|p2a: Suicune|96/100
|
|-heal|p2a: Suicune|100/100|[from] item: Leftovers
|-heal|p1a: Swampert|66/100|[from] item: Leftovers
|upkeep
|turn|70
|
|t:|1729620034
|move|p2a: Suicune|Surf|p1a: Swampert
|-damage|p1a: Swampert|28/100
|move|p1a: Swampert|Ice Beam|p2a: Suicune
|-resisted|p2a: Suicune
|-damage|p2a: Suicune|96/100
|
|-heal|p2a: Suicune|100/100|[from] item: Leftovers
|-heal|p1a: Swampert|34/100|[from] item: Leftovers
|upkeep
|turn|71
|
|t:|1729620035
|move|p2a: Suicune|Surf|p1a: Swampert
|-damage|p1a: Swampert|0 fnt
|faint|p1a: Swampert
|
|win|tempokin
|c|☆tempokin|gg
|c|☆simonsimonf|gg
|player|p2|
|player|p1|

</script>
<script type="application/json" class="data" id="replaydata-smogtours-gen3ou-801218">
{"id":"smogtours-gen3ou-801218","format":"[Gen 3] OU","players":["simonsimonf","tempokin"],"uploadtime":1729620035,"views":94,"formatid":"gen3ou","rating":null,"private":0,"password":null}
</script>

<script defer src="js/replays.js?9d40a366"></script>
