<!DOCTYPE html>
<meta charset="utf-8" />
<meta name="viewport" content="width=device-width" />

<title>[Gen 3] OU: ratdogrefurnished vs. clarissen - Replays - Pok&eacute;mon Showdown!</title>

<meta name="description" content="Watch a replay of a Pok&eacute;mon battle between ratdogrefurnished and clarissen! Format: [Gen 3] OU; Date: Oct 4, 2024" />
<!--

Hey, you! Looking in the source for the replay log?

You can find them in JSON format, just add `.json` at the end of a replay URL.

https://replay.pokemonshowdown.com/gen7randomdoublesbattle-865046831.json

Or, if you only need the log itself, add `.log` instead:

https://replay.pokemonshowdown.com/gen7randomdoublesbattle-865046831.log

-->

<link rel="stylesheet" href="//pokemonshowdown.com/style/global.css?0.023195364461161105" />
<link rel="stylesheet" href="//play.pokemonshowdown.com/style/font-awesome.css?0.13261647063804238" />
<link rel="stylesheet" href="//play.pokemonshowdown.com/style/battle.css?0.8753245789963631" />
<link rel="stylesheet" href="//play.pokemonshowdown.com/style/utilichart.css?0.8627959624976733" />

<!-- Global site tag (gtag.js) - Google Analytics -->
<script async src="https://www.googletagmanager.com/gtag/js?id=UA-26211653-1"></script>
<script>
  window.dataLayer = window.dataLayer || [];
  function gtag(){dataLayer.push(arguments);}
  gtag('js', new Date());

  gtag('config', 'UA-26211653-1');
</script>
<!-- End Google Analytics -->
<!-- Venatus Ad Manager - Install in <HEAD> of page -->
	<script src="https://hb.vntsm.com/v3/live/ad-manager.min.js" type="text/javascript" data-site-id="642aba63ec9a7b11c3c9c1be" data-mode="scan" async></script>
<!-- / Venatus Ad Manager -->

<style>
	@media (max-width:820px) {
		.battle {
			margin: 0 auto;
		}
		.battle-log {
			margin: 7px auto 0;
			max-width: 640px;
			height: 300px;
			position: static;
		}
	}
	.optgroup {
		display: inline-block;
		line-height: 22px;
		font-size: 10pt;
	}
	.optgroup .button {
		height: 25px;
		padding-top: 0;
		padding-bottom: 0;
	}
	.optgroup button.button {
		padding-left: 12px;
		padding-right: 12px;
	}
	.linklist {
		list-style: none;
		margin: 0.5em 0;
		padding: 0;
	}
	.linklist li {
		padding: 2px 0;
	}
	.sidebar {
		float: left;
		width: 320px;
	}
	.bar-wrapper {
		max-width: 1100px;
		margin: 0 auto;
	}
	.bar-wrapper.has-sidebar {
		max-width: 1430px;
	}
	.mainbar {
		margin: 0;
		padding-right: 1px;
	}
	.mainbar.has-sidebar {
		margin-left: 330px;
	}
	@media (min-width: 1511px) {
		.sidebar {
			width: 400px;
		}
		.bar-wrapper.has-sidebar {
			max-width: 1510px;
		}
		.mainbar.has-sidebar {
			margin-left: 410px;
		}
	}
	.section.first-section {
		margin-top: 9px;
	}
	.blocklink small {
		white-space: normal;
	}
	.button {
		vertical-align: middle;
	}
	.replay-controls {
		padding-top: 10px;
	}
	.replay-controls h1 {
		font-size: 16pt;
		font-weight: normal;
		color: #CCC;
	}
	.pagelink {
		text-align: center;
	}
	.pagelink a {
		width: 150px;
	}
	.textbox, .button {
		font-size: 11pt;
		vertical-align: middle;
	}
	@media (max-width: 450px) {
		.button {
			font-size: 9pt;
		}
	}
</style>

<div>

	<header>
		<div class="nav-wrapper"><ul class="nav">
			<li><a class="button nav-first" href="//pokemonshowdown.com/"><img src="//pokemonshowdown.com/images/pokemonshowdownbeta.png" srcset="//pokemonshowdown.com/images/pokemonshowdownbeta.png 1x, //pokemonshowdown.com/images/pokemonshowdownbeta@2x.png 2x" alt="Pok&eacute;mon Showdown" width="146" height="44" /> Home</a></li>
			<li><a class="button" href="//pokemonshowdown.com/dex/">Pok&eacute;dex</a></li>
			<li><a class="button cur" href="/">Replays</a></li>
			<li><a class="button" href="//pokemonshowdown.com/ladder/">Ladder</a></li>
			<li><a class="button nav-last" href="//pokemonshowdown.com/forums/">Forum</a></li>
			<li><a class="button greenbutton nav-first nav-last" href="//play.pokemonshowdown.com/">Play</a></li>
		</ul></div>
	</header>

	<div class="main" id="main">

		<noscript><section class="section">You need to enable JavaScript to use this page; sorry!</section></noscript>

	</div>

</div>

<script defer nomodule src="//play.pokemonshowdown.com/js/lib/ps-polyfill.js"></script>
<script defer src="//play.pokemonshowdown.com/js/lib/preact.min.js"></script>

<script defer src="//play.pokemonshowdown.com/config/config.js?2bddbc15"></script>
<script defer src="//play.pokemonshowdown.com/js/lib/jquery-1.11.0.min.js"></script>
<script defer src="//play.pokemonshowdown.com/js/lib/html-sanitizer-minified.js"></script>
<script defer src="//play.pokemonshowdown.com/js/battle-sound.js"></script>
<script defer src="//play.pokemonshowdown.com/js/battledata.js?0.7209276989879541"></script>
<script defer src="//play.pokemonshowdown.com/data/pokedex-mini.js?0.6111056340867951"></script>
<script defer src="//play.pokemonshowdown.com/data/pokedex-mini-bw.js?0.3532142036491459"></script>
<script defer src="//play.pokemonshowdown.com/data/graphics.js?0.24223875632456182"></script>
<script defer src="//play.pokemonshowdown.com/data/pokedex.js?0.38839984266356864"></script>
<script defer src="//play.pokemonshowdown.com/data/moves.js?0.21866028504024015"></script>
<script defer src="//play.pokemonshowdown.com/data/abilities.js?0.2005157953846628"></script>
<script defer src="//play.pokemonshowdown.com/data/items.js?0.9894211263848525"></script>
<script defer src="//play.pokemonshowdown.com/data/teambuilder-tables.js?0.6008791140282215"></script>
<script defer src="//play.pokemonshowdown.com/js/battle-tooltips.js?0.7580118955022959"></script>
<script defer src="//play.pokemonshowdown.com/js/battle.js?0.6057722274234274"></script>

<script defer src="js/utils.js?e31f9a17"></script>
<script defer src="js/replays-battle.js?7008c182"></script>

<!-- don't scrape this data! just add .json or .log after the URL!
Full API docs: https://github.com/smogon/pokemon-showdown-client/blob/master/WEB-API.md -->
<script type="text/plain" class="log" id="replaylog-smogtours-gen3ou-794772">
|inactive|Battle timer is ON: inactive players will automatically lose when time's up.
|t:|1728082885
|gametype|singles
|player|p1|ratdogrefurnished|pokemaniac-gen3rs|
|player|p2|clarissen|101|
|teamsize|p1|6
|teamsize|p2|6
|gen|3
|tier|[Gen 3] OU
|rule|Sleep Clause Mod: Limit one foe put to sleep
|rule|Switch Priority Clause Mod: Faster Pokémon switch first
|rule|Species Clause: Limit one of each Pokémon
|rule|OHKO Clause: OHKO moves are banned
|rule|Evasion Items Clause: Evasion items are banned
|rule|Evasion Moves Clause: Evasion moves are banned
|rule|Endless Battle Clause: Forcing endless battles is banned
|rule|HP Percentage Mod: HP is shown in percentages
|rule|One Boost Passer Clause: Limit one Baton Passer that has a way to boost its stats
|rule|Freeze Clause Mod: Limit one foe frozen
|
|t:|1728082885
|start
|switch|p1a: Hamburger Helper|Skarmory, F|100/100
|switch|p2a: Salamence|Salamence, F|100/100
|-ability|p2a: Salamence|Intimidate|boost
|-unboost|p1a: Hamburger Helper|atk|1
|turn|1
|c|☆ratdogrefurnished|hf!
|inactive|clarissen has 270 seconds left.
|
|t:|1728082922
|switch|p2a: Magneton|Magneton, shiny|100/100
|move|p1a: Hamburger Helper|Spikes|p2a: Magneton
|-sidestart|p2: clarissen|Spikes
|
|upkeep
|turn|2
|
|t:|1728082927
|move|p2a: Magneton|Thunderbolt|p1a: Hamburger Helper
|-supereffective|p1a: Hamburger Helper
|-damage|p1a: Hamburger Helper|2/100
|move|p1a: Hamburger Helper|Roar|p2a: Magneton
|drag|p2a: Swampert|Swampert, F, shiny|100/100
|-damage|p2a: Swampert|88/100|[from] Spikes
|
|-heal|p1a: Hamburger Helper|8/100|[from] item: Leftovers
|-heal|p2a: Swampert|94/100|[from] item: Leftovers
|upkeep
|turn|3
|
|t:|1728082934
|switch|p1a: The Roughage|Celebi|100/100
|move|p2a: Swampert|Ice Beam|p1a: The Roughage
|-supereffective|p1a: The Roughage
|-damage|p1a: The Roughage|69/100
|
|-heal|p1a: The Roughage|75/100|[from] item: Leftovers
|-heal|p2a: Swampert|100/100|[from] item: Leftovers
|upkeep
|turn|4
|
|t:|1728082964
|switch|p2a: Salamence|Salamence, F|100/100
|-ability|p2a: Salamence|Intimidate|boost
|-unboost|p1a: The Roughage|atk|1
|move|p1a: The Roughage|Leech Seed|p2a: Salamence
|-start|p2a: Salamence|move: Leech Seed
|
|-damage|p2a: Salamence|88/100|[from] Leech Seed|[of] p1a: The Roughage
|-heal|p1a: The Roughage|86/100|[silent]
|-heal|p1a: The Roughage|92/100|[from] item: Leftovers
|upkeep
|turn|5
|
|t:|1728082973
|switch|p1a: Grimace|Donphan, F, shiny|100/100
|move|p2a: Salamence|Hidden Power|p1a: Grimace
|-damage|p1a: Grimace|71/100
|
|-heal|p2a: Salamence|94/100|[from] item: Leftovers
|-damage|p2a: Salamence|82/100|[from] Leech Seed|[of] p1a: Grimace
|-heal|p1a: Grimace|83/100|[silent]
|upkeep
|turn|6
|inactive|clarissen has 270 seconds left.
|inactive|clarissen has 240 seconds left.
|inactive|clarissen has 210 seconds left.
|
|t:|1728083059
|switch|p2a: Kingdra|Kingdra, M, shiny|100/100
|-damage|p2a: Kingdra|88/100|[from] Spikes
|move|p1a: Grimace|Earthquake|p2a: Kingdra
|-damage|p2a: Kingdra|32/100
|
|upkeep
|turn|7
|inactive|clarissen has 210 seconds left.
|
|t:|1728083080
|switch|p1a: Hamburger Helper|Skarmory, F|8/100
|move|p2a: Kingdra|Ice Beam|p1a: Hamburger Helper
|-damage|p1a: Hamburger Helper|0 fnt
|faint|p1a: Hamburger Helper
|
|t:|1728083087
|switch|p1a: Beans 'n Rice|Aerodactyl, M|100/100
|
|upkeep
|turn|8
|
|t:|1728083106
|switch|p2a: Swampert|Swampert, F, shiny|100/100
|-damage|p2a: Swampert|88/100|[from] Spikes
|move|p1a: Beans 'n Rice|Double-Edge|p2a: Swampert
|-damage|p2a: Swampert|51/100
|
|-heal|p2a: Swampert|57/100|[from] item: Leftovers
|upkeep
|turn|9
|inactive|ratdogrefurnished has 270 seconds left.
|inactive|clarissen has 180 seconds left.
|
|t:|1728083138
|switch|p1a: The Noid|Banette, F|100/100
|switch|p2a: Salamence|Salamence, F|82/100
|-ability|p2a: Salamence|Intimidate|boost
|-unboost|p1a: The Noid|atk|1
|
|-heal|p2a: Salamence|88/100|[from] item: Leftovers
|upkeep
|turn|10
|inactive|clarissen has 180 seconds left.
|
|t:|1728083168
|switch|p2a: Celebi|Celebi|100/100
|-damage|p2a: Celebi|88/100|[from] Spikes
|move|p1a: The Noid|Will-O-Wisp|p2a: Celebi
|-status|p2a: Celebi|brn
|
|-heal|p2a: Celebi|94/100 brn|[from] item: Leftovers
|-damage|p2a: Celebi|82/100 brn|[from] brn
|upkeep
|turn|11
|
|t:|1728083176
|switch|p1a: Beans 'n Rice|Aerodactyl, M|100/100
|move|p2a: Celebi|Leech Seed|p1a: Beans 'n Rice
|-start|p1a: Beans 'n Rice|move: Leech Seed
|
|-damage|p1a: Beans 'n Rice|88/100|[from] Leech Seed|[of] p2a: Celebi
|-heal|p2a: Celebi|93/100 brn|[silent]
|-heal|p2a: Celebi|99/100 brn|[from] item: Leftovers
|-damage|p2a: Celebi|87/100 brn|[from] brn
|upkeep
|turn|12
|inactive|clarissen has 150 seconds left.
|
|t:|1728083210
|switch|p1a: The Noid|Banette, F|100/100
|-curestatus|p2a: Celebi|brn|[from] ability: Natural Cure
|switch|p2a: Kingdra|Kingdra, M, shiny|32/100
|-damage|p2a: Kingdra|20/100|[from] Spikes
|
|upkeep
|turn|13
|
|t:|1728083219
|move|p2a: Kingdra|Surf|p1a: The Noid
|-damage|p1a: The Noid|26/100
|move|p1a: The Noid|Shadow Ball|p2a: Kingdra
|-damage|p2a: Kingdra|0 fnt
|faint|p2a: Kingdra
|inactive|clarissen has 120 seconds left.
|inactive|clarissen has 90 seconds left.
|
|t:|1728083293
|switch|p2a: Salamence|Salamence, F|88/100
|-ability|p2a: Salamence|Intimidate|boost
|-unboost|p1a: The Noid|atk|1
|
|-heal|p2a: Salamence|94/100|[from] item: Leftovers
|-heal|p1a: The Noid|32/100|[from] item: Leftovers
|upkeep
|turn|14
|
|t:|1728083301
|move|p2a: Salamence|Rock Slide|p1a: The Noid
|-damage|p1a: The Noid|0 fnt
|faint|p1a: The Noid
|
|t:|1728083308
|switch|p1a: Beans 'n Rice|Aerodactyl, M|88/100
|
|-heal|p2a: Salamence|100/100|[from] item: Leftovers
|upkeep
|turn|15
|
|t:|1728083316
|switch|p2a: Magneton|Magneton, shiny|100/100
|-damage|p2a: Magneton|88/100|[from] Spikes
|move|p1a: Beans 'n Rice|Rock Slide|p2a: Magneton
|-resisted|p2a: Magneton
|-damage|p2a: Magneton|50/100
|
|upkeep
|turn|16
|c|+violet river|GO CLARI
|
|t:|1728083323
|switch|p1a: Grimace|Donphan, F, shiny|83/100
|move|p2a: Magneton|Thunder Wave|p1a: Grimace
|-immune|p1a: Grimace
|
|upkeep
|turn|17
|inactive|clarissen has 90 seconds left.
|
|t:|1728083350
|switch|p2a: Celebi|Celebi|87/100
|-damage|p2a: Celebi|74/100|[from] Spikes
|move|p1a: Grimace|Rock Slide|p2a: Celebi
|-damage|p2a: Celebi|46/100
|
|-heal|p2a: Celebi|52/100|[from] item: Leftovers
|upkeep
|turn|18
|inactive|clarissen has 90 seconds left.
|
|t:|1728083365
|switch|p1a: The Roughage|Celebi|92/100
|move|p2a: Celebi|Psychic|p1a: The Roughage
|-resisted|p1a: The Roughage
|-damage|p1a: The Roughage|73/100
|
|-heal|p2a: Celebi|59/100|[from] item: Leftovers
|-heal|p1a: The Roughage|79/100|[from] item: Leftovers
|upkeep
|turn|19
|
|t:|1728083374
|move|p2a: Celebi|Calm Mind|p2a: Celebi
|-boost|p2a: Celebi|spa|1
|-boost|p2a: Celebi|spd|1
|move|p1a: The Roughage|Swords Dance|p1a: The Roughage
|-boost|p1a: The Roughage|atk|2
|
|-heal|p2a: Celebi|65/100|[from] item: Leftovers
|-heal|p1a: The Roughage|86/100|[from] item: Leftovers
|upkeep
|turn|20
|inactive|clarissen has 90 seconds left.
|
|t:|1728083393
|move|p2a: Celebi|Psychic|p1a: The Roughage
|-resisted|p1a: The Roughage
|-damage|p1a: The Roughage|58/100
|move|p1a: The Roughage|Baton Pass|p1a: The Roughage
|inactive|ratdogrefurnished has 270 seconds left.
|
|t:|1728083432
|switch|p1a: Hamburger|Tyranitar, F|100/100|[from] Baton Pass
|-weather|Sandstorm|[from] ability: Sand Stream|[of] p1a: Hamburger
|
|-weather|Sandstorm|[upkeep]
|-damage|p2a: Celebi|59/100|[from] Sandstorm
|-heal|p2a: Celebi|65/100|[from] item: Leftovers
|upkeep
|turn|21
|
|t:|1728083443
|move|p2a: Celebi|Giga Drain|p1a: Hamburger
|-supereffective|p1a: Hamburger
|-damage|p1a: Hamburger|15/100
|-heal|p2a: Celebi|100/100|[from] drain|[of] p1a: Hamburger
|move|p1a: Hamburger|Dragon Dance|p1a: Hamburger
|-boost|p1a: Hamburger|atk|1
|-boost|p1a: Hamburger|spe|1
|
|-weather|Sandstorm|[upkeep]
|-damage|p2a: Celebi|94/100|[from] Sandstorm
|-heal|p2a: Celebi|100/100|[from] item: Leftovers
|upkeep
|turn|22
|inactive|clarissen has 90 seconds left.
|inactive|clarissen has 60 seconds left.
|
|t:|1728083496
|switch|p2a: Salamence|Salamence, F|100/100
|-ability|p2a: Salamence|Intimidate|boost
|-unboost|p1a: Hamburger|atk|1
|move|p1a: Hamburger|Rock Slide|p2a: Salamence
|-supereffective|p2a: Salamence
|-crit|p2a: Salamence
|-damage|p2a: Salamence|0 fnt
|faint|p2a: Salamence
|
|t:|1728083512
|switch|p2a: Swampert|Swampert, F, shiny|57/100
|-damage|p2a: Swampert|45/100|[from] Spikes
|
|-weather|Sandstorm|[upkeep]
|-heal|p2a: Swampert|51/100|[from] item: Leftovers
|upkeep
|turn|23
|
|t:|1728083525
|move|p1a: Hamburger|Hyper Beam|p2a: Swampert
|-damage|p2a: Swampert|0 fnt
|-mustrecharge|p1a: Hamburger
|faint|p2a: Swampert
|c|☆clarissen|WZH
|inactive|clarissen has 30 seconds left.
|inactive|clarissen has 20 seconds left.
|inactive|clarissen has 15 seconds left.
|
|t:|1728083564
|switch|p2a: Celebi|Celebi|100/100
|-damage|p2a: Celebi|88/100|[from] Spikes
|
|-weather|Sandstorm|[upkeep]
|-damage|p2a: Celebi|82/100|[from] Sandstorm
|-heal|p2a: Celebi|88/100|[from] item: Leftovers
|upkeep
|turn|24
|inactive|clarissen has 25 seconds left this turn.
|inactive|clarissen has 20 seconds left.
|
|t:|1728083573
|cant|p1a: Hamburger|recharge
|move|p2a: Celebi|Giga Drain|p1a: Hamburger
|-supereffective|p1a: Hamburger
|-damage|p1a: Hamburger|0 fnt
|-heal|p2a: Celebi|96/100|[from] drain|[of] p1a: Hamburger
|faint|p1a: Hamburger
|inactive|clarissen has 25 seconds left this turn.
|c|+ALlCE|LOL?
|
|t:|1728083577
|switch|p1a: Beans 'n Rice|Aerodactyl, M|88/100
|
|-weather|Sandstorm|[upkeep]
|-damage|p2a: Celebi|89/100|[from] Sandstorm
|-heal|p2a: Celebi|96/100|[from] item: Leftovers
|upkeep
|turn|25
|
|t:|1728083581
|switch|p2a: Magneton|Magneton, shiny|50/100
|-damage|p2a: Magneton|38/100|[from] Spikes
|move|p1a: Beans 'n Rice|Hidden Power|p2a: Magneton
|-resisted|p2a: Magneton
|-damage|p2a: Magneton|20/100
|
|-weather|Sandstorm|[upkeep]
|upkeep
|turn|26
|
|t:|1728083587
|switch|p1a: Grimace|Donphan, F, shiny|83/100
|move|p2a: Magneton|Hidden Power|p1a: Grimace
|-damage|p1a: Grimace|44/100
|
|-weather|Sandstorm|[upkeep]
|upkeep
|turn|27
|
|t:|1728083594
|move|p2a: Magneton|Hidden Power|p1a: Grimace
|-crit|p1a: Grimace
|-damage|p1a: Grimace|0 fnt
|faint|p1a: Grimace
|c|☆clarissen|mb
|
|t:|1728083600
|switch|p1a: Beans 'n Rice|Aerodactyl, M|88/100
|
|-weather|Sandstorm|[upkeep]
|upkeep
|turn|28
|
|t:|1728083605
|move|p1a: Beans 'n Rice|Rock Slide|p2a: Magneton
|-resisted|p2a: Magneton
|-crit|p2a: Magneton
|-damage|p2a: Magneton|0 fnt
|faint|p2a: Magneton
|
|t:|1728083634
|switch|p2a: Jirachi|Jirachi|100/100
|-damage|p2a: Jirachi|88/100|[from] Spikes
|
|-weather|Sandstorm|[upkeep]
|-heal|p2a: Jirachi|94/100|[from] item: Leftovers
|upkeep
|turn|29
|
|t:|1728083642
|switch|p1a: The Roughage|Celebi|58/100
|move|p2a: Jirachi|Fire Punch|p1a: The Roughage
|-supereffective|p1a: The Roughage
|-damage|p1a: The Roughage|15/100
|
|-weather|Sandstorm|[upkeep]
|-damage|p1a: The Roughage|8/100|[from] Sandstorm
|-heal|p1a: The Roughage|15/100|[from] item: Leftovers
|-heal|p2a: Jirachi|100/100|[from] item: Leftovers
|upkeep
|turn|30
|
|t:|1728083647
|move|p1a: The Roughage|Recover|p1a: The Roughage
|-heal|p1a: The Roughage|65/100
|move|p2a: Jirachi|Fire Punch|p1a: The Roughage
|-supereffective|p1a: The Roughage
|-damage|p1a: The Roughage|26/100
|
|-weather|Sandstorm|[upkeep]
|-damage|p1a: The Roughage|20/100|[from] Sandstorm
|-heal|p1a: The Roughage|26/100|[from] item: Leftovers
|upkeep
|turn|31
|inactive|clarissen has 60 seconds left.
|
|t:|1728083653
|move|p1a: The Roughage|Recover|p1a: The Roughage
|-heal|p1a: The Roughage|76/100
|move|p2a: Jirachi|Fire Punch|p1a: The Roughage
|-supereffective|p1a: The Roughage
|-damage|p1a: The Roughage|33/100
|
|-weather|Sandstorm|[upkeep]
|-damage|p1a: The Roughage|27/100|[from] Sandstorm
|-heal|p1a: The Roughage|33/100|[from] item: Leftovers
|upkeep
|turn|32
|
|t:|1728083658
|move|p1a: The Roughage|Recover|p1a: The Roughage
|-heal|p1a: The Roughage|83/100
|move|p2a: Jirachi|Fire Punch|p1a: The Roughage
|-supereffective|p1a: The Roughage
|-damage|p1a: The Roughage|43/100
|-status|p1a: The Roughage|brn
|
|-weather|Sandstorm|[upkeep]
|-damage|p1a: The Roughage|37/100 brn|[from] Sandstorm
|-heal|p1a: The Roughage|43/100 brn|[from] item: Leftovers
|-damage|p1a: The Roughage|31/100 brn|[from] brn
|upkeep
|turn|33
|
|t:|1728083665
|move|p1a: The Roughage|Recover|p1a: The Roughage
|-heal|p1a: The Roughage|81/100 brn
|move|p2a: Jirachi|Fire Punch|p1a: The Roughage
|-supereffective|p1a: The Roughage
|-damage|p1a: The Roughage|39/100 brn
|
|-weather|Sandstorm|[upkeep]
|-damage|p1a: The Roughage|32/100 brn|[from] Sandstorm
|-heal|p1a: The Roughage|39/100 brn|[from] item: Leftovers
|-damage|p1a: The Roughage|26/100 brn|[from] brn
|upkeep
|turn|34
|
|t:|1728083669
|move|p1a: The Roughage|Recover|p1a: The Roughage
|-heal|p1a: The Roughage|76/100 brn
|move|p2a: Jirachi|Fire Punch|p1a: The Roughage
|-supereffective|p1a: The Roughage
|-damage|p1a: The Roughage|36/100 brn
|
|-weather|Sandstorm|[upkeep]
|-damage|p1a: The Roughage|30/100 brn|[from] Sandstorm
|-heal|p1a: The Roughage|36/100 brn|[from] item: Leftovers
|-damage|p1a: The Roughage|24/100 brn|[from] brn
|upkeep
|turn|35
|
|t:|1728083678
|move|p1a: The Roughage|Recover|p1a: The Roughage
|-heal|p1a: The Roughage|74/100 brn
|move|p2a: Jirachi|Fire Punch|p1a: The Roughage
|-supereffective|p1a: The Roughage
|-damage|p1a: The Roughage|33/100 brn
|
|-weather|Sandstorm|[upkeep]
|-damage|p1a: The Roughage|27/100 brn|[from] Sandstorm
|-heal|p1a: The Roughage|33/100 brn|[from] item: Leftovers
|-damage|p1a: The Roughage|21/100 brn|[from] brn
|upkeep
|turn|36
|
|t:|1728083682
|move|p1a: The Roughage|Leech Seed|p2a: Jirachi|[miss]
|-miss|p1a: The Roughage|p2a: Jirachi
|move|p2a: Jirachi|Fire Punch|p1a: The Roughage
|-supereffective|p1a: The Roughage
|-damage|p1a: The Roughage|0 fnt
|faint|p1a: The Roughage
|
|t:|1728083684
|switch|p1a: Beans 'n Rice|Aerodactyl, M|88/100
|
|-weather|Sandstorm|[upkeep]
|upkeep
|turn|37
|
|t:|1728083694
|move|p1a: Beans 'n Rice|Rock Slide|p2a: Jirachi
|-resisted|p2a: Jirachi
|-damage|p2a: Jirachi|72/100
|move|p2a: Jirachi|Hidden Power|p1a: Beans 'n Rice
|-damage|p1a: Beans 'n Rice|58/100
|
|-weather|Sandstorm|[upkeep]
|-heal|p2a: Jirachi|78/100|[from] item: Leftovers
|upkeep
|turn|38
|
|t:|1728083698
|move|p1a: Beans 'n Rice|Rock Slide|p2a: Jirachi
|-resisted|p2a: Jirachi
|-crit|p2a: Jirachi
|-damage|p2a: Jirachi|26/100
|move|p2a: Jirachi|Hidden Power|p1a: Beans 'n Rice
|-damage|p1a: Beans 'n Rice|27/100
|
|-weather|Sandstorm|[upkeep]
|-heal|p2a: Jirachi|32/100|[from] item: Leftovers
|upkeep
|turn|39
|
|t:|1728083704
|move|p1a: Beans 'n Rice|Rock Slide|p2a: Jirachi
|-resisted|p2a: Jirachi
|-damage|p2a: Jirachi|3/100
|move|p2a: Jirachi|Hidden Power|p1a: Beans 'n Rice
|-damage|p1a: Beans 'n Rice|0 fnt
|faint|p1a: Beans 'n Rice
|
|win|clarissen
|c|☆ratdogrefurnished|GG
|c|☆clarissen|gg
|player|p1|

</script>
<script type="application/json" class="data" id="replaydata-smogtours-gen3ou-794772">
{"id":"smogtours-gen3ou-794772","format":"[Gen 3] OU","players":["ratdogrefurnished","clarissen"],"uploadtime":1728083704,"views":141,"formatid":"gen3ou","rating":null,"private":0,"password":null}
</script>

<script defer src="js/replays.js?9d40a366"></script>
