<!DOCTYPE html>
<meta charset="utf-8" />
<meta name="viewport" content="width=device-width" />

<title>[Gen 3] OU: Depres_ionCher_y vs. Fear - Replays - Pok&eacute;mon Showdown!</title>

<meta name="description" content="Watch a replay of a Pok&eacute;mon battle between Depres_ionCher_y and Fear! Format: [Gen 3] OU; Date: Nov 7, 2024" />
<!--

Hey, you! Looking in the source for the replay log?

You can find them in JSON format, just add `.json` at the end of a replay URL.

https://replay.pokemonshowdown.com/gen7randomdoublesbattle-865046831.json

Or, if you only need the log itself, add `.log` instead:

https://replay.pokemonshowdown.com/gen7randomdoublesbattle-865046831.log

-->

<link rel="stylesheet" href="//pokemonshowdown.com/style/global.css?0.023195364461161105" />
<link rel="stylesheet" href="//play.pokemonshowdown.com/style/font-awesome.css?0.13261647063804238" />
<link rel="stylesheet" href="//play.pokemonshowdown.com/style/battle.css?0.8753245789963631" />
<link rel="stylesheet" href="//play.pokemonshowdown.com/style/utilichart.css?0.8627959624976733" />

<!-- Global site tag (gtag.js) - Google Analytics -->
<script async src="https://www.googletagmanager.com/gtag/js?id=UA-26211653-1"></script>
<script>
  window.dataLayer = window.dataLayer || [];
  function gtag(){dataLayer.push(arguments);}
  gtag('js', new Date());

  gtag('config', 'UA-26211653-1');
</script>
<!-- End Google Analytics -->
<!-- Venatus Ad Manager - Install in <HEAD> of page -->
	<script src="https://hb.vntsm.com/v3/live/ad-manager.min.js" type="text/javascript" data-site-id="642aba63ec9a7b11c3c9c1be" data-mode="scan" async></script>
<!-- / Venatus Ad Manager -->

<style>
	@media (max-width:820px) {
		.battle {
			margin: 0 auto;
		}
		.battle-log {
			margin: 7px auto 0;
			max-width: 640px;
			height: 300px;
			position: static;
		}
	}
	.optgroup {
		display: inline-block;
		line-height: 22px;
		font-size: 10pt;
	}
	.optgroup .button {
		height: 25px;
		padding-top: 0;
		padding-bottom: 0;
	}
	.optgroup button.button {
		padding-left: 12px;
		padding-right: 12px;
	}
	.linklist {
		list-style: none;
		margin: 0.5em 0;
		padding: 0;
	}
	.linklist li {
		padding: 2px 0;
	}
	.sidebar {
		float: left;
		width: 320px;
	}
	.bar-wrapper {
		max-width: 1100px;
		margin: 0 auto;
	}
	.bar-wrapper.has-sidebar {
		max-width: 1430px;
	}
	.mainbar {
		margin: 0;
		padding-right: 1px;
	}
	.mainbar.has-sidebar {
		margin-left: 330px;
	}
	@media (min-width: 1511px) {
		.sidebar {
			width: 400px;
		}
		.bar-wrapper.has-sidebar {
			max-width: 1510px;
		}
		.mainbar.has-sidebar {
			margin-left: 410px;
		}
	}
	.section.first-section {
		margin-top: 9px;
	}
	.blocklink small {
		white-space: normal;
	}
	.button {
		vertical-align: middle;
	}
	.replay-controls {
		padding-top: 10px;
	}
	.replay-controls h1 {
		font-size: 16pt;
		font-weight: normal;
		color: #CCC;
	}
	.pagelink {
		text-align: center;
	}
	.pagelink a {
		width: 150px;
	}
	.textbox, .button {
		font-size: 11pt;
		vertical-align: middle;
	}
	@media (max-width: 450px) {
		.button {
			font-size: 9pt;
		}
	}
</style>

<div>

	<header>
		<div class="nav-wrapper"><ul class="nav">
			<li><a class="button nav-first" href="//pokemonshowdown.com/"><img src="//pokemonshowdown.com/images/pokemonshowdownbeta.png" srcset="//pokemonshowdown.com/images/pokemonshowdownbeta.png 1x, //pokemonshowdown.com/images/pokemonshowdownbeta@2x.png 2x" alt="Pok&eacute;mon Showdown" width="146" height="44" /> Home</a></li>
			<li><a class="button" href="//pokemonshowdown.com/dex/">Pok&eacute;dex</a></li>
			<li><a class="button cur" href="/">Replays</a></li>
			<li><a class="button" href="//pokemonshowdown.com/ladder/">Ladder</a></li>
			<li><a class="button nav-last" href="//pokemonshowdown.com/forums/">Forum</a></li>
			<li><a class="button greenbutton nav-first nav-last" href="//play.pokemonshowdown.com/">Play</a></li>
		</ul></div>
	</header>

	<div class="main" id="main">

		<noscript><section class="section">You need to enable JavaScript to use this page; sorry!</section></noscript>

	</div>

</div>

<script defer nomodule src="//play.pokemonshowdown.com/js/lib/ps-polyfill.js"></script>
<script defer src="//play.pokemonshowdown.com/js/lib/preact.min.js"></script>

<script defer src="//play.pokemonshowdown.com/config/config.js?2bddbc15"></script>
<script defer src="//play.pokemonshowdown.com/js/lib/jquery-1.11.0.min.js"></script>
<script defer src="//play.pokemonshowdown.com/js/lib/html-sanitizer-minified.js"></script>
<script defer src="//play.pokemonshowdown.com/js/battle-sound.js"></script>
<script defer src="//play.pokemonshowdown.com/js/battledata.js?0.7209276989879541"></script>
<script defer src="//play.pokemonshowdown.com/data/pokedex-mini.js?0.6111056340867951"></script>
<script defer src="//play.pokemonshowdown.com/data/pokedex-mini-bw.js?0.3532142036491459"></script>
<script defer src="//play.pokemonshowdown.com/data/graphics.js?0.24223875632456182"></script>
<script defer src="//play.pokemonshowdown.com/data/pokedex.js?0.38839984266356864"></script>
<script defer src="//play.pokemonshowdown.com/data/moves.js?0.21866028504024015"></script>
<script defer src="//play.pokemonshowdown.com/data/abilities.js?0.2005157953846628"></script>
<script defer src="//play.pokemonshowdown.com/data/items.js?0.9894211263848525"></script>
<script defer src="//play.pokemonshowdown.com/data/teambuilder-tables.js?0.6008791140282215"></script>
<script defer src="//play.pokemonshowdown.com/js/battle-tooltips.js?0.7580118955022959"></script>
<script defer src="//play.pokemonshowdown.com/js/battle.js?0.6057722274234274"></script>

<script defer src="js/utils.js?e31f9a17"></script>
<script defer src="js/replays-battle.js?7008c182"></script>

<!-- don't scrape this data! just add .json or .log after the URL!
Full API docs: https://github.com/smogon/pokemon-showdown-client/blob/master/WEB-API.md -->
<script type="text/plain" class="log" id="replaylog-smogtours-gen3ou-805079">
|inactive|Battle timer is ON: inactive players will automatically lose when time's up.
|t:|1730988029
|gametype|singles
|player|p1|Depres_ionCher_y|waitress-gen4|
|player|p2|Fear|#gscpl3ironmanmachamps|
|teamsize|p1|6
|teamsize|p2|6
|gen|3
|tier|[Gen 3] OU
|rule|Sleep Clause Mod: Limit one foe put to sleep
|rule|Switch Priority Clause Mod: Faster Pokémon switch first
|rule|Species Clause: Limit one of each Pokémon
|rule|OHKO Clause: OHKO moves are banned
|rule|Evasion Items Clause: Evasion items are banned
|rule|Evasion Moves Clause: Evasion moves are banned
|rule|Endless Battle Clause: Forcing endless battles is banned
|rule|HP Percentage Mod: HP is shown in percentages
|rule|One Boost Passer Clause: Limit one Baton Passer that has a way to boost its stats
|rule|Freeze Clause Mod: Limit one foe frozen
|
|t:|1730988030
|start
|switch|p1a: Salamence|Salamence, F|100/100
|switch|p2a: Aerodactyl|Aerodactyl, F|100/100
|-ability|p1a: Salamence|Intimidate|boost
|-unboost|p2a: Aerodactyl|atk|1
|turn|1
|c|☆Depres_ionCher_y|hf
|c|☆Fear|you too
|inactive|Depres_ionCher_y has 270 seconds left.
|inactive|Fear has 270 seconds left.
|
|t:|1730988104
|switch|p1a: Cloyster|Cloyster, M|100/100
|move|p2a: Aerodactyl|Rock Slide|p1a: Cloyster
|-supereffective|p1a: Cloyster
|-damage|p1a: Cloyster|55/100
|
|-heal|p1a: Cloyster|61/100|[from] item: Leftovers
|upkeep
|turn|2
|
|t:|1730988126
|move|p2a: Aerodactyl|Rock Slide|p1a: Cloyster
|-supereffective|p1a: Cloyster
|-damage|p1a: Cloyster|18/100
|move|p1a: Cloyster|Spikes|p2a: Aerodactyl
|-sidestart|p2: Fear|Spikes
|
|-heal|p1a: Cloyster|24/100|[from] item: Leftovers
|upkeep
|turn|3
|
|t:|1730988133
|switch|p2a: Skarmory|Skarmory, M|100/100
|switch|p1a: Swampert|Swampert, M|100/100
|
|upkeep
|turn|4
|
|t:|1730988138
|switch|p1a: Cloyster|Cloyster, M|24/100
|move|p2a: Skarmory|Spikes|p1a: Cloyster
|-sidestart|p1: Depres_ionCher_y|Spikes
|
|-heal|p1a: Cloyster|30/100|[from] item: Leftovers
|upkeep
|turn|5
|
|t:|1730988146
|move|p1a: Cloyster|Surf|p2a: Skarmory
|-damage|p2a: Skarmory|71/100
|move|p2a: Skarmory|Spikes|p1a: Cloyster
|-sidestart|p1: Depres_ionCher_y|Spikes
|
|-heal|p1a: Cloyster|36/100|[from] item: Leftovers
|-heal|p2a: Skarmory|77/100|[from] item: Leftovers
|upkeep
|turn|6
|
|t:|1730988150
|switch|p2a: Gengar|Gengar, F|100/100
|move|p1a: Cloyster|Rapid Spin|p2a: Gengar
|-immune|p2a: Gengar
|
|-heal|p1a: Cloyster|42/100|[from] item: Leftovers
|upkeep
|turn|7
|
|t:|1730988159
|switch|p1a: Blissey|Blissey, F|100/100
|-damage|p1a: Blissey|84/100|[from] Spikes
|move|p2a: Gengar|Thunderbolt|p1a: Blissey
|-damage|p1a: Blissey|73/100
|
|-heal|p1a: Blissey|80/100|[from] item: Leftovers
|upkeep
|turn|8
|
|t:|1730988165
|switch|p2a: Jirachi|Jirachi|100/100
|-damage|p2a: Jirachi|88/100|[from] Spikes
|move|p1a: Blissey|Thunder Wave|p2a: Jirachi
|-status|p2a: Jirachi|par
|
|-heal|p1a: Blissey|86/100|[from] item: Leftovers
|-heal|p2a: Jirachi|94/100 par|[from] item: Leftovers
|upkeep
|turn|9
|
|t:|1730988173
|move|p1a: Blissey|Seismic Toss|p2a: Jirachi
|-damage|p2a: Jirachi|69/100 par
|move|p2a: Jirachi|Fire Punch|p1a: Blissey
|-damage|p1a: Blissey|79/100
|
|-heal|p1a: Blissey|85/100|[from] item: Leftovers
|-heal|p2a: Jirachi|76/100 par|[from] item: Leftovers
|upkeep
|turn|10
|
|t:|1730988179
|move|p1a: Blissey|Seismic Toss|p2a: Jirachi
|-damage|p2a: Jirachi|51/100 par
|move|p2a: Jirachi|Wish|p2a: Jirachi
|
|-heal|p1a: Blissey|92/100|[from] item: Leftovers
|-heal|p2a: Jirachi|57/100 par|[from] item: Leftovers
|upkeep
|turn|11
|
|t:|1730988185
|move|p1a: Blissey|Thunder Wave|p2a: Jirachi
|-fail|p2a: Jirachi|par
|move|p2a: Jirachi|Toxic|p1a: Blissey
|-status|p1a: Blissey|tox
|
|-heal|p2a: Jirachi|100/100 par|[from] move: Wish|[wisher] Jirachi
|-heal|p1a: Blissey|98/100 tox|[from] item: Leftovers
|-damage|p1a: Blissey|92/100 tox|[from] psn
|upkeep
|turn|12
|
|t:|1730988191
|-curestatus|p1a: Blissey|tox|[from] ability: Natural Cure
|switch|p1a: Celebi|Celebi|100/100
|-damage|p1a: Celebi|84/100|[from] Spikes
|move|p2a: Jirachi|Fire Punch|p1a: Celebi
|-supereffective|p1a: Celebi
|-damage|p1a: Celebi|56/100
|
|-heal|p1a: Celebi|62/100|[from] item: Leftovers
|upkeep
|turn|13
|
|t:|1730988195
|switch|p2a: Aerodactyl|Aerodactyl, F|100/100
|move|p1a: Celebi|Leech Seed|p2a: Aerodactyl|[miss]
|-miss|p1a: Celebi|p2a: Aerodactyl
|
|-heal|p1a: Celebi|68/100|[from] item: Leftovers
|upkeep
|turn|14
|
|t:|1730988202
|switch|p1a: Swampert|Swampert, M|100/100
|-damage|p1a: Swampert|84/100|[from] Spikes
|move|p2a: Aerodactyl|Double-Edge|p1a: Swampert
|-damage|p1a: Swampert|50/100
|
|-heal|p1a: Swampert|57/100|[from] item: Leftovers
|upkeep
|turn|15
|
|t:|1730988212
|switch|p2a: Zapdos|Zapdos|100/100
|switch|p1a: Magneton|Magneton|100/100
|-damage|p1a: Magneton|84/100|[from] Spikes
|
|-heal|p1a: Magneton|90/100|[from] item: Leftovers
|upkeep
|turn|16
|
|t:|1730988222
|move|p1a: Magneton|Thunderbolt|p2a: Zapdos
|-damage|p2a: Zapdos|71/100
|move|p2a: Zapdos|Thunderbolt|p1a: Magneton
|-resisted|p1a: Magneton
|-damage|p1a: Magneton|58/100
|
|-heal|p1a: Magneton|64/100|[from] item: Leftovers
|-heal|p2a: Zapdos|77/100|[from] item: Leftovers
|upkeep
|turn|17
|
|t:|1730988242
|switch|p1a: Celebi|Celebi|68/100
|-damage|p1a: Celebi|52/100|[from] Spikes
|move|p2a: Zapdos|Thunderbolt|p1a: Celebi
|-resisted|p1a: Celebi
|-damage|p1a: Celebi|37/100
|
|-heal|p1a: Celebi|43/100|[from] item: Leftovers
|-heal|p2a: Zapdos|83/100|[from] item: Leftovers
|upkeep
|turn|18
|
|t:|1730988247
|switch|p2a: Aerodactyl|Aerodactyl, F|100/100
|move|p1a: Celebi|Recover|p1a: Celebi
|-heal|p1a: Celebi|93/100
|
|-heal|p1a: Celebi|99/100|[from] item: Leftovers
|upkeep
|turn|19
|
|t:|1730988253
|move|p2a: Aerodactyl|Double-Edge|p1a: Celebi
|-damage|p1a: Celebi|59/100
|move|p1a: Celebi|Recover|p1a: Celebi
|-heal|p1a: Celebi|100/100
|
|upkeep
|turn|20
|
|t:|1730988260
|switch|p2a: Skarmory|Skarmory, M|77/100
|move|p1a: Celebi|Leech Seed|p2a: Skarmory
|-start|p2a: Skarmory|move: Leech Seed
|
|-heal|p2a: Skarmory|83/100|[from] item: Leftovers
|-damage|p2a: Skarmory|70/100|[from] Leech Seed|[of] p1a: Celebi
|upkeep
|turn|21
|
|t:|1730988264
|switch|p1a: Cloyster|Cloyster, M|42/100
|-damage|p1a: Cloyster|26/100|[from] Spikes
|switch|p2a: Aerodactyl|Aerodactyl, F|100/100
|
|-heal|p1a: Cloyster|32/100|[from] item: Leftovers
|upkeep
|turn|22
|inactive|Fear has 270 seconds left.
|
|t:|1730988311
|switch|p1a: Celebi|Celebi|100/100
|-damage|p1a: Celebi|84/100|[from] Spikes
|move|p2a: Aerodactyl|Double-Edge|p1a: Celebi
|-damage|p1a: Celebi|47/100
|
|-heal|p1a: Celebi|53/100|[from] item: Leftovers
|upkeep
|turn|23
|
|t:|1730988317
|move|p2a: Aerodactyl|Double-Edge|p1a: Celebi
|-damage|p1a: Celebi|18/100
|move|p1a: Celebi|Recover|p1a: Celebi
|-heal|p1a: Celebi|68/100
|
|-heal|p1a: Celebi|74/100|[from] item: Leftovers
|upkeep
|turn|24
|
|t:|1730988327
|move|p2a: Aerodactyl|Double-Edge|p1a: Celebi
|-damage|p1a: Celebi|39/100
|move|p1a: Celebi|Leech Seed|p2a: Aerodactyl
|-start|p2a: Aerodactyl|move: Leech Seed
|
|-damage|p2a: Aerodactyl|88/100|[from] Leech Seed|[of] p1a: Celebi
|-heal|p1a: Celebi|49/100|[silent]
|-heal|p1a: Celebi|55/100|[from] item: Leftovers
|upkeep
|turn|25
|
|t:|1730988332
|switch|p2a: Skarmory|Skarmory, M|70/100
|move|p1a: Celebi|Leech Seed|p2a: Skarmory
|-start|p2a: Skarmory|move: Leech Seed
|
|-heal|p1a: Celebi|61/100|[from] item: Leftovers
|-heal|p2a: Skarmory|76/100|[from] item: Leftovers
|-damage|p2a: Skarmory|64/100|[from] Leech Seed|[of] p1a: Celebi
|-heal|p1a: Celebi|71/100|[silent]
|upkeep
|turn|26
|
|t:|1730988337
|switch|p2a: Aerodactyl|Aerodactyl, F|88/100
|move|p1a: Celebi|Recover|p1a: Celebi
|-heal|p1a: Celebi|100/100
|
|upkeep
|turn|27
|
|t:|1730988342
|move|p2a: Aerodactyl|Double-Edge|p1a: Celebi
|-damage|p1a: Celebi|64/100
|move|p1a: Celebi|Psychic|p2a: Aerodactyl
|-damage|p2a: Aerodactyl|46/100
|
|-heal|p1a: Celebi|71/100|[from] item: Leftovers
|upkeep
|turn|28
|
|t:|1730988348
|move|p2a: Aerodactyl|Double-Edge|p1a: Celebi
|-damage|p1a: Celebi|34/100
|move|p1a: Celebi|Recover|p1a: Celebi
|-heal|p1a: Celebi|84/100
|
|-heal|p1a: Celebi|91/100|[from] item: Leftovers
|upkeep
|turn|29
|
|t:|1730988354
|switch|p2a: Jirachi|Jirachi|100/100 par
|-damage|p2a: Jirachi|88/100 par|[from] Spikes
|move|p1a: Celebi|Leech Seed|p2a: Jirachi
|-start|p2a: Jirachi|move: Leech Seed
|
|-heal|p1a: Celebi|97/100|[from] item: Leftovers
|-heal|p2a: Jirachi|94/100 par|[from] item: Leftovers
|-damage|p2a: Jirachi|82/100 par|[from] Leech Seed|[of] p1a: Celebi
|-heal|p1a: Celebi|100/100|[silent]
|upkeep
|turn|30
|
|t:|1730988360
|switch|p1a: Cloyster|Cloyster, M|32/100
|-damage|p1a: Cloyster|15/100|[from] Spikes
|switch|p2a: Zapdos|Zapdos|83/100
|
|-heal|p2a: Zapdos|89/100|[from] item: Leftovers
|-heal|p1a: Cloyster|21/100|[from] item: Leftovers
|upkeep
|turn|31
|
|t:|1730988365
|switch|p1a: Blissey|Blissey, F|92/100
|-damage|p1a: Blissey|75/100|[from] Spikes
|move|p2a: Zapdos|Thunderbolt|p1a: Blissey
|-damage|p1a: Blissey|60/100
|
|-heal|p2a: Zapdos|95/100|[from] item: Leftovers
|-heal|p1a: Blissey|66/100|[from] item: Leftovers
|upkeep
|turn|32
|
|t:|1730988375
|switch|p2a: Jirachi|Jirachi|82/100 par
|-damage|p2a: Jirachi|69/100 par|[from] Spikes
|move|p1a: Blissey|Thunder Wave|p2a: Jirachi
|-fail|p2a: Jirachi|par
|
|-heal|p1a: Blissey|72/100|[from] item: Leftovers
|-heal|p2a: Jirachi|76/100 par|[from] item: Leftovers
|upkeep
|turn|33
|
|t:|1730988385
|move|p1a: Blissey|Seismic Toss|p2a: Jirachi
|-damage|p2a: Jirachi|51/100 par
|move|p2a: Jirachi|Fire Punch|p1a: Blissey
|-damage|p1a: Blissey|65/100
|
|-heal|p1a: Blissey|72/100|[from] item: Leftovers
|-heal|p2a: Jirachi|57/100 par|[from] item: Leftovers
|upkeep
|turn|34
|
|t:|1730988390
|move|p1a: Blissey|Seismic Toss|p2a: Jirachi
|-damage|p2a: Jirachi|32/100 par
|move|p2a: Jirachi|Wish|p2a: Jirachi
|
|-heal|p1a: Blissey|78/100|[from] item: Leftovers
|-heal|p2a: Jirachi|38/100 par|[from] item: Leftovers
|upkeep
|turn|35
|
|t:|1730988398
|move|p1a: Blissey|Seismic Toss|p2a: Jirachi
|-damage|p2a: Jirachi|14/100 par
|move|p2a: Jirachi|Fire Punch|p1a: Blissey
|-damage|p1a: Blissey|71/100
|
|-heal|p2a: Jirachi|64/100 par|[from] move: Wish|[wisher] Jirachi
|-heal|p1a: Blissey|78/100|[from] item: Leftovers
|-heal|p2a: Jirachi|70/100 par|[from] item: Leftovers
|upkeep
|turn|36
|
|t:|1730988402
|move|p1a: Blissey|Seismic Toss|p2a: Jirachi
|-damage|p2a: Jirachi|45/100 par
|move|p2a: Jirachi|Wish|p2a: Jirachi
|
|-heal|p1a: Blissey|84/100|[from] item: Leftovers
|-heal|p2a: Jirachi|51/100 par|[from] item: Leftovers
|upkeep
|turn|37
|
|t:|1730988405
|move|p1a: Blissey|Seismic Toss|p2a: Jirachi
|-damage|p2a: Jirachi|26/100 par
|move|p2a: Jirachi|Fire Punch|p1a: Blissey
|-crit|p1a: Blissey
|-damage|p1a: Blissey|71/100
|
|-heal|p2a: Jirachi|76/100 par|[from] move: Wish|[wisher] Jirachi
|-heal|p1a: Blissey|77/100|[from] item: Leftovers
|-heal|p2a: Jirachi|82/100 par|[from] item: Leftovers
|upkeep
|turn|38
|
|t:|1730988409
|move|p1a: Blissey|Seismic Toss|p2a: Jirachi
|-damage|p2a: Jirachi|58/100 par
|move|p2a: Jirachi|Wish|p2a: Jirachi
|
|-heal|p1a: Blissey|83/100|[from] item: Leftovers
|-heal|p2a: Jirachi|64/100 par|[from] item: Leftovers
|upkeep
|turn|39
|
|t:|1730988413
|move|p1a: Blissey|Thunder Wave|p2a: Jirachi
|-fail|p2a: Jirachi|par
|cant|p2a: Jirachi|par
|
|-heal|p2a: Jirachi|100/100 par|[from] move: Wish|[wisher] Jirachi
|-heal|p1a: Blissey|89/100|[from] item: Leftovers
|upkeep
|turn|40
|
|t:|1730988416
|move|p1a: Blissey|Seismic Toss|p2a: Jirachi
|-damage|p2a: Jirachi|76/100 par
|cant|p2a: Jirachi|par
|
|-heal|p1a: Blissey|95/100|[from] item: Leftovers
|-heal|p2a: Jirachi|82/100 par|[from] item: Leftovers
|upkeep
|turn|41
|
|t:|1730988420
|move|p1a: Blissey|Seismic Toss|p2a: Jirachi
|-damage|p2a: Jirachi|57/100 par
|move|p2a: Jirachi|Fire Punch|p1a: Blissey
|-crit|p1a: Blissey
|-damage|p1a: Blissey|82/100
|
|-heal|p1a: Blissey|89/100|[from] item: Leftovers
|-heal|p2a: Jirachi|63/100 par|[from] item: Leftovers
|upkeep
|turn|42
|
|t:|1730988426
|switch|p1a: Cloyster|Cloyster, M|21/100
|-damage|p1a: Cloyster|4/100|[from] Spikes
|move|p2a: Jirachi|Wish|p2a: Jirachi
|
|-heal|p1a: Cloyster|10/100|[from] item: Leftovers
|-heal|p2a: Jirachi|69/100 par|[from] item: Leftovers
|upkeep
|turn|43
|
|t:|1730988432
|switch|p2a: Gengar|Gengar, F|100/100
|move|p1a: Cloyster|Rest|p1a: Cloyster
|-status|p1a: Cloyster|slp|[from] move: Rest
|-heal|p1a: Cloyster|100/100 slp|[silent]
|
|upkeep
|turn|44
|inactive|Fear has 270 seconds left.
|inactive|Fear has 240 seconds left.
|
|t:|1730988498
|switch|p2a: Aerodactyl|Aerodactyl, F|46/100
|switch|p1a: Blissey|Blissey, F|89/100
|-damage|p1a: Blissey|72/100|[from] Spikes
|
|-heal|p1a: Blissey|78/100|[from] item: Leftovers
|upkeep
|turn|45
|inactive|Fear has 240 seconds left.
|
|t:|1730988514
|switch|p2a: Jirachi|Jirachi|69/100 par
|-damage|p2a: Jirachi|57/100 par|[from] Spikes
|move|p1a: Blissey|Thunder Wave|p2a: Jirachi
|-fail|p2a: Jirachi|par
|
|-heal|p1a: Blissey|84/100|[from] item: Leftovers
|-heal|p2a: Jirachi|63/100 par|[from] item: Leftovers
|upkeep
|turn|46
|
|t:|1730988522
|move|p1a: Blissey|Aromatherapy|p1a: Blissey
|-cureteam|p1a: Blissey|[from] move: Aromatherapy
|move|p2a: Jirachi|Wish|p2a: Jirachi
|
|-heal|p1a: Blissey|91/100|[from] item: Leftovers
|-heal|p2a: Jirachi|69/100 par|[from] item: Leftovers
|upkeep
|turn|47
|inactive|Fear has 240 seconds left.
|
|t:|1730988528
|move|p1a: Blissey|Seismic Toss|p2a: Jirachi
|-damage|p2a: Jirachi|45/100 par
|move|p2a: Jirachi|Toxic|p1a: Blissey
|-status|p1a: Blissey|tox
|
|-heal|p2a: Jirachi|95/100 par|[from] move: Wish|[wisher] Jirachi
|-heal|p1a: Blissey|97/100 tox|[from] item: Leftovers
|-damage|p1a: Blissey|91/100 tox|[from] psn
|-heal|p2a: Jirachi|100/100 par|[from] item: Leftovers
|upkeep
|turn|48
|
|t:|1730988534
|-curestatus|p1a: Blissey|tox|[from] ability: Natural Cure
|switch|p1a: Cloyster|Cloyster, M|100/100
|-damage|p1a: Cloyster|84/100|[from] Spikes
|move|p2a: Jirachi|Fire Punch|p1a: Cloyster
|-damage|p1a: Cloyster|59/100
|
|-heal|p1a: Cloyster|65/100|[from] item: Leftovers
|upkeep
|turn|49
|
|t:|1730988540
|switch|p2a: Gengar|Gengar, F|100/100
|move|p1a: Cloyster|Spikes|p2a: Gengar
|-sidestart|p2: Fear|Spikes
|
|-heal|p1a: Cloyster|71/100|[from] item: Leftovers
|upkeep
|turn|50
|
|t:|1730988545
|switch|p1a: Blissey|Blissey, F|91/100
|-damage|p1a: Blissey|74/100|[from] Spikes
|move|p2a: Gengar|Will-O-Wisp|p1a: Blissey
|-status|p1a: Blissey|brn
|
|-heal|p1a: Blissey|80/100 brn|[from] item: Leftovers
|-damage|p1a: Blissey|68/100 brn|[from] brn
|upkeep
|turn|51
|inactive|Fear has 270 seconds left.
|
|t:|1730988557
|switch|p2a: Skarmory|Skarmory, M|64/100
|move|p1a: Blissey|Soft-Boiled|p1a: Blissey
|-heal|p1a: Blissey|100/100 brn
|
|-heal|p2a: Skarmory|70/100|[from] item: Leftovers
|-damage|p1a: Blissey|88/100 brn|[from] brn
|upkeep
|turn|52
|
|t:|1730988563
|switch|p2a: Flygon|Flygon, M|100/100
|-curestatus|p1a: Blissey|brn|[from] ability: Natural Cure
|switch|p1a: Magneton|Magneton|64/100
|-damage|p1a: Magneton|47/100|[from] Spikes
|
|-heal|p1a: Magneton|53/100|[from] item: Leftovers
|upkeep
|turn|53
|
|t:|1730988573
|switch|p1a: Salamence|Salamence, F|100/100
|-ability|p1a: Salamence|Intimidate|boost
|-unboost|p2a: Flygon|atk|1
|move|p2a: Flygon|Earthquake|p1a: Salamence
|-immune|p1a: Salamence
|
|upkeep
|turn|54
|inactive|Depres_ionCher_y has 270 seconds left.
|
|t:|1730988605
|move|p2a: Flygon|Protect|p2a: Flygon
|-singleturn|p2a: Flygon|Protect
|move|p1a: Salamence|Hidden Power|p2a: Flygon
|-activate|p2a: Flygon|Protect
|
|upkeep
|turn|55
|inactive|Depres_ionCher_y has 270 seconds left.
|
|t:|1730988630
|switch|p1a: Swampert|Swampert, M|57/100
|-damage|p1a: Swampert|40/100|[from] Spikes
|switch|p2a: Zapdos|Zapdos|95/100
|
|-heal|p2a: Zapdos|100/100|[from] item: Leftovers
|-heal|p1a: Swampert|46/100|[from] item: Leftovers
|upkeep
|turn|56
|
|t:|1730988640
|move|p2a: Zapdos|Thunderbolt|p1a: Swampert
|-immune|p1a: Swampert
|move|p1a: Swampert|Ice Beam|p2a: Zapdos
|-supereffective|p2a: Zapdos
|-damage|p2a: Zapdos|74/100
|
|-heal|p2a: Zapdos|80/100|[from] item: Leftovers
|-heal|p1a: Swampert|52/100|[from] item: Leftovers
|upkeep
|turn|57
|inactive|Depres_ionCher_y has 270 seconds left.
|
|t:|1730988652
|switch|p1a: Blissey|Blissey, F|88/100
|-damage|p1a: Blissey|72/100|[from] Spikes
|move|p2a: Zapdos|Thunderbolt|p1a: Blissey
|-damage|p1a: Blissey|57/100
|
|-heal|p2a: Zapdos|86/100|[from] item: Leftovers
|-heal|p1a: Blissey|64/100|[from] item: Leftovers
|upkeep
|turn|58
|inactive|Depres_ionCher_y has 270 seconds left.
|
|t:|1730988661
|switch|p2a: Flygon|Flygon, M|100/100
|move|p1a: Blissey|Soft-Boiled|p1a: Blissey
|-heal|p1a: Blissey|100/100
|
|upkeep
|turn|59
|inactive|Depres_ionCher_y has 270 seconds left.
|
|t:|1730988672
|move|p2a: Flygon|Toxic|p1a: Blissey
|-status|p1a: Blissey|tox
|move|p1a: Blissey|Seismic Toss|p2a: Flygon
|-damage|p2a: Flygon|73/100
|
|-heal|p2a: Flygon|79/100|[from] item: Leftovers
|-damage|p1a: Blissey|94/100 tox|[from] psn
|upkeep
|turn|60
|
|t:|1730988678
|-curestatus|p1a: Blissey|tox|[from] ability: Natural Cure
|switch|p1a: Celebi|Celebi|100/100
|-damage|p1a: Celebi|84/100|[from] Spikes
|move|p2a: Flygon|Toxic|p1a: Celebi
|-status|p1a: Celebi|tox
|
|-heal|p2a: Flygon|85/100|[from] item: Leftovers
|-heal|p1a: Celebi|90/100 tox|[from] item: Leftovers
|-damage|p1a: Celebi|84/100 tox|[from] psn
|upkeep
|turn|61
|
|t:|1730988686
|-curestatus|p1a: Celebi|tox|[from] ability: Natural Cure
|switch|p1a: Blissey|Blissey, F|94/100
|-damage|p1a: Blissey|78/100|[from] Spikes
|move|p2a: Flygon|Protect||[still]
|-fail|p2a: Flygon
|
|-heal|p2a: Flygon|91/100|[from] item: Leftovers
|-heal|p1a: Blissey|84/100|[from] item: Leftovers
|upkeep
|turn|62
|
|t:|1730988691
|move|p2a: Flygon|Protect|p2a: Flygon
|-singleturn|p2a: Flygon|Protect
|move|p1a: Blissey|Seismic Toss|p2a: Flygon
|-activate|p2a: Flygon|Protect
|
|-heal|p2a: Flygon|97/100|[from] item: Leftovers
|-heal|p1a: Blissey|90/100|[from] item: Leftovers
|upkeep
|turn|63
|
|t:|1730988696
|move|p2a: Flygon|Toxic|p1a: Blissey
|-status|p1a: Blissey|tox
|move|p1a: Blissey|Seismic Toss|p2a: Flygon
|-damage|p2a: Flygon|69/100
|
|-heal|p2a: Flygon|76/100|[from] item: Leftovers
|-heal|p1a: Blissey|96/100 tox|[from] item: Leftovers
|-damage|p1a: Blissey|90/100 tox|[from] psn
|upkeep
|turn|64
|
|t:|1730988708
|move|p2a: Flygon|Toxic|p1a: Blissey
|-fail|p1a: Blissey|tox
|move|p1a: Blissey|Seismic Toss|p2a: Flygon
|-damage|p2a: Flygon|48/100
|
|-heal|p2a: Flygon|54/100|[from] item: Leftovers
|-heal|p1a: Blissey|96/100 tox|[from] item: Leftovers
|-damage|p1a: Blissey|84/100 tox|[from] psn
|upkeep
|turn|65
|
|t:|1730988713
|-curestatus|p1a: Blissey|tox|[from] ability: Natural Cure
|switch|p1a: Cloyster|Cloyster, M|71/100
|-damage|p1a: Cloyster|54/100|[from] Spikes
|move|p2a: Flygon|Toxic|p1a: Cloyster
|-status|p1a: Cloyster|tox
|
|-heal|p2a: Flygon|60/100|[from] item: Leftovers
|-heal|p1a: Cloyster|60/100 tox|[from] item: Leftovers
|-damage|p1a: Cloyster|54/100 tox|[from] psn
|upkeep
|turn|66
|
|t:|1730988721
|move|p2a: Flygon|Protect|p2a: Flygon
|-singleturn|p2a: Flygon|Protect
|move|p1a: Cloyster|Surf|p2a: Flygon
|-activate|p2a: Flygon|Protect
|
|-heal|p2a: Flygon|66/100|[from] item: Leftovers
|-heal|p1a: Cloyster|60/100 tox|[from] item: Leftovers
|-damage|p1a: Cloyster|48/100 tox|[from] psn
|upkeep
|turn|67
|
|t:|1730988728
|switch|p2a: Gengar|Gengar, F|100/100
|move|p1a: Cloyster|Rest|p1a: Cloyster
|-status|p1a: Cloyster|slp|[from] move: Rest
|-heal|p1a: Cloyster|100/100 slp|[silent]
|
|upkeep
|turn|68
|
|t:|1730988739
|switch|p1a: Celebi|Celebi|84/100
|-damage|p1a: Celebi|67/100|[from] Spikes
|move|p2a: Gengar|Will-O-Wisp|p1a: Celebi|[miss]
|-miss|p2a: Gengar|p1a: Celebi
|
|-heal|p1a: Celebi|74/100|[from] item: Leftovers
|upkeep
|turn|69
|
|t:|1730988752
|switch|p2a: Zapdos|Zapdos|86/100
|move|p1a: Celebi|Psychic|p2a: Zapdos
|-damage|p2a: Zapdos|65/100
|
|-heal|p1a: Celebi|80/100|[from] item: Leftovers
|-heal|p2a: Zapdos|72/100|[from] item: Leftovers
|upkeep
|turn|70
|
|t:|1730988761
|switch|p1a: Swampert|Swampert, M|52/100
|-damage|p1a: Swampert|36/100|[from] Spikes
|move|p2a: Zapdos|Toxic|p1a: Swampert
|-status|p1a: Swampert|tox
|
|-heal|p2a: Zapdos|78/100|[from] item: Leftovers
|-heal|p1a: Swampert|42/100 tox|[from] item: Leftovers
|-damage|p1a: Swampert|36/100 tox|[from] psn
|upkeep
|turn|71
|
|t:|1730988766
|switch|p2a: Skarmory|Skarmory, M|70/100
|move|p1a: Swampert|Rest|p1a: Swampert
|-status|p1a: Swampert|slp|[from] move: Rest
|-heal|p1a: Swampert|100/100 slp|[silent]
|
|-heal|p2a: Skarmory|76/100|[from] item: Leftovers
|upkeep
|turn|72
|
|t:|1730988783
|switch|p1a: Magneton|Magneton|53/100
|-damage|p1a: Magneton|37/100|[from] Spikes
|move|p2a: Skarmory|Spikes|p1a: Magneton
|-sidestart|p1: Depres_ionCher_y|Spikes
|
|-heal|p1a: Magneton|43/100|[from] item: Leftovers
|-heal|p2a: Skarmory|82/100|[from] item: Leftovers
|upkeep
|turn|73
|
|t:|1730988789
|move|p2a: Skarmory|Protect|p2a: Skarmory
|-singleturn|p2a: Skarmory|Protect
|move|p1a: Magneton|Thunderbolt|p2a: Skarmory
|-activate|p2a: Skarmory|Protect
|
|-heal|p1a: Magneton|49/100|[from] item: Leftovers
|-heal|p2a: Skarmory|88/100|[from] item: Leftovers
|upkeep
|turn|74
|
|t:|1730988795
|move|p2a: Skarmory|Protect|p2a: Skarmory
|-singleturn|p2a: Skarmory|Protect
|move|p1a: Magneton|Thunderbolt|p2a: Skarmory
|-activate|p2a: Skarmory|Protect
|
|-heal|p1a: Magneton|55/100|[from] item: Leftovers
|-heal|p2a: Skarmory|94/100|[from] item: Leftovers
|upkeep
|turn|75
|
|t:|1730988800
|move|p1a: Magneton|Thunderbolt|p2a: Skarmory
|-supereffective|p2a: Skarmory
|-damage|p2a: Skarmory|16/100
|move|p2a: Skarmory|Roar|p1a: Magneton
|drag|p1a: Swampert|Swampert, M|100/100 slp
|-damage|p1a: Swampert|76/100 slp|[from] Spikes
|
|-heal|p2a: Skarmory|22/100|[from] item: Leftovers
|-heal|p1a: Swampert|82/100 slp|[from] item: Leftovers
|upkeep
|turn|76
|
|t:|1730988821
|switch|p2a: Flygon|Flygon, M|66/100
|cant|p1a: Swampert|slp
|
|-heal|p2a: Flygon|72/100|[from] item: Leftovers
|-heal|p1a: Swampert|88/100 slp|[from] item: Leftovers
|upkeep
|turn|77
|
|t:|1730988827
|move|p2a: Flygon|Earthquake|p1a: Swampert
|-damage|p1a: Swampert|64/100 slp
|cant|p1a: Swampert|slp
|
|-heal|p2a: Flygon|78/100|[from] item: Leftovers
|-heal|p1a: Swampert|70/100 slp|[from] item: Leftovers
|upkeep
|turn|78
|
|t:|1730988834
|move|p2a: Flygon|Protect|p2a: Flygon
|-singleturn|p2a: Flygon|Protect
|-curestatus|p1a: Swampert|slp|[msg]
|move|p1a: Swampert|Curse|p1a: Swampert
|-unboost|p1a: Swampert|spe|1
|-boost|p1a: Swampert|atk|1
|-boost|p1a: Swampert|def|1
|
|-heal|p2a: Flygon|84/100|[from] item: Leftovers
|-heal|p1a: Swampert|77/100|[from] item: Leftovers
|upkeep
|turn|79
|
|t:|1730988841
|switch|p2a: Zapdos|Zapdos|78/100
|move|p1a: Swampert|Ice Beam|p2a: Zapdos
|-supereffective|p2a: Zapdos
|-damage|p2a: Zapdos|51/100
|
|-heal|p2a: Zapdos|57/100|[from] item: Leftovers
|-heal|p1a: Swampert|83/100|[from] item: Leftovers
|upkeep
|turn|80
|
|t:|1730988849
|move|p2a: Zapdos|Toxic|p1a: Swampert
|-status|p1a: Swampert|tox
|move|p1a: Swampert|Curse|p1a: Swampert
|-unboost|p1a: Swampert|spe|1
|-boost|p1a: Swampert|atk|1
|-boost|p1a: Swampert|def|1
|
|-heal|p2a: Zapdos|63/100|[from] item: Leftovers
|-heal|p1a: Swampert|89/100 tox|[from] item: Leftovers
|-damage|p1a: Swampert|83/100 tox|[from] psn
|upkeep
|turn|81
|
|t:|1730988853
|move|p2a: Zapdos|Thunderbolt|p1a: Swampert
|-immune|p1a: Swampert
|move|p1a: Swampert|Rest|p1a: Swampert
|-status|p1a: Swampert|slp|[from] move: Rest
|-heal|p1a: Swampert|100/100 slp|[silent]
|
|-heal|p2a: Zapdos|69/100|[from] item: Leftovers
|upkeep
|turn|82
|
|t:|1730988866
|switch|p2a: Skarmory|Skarmory, M|22/100
|cant|p1a: Swampert|slp
|
|-heal|p2a: Skarmory|28/100|[from] item: Leftovers
|upkeep
|turn|83
|
|t:|1730988872
|switch|p2a: Zapdos|Zapdos|69/100
|cant|p1a: Swampert|slp
|
|-heal|p2a: Zapdos|75/100|[from] item: Leftovers
|upkeep
|turn|84
|
|t:|1730988879
|move|p2a: Zapdos|Thunderbolt|p1a: Swampert
|-immune|p1a: Swampert
|-curestatus|p1a: Swampert|slp|[msg]
|move|p1a: Swampert|Ice Beam|p2a: Zapdos
|-supereffective|p2a: Zapdos
|-damage|p2a: Zapdos|50/100
|
|-heal|p2a: Zapdos|56/100|[from] item: Leftovers
|upkeep
|turn|85
|
|t:|1730988887
|move|p2a: Zapdos|Toxic|p1a: Swampert|[miss]
|-miss|p2a: Zapdos|p1a: Swampert
|move|p1a: Swampert|Ice Beam|p2a: Zapdos
|-supereffective|p2a: Zapdos
|-damage|p2a: Zapdos|28/100
|
|-heal|p2a: Zapdos|34/100|[from] item: Leftovers
|upkeep
|turn|86
|
|t:|1730988899
|move|p2a: Zapdos|Rest|p2a: Zapdos
|-status|p2a: Zapdos|slp|[from] move: Rest
|-heal|p2a: Zapdos|100/100 slp|[silent]
|move|p1a: Swampert|Ice Beam|p2a: Zapdos
|-supereffective|p2a: Zapdos
|-damage|p2a: Zapdos|75/100 slp
|
|-heal|p2a: Zapdos|81/100 slp|[from] item: Leftovers
|upkeep
|turn|87
|
|t:|1730988910
|switch|p1a: Blissey|Blissey, F|84/100
|-damage|p1a: Blissey|59/100|[from] Spikes
|cant|p2a: Zapdos|slp
|move|p2a: Zapdos|Sleep Talk|p2a: Zapdos
|move|p2a: Zapdos|Toxic|p1a: Blissey|[from]Sleep Talk
|-status|p1a: Blissey|tox
|
|-heal|p2a: Zapdos|88/100 slp|[from] item: Leftovers
|-heal|p1a: Blissey|65/100 tox|[from] item: Leftovers
|-damage|p1a: Blissey|59/100 tox|[from] psn
|upkeep
|turn|88
|
|t:|1730988916
|cant|p2a: Zapdos|slp
|move|p1a: Blissey|Aromatherapy|p1a: Blissey
|-cureteam|p1a: Blissey|[from] move: Aromatherapy
|
|-heal|p2a: Zapdos|94/100 slp|[from] item: Leftovers
|-heal|p1a: Blissey|65/100|[from] item: Leftovers
|upkeep
|turn|89
|
|t:|1730988928
|switch|p2a: Jirachi|Jirachi|100/100 par
|-damage|p2a: Jirachi|84/100 par|[from] Spikes
|move|p1a: Blissey|Soft-Boiled|p1a: Blissey
|-heal|p1a: Blissey|100/100
|
|-heal|p2a: Jirachi|90/100 par|[from] item: Leftovers
|upkeep
|turn|90
|
|t:|1730988935
|switch|p2a: Zapdos|Zapdos|94/100 slp
|move|p1a: Blissey|Seismic Toss|p2a: Zapdos
|-damage|p2a: Zapdos|67/100 slp
|
|-heal|p2a: Zapdos|73/100 slp|[from] item: Leftovers
|upkeep
|turn|91
|
|t:|1730988951
|-curestatus|p2a: Zapdos|slp|[msg]
|move|p2a: Zapdos|Thunderbolt|p1a: Blissey
|-damage|p1a: Blissey|85/100
|move|p1a: Blissey|Seismic Toss|p2a: Zapdos
|-damage|p2a: Zapdos|47/100
|
|-heal|p2a: Zapdos|53/100|[from] item: Leftovers
|-heal|p1a: Blissey|92/100|[from] item: Leftovers
|upkeep
|turn|92
|
|t:|1730988959
|move|p2a: Zapdos|Rest|p2a: Zapdos
|-status|p2a: Zapdos|slp|[from] move: Rest
|-heal|p2a: Zapdos|100/100 slp|[silent]
|move|p1a: Blissey|Thunder Wave||[still]
|-fail|p1a: Blissey
|
|-heal|p1a: Blissey|98/100|[from] item: Leftovers
|upkeep
|turn|93
|
|t:|1730988963
|switch|p1a: Salamence|Salamence, F|100/100
|-ability|p1a: Salamence|Intimidate|boost
|-unboost|p2a: Zapdos|atk|1
|cant|p2a: Zapdos|slp
|move|p2a: Zapdos|Sleep Talk|p2a: Zapdos
|move|p2a: Zapdos|Rest|p2a: Zapdos|[from]Sleep Talk
|
|upkeep
|turn|94
|
|t:|1730988986
|move|p1a: Salamence|Hidden Power|p2a: Zapdos
|-resisted|p2a: Zapdos
|-damage|p2a: Zapdos|73/100 slp
|cant|p2a: Zapdos|slp
|move|p2a: Zapdos|Sleep Talk|p2a: Zapdos
|move|p2a: Zapdos|Toxic|p1a: Salamence|[from]Sleep Talk|[miss]
|-miss|p2a: Zapdos|p1a: Salamence
|
|-heal|p2a: Zapdos|79/100 slp|[from] item: Leftovers
|upkeep
|turn|95
|
|t:|1730988995
|switch|p1a: Swampert|Swampert, M|100/100
|-damage|p1a: Swampert|76/100|[from] Spikes
|-curestatus|p2a: Zapdos|slp|[msg]
|move|p2a: Zapdos|Toxic|p1a: Swampert
|-status|p1a: Swampert|tox
|
|-heal|p2a: Zapdos|85/100|[from] item: Leftovers
|-heal|p1a: Swampert|82/100 tox|[from] item: Leftovers
|-damage|p1a: Swampert|76/100 tox|[from] psn
|upkeep
|turn|96
|
|t:|1730989005
|move|p2a: Zapdos|Thunderbolt|p1a: Swampert
|-immune|p1a: Swampert
|move|p1a: Swampert|Rest|p1a: Swampert
|-status|p1a: Swampert|slp|[from] move: Rest
|-heal|p1a: Swampert|100/100 slp|[silent]
|
|-heal|p2a: Zapdos|91/100|[from] item: Leftovers
|upkeep
|turn|97
|
|t:|1730989013
|switch|p2a: Flygon|Flygon, M|84/100
|cant|p1a: Swampert|slp
|
|-heal|p2a: Flygon|91/100|[from] item: Leftovers
|upkeep
|turn|98
|
|t:|1730989019
|switch|p2a: Zapdos|Zapdos|91/100
|cant|p1a: Swampert|slp
|
|-heal|p2a: Zapdos|98/100|[from] item: Leftovers
|upkeep
|turn|99
|
|t:|1730989031
|move|p2a: Zapdos|Sleep Talk|p2a: Zapdos
|-curestatus|p1a: Swampert|slp|[msg]
|move|p1a: Swampert|Curse|p1a: Swampert
|-unboost|p1a: Swampert|spe|1
|-boost|p1a: Swampert|atk|1
|-boost|p1a: Swampert|def|1
|
|-heal|p2a: Zapdos|100/100|[from] item: Leftovers
|upkeep
|turn|100
|
|t:|1730989049
|move|p2a: Zapdos|Toxic|p1a: Swampert
|-status|p1a: Swampert|tox
|move|p1a: Swampert|Curse|p1a: Swampert
|-unboost|p1a: Swampert|spe|1
|-boost|p1a: Swampert|atk|1
|-boost|p1a: Swampert|def|1
|
|-damage|p1a: Swampert|94/100 tox|[from] psn
|upkeep
|turn|101
|
|t:|1730989054
|switch|p2a: Skarmory|Skarmory, M|28/100
|move|p1a: Swampert|Rest|p1a: Swampert
|-status|p1a: Swampert|slp|[from] move: Rest
|-heal|p1a: Swampert|100/100 slp|[silent]
|
|-heal|p2a: Skarmory|34/100|[from] item: Leftovers
|upkeep
|turn|102
|
|t:|1730989063
|switch|p2a: Flygon|Flygon, M|91/100
|cant|p1a: Swampert|slp
|
|-heal|p2a: Flygon|97/100|[from] item: Leftovers
|upkeep
|turn|103
|
|t:|1730989070
|switch|p2a: Zapdos|Zapdos|100/100
|switch|p1a: Salamence|Salamence, F|100/100
|-ability|p1a: Salamence|Intimidate|boost
|-unboost|p2a: Zapdos|atk|1
|
|upkeep
|turn|104
|
|t:|1730989075
|switch|p2a: Flygon|Flygon, M|97/100
|move|p1a: Salamence|Hidden Power|p2a: Flygon
|-damage|p2a: Flygon|53/100
|
|-heal|p2a: Flygon|59/100|[from] item: Leftovers
|upkeep
|turn|105
|
|t:|1730989083
|move|p2a: Flygon|Protect|p2a: Flygon
|-singleturn|p2a: Flygon|Protect
|move|p1a: Salamence|Hidden Power|p2a: Flygon
|-activate|p2a: Flygon|Protect
|
|-heal|p2a: Flygon|65/100|[from] item: Leftovers
|upkeep
|turn|106
|
|t:|1730989088
|switch|p2a: Zapdos|Zapdos|100/100
|move|p1a: Salamence|Hidden Power|p2a: Zapdos
|-resisted|p2a: Zapdos
|-damage|p2a: Zapdos|70/100
|
|-heal|p2a: Zapdos|76/100|[from] item: Leftovers
|upkeep
|turn|107
|
|t:|1730989096
|switch|p1a: Swampert|Swampert, M|100/100 slp
|-damage|p1a: Swampert|76/100 slp|[from] Spikes
|switch|p2a: Flygon|Flygon, M|65/100
|
|-heal|p2a: Flygon|71/100|[from] item: Leftovers
|-heal|p1a: Swampert|82/100 slp|[from] item: Leftovers
|upkeep
|turn|108
|
|t:|1730989101
|move|p2a: Flygon|Earthquake|p1a: Swampert
|-damage|p1a: Swampert|60/100 slp
|cant|p1a: Swampert|slp
|
|-heal|p2a: Flygon|77/100|[from] item: Leftovers
|-heal|p1a: Swampert|66/100 slp|[from] item: Leftovers
|upkeep
|turn|109
|
|t:|1730989106
|move|p2a: Flygon|Protect|p2a: Flygon
|-singleturn|p2a: Flygon|Protect
|-curestatus|p1a: Swampert|slp|[msg]
|move|p1a: Swampert|Curse|p1a: Swampert
|-unboost|p1a: Swampert|spe|1
|-boost|p1a: Swampert|atk|1
|-boost|p1a: Swampert|def|1
|
|-heal|p2a: Flygon|83/100|[from] item: Leftovers
|-heal|p1a: Swampert|72/100|[from] item: Leftovers
|upkeep
|turn|110
|
|t:|1730989113
|switch|p2a: Zapdos|Zapdos|76/100
|move|p1a: Swampert|Ice Beam|p2a: Zapdos
|-supereffective|p2a: Zapdos
|-damage|p2a: Zapdos|51/100
|
|-heal|p2a: Zapdos|57/100|[from] item: Leftovers
|-heal|p1a: Swampert|78/100|[from] item: Leftovers
|upkeep
|turn|111
|
|t:|1730989127
|switch|p1a: Celebi|Celebi|80/100
|-damage|p1a: Celebi|55/100|[from] Spikes
|move|p2a: Zapdos|Rest|p2a: Zapdos
|-status|p2a: Zapdos|slp|[from] move: Rest
|-heal|p2a: Zapdos|100/100 slp|[silent]
|
|-heal|p1a: Celebi|61/100|[from] item: Leftovers
|upkeep
|turn|112
|
|t:|1730989134
|move|p1a: Celebi|Leech Seed|p2a: Zapdos
|-start|p2a: Zapdos|move: Leech Seed
|cant|p2a: Zapdos|slp
|
|-heal|p1a: Celebi|67/100|[from] item: Leftovers
|-damage|p2a: Zapdos|88/100 slp|[from] Leech Seed|[of] p1a: Celebi
|-heal|p1a: Celebi|79/100|[silent]
|upkeep
|turn|113
|
|t:|1730989143
|switch|p1a: Salamence|Salamence, F|100/100
|-ability|p1a: Salamence|Intimidate|boost
|-unboost|p2a: Zapdos|atk|1
|switch|p2a: Jirachi|Jirachi|90/100 par
|-damage|p2a: Jirachi|73/100 par|[from] Spikes
|
|-heal|p2a: Jirachi|80/100 par|[from] item: Leftovers
|upkeep
|turn|114
|
|t:|1730989153
|switch|p1a: Cloyster|Cloyster, M|100/100
|-damage|p1a: Cloyster|76/100|[from] Spikes
|cant|p2a: Jirachi|par
|
|-heal|p1a: Cloyster|82/100|[from] item: Leftovers
|-heal|p2a: Jirachi|86/100 par|[from] item: Leftovers
|upkeep
|turn|115
|
|t:|1730989157
|switch|p2a: Gengar|Gengar, F|100/100
|move|p1a: Cloyster|Surf|p2a: Gengar
|-damage|p2a: Gengar|62/100
|
|-heal|p2a: Gengar|68/100|[from] item: Leftovers
|-heal|p1a: Cloyster|88/100|[from] item: Leftovers
|upkeep
|turn|116
|
|t:|1730989179
|switch|p1a: Blissey|Blissey, F|98/100
|-damage|p1a: Blissey|73/100|[from] Spikes
|move|p2a: Gengar|Ice Punch|p1a: Blissey
|-damage|p1a: Blissey|65/100
|
|-heal|p2a: Gengar|74/100|[from] item: Leftovers
|-heal|p1a: Blissey|72/100|[from] item: Leftovers
|upkeep
|turn|117
|
|t:|1730989189
|switch|p2a: Zapdos|Zapdos|88/100 slp
|switch|p1a: Cloyster|Cloyster, M|88/100
|-damage|p1a: Cloyster|63/100|[from] Spikes
|
|-heal|p2a: Zapdos|94/100 slp|[from] item: Leftovers
|-heal|p1a: Cloyster|69/100|[from] item: Leftovers
|upkeep
|turn|118
|
|t:|1730989193
|switch|p2a: Gengar|Gengar, F|74/100
|move|p1a: Cloyster|Surf|p2a: Gengar
|-damage|p2a: Gengar|39/100
|
|-heal|p2a: Gengar|45/100|[from] item: Leftovers
|-heal|p1a: Cloyster|75/100|[from] item: Leftovers
|upkeep
|turn|119
|
|t:|1730989198
|switch|p1a: Blissey|Blissey, F|72/100
|-damage|p1a: Blissey|47/100|[from] Spikes
|move|p2a: Gengar|Will-O-Wisp|p1a: Blissey
|-status|p1a: Blissey|brn
|
|-heal|p2a: Gengar|51/100|[from] item: Leftovers
|-heal|p1a: Blissey|53/100 brn|[from] item: Leftovers
|-damage|p1a: Blissey|41/100 brn|[from] brn
|upkeep
|turn|120
|
|t:|1730989205
|switch|p2a: Zapdos|Zapdos|94/100 slp
|move|p1a: Blissey|Aromatherapy|p1a: Blissey
|-cureteam|p1a: Blissey|[from] move: Aromatherapy
|
|-heal|p2a: Zapdos|99/100 slp|[from] item: Leftovers
|-heal|p1a: Blissey|47/100|[from] item: Leftovers
|upkeep
|turn|121
|
|t:|1730989215
|cant|p2a: Zapdos|slp
|move|p2a: Zapdos|Sleep Talk|p2a: Zapdos
|move|p2a: Zapdos|Toxic|p1a: Blissey|[from]Sleep Talk
|-status|p1a: Blissey|tox
|move|p1a: Blissey|Soft-Boiled|p1a: Blissey
|-heal|p1a: Blissey|97/100 tox
|
|-heal|p2a: Zapdos|100/100 slp|[from] item: Leftovers
|-heal|p1a: Blissey|100/100 tox|[from] item: Leftovers
|-damage|p1a: Blissey|94/100 tox|[from] psn
|upkeep
|turn|122
|
|t:|1730989226
|switch|p2a: Flygon|Flygon, M|83/100
|-curestatus|p1a: Blissey|tox|[from] ability: Natural Cure
|switch|p1a: Swampert|Swampert, M|78/100
|-damage|p1a: Swampert|54/100|[from] Spikes
|
|-heal|p2a: Flygon|89/100|[from] item: Leftovers
|-heal|p1a: Swampert|60/100|[from] item: Leftovers
|upkeep
|turn|123
|
|t:|1730989231
|move|p2a: Flygon|Toxic|p1a: Swampert
|-status|p1a: Swampert|tox
|move|p1a: Swampert|Curse|p1a: Swampert
|-unboost|p1a: Swampert|spe|1
|-boost|p1a: Swampert|atk|1
|-boost|p1a: Swampert|def|1
|
|-heal|p2a: Flygon|96/100|[from] item: Leftovers
|-heal|p1a: Swampert|66/100 tox|[from] item: Leftovers
|-damage|p1a: Swampert|60/100 tox|[from] psn
|upkeep
|turn|124
|
|t:|1730989240
|switch|p2a: Jirachi|Jirachi|86/100 par
|-damage|p2a: Jirachi|69/100 par|[from] Spikes
|move|p1a: Swampert|Earthquake|p2a: Jirachi
|-supereffective|p2a: Jirachi
|-damage|p2a: Jirachi|0 fnt
|faint|p2a: Jirachi
|
|t:|1730989267
|switch|p2a: Aerodactyl|Aerodactyl, F|46/100
|
|-heal|p1a: Swampert|66/100 tox|[from] item: Leftovers
|-damage|p1a: Swampert|54/100 tox|[from] psn
|upkeep
|turn|125
|
|t:|1730989274
|switch|p2a: Zapdos|Zapdos|100/100 slp
|move|p1a: Swampert|Rest|p1a: Swampert
|-status|p1a: Swampert|slp|[from] move: Rest
|-heal|p1a: Swampert|100/100 slp|[silent]
|
|upkeep
|turn|126
|
|t:|1730989279
|switch|p2a: Gengar|Gengar, F|51/100
|cant|p1a: Swampert|slp
|
|-heal|p2a: Gengar|57/100|[from] item: Leftovers
|upkeep
|turn|127
|
|t:|1730989285
|move|p2a: Gengar|Ice Punch|p1a: Swampert
|-damage|p1a: Swampert|81/100 slp
|cant|p1a: Swampert|slp
|
|-heal|p2a: Gengar|63/100|[from] item: Leftovers
|-heal|p1a: Swampert|88/100 slp|[from] item: Leftovers
|upkeep
|turn|128
|
|t:|1730989304
|move|p2a: Gengar|Ice Punch|p1a: Swampert
|-damage|p1a: Swampert|68/100 slp
|-curestatus|p1a: Swampert|slp|[msg]
|move|p1a: Swampert|Ice Beam|p2a: Gengar
|-damage|p2a: Gengar|41/100
|
|-heal|p2a: Gengar|47/100|[from] item: Leftovers
|-heal|p1a: Swampert|74/100|[from] item: Leftovers
|upkeep
|turn|129
|
|t:|1730989316
|switch|p2a: Zapdos|Zapdos|100/100 slp
|switch|p1a: Blissey|Blissey, F|94/100
|-damage|p1a: Blissey|69/100|[from] Spikes
|
|-heal|p1a: Blissey|76/100|[from] item: Leftovers
|upkeep
|turn|130
|
|t:|1730989321
|cant|p2a: Zapdos|slp
|move|p2a: Zapdos|Sleep Talk|p2a: Zapdos
|move|p2a: Zapdos|Thunderbolt|p1a: Blissey|[from]Sleep Talk
|-damage|p1a: Blissey|62/100
|move|p1a: Blissey|Seismic Toss|p2a: Zapdos
|-damage|p2a: Zapdos|74/100 slp
|
|-heal|p2a: Zapdos|80/100 slp|[from] item: Leftovers
|-heal|p1a: Blissey|68/100|[from] item: Leftovers
|upkeep
|turn|131
|
|t:|1730989336
|switch|p2a: Flygon|Flygon, M|96/100
|switch|p1a: Salamence|Salamence, F|100/100
|-ability|p1a: Salamence|Intimidate|boost
|-unboost|p2a: Flygon|atk|1
|
|-heal|p2a: Flygon|100/100|[from] item: Leftovers
|upkeep
|turn|132
|
|t:|1730989346
|switch|p1a: Celebi|Celebi|79/100
|-damage|p1a: Celebi|54/100|[from] Spikes
|move|p2a: Flygon|Toxic|p1a: Celebi
|-status|p1a: Celebi|tox
|
|-heal|p1a: Celebi|60/100 tox|[from] item: Leftovers
|-damage|p1a: Celebi|54/100 tox|[from] psn
|upkeep
|turn|133
|
|t:|1730989353
|switch|p2a: Skarmory|Skarmory, M|34/100
|move|p1a: Celebi|Recover|p1a: Celebi
|-heal|p1a: Celebi|100/100 tox
|
|-damage|p1a: Celebi|88/100 tox|[from] psn
|-heal|p2a: Skarmory|40/100|[from] item: Leftovers
|upkeep
|turn|134
|
|t:|1730989360
|-curestatus|p1a: Celebi|tox|[from] ability: Natural Cure
|switch|p1a: Salamence|Salamence, F|100/100
|-ability|p1a: Salamence|Intimidate|boost
|-unboost|p2a: Skarmory|atk|1
|switch|p2a: Zapdos|Zapdos|80/100 slp
|
|-heal|p2a: Zapdos|86/100 slp|[from] item: Leftovers
|upkeep
|turn|135
|
|t:|1730989377
|switch|p2a: Flygon|Flygon, M|100/100
|move|p1a: Salamence|Rock Slide|p2a: Flygon
|-resisted|p2a: Flygon
|-damage|p2a: Flygon|85/100
|
|-heal|p2a: Flygon|91/100|[from] item: Leftovers
|upkeep
|turn|136
|
|t:|1730989389
|switch|p1a: Celebi|Celebi|88/100
|-damage|p1a: Celebi|63/100|[from] Spikes
|move|p2a: Flygon|Hidden Power|p1a: Celebi
|-damage|p1a: Celebi|52/100
|
|-heal|p2a: Flygon|97/100|[from] item: Leftovers
|-heal|p1a: Celebi|58/100|[from] item: Leftovers
|upkeep
|turn|137
|
|t:|1730989395
|move|p2a: Flygon|Toxic|p1a: Celebi
|-status|p1a: Celebi|tox
|move|p1a: Celebi|Hidden Power|p2a: Flygon
|-damage|p2a: Flygon|66/100
|
|-heal|p2a: Flygon|73/100|[from] item: Leftovers
|-heal|p1a: Celebi|64/100 tox|[from] item: Leftovers
|-damage|p1a: Celebi|58/100 tox|[from] psn
|upkeep
|turn|138
|
|t:|1730989401
|move|p2a: Flygon|Hidden Power|p1a: Celebi
|-damage|p1a: Celebi|46/100 tox
|move|p1a: Celebi|Recover|p1a: Celebi
|-heal|p1a: Celebi|96/100 tox
|
|-heal|p2a: Flygon|79/100|[from] item: Leftovers
|-heal|p1a: Celebi|100/100 tox|[from] item: Leftovers
|-damage|p1a: Celebi|88/100 tox|[from] psn
|upkeep
|turn|139
|
|t:|1730989412
|-curestatus|p1a: Celebi|tox|[from] ability: Natural Cure
|switch|p1a: Salamence|Salamence, F|100/100
|-ability|p1a: Salamence|Intimidate|boost
|-unboost|p2a: Flygon|atk|1
|move|p2a: Flygon|Hidden Power|p1a: Salamence
|-supereffective|p1a: Salamence
|-damage|p1a: Salamence|71/100
|
|-heal|p2a: Flygon|85/100|[from] item: Leftovers
|upkeep
|turn|140
|
|t:|1730989425
|switch|p1a: Blissey|Blissey, F|68/100
|-damage|p1a: Blissey|43/100|[from] Spikes
|move|p2a: Flygon|Protect||[still]
|-fail|p2a: Flygon
|
|-heal|p2a: Flygon|91/100|[from] item: Leftovers
|-heal|p1a: Blissey|49/100|[from] item: Leftovers
|upkeep
|turn|141
|
|t:|1730989431
|move|p2a: Flygon|Earthquake|p1a: Blissey
|-damage|p1a: Blissey|28/100
|move|p1a: Blissey|Soft-Boiled|p1a: Blissey
|-heal|p1a: Blissey|78/100
|
|-heal|p2a: Flygon|97/100|[from] item: Leftovers
|-heal|p1a: Blissey|84/100|[from] item: Leftovers
|upkeep
|turn|142
|
|t:|1730989440
|switch|p1a: Cloyster|Cloyster, M|75/100
|-damage|p1a: Cloyster|50/100|[from] Spikes
|move|p2a: Flygon|Protect||[still]
|-fail|p2a: Flygon
|
|-heal|p2a: Flygon|100/100|[from] item: Leftovers
|-heal|p1a: Cloyster|56/100|[from] item: Leftovers
|upkeep
|turn|143
|
|t:|1730989453
|switch|p2a: Gengar|Gengar, F|47/100
|move|p1a: Cloyster|Rapid Spin|p2a: Gengar
|-immune|p2a: Gengar
|
|-heal|p2a: Gengar|53/100|[from] item: Leftovers
|-heal|p1a: Cloyster|62/100|[from] item: Leftovers
|upkeep
|turn|144
|
|t:|1730989465
|switch|p1a: Celebi|Celebi|88/100
|-damage|p1a: Celebi|63/100|[from] Spikes
|move|p2a: Gengar|Ice Punch|p1a: Celebi
|-supereffective|p1a: Celebi
|-damage|p1a: Celebi|31/100
|-status|p1a: Celebi|frz
|
|-heal|p2a: Gengar|59/100|[from] item: Leftovers
|-heal|p1a: Celebi|37/100 frz|[from] item: Leftovers
|upkeep
|turn|145
|
|t:|1730989473
|-curestatus|p1a: Celebi|frz|[from] ability: Natural Cure
|switch|p1a: Blissey|Blissey, F|84/100
|-damage|p1a: Blissey|59/100|[from] Spikes
|move|p2a: Gengar|Ice Punch|p1a: Blissey
|-damage|p1a: Blissey|52/100
|
|-heal|p2a: Gengar|65/100|[from] item: Leftovers
|-heal|p1a: Blissey|58/100|[from] item: Leftovers
|upkeep
|turn|146
|
|t:|1730989480
|switch|p2a: Flygon|Flygon, M|100/100
|move|p1a: Blissey|Soft-Boiled|p1a: Blissey
|-heal|p1a: Blissey|100/100
|
|upkeep
|turn|147
|
|t:|1730989492
|move|p2a: Flygon|Earthquake|p1a: Blissey
|-damage|p1a: Blissey|72/100
|move|p1a: Blissey|Seismic Toss|p2a: Flygon
|-damage|p2a: Flygon|73/100
|
|-heal|p2a: Flygon|79/100|[from] item: Leftovers
|-heal|p1a: Blissey|78/100|[from] item: Leftovers
|upkeep
|turn|148
|
|t:|1730989498
|move|p2a: Flygon|Earthquake|p1a: Blissey
|-damage|p1a: Blissey|50/100
|move|p1a: Blissey|Seismic Toss|p2a: Flygon
|-damage|p2a: Flygon|51/100
|
|-heal|p2a: Flygon|57/100|[from] item: Leftovers
|-heal|p1a: Blissey|56/100|[from] item: Leftovers
|upkeep
|turn|149
|
|t:|1730989504
|move|p2a: Flygon|Toxic|p1a: Blissey
|-status|p1a: Blissey|tox
|move|p1a: Blissey|Soft-Boiled|p1a: Blissey
|-heal|p1a: Blissey|100/100 tox
|
|-heal|p2a: Flygon|63/100|[from] item: Leftovers
|-damage|p1a: Blissey|94/100 tox|[from] psn
|upkeep
|turn|150
|
|t:|1730989513
|-curestatus|p1a: Blissey|tox|[from] ability: Natural Cure
|switch|p1a: Salamence|Salamence, F|71/100
|-ability|p1a: Salamence|Intimidate|boost
|-unboost|p2a: Flygon|atk|1
|move|p2a: Flygon|Hidden Power|p1a: Salamence
|-supereffective|p1a: Salamence
|-damage|p1a: Salamence|44/100
|
|-heal|p2a: Flygon|69/100|[from] item: Leftovers
|upkeep
|turn|151
|
|t:|1730989539
|switch|p2a: Aerodactyl|Aerodactyl, F|46/100
|move|p1a: Salamence|Hidden Power|p2a: Aerodactyl
|-resisted|p2a: Aerodactyl
|-damage|p2a: Aerodactyl|6/100
|
|upkeep
|turn|152
|inactive|Fear has 270 seconds left.
|
|t:|1730989563
|switch|p1a: Magneton|Magneton|55/100
|-damage|p1a: Magneton|30/100|[from] Spikes
|move|p2a: Aerodactyl|Double-Edge|p1a: Magneton
|-resisted|p1a: Magneton
|-damage|p1a: Magneton|0 fnt
|faint|p1a: Magneton
|
|t:|1730989570
|switch|p1a: Blissey|Blissey, F|94/100
|-damage|p1a: Blissey|69/100|[from] Spikes
|
|-heal|p1a: Blissey|76/100|[from] item: Leftovers
|upkeep
|turn|153
|
|t:|1730989582
|move|p2a: Aerodactyl|Double-Edge|p1a: Blissey
|-damage|p1a: Blissey|26/100
|move|p1a: Blissey|Thunder Wave|p2a: Aerodactyl
|-status|p2a: Aerodactyl|par
|
|-heal|p1a: Blissey|32/100|[from] item: Leftovers
|upkeep
|turn|154
|
|t:|1730989589
|move|p1a: Blissey|Soft-Boiled|p1a: Blissey
|-heal|p1a: Blissey|82/100
|cant|p2a: Aerodactyl|par
|
|-heal|p1a: Blissey|88/100|[from] item: Leftovers
|upkeep
|turn|155
|
|t:|1730989595
|switch|p2a: Zapdos|Zapdos|86/100 slp
|move|p1a: Blissey|Thunder Wave||[still]
|-fail|p1a: Blissey
|
|-heal|p2a: Zapdos|92/100 slp|[from] item: Leftovers
|-heal|p1a: Blissey|94/100|[from] item: Leftovers
|upkeep
|turn|156
|
|t:|1730989618
|switch|p1a: Celebi|Celebi|37/100
|-damage|p1a: Celebi|12/100|[from] Spikes
|cant|p2a: Zapdos|slp
|move|p2a: Zapdos|Sleep Talk|p2a: Zapdos
|move|p2a: Zapdos|Thunderbolt|p1a: Celebi|[from]Sleep Talk
|-resisted|p1a: Celebi
|-damage|p1a: Celebi|0 fnt
|faint|p1a: Celebi
|
|t:|1730989628
|switch|p1a: Salamence|Salamence, F|44/100
|-ability|p1a: Salamence|Intimidate|boost
|-unboost|p2a: Zapdos|atk|1
|
|-heal|p2a: Zapdos|98/100 slp|[from] item: Leftovers
|upkeep
|turn|157
|
|t:|1730989650
|switch|p2a: Skarmory|Skarmory, M|40/100
|move|p1a: Salamence|Hidden Power|p2a: Skarmory
|-resisted|p2a: Skarmory
|-damage|p2a: Skarmory|20/100
|
|-heal|p2a: Skarmory|26/100|[from] item: Leftovers
|upkeep
|turn|158
|
|t:|1730989662
|move|p1a: Salamence|Hidden Power|p2a: Skarmory
|-resisted|p2a: Skarmory
|-damage|p2a: Skarmory|6/100
|move|p2a: Skarmory|Toxic|p1a: Salamence
|-status|p1a: Salamence|tox
|
|-damage|p1a: Salamence|38/100 tox|[from] psn
|-heal|p2a: Skarmory|12/100|[from] item: Leftovers
|upkeep
|turn|159
|
|t:|1730989669
|switch|p1a: Cloyster|Cloyster, M|62/100
|-damage|p1a: Cloyster|37/100|[from] Spikes
|switch|p2a: Zapdos|Zapdos|98/100 slp
|
|-heal|p2a: Zapdos|100/100 slp|[from] item: Leftovers
|-heal|p1a: Cloyster|43/100|[from] item: Leftovers
|upkeep
|turn|160
|
|t:|1730989674
|switch|p2a: Gengar|Gengar, F|65/100
|move|p1a: Cloyster|Surf|p2a: Gengar
|-damage|p2a: Gengar|31/100
|
|-heal|p2a: Gengar|37/100|[from] item: Leftovers
|-heal|p1a: Cloyster|49/100|[from] item: Leftovers
|upkeep
|turn|161
|
|t:|1730989687
|switch|p1a: Blissey|Blissey, F|94/100
|-damage|p1a: Blissey|70/100|[from] Spikes
|move|p2a: Gengar|Thunderbolt|p1a: Blissey
|-damage|p1a: Blissey|59/100
|
|-heal|p2a: Gengar|43/100|[from] item: Leftovers
|-heal|p1a: Blissey|65/100|[from] item: Leftovers
|upkeep
|turn|162
|
|t:|1730989695
|switch|p1a: Cloyster|Cloyster, M|49/100
|-damage|p1a: Cloyster|24/100|[from] Spikes
|move|p2a: Gengar|Explosion|p1a: Cloyster
|-damage|p1a: Cloyster|0 fnt
|faint|p2a: Gengar
|faint|p1a: Cloyster
|
|t:|1730989707
|switch|p2a: Flygon|Flygon, M|69/100
|switch|p1a: Blissey|Blissey, F|65/100
|-damage|p1a: Blissey|40/100|[from] Spikes
|
|-heal|p2a: Flygon|76/100|[from] item: Leftovers
|-heal|p1a: Blissey|46/100|[from] item: Leftovers
|upkeep
|turn|163
|
|t:|1730989712
|move|p2a: Flygon|Earthquake|p1a: Blissey
|-damage|p1a: Blissey|16/100
|move|p1a: Blissey|Soft-Boiled|p1a: Blissey
|-heal|p1a: Blissey|65/100
|
|-heal|p2a: Flygon|82/100|[from] item: Leftovers
|-heal|p1a: Blissey|72/100|[from] item: Leftovers
|upkeep
|turn|164
|
|t:|1730989715
|move|p2a: Flygon|Earthquake|p1a: Blissey
|-damage|p1a: Blissey|39/100
|move|p1a: Blissey|Aromatherapy|p1a: Blissey
|-cureteam|p1a: Blissey|[from] move: Aromatherapy
|
|-heal|p2a: Flygon|88/100|[from] item: Leftovers
|-heal|p1a: Blissey|45/100|[from] item: Leftovers
|upkeep
|turn|165
|
|t:|1730989720
|move|p2a: Flygon|Toxic|p1a: Blissey
|-status|p1a: Blissey|tox
|move|p1a: Blissey|Soft-Boiled|p1a: Blissey
|-heal|p1a: Blissey|95/100 tox
|
|-heal|p2a: Flygon|94/100|[from] item: Leftovers
|-heal|p1a: Blissey|100/100 tox|[from] item: Leftovers
|-damage|p1a: Blissey|94/100 tox|[from] psn
|upkeep
|turn|166
|
|t:|1730989723
|move|p2a: Flygon|Toxic|p1a: Blissey
|-fail|p1a: Blissey|tox
|move|p1a: Blissey|Seismic Toss|p2a: Flygon
|-damage|p2a: Flygon|66/100
|
|-heal|p2a: Flygon|72/100|[from] item: Leftovers
|-heal|p1a: Blissey|100/100 tox|[from] item: Leftovers
|-damage|p1a: Blissey|88/100 tox|[from] psn
|upkeep
|turn|167
|
|t:|1730989726
|move|p2a: Flygon|Toxic|p1a: Blissey
|-fail|p1a: Blissey|tox
|move|p1a: Blissey|Aromatherapy|p1a: Blissey
|-cureteam|p1a: Blissey|[from] move: Aromatherapy
|
|-heal|p2a: Flygon|78/100|[from] item: Leftovers
|-heal|p1a: Blissey|94/100|[from] item: Leftovers
|upkeep
|turn|168
|
|t:|1730989730
|move|p2a: Flygon|Toxic|p1a: Blissey
|-status|p1a: Blissey|tox
|move|p1a: Blissey|Seismic Toss|p2a: Flygon
|-damage|p2a: Flygon|51/100
|
|-heal|p2a: Flygon|57/100|[from] item: Leftovers
|-heal|p1a: Blissey|100/100 tox|[from] item: Leftovers
|-damage|p1a: Blissey|94/100 tox|[from] psn
|upkeep
|turn|169
|
|t:|1730989734
|move|p2a: Flygon|Earthquake|p1a: Blissey
|-damage|p1a: Blissey|63/100 tox
|move|p1a: Blissey|Seismic Toss|p2a: Flygon
|-damage|p2a: Flygon|29/100
|
|-heal|p2a: Flygon|35/100|[from] item: Leftovers
|-heal|p1a: Blissey|69/100 tox|[from] item: Leftovers
|-damage|p1a: Blissey|57/100 tox|[from] psn
|upkeep
|turn|170
|
|t:|1730989737
|move|p2a: Flygon|Earthquake|p1a: Blissey
|-damage|p1a: Blissey|29/100 tox
|move|p1a: Blissey|Aromatherapy|p1a: Blissey
|-cureteam|p1a: Blissey|[from] move: Aromatherapy
|
|-heal|p2a: Flygon|41/100|[from] item: Leftovers
|-heal|p1a: Blissey|35/100|[from] item: Leftovers
|upkeep
|turn|171
|
|t:|1730989742
|move|p2a: Flygon|Earthquake|p1a: Blissey
|-damage|p1a: Blissey|2/100
|move|p1a: Blissey|Soft-Boiled|p1a: Blissey
|-heal|p1a: Blissey|52/100
|
|-heal|p2a: Flygon|47/100|[from] item: Leftovers
|-heal|p1a: Blissey|58/100|[from] item: Leftovers
|upkeep
|turn|172
|
|t:|1730989745
|move|p2a: Flygon|Earthquake|p1a: Blissey
|-damage|p1a: Blissey|28/100
|move|p1a: Blissey|Seismic Toss|p2a: Flygon
|-damage|p2a: Flygon|20/100
|
|-heal|p2a: Flygon|26/100|[from] item: Leftovers
|-heal|p1a: Blissey|35/100|[from] item: Leftovers
|upkeep
|turn|173
|
|t:|1730989750
|move|p2a: Flygon|Earthquake|p1a: Blissey
|-damage|p1a: Blissey|3/100
|move|p1a: Blissey|Seismic Toss|p2a: Flygon
|-damage|p2a: Flygon|0 fnt
|faint|p2a: Flygon
|
|t:|1730989767
|switch|p2a: Zapdos|Zapdos|100/100 slp
|
|-heal|p1a: Blissey|9/100|[from] item: Leftovers
|upkeep
|turn|174
|
|t:|1730989771
|cant|p2a: Zapdos|slp
|move|p2a: Zapdos|Sleep Talk|p2a: Zapdos
|move|p2a: Zapdos|Toxic|p1a: Blissey|[from]Sleep Talk
|-status|p1a: Blissey|tox
|move|p1a: Blissey|Seismic Toss|p2a: Zapdos
|-damage|p2a: Zapdos|74/100 slp
|
|-heal|p2a: Zapdos|80/100 slp|[from] item: Leftovers
|-heal|p1a: Blissey|15/100 tox|[from] item: Leftovers
|-damage|p1a: Blissey|9/100 tox|[from] psn
|upkeep
|turn|175
|
|t:|1730989777
|-curestatus|p2a: Zapdos|slp|[msg]
|move|p2a: Zapdos|Thunderbolt|p1a: Blissey
|-damage|p1a: Blissey|0 fnt
|faint|p1a: Blissey
|
|t:|1730989779
|switch|p1a: Salamence|Salamence, F|38/100
|-ability|p1a: Salamence|Intimidate|boost
|-unboost|p2a: Zapdos|atk|1
|
|-heal|p2a: Zapdos|86/100|[from] item: Leftovers
|upkeep
|turn|176
|
|t:|1730989782
|switch|p2a: Aerodactyl|Aerodactyl, F|6/100 par
|move|p1a: Salamence|Rock Slide|p2a: Aerodactyl
|-supereffective|p2a: Aerodactyl
|-damage|p2a: Aerodactyl|0 fnt
|faint|p2a: Aerodactyl
|
|t:|1730989797
|switch|p2a: Zapdos|Zapdos|86/100
|
|-heal|p2a: Zapdos|92/100|[from] item: Leftovers
|upkeep
|turn|177
|inactive|Fear has 270 seconds left.
|
|t:|1730989856
|move|p1a: Salamence|Rock Slide|p2a: Zapdos
|-supereffective|p2a: Zapdos
|-damage|p2a: Zapdos|3/100
|move|p2a: Zapdos|Thunderbolt|p1a: Salamence
|-damage|p1a: Salamence|0 fnt
|faint|p1a: Salamence
|
|t:|1730989862
|switch|p1a: Swampert|Swampert, M|74/100
|-damage|p1a: Swampert|50/100|[from] Spikes
|
|-heal|p2a: Zapdos|9/100|[from] item: Leftovers
|-heal|p1a: Swampert|56/100|[from] item: Leftovers
|upkeep
|turn|178
|
|t:|1730989866
|move|p2a: Zapdos|Rest|p2a: Zapdos
|-status|p2a: Zapdos|slp|[from] move: Rest
|-heal|p2a: Zapdos|100/100 slp|[silent]
|move|p1a: Swampert|Curse|p1a: Swampert
|-unboost|p1a: Swampert|spe|1
|-boost|p1a: Swampert|atk|1
|-boost|p1a: Swampert|def|1
|
|-heal|p1a: Swampert|62/100|[from] item: Leftovers
|upkeep
|turn|179
|
|t:|1730989870
|cant|p2a: Zapdos|slp
|move|p1a: Swampert|Curse|p1a: Swampert
|-unboost|p1a: Swampert|spe|1
|-boost|p1a: Swampert|atk|1
|-boost|p1a: Swampert|def|1
|
|-heal|p1a: Swampert|68/100|[from] item: Leftovers
|upkeep
|turn|180
|
|t:|1730989873
|cant|p2a: Zapdos|slp
|move|p1a: Swampert|Curse|p1a: Swampert
|-unboost|p1a: Swampert|spe|1
|-boost|p1a: Swampert|atk|1
|-boost|p1a: Swampert|def|1
|
|-heal|p1a: Swampert|74/100|[from] item: Leftovers
|upkeep
|turn|181
|
|t:|1730989878
|-curestatus|p2a: Zapdos|slp|[msg]
|move|p2a: Zapdos|Sleep Talk|p2a: Zapdos
|move|p1a: Swampert|Curse|p1a: Swampert
|-unboost|p1a: Swampert|spe|1
|-boost|p1a: Swampert|atk|1
|-boost|p1a: Swampert|def|1
|
|-heal|p1a: Swampert|81/100|[from] item: Leftovers
|upkeep
|turn|182
|
|t:|1730989881
|move|p2a: Zapdos|Thunderbolt|p1a: Swampert
|-immune|p1a: Swampert
|move|p1a: Swampert|Curse|p1a: Swampert
|-unboost|p1a: Swampert|spe|1
|-boost|p1a: Swampert|atk|1
|-boost|p1a: Swampert|def|1
|
|-heal|p1a: Swampert|87/100|[from] item: Leftovers
|upkeep
|turn|183
|
|t:|1730989885
|move|p2a: Zapdos|Toxic|p1a: Swampert
|-status|p1a: Swampert|tox
|move|p1a: Swampert|Curse|p1a: Swampert
|-unboost|p1a: Swampert|spe|1
|-boost|p1a: Swampert|atk|1
|-boost|p1a: Swampert|def|1
|
|-heal|p1a: Swampert|93/100 tox|[from] item: Leftovers
|-damage|p1a: Swampert|87/100 tox|[from] psn
|upkeep
|turn|184
|
|t:|1730989889
|move|p2a: Zapdos|Thunderbolt|p1a: Swampert
|-immune|p1a: Swampert
|move|p1a: Swampert|Ice Beam|p2a: Zapdos
|-supereffective|p2a: Zapdos
|-damage|p2a: Zapdos|73/100
|-status|p2a: Zapdos|frz
|
|-heal|p2a: Zapdos|79/100 frz|[from] item: Leftovers
|-heal|p1a: Swampert|93/100 tox|[from] item: Leftovers
|-damage|p1a: Swampert|81/100 tox|[from] psn
|upkeep
|turn|185
|
|t:|1730989893
|cant|p2a: Zapdos|frz
|move|p1a: Swampert|Rest|p1a: Swampert
|-status|p1a: Swampert|slp|[from] move: Rest
|-heal|p1a: Swampert|100/100 slp|[silent]
|
|-heal|p2a: Zapdos|85/100 frz|[from] item: Leftovers
|upkeep
|turn|186
|
|t:|1730989898
|switch|p2a: Skarmory|Skarmory, M|12/100
|cant|p1a: Swampert|slp
|
|-heal|p2a: Skarmory|18/100|[from] item: Leftovers
|upkeep
|turn|187
|
|t:|1730989903
|move|p2a: Skarmory|Spikes||[still]
|-fail|p2a: Skarmory
|cant|p1a: Swampert|slp
|
|-heal|p2a: Skarmory|24/100|[from] item: Leftovers
|upkeep
|turn|188
|
|t:|1730989910
|move|p2a: Skarmory|Protect|p2a: Skarmory
|-singleturn|p2a: Skarmory|Protect
|-curestatus|p1a: Swampert|slp|[msg]
|move|p1a: Swampert|Earthquake|p2a: Skarmory
|-activate|p2a: Skarmory|Protect
|
|-heal|p2a: Skarmory|30/100|[from] item: Leftovers
|upkeep
|turn|189
|
|t:|1730989913
|switch|p2a: Zapdos|Zapdos|85/100 frz
|move|p1a: Swampert|Earthquake|p2a: Zapdos
|-immune|p2a: Zapdos
|
|-heal|p2a: Zapdos|91/100 frz|[from] item: Leftovers
|upkeep
|turn|190
|
|t:|1730989917
|cant|p2a: Zapdos|frz
|move|p1a: Swampert|Earthquake|p2a: Zapdos
|-immune|p2a: Zapdos
|
|-heal|p2a: Zapdos|98/100 frz|[from] item: Leftovers
|upkeep
|turn|191
|
|t:|1730989919
|-curestatus|p2a: Zapdos|frz|[msg]
|move|p2a: Zapdos|Toxic|p1a: Swampert
|-status|p1a: Swampert|tox
|move|p1a: Swampert|Earthquake|p2a: Zapdos
|-immune|p2a: Zapdos
|
|-heal|p2a: Zapdos|100/100|[from] item: Leftovers
|-damage|p1a: Swampert|94/100 tox|[from] psn
|upkeep
|turn|192
|
|t:|1730989925
|move|p2a: Zapdos|Sleep Talk|p2a: Zapdos
|move|p1a: Swampert|Rest|p1a: Swampert
|-status|p1a: Swampert|slp|[from] move: Rest
|-heal|p1a: Swampert|100/100 slp|[silent]
|
|upkeep
|turn|193
|
|t:|1730989927
|switch|p2a: Skarmory|Skarmory, M|30/100
|cant|p1a: Swampert|slp
|
|-heal|p2a: Skarmory|36/100|[from] item: Leftovers
|upkeep
|turn|194
|
|t:|1730989930
|cant|p1a: Swampert|slp
|move|p2a: Skarmory|Roar||[still]
|-fail|p2a: Skarmory
|
|-heal|p2a: Skarmory|42/100|[from] item: Leftovers
|upkeep
|turn|195
|
|t:|1730989934
|-curestatus|p1a: Swampert|slp|[msg]
|move|p1a: Swampert|Earthquake|p2a: Skarmory
|-immune|p2a: Skarmory
|move|p2a: Skarmory|Roar||[still]
|-fail|p2a: Skarmory
|
|-heal|p2a: Skarmory|48/100|[from] item: Leftovers
|upkeep
|turn|196
|
|t:|1730989938
|move|p2a: Skarmory|Protect|p2a: Skarmory
|-singleturn|p2a: Skarmory|Protect
|move|p1a: Swampert|Earthquake|p2a: Skarmory
|-activate|p2a: Skarmory|Protect
|
|-heal|p2a: Skarmory|54/100|[from] item: Leftovers
|upkeep
|turn|197
|
|t:|1730989950
|move|p2a: Skarmory|Toxic|p1a: Swampert
|-status|p1a: Swampert|tox
|move|p1a: Swampert|Earthquake|p2a: Skarmory
|-immune|p2a: Skarmory
|
|-heal|p2a: Skarmory|60/100|[from] item: Leftovers
|-damage|p1a: Swampert|94/100 tox|[from] psn
|upkeep
|turn|198
|
|t:|1730989954
|move|p2a: Skarmory|Protect|p2a: Skarmory
|-singleturn|p2a: Skarmory|Protect
|move|p1a: Swampert|Rest|p1a: Swampert
|-status|p1a: Swampert|slp|[from] move: Rest
|-heal|p1a: Swampert|100/100 slp|[silent]
|
|-heal|p2a: Skarmory|66/100|[from] item: Leftovers
|upkeep
|turn|199
|inactive|Depres_ionCher_y has 270 seconds left.
|c|☆Depres_ionCher_y|gg
|c|☆Fear|gg
|-message|Depres_ionCher_y forfeited.
|
|win|Fear
|player|p1|

</script>
<script type="application/json" class="data" id="replaydata-smogtours-gen3ou-805079">
{"id":"smogtours-gen3ou-805079","format":"[Gen 3] OU","players":["Depres_ionCher_y","Fear"],"uploadtime":1730989993,"views":45,"formatid":"gen3ou","rating":null,"private":0,"password":null}
</script>

<script defer src="js/replays.js?9d40a366"></script>
