<!DOCTYPE html>
<meta charset="utf-8" />
<meta name="viewport" content="width=device-width" />

<title>[Gen 3] OU: honuacjs vs. shitking - Replays - Pok&eacute;mon Showdown!</title>

<meta name="description" content="Watch a replay of a Pok&eacute;mon battle between honuacjs and shitking! Format: [Gen 3] OU; Date: Oct 12, 2024" />
<!--

Hey, you! Looking in the source for the replay log?

You can find them in JSON format, just add `.json` at the end of a replay URL.

https://replay.pokemonshowdown.com/gen7randomdoublesbattle-865046831.json

Or, if you only need the log itself, add `.log` instead:

https://replay.pokemonshowdown.com/gen7randomdoublesbattle-865046831.log

-->

<link rel="stylesheet" href="//pokemonshowdown.com/style/global.css?0.767286132409787" />
<link rel="stylesheet" href="//play.pokemonshowdown.com/style/font-awesome.css?0.9266228007934947" />
<link rel="stylesheet" href="//play.pokemonshowdown.com/style/battle.css?0.7924700842790926" />
<link rel="stylesheet" href="//play.pokemonshowdown.com/style/utilichart.css?0.8777417872839479" />

<!-- Global site tag (gtag.js) - Google Analytics -->
<script async src="https://www.googletagmanager.com/gtag/js?id=UA-26211653-1"></script>
<script>
  window.dataLayer = window.dataLayer || [];
  function gtag(){dataLayer.push(arguments);}
  gtag('js', new Date());

  gtag('config', 'UA-26211653-1');
</script>
<!-- End Google Analytics -->
<!-- Venatus Ad Manager - Install in <HEAD> of page -->
	<script src="https://hb.vntsm.com/v3/live/ad-manager.min.js" type="text/javascript" data-site-id="642aba63ec9a7b11c3c9c1be" data-mode="scan" async></script>
<!-- / Venatus Ad Manager -->

<style>
	@media (max-width:820px) {
		.battle {
			margin: 0 auto;
		}
		.battle-log {
			margin: 7px auto 0;
			max-width: 640px;
			height: 300px;
			position: static;
		}
	}
	.optgroup {
		display: inline-block;
		line-height: 22px;
		font-size: 10pt;
	}
	.optgroup .button {
		height: 25px;
		padding-top: 0;
		padding-bottom: 0;
	}
	.optgroup button.button {
		padding-left: 12px;
		padding-right: 12px;
	}
	.linklist {
		list-style: none;
		margin: 0.5em 0;
		padding: 0;
	}
	.linklist li {
		padding: 2px 0;
	}
	.sidebar {
		float: left;
		width: 320px;
	}
	.bar-wrapper {
		max-width: 1100px;
		margin: 0 auto;
	}
	.bar-wrapper.has-sidebar {
		max-width: 1430px;
	}
	.mainbar {
		margin: 0;
		padding-right: 1px;
	}
	.mainbar.has-sidebar {
		margin-left: 330px;
	}
	@media (min-width: 1511px) {
		.sidebar {
			width: 400px;
		}
		.bar-wrapper.has-sidebar {
			max-width: 1510px;
		}
		.mainbar.has-sidebar {
			margin-left: 410px;
		}
	}
	.section.first-section {
		margin-top: 9px;
	}
	.blocklink small {
		white-space: normal;
	}
	.button {
		vertical-align: middle;
	}
	.replay-controls {
		padding-top: 10px;
	}
	.replay-controls h1 {
		font-size: 16pt;
		font-weight: normal;
		color: #CCC;
	}
	.pagelink {
		text-align: center;
	}
	.pagelink a {
		width: 150px;
	}
	.textbox, .button {
		font-size: 11pt;
		vertical-align: middle;
	}
	@media (max-width: 450px) {
		.button {
			font-size: 9pt;
		}
	}
</style>

<div>

	<header>
		<div class="nav-wrapper"><ul class="nav">
			<li><a class="button nav-first" href="//pokemonshowdown.com/"><img src="//pokemonshowdown.com/images/pokemonshowdownbeta.png" srcset="//pokemonshowdown.com/images/pokemonshowdownbeta.png 1x, //pokemonshowdown.com/images/pokemonshowdownbeta@2x.png 2x" alt="Pok&eacute;mon Showdown" width="146" height="44" /> Home</a></li>
			<li><a class="button" href="//pokemonshowdown.com/dex/">Pok&eacute;dex</a></li>
			<li><a class="button cur" href="/">Replays</a></li>
			<li><a class="button" href="//pokemonshowdown.com/ladder/">Ladder</a></li>
			<li><a class="button nav-last" href="//pokemonshowdown.com/forums/">Forum</a></li>
			<li><a class="button greenbutton nav-first nav-last" href="//play.pokemonshowdown.com/">Play</a></li>
		</ul></div>
	</header>

	<div class="main" id="main">

		<noscript><section class="section">You need to enable JavaScript to use this page; sorry!</section></noscript>

	</div>

</div>

<script defer nomodule src="//play.pokemonshowdown.com/js/lib/ps-polyfill.js"></script>
<script defer src="//play.pokemonshowdown.com/js/lib/preact.min.js"></script>

<script defer src="//play.pokemonshowdown.com/config/config.js?6dec07f6"></script>
<script defer src="//play.pokemonshowdown.com/js/lib/jquery-1.11.0.min.js"></script>
<script defer src="//play.pokemonshowdown.com/js/lib/html-sanitizer-minified.js"></script>
<script defer src="//play.pokemonshowdown.com/js/battle-sound.js"></script>
<script defer src="//play.pokemonshowdown.com/js/battledata.js?0.6315294753075389"></script>
<script defer src="//play.pokemonshowdown.com/data/pokedex-mini.js?0.7603743185311358"></script>
<script defer src="//play.pokemonshowdown.com/data/pokedex-mini-bw.js?0.030888842834281283"></script>
<script defer src="//play.pokemonshowdown.com/data/graphics.js?0.05593094747507488"></script>
<script defer src="//play.pokemonshowdown.com/data/pokedex.js?0.47064822249611904"></script>
<script defer src="//play.pokemonshowdown.com/data/moves.js?0.8583693120512459"></script>
<script defer src="//play.pokemonshowdown.com/data/abilities.js?0.16017181182386842"></script>
<script defer src="//play.pokemonshowdown.com/data/items.js?0.4163379185673943"></script>
<script defer src="//play.pokemonshowdown.com/data/teambuilder-tables.js?0.31075597372830477"></script>
<script defer src="//play.pokemonshowdown.com/js/battle-tooltips.js?0.6536193500708172"></script>
<script defer src="//play.pokemonshowdown.com/js/battle.js?0.1916591943277901"></script>

<script defer src="js/utils.js?e31f9a17"></script>
<script defer src="js/replays-battle.js?7008c182"></script>

<!-- don't scrape this data! just add .json or .log after the URL!
Full API docs: https://github.com/smogon/pokemon-showdown-client/blob/master/WEB-API.md -->
<script type="text/plain" class="log" id="replaylog-smogtours-gen3ou-797857">
|inactive|Battle timer is ON: inactive players will automatically lose when time's up.
|t:|1728772725
|gametype|singles
|player|p1|honuacjs|idol|
|player|p2|shitking|101|
|teamsize|p1|6
|teamsize|p2|6
|gen|3
|tier|[Gen 3] OU
|rule|Sleep Clause Mod: Limit one foe put to sleep
|rule|Switch Priority Clause Mod: Faster Pokémon switch first
|rule|Species Clause: Limit one of each Pokémon
|rule|OHKO Clause: OHKO moves are banned
|rule|Evasion Items Clause: Evasion items are banned
|rule|Evasion Moves Clause: Evasion moves are banned
|rule|Endless Battle Clause: Forcing endless battles is banned
|rule|HP Percentage Mod: HP is shown in percentages
|rule|One Boost Passer Clause: Limit one Baton Passer that has a way to boost its stats
|rule|Freeze Clause Mod: Limit one foe frozen
|
|t:|1728772725
|start
|switch|p1a: Toddle|Ampharos, M|100/100
|switch|p2a: Skarmory|Skarmory, F|100/100
|turn|1
|
|t:|1728772737
|switch|p2a: Jolteon|Jolteon, F|100/100
|move|p1a: Toddle|Thunderbolt|p2a: Jolteon
|-immune|p2a: Jolteon|[from] ability: Volt Absorb
|
|upkeep
|turn|2
|
|t:|1728772748
|switch|p2a: Metagross|Metagross|100/100
|move|p1a: Toddle|Toxic|p2a: Metagross
|-immune|p2a: Metagross
|
|upkeep
|turn|3
|
|t:|1728772758
|move|p1a: Toddle|Protect|p1a: Toddle
|-singleturn|p1a: Toddle|Protect
|move|p2a: Metagross|Meteor Mash|p1a: Toddle
|-activate|p1a: Toddle|Protect
|
|upkeep
|turn|4
|
|t:|1728772763
|move|p2a: Metagross|Meteor Mash|p1a: Toddle
|-resisted|p1a: Toddle
|-damage|p1a: Toddle|64/100
|move|p1a: Toddle|Counter|p2a: Metagross
|-damage|p2a: Metagross|13/100
|
|-heal|p1a: Toddle|71/100|[from] item: Leftovers
|upkeep
|turn|5
|
|t:|1728772776
|switch|p2a: Jolteon|Jolteon, F|100/100
|move|p1a: Toddle|Thunderbolt|p2a: Jolteon
|-immune|p2a: Jolteon|[from] ability: Volt Absorb
|
|-heal|p1a: Toddle|77/100|[from] item: Leftovers
|upkeep
|turn|6
|
|t:|1728772783
|move|p2a: Jolteon|Thunder Wave|p1a: Toddle
|-status|p1a: Toddle|par
|move|p1a: Toddle|Thunderbolt|p2a: Jolteon
|-immune|p2a: Jolteon|[from] ability: Volt Absorb
|
|-heal|p1a: Toddle|83/100 par|[from] item: Leftovers
|upkeep
|turn|7
|
|t:|1728772795
|move|p2a: Jolteon|Hidden Power|p1a: Toddle
|-damage|p1a: Toddle|61/100 par
|move|p1a: Toddle|Toxic|p2a: Jolteon
|-status|p2a: Jolteon|tox
|
|-damage|p2a: Jolteon|94/100 tox|[from] psn
|-heal|p1a: Toddle|67/100 par|[from] item: Leftovers
|upkeep
|turn|8
|
|t:|1728772806
|move|p1a: Toddle|Protect|p1a: Toddle
|-singleturn|p1a: Toddle|Protect
|move|p2a: Jolteon|Thunderbolt|p1a: Toddle
|-activate|p1a: Toddle|Protect
|
|-heal|p2a: Jolteon|100/100 tox|[from] item: Leftovers
|-damage|p2a: Jolteon|88/100 tox|[from] psn
|-heal|p1a: Toddle|73/100 par|[from] item: Leftovers
|upkeep
|turn|9
|
|t:|1728772822
|switch|p2a: Gengar|Gengar, M|100/100
|switch|p1a: Claydol|Claydol|100/100
|
|upkeep
|turn|10
|
|t:|1728772834
|switch|p2a: Skarmory|Skarmory, F|100/100
|switch|p1a: Nessy|Lapras, F|100/100
|
|upkeep
|turn|11
|
|t:|1728772841
|move|p2a: Skarmory|Toxic|p1a: Nessy
|-status|p1a: Nessy|tox
|move|p1a: Nessy|Hail|p1a: Nessy
|-weather|Hail
|
|-weather|Hail|[upkeep]
|-damage|p2a: Skarmory|95/100|[from] Hail
|-heal|p2a: Skarmory|100/100|[from] item: Leftovers
|-damage|p1a: Nessy|94/100 tox|[from] psn
|upkeep
|turn|12
|
|t:|1728772851
|move|p2a: Skarmory|Spikes|p1a: Nessy
|-sidestart|p1: honuacjs|Spikes
|move|p1a: Nessy|Heal Bell|p1a: Nessy
|-activate|p1a: Nessy|move: Heal Bell
|-curestatus|p1a: Nessy|tox|[silent]
|-curestatus|p1: Toddle|par|[silent]
|
|-weather|Hail|[upkeep]
|-damage|p2a: Skarmory|95/100|[from] Hail
|-heal|p2a: Skarmory|100/100|[from] item: Leftovers
|-heal|p1a: Nessy|100/100|[from] item: Leftovers
|upkeep
|turn|13
|
|t:|1728772861
|move|p2a: Skarmory|Spikes|p1a: Nessy
|-sidestart|p1: honuacjs|Spikes
|move|p1a: Nessy|Ice Beam|p2a: Skarmory
|-damage|p2a: Skarmory|74/100
|
|-weather|Hail|[upkeep]
|-damage|p2a: Skarmory|68/100|[from] Hail
|-heal|p2a: Skarmory|74/100|[from] item: Leftovers
|upkeep
|turn|14
|
|t:|1728772868
|move|p2a: Skarmory|Toxic|p1a: Nessy
|-status|p1a: Nessy|tox
|move|p1a: Nessy|Ice Beam|p2a: Skarmory
|-damage|p2a: Skarmory|46/100
|-status|p2a: Skarmory|frz
|
|-weather|Hail|[upkeep]
|-damage|p2a: Skarmory|40/100 frz|[from] Hail
|-heal|p2a: Skarmory|46/100 frz|[from] item: Leftovers
|-damage|p1a: Nessy|94/100 tox|[from] psn
|upkeep
|turn|15
|
|t:|1728772880
|move|p1a: Nessy|Ice Beam|p2a: Skarmory
|-damage|p2a: Skarmory|20/100 frz
|cant|p2a: Skarmory|frz
|
|-weather|none
|-heal|p2a: Skarmory|26/100 frz|[from] item: Leftovers
|-heal|p1a: Nessy|100/100 tox|[from] item: Leftovers
|-damage|p1a: Nessy|88/100 tox|[from] psn
|upkeep
|turn|16
|
|t:|1728772888
|move|p1a: Nessy|Ice Beam|p2a: Skarmory
|-damage|p2a: Skarmory|0 fnt
|faint|p2a: Skarmory
|
|t:|1728772897
|switch|p2a: Jolteon|Jolteon, F|88/100 tox
|
|-heal|p2a: Jolteon|94/100 tox|[from] item: Leftovers
|-damage|p2a: Jolteon|88/100 tox|[from] psn
|-heal|p1a: Nessy|94/100 tox|[from] item: Leftovers
|-damage|p1a: Nessy|75/100 tox|[from] psn
|upkeep
|turn|17
|
|t:|1728772909
|switch|p1a: Claydol|Claydol|100/100
|move|p2a: Jolteon|Thunderbolt|p1a: Claydol
|-immune|p1a: Claydol
|
|-heal|p2a: Jolteon|94/100 tox|[from] item: Leftovers
|-damage|p2a: Jolteon|82/100 tox|[from] psn
|upkeep
|turn|18
|
|t:|1728772916
|move|p2a: Jolteon|Baton Pass|p2a: Jolteon
|
|t:|1728772920
|switch|p2a: Gengar|Gengar, M|100/100|[from] Baton Pass
|move|p1a: Claydol|Rapid Spin|p2a: Gengar
|-immune|p2a: Gengar
|
|upkeep
|turn|19
|
|t:|1728772929
|switch|p2a: Tyranitar|Tyranitar, F|100/100
|-weather|Sandstorm|[from] ability: Sand Stream|[of] p2a: Tyranitar
|move|p1a: Claydol|Shadow Ball|p2a: Tyranitar
|-resisted|p2a: Tyranitar
|-damage|p2a: Tyranitar|93/100
|
|-weather|Sandstorm|[upkeep]
|-heal|p2a: Tyranitar|99/100|[from] item: Leftovers
|upkeep
|turn|20
|
|t:|1728772957
|switch|p2a: Gengar|Gengar, M|100/100
|move|p1a: Claydol|Earthquake|p2a: Gengar
|-immune|p2a: Gengar
|
|-weather|Sandstorm|[upkeep]
|-damage|p2a: Gengar|95/100|[from] Sandstorm
|-heal|p2a: Gengar|100/100|[from] item: Leftovers
|upkeep
|turn|21
|
|t:|1728772969
|move|p2a: Gengar|Ice Punch|p1a: Claydol
|-supereffective|p1a: Claydol
|-damage|p1a: Claydol|51/100
|move|p1a: Claydol|Shadow Ball|p2a: Gengar
|-supereffective|p2a: Gengar
|-damage|p2a: Gengar|19/100
|-unboost|p2a: Gengar|spd|1
|
|-weather|Sandstorm|[upkeep]
|-damage|p2a: Gengar|13/100|[from] Sandstorm
|-heal|p2a: Gengar|19/100|[from] item: Leftovers
|-heal|p1a: Claydol|57/100|[from] item: Leftovers
|upkeep
|turn|22
|
|t:|1728772982
|switch|p1a: Bella|Weezing, F, shiny|100/100
|move|p2a: Gengar|Explosion|p1a: Bella
|-damage|p1a: Bella|22/100
|faint|p2a: Gengar
|
|t:|1728772991
|switch|p2a: Starmie|Starmie|100/100
|
|-weather|Sandstorm|[upkeep]
|-damage|p2a: Starmie|94/100|[from] Sandstorm
|-damage|p1a: Bella|16/100|[from] Sandstorm
|-heal|p2a: Starmie|100/100|[from] item: Leftovers
|-heal|p1a: Bella|22/100|[from] item: Leftovers
|upkeep
|turn|23
|
|t:|1728773002
|switch|p1a: Billy|Umbreon, M, shiny|100/100
|-damage|p1a: Billy|84/100|[from] Spikes
|move|p2a: Starmie|Psychic|p1a: Billy
|-immune|p1a: Billy
|
|-weather|Sandstorm|[upkeep]
|-damage|p2a: Starmie|94/100|[from] Sandstorm
|-damage|p1a: Billy|78/100|[from] Sandstorm
|-heal|p2a: Starmie|100/100|[from] item: Leftovers
|-heal|p1a: Billy|84/100|[from] item: Leftovers
|upkeep
|turn|24
|
|t:|1728773012
|switch|p2a: Tyranitar|Tyranitar, F|99/100
|move|p1a: Billy|Wish|p1a: Billy
|
|-weather|Sandstorm|[upkeep]
|-damage|p1a: Billy|78/100|[from] Sandstorm
|-heal|p1a: Billy|84/100|[from] item: Leftovers
|-heal|p2a: Tyranitar|100/100|[from] item: Leftovers
|upkeep
|turn|25
|
|t:|1728773019
|-singleturn|p2a: Tyranitar|move: Focus Punch
|move|p1a: Billy|Curse|p1a: Billy
|-unboost|p1a: Billy|spe|1
|-boost|p1a: Billy|atk|1
|-boost|p1a: Billy|def|1
|move|p2a: Tyranitar|Focus Punch|p1a: Billy
|-supereffective|p1a: Billy
|-damage|p1a: Billy|14/100
|
|-heal|p1a: Billy|64/100|[from] move: Wish|[wisher] Billy
|-weather|Sandstorm|[upkeep]
|-damage|p1a: Billy|58/100|[from] Sandstorm
|-heal|p1a: Billy|64/100|[from] item: Leftovers
|upkeep
|turn|26
|
|t:|1728773034
|move|p2a: Tyranitar|Hidden Power|p1a: Billy
|-supereffective|p1a: Billy
|-damage|p1a: Billy|31/100
|move|p1a: Billy|Hidden Power|p2a: Tyranitar
|-supereffective|p2a: Tyranitar
|-damage|p2a: Tyranitar|23/100
|
|-weather|Sandstorm|[upkeep]
|-damage|p1a: Billy|25/100|[from] Sandstorm
|-heal|p2a: Tyranitar|29/100|[from] item: Leftovers
|-heal|p1a: Billy|31/100|[from] item: Leftovers
|upkeep
|turn|27
|
|t:|1728773048
|move|p2a: Tyranitar|Hidden Power|p1a: Billy
|-supereffective|p1a: Billy
|-damage|p1a: Billy|0 fnt
|faint|p1a: Billy
|
|t:|1728773054
|switch|p1a: Claydol|Claydol|57/100
|
|-weather|Sandstorm|[upkeep]
|-heal|p1a: Claydol|63/100|[from] item: Leftovers
|-heal|p2a: Tyranitar|35/100|[from] item: Leftovers
|upkeep
|turn|28
|
|t:|1728773067
|move|p1a: Claydol|Rapid Spin|p2a: Tyranitar
|-resisted|p2a: Tyranitar
|-damage|p2a: Tyranitar|33/100
|-sideend|p1: honuacjs|Spikes|[from] move: Rapid Spin|[of] p1a: Claydol
|move|p2a: Tyranitar|Hidden Power|p1a: Claydol
|-supereffective|p1a: Claydol
|-damage|p1a: Claydol|8/100
|
|-weather|Sandstorm|[upkeep]
|-heal|p1a: Claydol|14/100|[from] item: Leftovers
|-heal|p2a: Tyranitar|40/100|[from] item: Leftovers
|upkeep
|turn|29
|
|t:|1728773085
|switch|p2a: Metagross|Metagross|13/100
|move|p1a: Claydol|Earthquake|p2a: Metagross
|-supereffective|p2a: Metagross
|-damage|p2a: Metagross|0 fnt
|faint|p2a: Metagross
|
|t:|1728773089
|switch|p2a: Starmie|Starmie|100/100
|
|-weather|Sandstorm|[upkeep]
|-damage|p2a: Starmie|94/100|[from] Sandstorm
|-heal|p2a: Starmie|100/100|[from] item: Leftovers
|-heal|p1a: Claydol|21/100|[from] item: Leftovers
|upkeep
|turn|30
|
|t:|1728773106
|switch|p1a: Bella|Weezing, F, shiny|22/100
|move|p2a: Starmie|Ice Beam|p1a: Bella
|-damage|p1a: Bella|0 fnt
|faint|p1a: Bella
|
|t:|1728773111
|switch|p1a: Nessy|Lapras, F|75/100 tox
|
|-weather|Sandstorm|[upkeep]
|-damage|p2a: Starmie|94/100|[from] Sandstorm
|-damage|p1a: Nessy|69/100 tox|[from] Sandstorm
|-heal|p2a: Starmie|100/100|[from] item: Leftovers
|-heal|p1a: Nessy|75/100 tox|[from] item: Leftovers
|-damage|p1a: Nessy|69/100 tox|[from] psn
|upkeep
|turn|31
|
|t:|1728773120
|move|p2a: Starmie|Thunderbolt|p1a: Nessy
|-supereffective|p1a: Nessy
|-damage|p1a: Nessy|40/100 tox
|move|p1a: Nessy|Heal Bell|p1a: Nessy
|-activate|p1a: Nessy|move: Heal Bell
|-curestatus|p1a: Nessy|tox|[silent]
|
|-weather|Sandstorm|[upkeep]
|-damage|p2a: Starmie|94/100|[from] Sandstorm
|-damage|p1a: Nessy|34/100|[from] Sandstorm
|-heal|p2a: Starmie|100/100|[from] item: Leftovers
|-heal|p1a: Nessy|40/100|[from] item: Leftovers
|upkeep
|turn|32
|
|t:|1728773142
|move|p2a: Starmie|Psychic|p1a: Nessy
|-damage|p1a: Nessy|20/100
|move|p1a: Nessy|Hail|p1a: Nessy
|-weather|Hail
|
|-weather|Hail|[upkeep]
|-damage|p2a: Starmie|94/100|[from] Hail
|-heal|p2a: Starmie|100/100|[from] item: Leftovers
|-heal|p1a: Nessy|26/100|[from] item: Leftovers
|upkeep
|turn|33
|inactive|honuacjs has 270 seconds left.
|
|t:|1728773167
|move|p2a: Starmie|Psychic|p1a: Nessy
|-damage|p1a: Nessy|5/100
|move|p1a: Nessy|Ice Beam|p2a: Starmie
|-resisted|p2a: Starmie
|-damage|p2a: Starmie|80/100
|
|-weather|Hail|[upkeep]
|-damage|p2a: Starmie|74/100|[from] Hail
|-heal|p2a: Starmie|80/100|[from] item: Leftovers
|-heal|p1a: Nessy|11/100|[from] item: Leftovers
|upkeep
|turn|34
|
|t:|1728773176
|move|p2a: Starmie|Psychic|p1a: Nessy
|-damage|p1a: Nessy|0 fnt
|faint|p1a: Nessy
|
|t:|1728773179
|switch|p1a: Toddle|Ampharos, M|73/100
|
|-weather|Hail|[upkeep]
|-damage|p2a: Starmie|74/100|[from] Hail
|-damage|p1a: Toddle|67/100|[from] Hail
|-heal|p2a: Starmie|80/100|[from] item: Leftovers
|-heal|p1a: Toddle|73/100|[from] item: Leftovers
|upkeep
|turn|35
|
|t:|1728773188
|move|p2a: Starmie|Hydro Pump|p1a: Toddle|[miss]
|-miss|p2a: Starmie|p1a: Toddle
|move|p1a: Toddle|Thunderbolt|p2a: Starmie
|-supereffective|p2a: Starmie
|-damage|p2a: Starmie|0 fnt
|faint|p2a: Starmie
|
|t:|1728773193
|switch|p2a: Tyranitar|Tyranitar, F|40/100
|-weather|Sandstorm|[from] ability: Sand Stream|[of] p2a: Tyranitar
|
|-weather|Sandstorm|[upkeep]
|-damage|p1a: Toddle|67/100|[from] Sandstorm
|-heal|p2a: Tyranitar|46/100|[from] item: Leftovers
|-heal|p1a: Toddle|73/100|[from] item: Leftovers
|upkeep
|turn|36
|
|t:|1728773201
|-singleturn|p2a: Tyranitar|move: Focus Punch
|move|p2a: Tyranitar|Focus Punch|p1a: Toddle
|-damage|p1a: Toddle|29/100
|move|p1a: Toddle|Counter|p2a: Tyranitar
|-damage|p2a: Tyranitar|0 fnt
|faint|p2a: Tyranitar
|
|t:|1728773208
|switch|p2a: Jolteon|Jolteon, F|82/100 tox
|
|-weather|Sandstorm|[upkeep]
|-damage|p2a: Jolteon|75/100 tox|[from] Sandstorm
|-damage|p1a: Toddle|23/100|[from] Sandstorm
|-heal|p2a: Jolteon|82/100 tox|[from] item: Leftovers
|-damage|p2a: Jolteon|75/100 tox|[from] psn
|-heal|p1a: Toddle|29/100|[from] item: Leftovers
|upkeep
|turn|37
|
|t:|1728773215
|move|p1a: Toddle|Protect|p1a: Toddle
|-singleturn|p1a: Toddle|Protect
|move|p2a: Jolteon|Thunder Wave|p1a: Toddle
|-activate|p1a: Toddle|Protect
|
|-weather|Sandstorm|[upkeep]
|-damage|p2a: Jolteon|69/100 tox|[from] Sandstorm
|-damage|p1a: Toddle|23/100|[from] Sandstorm
|-heal|p2a: Jolteon|75/100 tox|[from] item: Leftovers
|-damage|p2a: Jolteon|63/100 tox|[from] psn
|-heal|p1a: Toddle|29/100|[from] item: Leftovers
|upkeep
|turn|38
|
|t:|1728773227
|move|p1a: Toddle|Protect|p1a: Toddle
|-singleturn|p1a: Toddle|Protect
|move|p2a: Jolteon|Hidden Power|p1a: Toddle
|-activate|p1a: Toddle|Protect
|
|-weather|Sandstorm|[upkeep]
|-damage|p2a: Jolteon|57/100 tox|[from] Sandstorm
|-damage|p1a: Toddle|23/100|[from] Sandstorm
|-heal|p2a: Jolteon|63/100 tox|[from] item: Leftovers
|-damage|p2a: Jolteon|44/100 tox|[from] psn
|-heal|p1a: Toddle|29/100|[from] item: Leftovers
|upkeep
|turn|39
|
|t:|1728773240
|move|p1a: Toddle|Protect||[still]
|-fail|p1a: Toddle
|move|p2a: Jolteon|Thunderbolt|p1a: Toddle
|-resisted|p1a: Toddle
|-damage|p1a: Toddle|9/100
|
|-weather|Sandstorm|[upkeep]
|-damage|p2a: Jolteon|38/100 tox|[from] Sandstorm
|-damage|p1a: Toddle|3/100|[from] Sandstorm
|-heal|p2a: Jolteon|44/100 tox|[from] item: Leftovers
|-damage|p2a: Jolteon|19/100 tox|[from] psn
|-heal|p1a: Toddle|9/100|[from] item: Leftovers
|upkeep
|turn|40
|c|☆shitking|Gg
|
|t:|1728773250
|move|p1a: Toddle|Protect|p1a: Toddle
|-singleturn|p1a: Toddle|Protect
|move|p2a: Jolteon|Hidden Power|p1a: Toddle
|-activate|p1a: Toddle|Protect
|
|-weather|Sandstorm|[upkeep]
|-damage|p2a: Jolteon|13/100 tox|[from] Sandstorm
|-damage|p1a: Toddle|3/100|[from] Sandstorm
|-heal|p2a: Jolteon|19/100 tox|[from] item: Leftovers
|-damage|p2a: Jolteon|0 fnt|[from] psn
|faint|p2a: Jolteon
|
|win|honuacjs
|upkeep
|c|☆honuacjs|gg
|player|p2|
|player|p2|shitking|101|

</script>
<script type="application/json" class="data" id="replaydata-smogtours-gen3ou-797857">
{"id":"smogtours-gen3ou-797857","format":"[Gen 3] OU","players":["honuacjs","shitking"],"uploadtime":1728773250,"views":90,"formatid":"gen3ou","rating":null,"private":0,"password":null}
</script>

<script defer src="js/replays.js?9d40a366"></script>
