<!DOCTYPE html>
<meta charset="utf-8" />
<meta name="viewport" content="width=device-width" />

<title>[Gen 3] OU: cremozar vs. gourgeist enjoyer - Replays - Pok&eacute;mon Showdown!</title>

<meta name="description" content="Watch a replay of a Pok&eacute;mon battle between cremozar and gourgeist enjoyer! Format: [Gen 3] OU; Date: Oct 11, 2024" />
<!--

Hey, you! Looking in the source for the replay log?

You can find them in JSON format, just add `.json` at the end of a replay URL.

https://replay.pokemonshowdown.com/gen7randomdoublesbattle-865046831.json

Or, if you only need the log itself, add `.log` instead:

https://replay.pokemonshowdown.com/gen7randomdoublesbattle-865046831.log

-->

<link rel="stylesheet" href="//pokemonshowdown.com/style/global.css?0.767286132409787" />
<link rel="stylesheet" href="//play.pokemonshowdown.com/style/font-awesome.css?0.9266228007934947" />
<link rel="stylesheet" href="//play.pokemonshowdown.com/style/battle.css?0.7924700842790926" />
<link rel="stylesheet" href="//play.pokemonshowdown.com/style/utilichart.css?0.8777417872839479" />

<!-- Global site tag (gtag.js) - Google Analytics -->
<script async src="https://www.googletagmanager.com/gtag/js?id=UA-26211653-1"></script>
<script>
  window.dataLayer = window.dataLayer || [];
  function gtag(){dataLayer.push(arguments);}
  gtag('js', new Date());

  gtag('config', 'UA-26211653-1');
</script>
<!-- End Google Analytics -->
<!-- Venatus Ad Manager - Install in <HEAD> of page -->
	<script src="https://hb.vntsm.com/v3/live/ad-manager.min.js" type="text/javascript" data-site-id="642aba63ec9a7b11c3c9c1be" data-mode="scan" async></script>
<!-- / Venatus Ad Manager -->

<style>
	@media (max-width:820px) {
		.battle {
			margin: 0 auto;
		}
		.battle-log {
			margin: 7px auto 0;
			max-width: 640px;
			height: 300px;
			position: static;
		}
	}
	.optgroup {
		display: inline-block;
		line-height: 22px;
		font-size: 10pt;
	}
	.optgroup .button {
		height: 25px;
		padding-top: 0;
		padding-bottom: 0;
	}
	.optgroup button.button {
		padding-left: 12px;
		padding-right: 12px;
	}
	.linklist {
		list-style: none;
		margin: 0.5em 0;
		padding: 0;
	}
	.linklist li {
		padding: 2px 0;
	}
	.sidebar {
		float: left;
		width: 320px;
	}
	.bar-wrapper {
		max-width: 1100px;
		margin: 0 auto;
	}
	.bar-wrapper.has-sidebar {
		max-width: 1430px;
	}
	.mainbar {
		margin: 0;
		padding-right: 1px;
	}
	.mainbar.has-sidebar {
		margin-left: 330px;
	}
	@media (min-width: 1511px) {
		.sidebar {
			width: 400px;
		}
		.bar-wrapper.has-sidebar {
			max-width: 1510px;
		}
		.mainbar.has-sidebar {
			margin-left: 410px;
		}
	}
	.section.first-section {
		margin-top: 9px;
	}
	.blocklink small {
		white-space: normal;
	}
	.button {
		vertical-align: middle;
	}
	.replay-controls {
		padding-top: 10px;
	}
	.replay-controls h1 {
		font-size: 16pt;
		font-weight: normal;
		color: #CCC;
	}
	.pagelink {
		text-align: center;
	}
	.pagelink a {
		width: 150px;
	}
	.textbox, .button {
		font-size: 11pt;
		vertical-align: middle;
	}
	@media (max-width: 450px) {
		.button {
			font-size: 9pt;
		}
	}
</style>

<div>

	<header>
		<div class="nav-wrapper"><ul class="nav">
			<li><a class="button nav-first" href="//pokemonshowdown.com/"><img src="//pokemonshowdown.com/images/pokemonshowdownbeta.png" srcset="//pokemonshowdown.com/images/pokemonshowdownbeta.png 1x, //pokemonshowdown.com/images/pokemonshowdownbeta@2x.png 2x" alt="Pok&eacute;mon Showdown" width="146" height="44" /> Home</a></li>
			<li><a class="button" href="//pokemonshowdown.com/dex/">Pok&eacute;dex</a></li>
			<li><a class="button cur" href="/">Replays</a></li>
			<li><a class="button" href="//pokemonshowdown.com/ladder/">Ladder</a></li>
			<li><a class="button nav-last" href="//pokemonshowdown.com/forums/">Forum</a></li>
			<li><a class="button greenbutton nav-first nav-last" href="//play.pokemonshowdown.com/">Play</a></li>
		</ul></div>
	</header>

	<div class="main" id="main">

		<noscript><section class="section">You need to enable JavaScript to use this page; sorry!</section></noscript>

	</div>

</div>

<script defer nomodule src="//play.pokemonshowdown.com/js/lib/ps-polyfill.js"></script>
<script defer src="//play.pokemonshowdown.com/js/lib/preact.min.js"></script>

<script defer src="//play.pokemonshowdown.com/config/config.js?6dec07f6"></script>
<script defer src="//play.pokemonshowdown.com/js/lib/jquery-1.11.0.min.js"></script>
<script defer src="//play.pokemonshowdown.com/js/lib/html-sanitizer-minified.js"></script>
<script defer src="//play.pokemonshowdown.com/js/battle-sound.js"></script>
<script defer src="//play.pokemonshowdown.com/js/battledata.js?0.6315294753075389"></script>
<script defer src="//play.pokemonshowdown.com/data/pokedex-mini.js?0.7603743185311358"></script>
<script defer src="//play.pokemonshowdown.com/data/pokedex-mini-bw.js?0.030888842834281283"></script>
<script defer src="//play.pokemonshowdown.com/data/graphics.js?0.05593094747507488"></script>
<script defer src="//play.pokemonshowdown.com/data/pokedex.js?0.47064822249611904"></script>
<script defer src="//play.pokemonshowdown.com/data/moves.js?0.8583693120512459"></script>
<script defer src="//play.pokemonshowdown.com/data/abilities.js?0.16017181182386842"></script>
<script defer src="//play.pokemonshowdown.com/data/items.js?0.4163379185673943"></script>
<script defer src="//play.pokemonshowdown.com/data/teambuilder-tables.js?0.31075597372830477"></script>
<script defer src="//play.pokemonshowdown.com/js/battle-tooltips.js?0.6536193500708172"></script>
<script defer src="//play.pokemonshowdown.com/js/battle.js?0.1916591943277901"></script>

<script defer src="js/utils.js?e31f9a17"></script>
<script defer src="js/replays-battle.js?7008c182"></script>

<!-- don't scrape this data! just add .json or .log after the URL!
Full API docs: https://github.com/smogon/pokemon-showdown-client/blob/master/WEB-API.md -->
<script type="text/plain" class="log" id="replaylog-smogtours-gen3ou-797129">
|inactive|Battle timer is ON: inactive players will automatically lose when time's up.
|t:|1728616236
|gametype|singles
|player|p1|cremozar|1|
|player|p2|gourgeist enjoyer|266|
|teamsize|p1|6
|teamsize|p2|6
|gen|3
|tier|[Gen 3] OU
|rule|Sleep Clause Mod: Limit one foe put to sleep
|rule|Switch Priority Clause Mod: Faster Pokémon switch first
|rule|Species Clause: Limit one of each Pokémon
|rule|OHKO Clause: OHKO moves are banned
|rule|Evasion Items Clause: Evasion items are banned
|rule|Evasion Moves Clause: Evasion moves are banned
|rule|Endless Battle Clause: Forcing endless battles is banned
|rule|HP Percentage Mod: HP is shown in percentages
|rule|One Boost Passer Clause: Limit one Baton Passer that has a way to boost its stats
|rule|Freeze Clause Mod: Limit one foe frozen
|
|t:|1728616236
|start
|switch|p1a: Thrascias|Tyranitar, M|100/100
|switch|p2a: Tyranitar|Tyranitar, F|100/100
|-weather|Sandstorm|[from] ability: Sand Stream|[of] p2a: Tyranitar
|turn|1
|
|t:|1728616242
|switch|p1a: Kaikias|Flygon, M|100/100
|move|p2a: Tyranitar|Earthquake|p1a: Kaikias
|-immune|p1a: Kaikias
|
|-weather|Sandstorm|[upkeep]
|upkeep
|turn|2
|
|t:|1728616253
|move|p1a: Kaikias|Earthquake|p2a: Tyranitar
|-supereffective|p2a: Tyranitar
|-damage|p2a: Tyranitar|46/100
|move|p2a: Tyranitar|Ice Beam|p1a: Kaikias
|-supereffective|p1a: Kaikias
|-damage|p1a: Kaikias|0 fnt
|faint|p1a: Kaikias
|inactive|cremozar has 270 seconds left.
|
|t:|1728616295
|switch|p1a: Argestes|Skarmory, M|100/100
|
|-weather|Sandstorm|[upkeep]
|-heal|p2a: Tyranitar|52/100|[from] item: Leftovers
|upkeep
|turn|3
|
|t:|1728616297
|move|p1a: Argestes|Spikes|p2a: Tyranitar
|-sidestart|p2: gourgeist enjoyer|Spikes
|move|p2a: Tyranitar|Fire Blast|p1a: Argestes
|-supereffective|p1a: Argestes
|-damage|p1a: Argestes|39/100
|
|-weather|Sandstorm|[upkeep]
|-heal|p1a: Argestes|45/100|[from] item: Leftovers
|-heal|p2a: Tyranitar|58/100|[from] item: Leftovers
|upkeep
|turn|4
|inactive|cremozar has 270 seconds left.
|
|t:|1728616304
|switch|p1a: Thrascias|Tyranitar, M|100/100
|move|p2a: Tyranitar|Fire Blast|p1a: Thrascias
|-resisted|p1a: Thrascias
|-damage|p1a: Thrascias|87/100
|
|-weather|Sandstorm|[upkeep]
|-heal|p2a: Tyranitar|64/100|[from] item: Leftovers
|-heal|p1a: Thrascias|93/100|[from] item: Leftovers
|upkeep
|turn|5
|
|t:|1728616310
|switch|p2a: Claydol|Claydol|100/100
|move|p1a: Thrascias|Earthquake|p2a: Claydol
|-immune|p2a: Claydol
|
|-weather|Sandstorm|[upkeep]
|-heal|p1a: Thrascias|99/100|[from] item: Leftovers
|upkeep
|turn|6
|
|t:|1728616313
|move|p2a: Claydol|Earthquake|p1a: Thrascias
|-supereffective|p1a: Thrascias
|-damage|p1a: Thrascias|40/100
|move|p1a: Thrascias|Crunch|p2a: Claydol
|-supereffective|p2a: Claydol
|-damage|p2a: Claydol|28/100
|-unboost|p2a: Claydol|spd|1
|
|-weather|Sandstorm|[upkeep]
|-heal|p2a: Claydol|34/100|[from] item: Leftovers
|-heal|p1a: Thrascias|46/100|[from] item: Leftovers
|upkeep
|turn|7
|
|t:|1728616315
|switch|p1a: Notus|Gengar, M|100/100
|move|p2a: Claydol|Earthquake|p1a: Notus
|-immune|p1a: Notus
|
|-weather|Sandstorm|[upkeep]
|-damage|p1a: Notus|94/100|[from] Sandstorm
|-heal|p1a: Notus|100/100|[from] item: Leftovers
|-heal|p2a: Claydol|40/100|[from] item: Leftovers
|upkeep
|turn|8
|
|t:|1728616322
|switch|p2a: Metagross|Metagross|100/100
|-damage|p2a: Metagross|88/100|[from] Spikes
|move|p1a: Notus|Will-O-Wisp|p2a: Metagross
|-status|p2a: Metagross|brn
|
|-weather|Sandstorm|[upkeep]
|-damage|p1a: Notus|94/100|[from] Sandstorm
|-heal|p1a: Notus|100/100|[from] item: Leftovers
|-heal|p2a: Metagross|94/100 brn|[from] item: Leftovers
|-damage|p2a: Metagross|82/100 brn|[from] brn
|upkeep
|turn|9
|
|t:|1728616326
|switch|p1a: Apeliotes|Jirachi|100/100
|move|p2a: Metagross|Meteor Mash|p1a: Apeliotes|[miss]
|-miss|p2a: Metagross|p1a: Apeliotes
|
|-weather|Sandstorm|[upkeep]
|-heal|p2a: Metagross|88/100 brn|[from] item: Leftovers
|-damage|p2a: Metagross|75/100 brn|[from] brn
|upkeep
|turn|10
|
|t:|1728616330
|move|p1a: Apeliotes|Fire Punch|p2a: Metagross
|-supereffective|p2a: Metagross
|-damage|p2a: Metagross|38/100 brn
|move|p2a: Metagross|Earthquake|p1a: Apeliotes
|-supereffective|p1a: Apeliotes
|-crit|p1a: Apeliotes
|-damage|p1a: Apeliotes|49/100
|
|-weather|Sandstorm|[upkeep]
|-heal|p1a: Apeliotes|55/100|[from] item: Leftovers
|-heal|p2a: Metagross|44/100 brn|[from] item: Leftovers
|-damage|p2a: Metagross|32/100 brn|[from] brn
|upkeep
|turn|11
|
|t:|1728616335
|move|p1a: Apeliotes|Wish|p1a: Apeliotes
|move|p2a: Metagross|Explosion|p1a: Apeliotes
|-resisted|p1a: Apeliotes
|-damage|p1a: Apeliotes|18/100
|faint|p2a: Metagross
|
|t:|1728616345
|switch|p2a: Tyranitar|Tyranitar, F|64/100
|-damage|p2a: Tyranitar|51/100|[from] Spikes
|
|-weather|Sandstorm|[upkeep]
|-heal|p1a: Apeliotes|24/100|[from] item: Leftovers
|-heal|p2a: Tyranitar|57/100|[from] item: Leftovers
|upkeep
|turn|12
|
|t:|1728616348
|move|p1a: Apeliotes|Protect|p1a: Apeliotes
|-singleturn|p1a: Apeliotes|Protect
|move|p2a: Tyranitar|Earthquake|p1a: Apeliotes
|-activate|p1a: Apeliotes|Protect
|
|-heal|p1a: Apeliotes|74/100|[from] move: Wish|[wisher] Apeliotes
|-weather|Sandstorm|[upkeep]
|-heal|p1a: Apeliotes|80/100|[from] item: Leftovers
|-heal|p2a: Tyranitar|63/100|[from] item: Leftovers
|upkeep
|turn|13
|
|t:|1728616352
|switch|p1a: Boreas|Moltres|100/100
|move|p2a: Tyranitar|Earthquake|p1a: Boreas
|-immune|p1a: Boreas
|
|-weather|Sandstorm|[upkeep]
|-damage|p1a: Boreas|94/100|[from] Sandstorm
|-heal|p1a: Boreas|100/100|[from] item: Leftovers
|-heal|p2a: Tyranitar|69/100|[from] item: Leftovers
|upkeep
|turn|14
|
|t:|1728616355
|move|p1a: Boreas|Hidden Power|p2a: Tyranitar
|-supereffective|p2a: Tyranitar
|-damage|p2a: Tyranitar|22/100
|move|p2a: Tyranitar|Rock Slide|p1a: Boreas
|-supereffective|p1a: Boreas
|-damage|p1a: Boreas|0 fnt
|faint|p1a: Boreas
|inactive|cremozar has 270 seconds left.
|
|t:|1728616397
|switch|p1a: Thrascias|Tyranitar, M|46/100
|
|-weather|Sandstorm|[upkeep]
|-heal|p2a: Tyranitar|28/100|[from] item: Leftovers
|-heal|p1a: Thrascias|52/100|[from] item: Leftovers
|upkeep
|turn|15
|
|t:|1728616400
|move|p2a: Tyranitar|Earthquake|p1a: Thrascias
|-supereffective|p1a: Thrascias
|-damage|p1a: Thrascias|0 fnt
|faint|p1a: Thrascias
|inactive|cremozar has 270 seconds left.
|
|t:|1728616406
|switch|p1a: Apeliotes|Jirachi|80/100
|
|-weather|Sandstorm|[upkeep]
|-heal|p1a: Apeliotes|87/100|[from] item: Leftovers
|-heal|p2a: Tyranitar|34/100|[from] item: Leftovers
|upkeep
|turn|16
|
|t:|1728616411
|move|p1a: Apeliotes|Fire Punch|p2a: Tyranitar
|-resisted|p2a: Tyranitar
|-damage|p2a: Tyranitar|26/100
|-status|p2a: Tyranitar|brn
|move|p2a: Tyranitar|Earthquake|p1a: Apeliotes
|-supereffective|p1a: Apeliotes
|-damage|p1a: Apeliotes|60/100
|
|-weather|Sandstorm|[upkeep]
|-heal|p1a: Apeliotes|67/100|[from] item: Leftovers
|-heal|p2a: Tyranitar|32/100 brn|[from] item: Leftovers
|-damage|p2a: Tyranitar|19/100 brn|[from] brn
|upkeep
|turn|17
|
|t:|1728616414
|move|p1a: Apeliotes|Protect|p1a: Apeliotes
|-singleturn|p1a: Apeliotes|Protect
|move|p2a: Tyranitar|Earthquake|p1a: Apeliotes
|-activate|p1a: Apeliotes|Protect
|
|-weather|Sandstorm|[upkeep]
|-heal|p1a: Apeliotes|73/100|[from] item: Leftovers
|-heal|p2a: Tyranitar|25/100 brn|[from] item: Leftovers
|-damage|p2a: Tyranitar|13/100 brn|[from] brn
|upkeep
|turn|18
|
|t:|1728616421
|switch|p2a: Claydol|Claydol|40/100
|move|p1a: Apeliotes|Wish|p1a: Apeliotes
|
|-weather|Sandstorm|[upkeep]
|-heal|p1a: Apeliotes|79/100|[from] item: Leftovers
|-heal|p2a: Claydol|46/100|[from] item: Leftovers
|upkeep
|turn|19
|
|t:|1728616428
|switch|p1a: Argestes|Skarmory, M|45/100
|move|p2a: Claydol|Earthquake|p1a: Argestes
|-immune|p1a: Argestes
|
|-heal|p1a: Argestes|95/100|[from] move: Wish|[wisher] Apeliotes
|-weather|Sandstorm|[upkeep]
|-heal|p2a: Claydol|52/100|[from] item: Leftovers
|-heal|p1a: Argestes|100/100|[from] item: Leftovers
|upkeep
|turn|20
|
|t:|1728616431
|move|p2a: Claydol|Rapid Spin|p1a: Argestes
|-resisted|p1a: Argestes
|-crit|p1a: Argestes
|-damage|p1a: Argestes|97/100
|-sideend|p2: gourgeist enjoyer|Spikes|[from] move: Rapid Spin|[of] p2a: Claydol
|move|p1a: Argestes|Toxic|p2a: Claydol|[miss]
|-miss|p1a: Argestes|p2a: Claydol
|
|-weather|Sandstorm|[upkeep]
|-heal|p2a: Claydol|59/100|[from] item: Leftovers
|-heal|p1a: Argestes|100/100|[from] item: Leftovers
|upkeep
|turn|21
|
|t:|1728616435
|switch|p2a: Tyranitar|Tyranitar, F|13/100 brn
|move|p1a: Argestes|Spikes|p2a: Tyranitar
|-sidestart|p2: gourgeist enjoyer|Spikes
|
|-weather|Sandstorm|[upkeep]
|-heal|p2a: Tyranitar|19/100 brn|[from] item: Leftovers
|-damage|p2a: Tyranitar|7/100 brn|[from] brn
|upkeep
|turn|22
|
|t:|1728616437
|move|p1a: Argestes|Protect|p1a: Argestes
|-singleturn|p1a: Argestes|Protect
|move|p2a: Tyranitar|Fire Blast|p1a: Argestes
|-activate|p1a: Argestes|Protect
|
|-weather|Sandstorm|[upkeep]
|-heal|p2a: Tyranitar|13/100 brn|[from] item: Leftovers
|-damage|p2a: Tyranitar|0 fnt|[from] brn
|faint|p2a: Tyranitar
|upkeep
|
|t:|1728616442
|switch|p2a: Starmie|Starmie|100/100
|-damage|p2a: Starmie|88/100|[from] Spikes
|turn|23
|
|t:|1728616445
|switch|p1a: Apeliotes|Jirachi|79/100
|move|p2a: Starmie|Thunderbolt|p1a: Apeliotes
|-damage|p1a: Apeliotes|61/100
|
|-weather|Sandstorm|[upkeep]
|-damage|p2a: Starmie|82/100|[from] Sandstorm
|-heal|p2a: Starmie|88/100|[from] item: Leftovers
|-heal|p1a: Apeliotes|67/100|[from] item: Leftovers
|upkeep
|turn|24
|
|t:|1728616447
|move|p2a: Starmie|Hydro Pump|p1a: Apeliotes
|-damage|p1a: Apeliotes|33/100
|move|p1a: Apeliotes|Wish|p1a: Apeliotes
|
|-weather|Sandstorm|[upkeep]
|-damage|p2a: Starmie|82/100|[from] Sandstorm
|-heal|p2a: Starmie|88/100|[from] item: Leftovers
|-heal|p1a: Apeliotes|39/100|[from] item: Leftovers
|upkeep
|turn|25
|
|t:|1728616450
|move|p2a: Starmie|Hydro Pump|p1a: Apeliotes
|-damage|p1a: Apeliotes|2/100
|move|p1a: Apeliotes|Body Slam|p2a: Starmie
|-crit|p2a: Starmie
|-damage|p2a: Starmie|23/100
|
|-heal|p1a: Apeliotes|52/100|[from] move: Wish|[wisher] Apeliotes
|-weather|Sandstorm|[upkeep]
|-damage|p2a: Starmie|17/100|[from] Sandstorm
|-heal|p2a: Starmie|23/100|[from] item: Leftovers
|-heal|p1a: Apeliotes|58/100|[from] item: Leftovers
|upkeep
|turn|26
|
|t:|1728616457
|move|p2a: Starmie|Hydro Pump|p1a: Apeliotes
|-damage|p1a: Apeliotes|24/100
|move|p1a: Apeliotes|Wish|p1a: Apeliotes
|
|-weather|Sandstorm|[upkeep]
|-damage|p2a: Starmie|17/100|[from] Sandstorm
|-heal|p2a: Starmie|23/100|[from] item: Leftovers
|-heal|p1a: Apeliotes|30/100|[from] item: Leftovers
|upkeep
|turn|27
|
|t:|1728616460
|switch|p2a: Claydol|Claydol|59/100
|move|p1a: Apeliotes|Protect||[still]
|-fail|p1a: Apeliotes
|
|-heal|p1a: Apeliotes|80/100|[from] move: Wish|[wisher] Apeliotes
|-weather|Sandstorm|[upkeep]
|-heal|p1a: Apeliotes|86/100|[from] item: Leftovers
|-heal|p2a: Claydol|65/100|[from] item: Leftovers
|upkeep
|turn|28
|
|t:|1728616464
|switch|p1a: Notus|Gengar, M|100/100
|move|p2a: Claydol|Earthquake|p1a: Notus
|-immune|p1a: Notus
|
|-weather|Sandstorm|[upkeep]
|-damage|p1a: Notus|94/100|[from] Sandstorm
|-heal|p1a: Notus|100/100|[from] item: Leftovers
|-heal|p2a: Claydol|71/100|[from] item: Leftovers
|upkeep
|turn|29
|
|t:|1728616467
|move|p1a: Notus|Ice Punch|p2a: Claydol
|-supereffective|p2a: Claydol
|-damage|p2a: Claydol|29/100
|move|p2a: Claydol|Psychic|p1a: Notus
|-supereffective|p1a: Notus
|-damage|p1a: Notus|51/100
|
|-weather|Sandstorm|[upkeep]
|-damage|p1a: Notus|44/100|[from] Sandstorm
|-heal|p1a: Notus|51/100|[from] item: Leftovers
|-heal|p2a: Claydol|35/100|[from] item: Leftovers
|upkeep
|turn|30
|
|t:|1728616473
|switch|p2a: Snorlax|Snorlax, F|100/100
|-damage|p2a: Snorlax|88/100|[from] Spikes
|move|p1a: Notus|Ice Punch|p2a: Snorlax
|-crit|p2a: Snorlax
|-damage|p2a: Snorlax|64/100
|
|-weather|Sandstorm|[upkeep]
|-damage|p1a: Notus|44/100|[from] Sandstorm
|-damage|p2a: Snorlax|58/100|[from] Sandstorm
|-heal|p1a: Notus|51/100|[from] item: Leftovers
|-heal|p2a: Snorlax|64/100|[from] item: Leftovers
|upkeep
|turn|31
|
|t:|1728616475
|switch|p1a: Argestes|Skarmory, M|100/100
|move|p2a: Snorlax|Shadow Ball|p1a: Argestes
|-resisted|p1a: Argestes
|-damage|p1a: Argestes|91/100
|-unboost|p1a: Argestes|spd|1
|
|-weather|Sandstorm|[upkeep]
|-damage|p2a: Snorlax|58/100|[from] Sandstorm
|-heal|p1a: Argestes|97/100|[from] item: Leftovers
|-heal|p2a: Snorlax|64/100|[from] item: Leftovers
|upkeep
|turn|32
|
|t:|1728616479
|move|p1a: Argestes|Spikes|p2a: Snorlax
|-sidestart|p2: gourgeist enjoyer|Spikes
|move|p2a: Snorlax|Body Slam|p1a: Argestes
|-resisted|p1a: Argestes
|-damage|p1a: Argestes|83/100
|
|-weather|Sandstorm|[upkeep]
|-damage|p2a: Snorlax|58/100|[from] Sandstorm
|-heal|p1a: Argestes|89/100|[from] item: Leftovers
|-heal|p2a: Snorlax|64/100|[from] item: Leftovers
|upkeep
|turn|33
|
|t:|1728616481
|switch|p2a: Claydol|Claydol|35/100
|move|p1a: Argestes|Spikes|p2a: Claydol
|-sidestart|p2: gourgeist enjoyer|Spikes
|
|-weather|Sandstorm|[upkeep]
|-heal|p2a: Claydol|42/100|[from] item: Leftovers
|-heal|p1a: Argestes|95/100|[from] item: Leftovers
|upkeep
|turn|34
|
|t:|1728616484
|move|p2a: Claydol|Rapid Spin|p1a: Argestes
|-resisted|p1a: Argestes
|-damage|p1a: Argestes|93/100
|-sideend|p2: gourgeist enjoyer|Spikes|[from] move: Rapid Spin|[of] p2a: Claydol
|move|p1a: Argestes|Toxic|p2a: Claydol
|-status|p2a: Claydol|tox
|
|-weather|Sandstorm|[upkeep]
|-heal|p2a: Claydol|48/100 tox|[from] item: Leftovers
|-damage|p2a: Claydol|42/100 tox|[from] psn
|-heal|p1a: Argestes|99/100|[from] item: Leftovers
|upkeep
|turn|35
|
|t:|1728616490
|move|p1a: Argestes|Protect|p1a: Argestes
|-singleturn|p1a: Argestes|Protect
|move|p2a: Claydol|Psychic|p1a: Argestes
|-activate|p1a: Argestes|Protect
|
|-weather|Sandstorm|[upkeep]
|-heal|p2a: Claydol|48/100 tox|[from] item: Leftovers
|-damage|p2a: Claydol|35/100 tox|[from] psn
|-heal|p1a: Argestes|100/100|[from] item: Leftovers
|upkeep
|turn|36
|
|t:|1728616493
|switch|p2a: Starmie|Starmie|23/100
|move|p1a: Argestes|Spikes|p2a: Starmie
|-sidestart|p2: gourgeist enjoyer|Spikes
|
|-weather|Sandstorm|[upkeep]
|-damage|p2a: Starmie|17/100|[from] Sandstorm
|-heal|p2a: Starmie|23/100|[from] item: Leftovers
|upkeep
|turn|37
|
|t:|1728616496
|switch|p1a: Apeliotes|Jirachi|86/100
|move|p2a: Starmie|Thunderbolt|p1a: Apeliotes
|-damage|p1a: Apeliotes|68/100
|-status|p1a: Apeliotes|par
|
|-weather|Sandstorm|[upkeep]
|-damage|p2a: Starmie|17/100|[from] Sandstorm
|-heal|p2a: Starmie|23/100|[from] item: Leftovers
|-heal|p1a: Apeliotes|74/100 par|[from] item: Leftovers
|upkeep
|turn|38
|
|t:|1728616499
|move|p2a: Starmie|Hydro Pump|p1a: Apeliotes
|-damage|p1a: Apeliotes|36/100 par
|move|p1a: Apeliotes|Wish|p1a: Apeliotes
|
|-weather|Sandstorm|[upkeep]
|-damage|p2a: Starmie|17/100|[from] Sandstorm
|-heal|p2a: Starmie|23/100|[from] item: Leftovers
|-heal|p1a: Apeliotes|42/100 par|[from] item: Leftovers
|upkeep
|turn|39
|
|t:|1728616501
|move|p1a: Apeliotes|Protect|p1a: Apeliotes
|-singleturn|p1a: Apeliotes|Protect
|move|p2a: Starmie|Hydro Pump|p1a: Apeliotes
|-activate|p1a: Apeliotes|Protect
|
|-heal|p1a: Apeliotes|92/100 par|[from] move: Wish|[wisher] Apeliotes
|-weather|Sandstorm|[upkeep]
|-damage|p2a: Starmie|17/100|[from] Sandstorm
|-heal|p2a: Starmie|23/100|[from] item: Leftovers
|-heal|p1a: Apeliotes|98/100 par|[from] item: Leftovers
|upkeep
|turn|40
|
|t:|1728616504
|move|p2a: Starmie|Recover|p2a: Starmie
|-heal|p2a: Starmie|73/100
|move|p1a: Apeliotes|Body Slam|p2a: Starmie
|-damage|p2a: Starmie|44/100
|-status|p2a: Starmie|par
|
|-weather|Sandstorm|[upkeep]
|-damage|p2a: Starmie|38/100 par|[from] Sandstorm
|-heal|p2a: Starmie|44/100 par|[from] item: Leftovers
|-heal|p1a: Apeliotes|100/100 par|[from] item: Leftovers
|upkeep
|turn|41
|
|t:|1728616508
|move|p2a: Starmie|Recover|p2a: Starmie
|-heal|p2a: Starmie|94/100 par
|move|p1a: Apeliotes|Body Slam|p2a: Starmie
|-damage|p2a: Starmie|63/100 par
|
|-weather|Sandstorm|[upkeep]
|-damage|p2a: Starmie|57/100 par|[from] Sandstorm
|-heal|p2a: Starmie|63/100 par|[from] item: Leftovers
|upkeep
|turn|42
|
|t:|1728616511
|-curestatus|p2a: Starmie|par|[from] ability: Natural Cure
|switch|p2a: Claydol|Claydol|35/100 tox
|move|p1a: Apeliotes|Body Slam|p2a: Claydol
|-damage|p2a: Claydol|13/100 tox
|
|-weather|Sandstorm|[upkeep]
|-heal|p2a: Claydol|19/100 tox|[from] item: Leftovers
|-damage|p2a: Claydol|13/100 tox|[from] psn
|upkeep
|turn|43
|
|t:|1728616519
|move|p1a: Apeliotes|Protect|p1a: Apeliotes
|-singleturn|p1a: Apeliotes|Protect
|move|p2a: Claydol|Explosion|p1a: Apeliotes
|-activate|p1a: Apeliotes|Protect
|faint|p2a: Claydol
|
|t:|1728616524
|switch|p2a: Snorlax|Snorlax, F|64/100
|-damage|p2a: Snorlax|52/100|[from] Spikes
|
|-weather|Sandstorm|[upkeep]
|-damage|p2a: Snorlax|46/100|[from] Sandstorm
|-heal|p2a: Snorlax|52/100|[from] item: Leftovers
|upkeep
|turn|44
|
|t:|1728616530
|move|p2a: Snorlax|Earthquake|p1a: Apeliotes
|-supereffective|p1a: Apeliotes
|-damage|p1a: Apeliotes|51/100 par
|move|p1a: Apeliotes|Fire Punch|p2a: Snorlax
|-crit|p2a: Snorlax
|-damage|p2a: Snorlax|32/100
|
|-weather|Sandstorm|[upkeep]
|-damage|p2a: Snorlax|26/100|[from] Sandstorm
|-heal|p2a: Snorlax|32/100|[from] item: Leftovers
|-heal|p1a: Apeliotes|58/100 par|[from] item: Leftovers
|upkeep
|turn|45
|
|t:|1728616536
|switch|p1a: Argestes|Skarmory, M|100/100
|move|p2a: Snorlax|Earthquake|p1a: Argestes
|-immune|p1a: Argestes
|
|-weather|Sandstorm|[upkeep]
|-damage|p2a: Snorlax|26/100|[from] Sandstorm
|-heal|p2a: Snorlax|32/100|[from] item: Leftovers
|upkeep
|turn|46
|
|t:|1728616539
|switch|p2a: Starmie|Starmie|63/100
|-damage|p2a: Starmie|51/100|[from] Spikes
|move|p1a: Argestes|Spikes|p2a: Starmie
|-sidestart|p2: gourgeist enjoyer|Spikes
|
|-weather|Sandstorm|[upkeep]
|-damage|p2a: Starmie|45/100|[from] Sandstorm
|-heal|p2a: Starmie|51/100|[from] item: Leftovers
|upkeep
|turn|47
|
|t:|1728616543
|move|p2a: Starmie|Thunderbolt|p1a: Argestes
|-supereffective|p1a: Argestes
|-damage|p1a: Argestes|50/100
|move|p1a: Argestes|Toxic|p2a: Starmie
|-status|p2a: Starmie|tox
|
|-weather|Sandstorm|[upkeep]
|-damage|p2a: Starmie|45/100 tox|[from] Sandstorm
|-heal|p2a: Starmie|51/100 tox|[from] item: Leftovers
|-damage|p2a: Starmie|45/100 tox|[from] psn
|-heal|p1a: Argestes|56/100|[from] item: Leftovers
|upkeep
|turn|48
|
|t:|1728616546
|move|p1a: Argestes|Protect|p1a: Argestes
|-singleturn|p1a: Argestes|Protect
|move|p2a: Starmie|Thunderbolt|p1a: Argestes
|-activate|p1a: Argestes|Protect
|
|-weather|Sandstorm|[upkeep]
|-damage|p2a: Starmie|39/100 tox|[from] Sandstorm
|-heal|p2a: Starmie|45/100 tox|[from] item: Leftovers
|-damage|p2a: Starmie|33/100 tox|[from] psn
|-heal|p1a: Argestes|62/100|[from] item: Leftovers
|upkeep
|turn|49
|
|t:|1728616549
|move|p2a: Starmie|Recover|p2a: Starmie
|-heal|p2a: Starmie|83/100 tox
|move|p1a: Argestes|Spikes|p2a: Starmie
|-sidestart|p2: gourgeist enjoyer|Spikes
|
|-weather|Sandstorm|[upkeep]
|-damage|p2a: Starmie|77/100 tox|[from] Sandstorm
|-heal|p2a: Starmie|83/100 tox|[from] item: Leftovers
|-damage|p2a: Starmie|65/100 tox|[from] psn
|-heal|p1a: Argestes|68/100|[from] item: Leftovers
|upkeep
|turn|50
|
|t:|1728616552
|move|p1a: Argestes|Protect|p1a: Argestes
|-singleturn|p1a: Argestes|Protect
|move|p2a: Starmie|Thunderbolt|p1a: Argestes
|-activate|p1a: Argestes|Protect
|
|-weather|Sandstorm|[upkeep]
|-damage|p2a: Starmie|59/100 tox|[from] Sandstorm
|-heal|p2a: Starmie|65/100 tox|[from] item: Leftovers
|-damage|p2a: Starmie|40/100 tox|[from] psn
|-heal|p1a: Argestes|74/100|[from] item: Leftovers
|upkeep
|turn|51
|
|t:|1728616554
|-curestatus|p2a: Starmie|tox|[from] ability: Natural Cure
|switch|p2a: Snorlax|Snorlax, F|32/100
|-damage|p2a: Snorlax|7/100|[from] Spikes
|switch|p1a: Apeliotes|Jirachi|58/100 par
|
|-weather|Sandstorm|[upkeep]
|-damage|p2a: Snorlax|1/100|[from] Sandstorm
|-heal|p2a: Snorlax|7/100|[from] item: Leftovers
|-heal|p1a: Apeliotes|64/100 par|[from] item: Leftovers
|upkeep
|turn|52
|
|t:|1728616559
|cant|p1a: Apeliotes|par
|move|p2a: Snorlax|Self-Destruct|p1a: Apeliotes
|-resisted|p1a: Apeliotes
|-damage|p1a: Apeliotes|0 fnt
|faint|p2a: Snorlax
|faint|p1a: Apeliotes
|
|t:|1728616566
|switch|p1a: Argestes|Skarmory, M|74/100
|switch|p2a: Starmie|Starmie|40/100
|-damage|p2a: Starmie|15/100|[from] Spikes
|
|-weather|Sandstorm|[upkeep]
|-damage|p2a: Starmie|9/100|[from] Sandstorm
|-heal|p2a: Starmie|15/100|[from] item: Leftovers
|-heal|p1a: Argestes|80/100|[from] item: Leftovers
|upkeep
|turn|53
|
|t:|1728616570
|move|p2a: Starmie|Thunderbolt|p1a: Argestes
|-supereffective|p1a: Argestes
|-damage|p1a: Argestes|28/100
|move|p1a: Argestes|Roar|p2a: Starmie
|drag|p2a: Aerodactyl|Aerodactyl, M|100/100
|
|-weather|Sandstorm|[upkeep]
|-heal|p1a: Argestes|34/100|[from] item: Leftovers
|upkeep
|turn|54
|
|t:|1728616574
|move|p1a: Argestes|Protect|p1a: Argestes
|-singleturn|p1a: Argestes|Protect
|move|p2a: Aerodactyl|Rock Slide|p1a: Argestes
|-activate|p1a: Argestes|Protect
|
|-weather|Sandstorm|[upkeep]
|-heal|p1a: Argestes|40/100|[from] item: Leftovers
|upkeep
|turn|55
|
|t:|1728616576
|move|p2a: Aerodactyl|Rock Slide|p1a: Argestes
|-damage|p1a: Argestes|4/100
|move|p1a: Argestes|Toxic|p2a: Aerodactyl
|-status|p2a: Aerodactyl|tox
|
|-weather|Sandstorm|[upkeep]
|-damage|p2a: Aerodactyl|95/100 tox|[from] psn
|-heal|p1a: Argestes|10/100|[from] item: Leftovers
|upkeep
|turn|56
|
|t:|1728616579
|move|p1a: Argestes|Protect|p1a: Argestes
|-singleturn|p1a: Argestes|Protect
|move|p2a: Aerodactyl|Rock Slide|p1a: Argestes
|-activate|p1a: Argestes|Protect
|
|-weather|Sandstorm|[upkeep]
|-damage|p2a: Aerodactyl|83/100 tox|[from] psn
|-heal|p1a: Argestes|16/100|[from] item: Leftovers
|upkeep
|turn|57
|
|t:|1728616582
|switch|p1a: Notus|Gengar, M|51/100
|move|p2a: Aerodactyl|Rock Slide|p1a: Notus|[miss]
|-miss|p2a: Aerodactyl|p1a: Notus
|
|-weather|Sandstorm|[upkeep]
|-damage|p1a: Notus|44/100|[from] Sandstorm
|-damage|p2a: Aerodactyl|65/100 tox|[from] psn
|-heal|p1a: Notus|51/100|[from] item: Leftovers
|upkeep
|turn|58
|
|t:|1728616585
|move|p2a: Aerodactyl|Rock Slide|p1a: Notus
|-damage|p1a: Notus|0 fnt
|faint|p1a: Notus
|
|t:|1728616587
|switch|p1a: Argestes|Skarmory, M|16/100
|
|-weather|Sandstorm|[upkeep]
|-damage|p2a: Aerodactyl|41/100 tox|[from] psn
|-heal|p1a: Argestes|22/100|[from] item: Leftovers
|upkeep
|turn|59
|
|t:|1728616589
|move|p1a: Argestes|Protect|p1a: Argestes
|-singleturn|p1a: Argestes|Protect
|move|p2a: Aerodactyl|Rock Slide|p1a: Argestes
|-activate|p1a: Argestes|Protect
|
|-weather|Sandstorm|[upkeep]
|-damage|p2a: Aerodactyl|11/100 tox|[from] psn
|-heal|p1a: Argestes|28/100|[from] item: Leftovers
|upkeep
|turn|60
|
|t:|1728616591
|move|p1a: Argestes|Protect||[still]
|-fail|p1a: Argestes
|move|p2a: Aerodactyl|Rock Slide|p1a: Argestes
|-damage|p1a: Argestes|0 fnt
|faint|p1a: Argestes
|
|win|gourgeist enjoyer
|c|☆cremozar|ggwp
|c|☆cremozar|close one
|c|☆gourgeist enjoyer|gg
|c|☆gourgeist enjoyer|well played
|c|☆cremozar|u2
|c|☆gourgeist enjoyer|you played great
|c|☆cremozar|u2
|c|☆cremozar|very nice ttar breaking

</script>
<script type="application/json" class="data" id="replaydata-smogtours-gen3ou-797129">
{"id":"smogtours-gen3ou-797129","format":"[Gen 3] OU","players":["cremozar","gourgeist enjoyer"],"uploadtime":1728616591,"views":103,"formatid":"gen3ou","rating":null,"private":0,"password":null}
</script>

<script defer src="js/replays.js?9d40a366"></script>
