<!DOCTYPE html>
<meta charset="utf-8" />
<meta name="viewport" content="width=device-width" />

<title>[Gen 3] OU: boshinator6 vs. jank_city.mp4 - Replays - Pok&eacute;mon Showdown!</title>

<meta name="description" content="Watch a replay of a Pok&eacute;mon battle between boshinator6 and jank_city.mp4! Format: [Gen 3] OU; Date: Oct 22, 2024" />
<!--

Hey, you! Looking in the source for the replay log?

You can find them in JSON format, just add `.json` at the end of a replay URL.

https://replay.pokemonshowdown.com/gen7randomdoublesbattle-865046831.json

Or, if you only need the log itself, add `.log` instead:

https://replay.pokemonshowdown.com/gen7randomdoublesbattle-865046831.log

-->

<link rel="stylesheet" href="//pokemonshowdown.com/style/global.css?0.023195364461161105" />
<link rel="stylesheet" href="//play.pokemonshowdown.com/style/font-awesome.css?0.13261647063804238" />
<link rel="stylesheet" href="//play.pokemonshowdown.com/style/battle.css?0.8753245789963631" />
<link rel="stylesheet" href="//play.pokemonshowdown.com/style/utilichart.css?0.8627959624976733" />

<!-- Global site tag (gtag.js) - Google Analytics -->
<script async src="https://www.googletagmanager.com/gtag/js?id=UA-26211653-1"></script>
<script>
  window.dataLayer = window.dataLayer || [];
  function gtag(){dataLayer.push(arguments);}
  gtag('js', new Date());

  gtag('config', 'UA-26211653-1');
</script>
<!-- End Google Analytics -->
<!-- Venatus Ad Manager - Install in <HEAD> of page -->
	<script src="https://hb.vntsm.com/v3/live/ad-manager.min.js" type="text/javascript" data-site-id="642aba63ec9a7b11c3c9c1be" data-mode="scan" async></script>
<!-- / Venatus Ad Manager -->

<style>
	@media (max-width:820px) {
		.battle {
			margin: 0 auto;
		}
		.battle-log {
			margin: 7px auto 0;
			max-width: 640px;
			height: 300px;
			position: static;
		}
	}
	.optgroup {
		display: inline-block;
		line-height: 22px;
		font-size: 10pt;
	}
	.optgroup .button {
		height: 25px;
		padding-top: 0;
		padding-bottom: 0;
	}
	.optgroup button.button {
		padding-left: 12px;
		padding-right: 12px;
	}
	.linklist {
		list-style: none;
		margin: 0.5em 0;
		padding: 0;
	}
	.linklist li {
		padding: 2px 0;
	}
	.sidebar {
		float: left;
		width: 320px;
	}
	.bar-wrapper {
		max-width: 1100px;
		margin: 0 auto;
	}
	.bar-wrapper.has-sidebar {
		max-width: 1430px;
	}
	.mainbar {
		margin: 0;
		padding-right: 1px;
	}
	.mainbar.has-sidebar {
		margin-left: 330px;
	}
	@media (min-width: 1511px) {
		.sidebar {
			width: 400px;
		}
		.bar-wrapper.has-sidebar {
			max-width: 1510px;
		}
		.mainbar.has-sidebar {
			margin-left: 410px;
		}
	}
	.section.first-section {
		margin-top: 9px;
	}
	.blocklink small {
		white-space: normal;
	}
	.button {
		vertical-align: middle;
	}
	.replay-controls {
		padding-top: 10px;
	}
	.replay-controls h1 {
		font-size: 16pt;
		font-weight: normal;
		color: #CCC;
	}
	.pagelink {
		text-align: center;
	}
	.pagelink a {
		width: 150px;
	}
	.textbox, .button {
		font-size: 11pt;
		vertical-align: middle;
	}
	@media (max-width: 450px) {
		.button {
			font-size: 9pt;
		}
	}
</style>

<div>

	<header>
		<div class="nav-wrapper"><ul class="nav">
			<li><a class="button nav-first" href="//pokemonshowdown.com/"><img src="//pokemonshowdown.com/images/pokemonshowdownbeta.png" srcset="//pokemonshowdown.com/images/pokemonshowdownbeta.png 1x, //pokemonshowdown.com/images/pokemonshowdownbeta@2x.png 2x" alt="Pok&eacute;mon Showdown" width="146" height="44" /> Home</a></li>
			<li><a class="button" href="//pokemonshowdown.com/dex/">Pok&eacute;dex</a></li>
			<li><a class="button cur" href="/">Replays</a></li>
			<li><a class="button" href="//pokemonshowdown.com/ladder/">Ladder</a></li>
			<li><a class="button nav-last" href="//pokemonshowdown.com/forums/">Forum</a></li>
			<li><a class="button greenbutton nav-first nav-last" href="//play.pokemonshowdown.com/">Play</a></li>
		</ul></div>
	</header>

	<div class="main" id="main">

		<noscript><section class="section">You need to enable JavaScript to use this page; sorry!</section></noscript>

	</div>

</div>

<script defer nomodule src="//play.pokemonshowdown.com/js/lib/ps-polyfill.js"></script>
<script defer src="//play.pokemonshowdown.com/js/lib/preact.min.js"></script>

<script defer src="//play.pokemonshowdown.com/config/config.js?2bddbc15"></script>
<script defer src="//play.pokemonshowdown.com/js/lib/jquery-1.11.0.min.js"></script>
<script defer src="//play.pokemonshowdown.com/js/lib/html-sanitizer-minified.js"></script>
<script defer src="//play.pokemonshowdown.com/js/battle-sound.js"></script>
<script defer src="//play.pokemonshowdown.com/js/battledata.js?0.7209276989879541"></script>
<script defer src="//play.pokemonshowdown.com/data/pokedex-mini.js?0.6111056340867951"></script>
<script defer src="//play.pokemonshowdown.com/data/pokedex-mini-bw.js?0.3532142036491459"></script>
<script defer src="//play.pokemonshowdown.com/data/graphics.js?0.24223875632456182"></script>
<script defer src="//play.pokemonshowdown.com/data/pokedex.js?0.38839984266356864"></script>
<script defer src="//play.pokemonshowdown.com/data/moves.js?0.21866028504024015"></script>
<script defer src="//play.pokemonshowdown.com/data/abilities.js?0.2005157953846628"></script>
<script defer src="//play.pokemonshowdown.com/data/items.js?0.9894211263848525"></script>
<script defer src="//play.pokemonshowdown.com/data/teambuilder-tables.js?0.6008791140282215"></script>
<script defer src="//play.pokemonshowdown.com/js/battle-tooltips.js?0.7580118955022959"></script>
<script defer src="//play.pokemonshowdown.com/js/battle.js?0.6057722274234274"></script>

<script defer src="js/utils.js?e31f9a17"></script>
<script defer src="js/replays-battle.js?7008c182"></script>

<!-- don't scrape this data! just add .json or .log after the URL!
Full API docs: https://github.com/smogon/pokemon-showdown-client/blob/master/WEB-API.md -->
<script type="text/plain" class="log" id="replaylog-smogtours-gen3ou-801300">
|inactive|Battle timer is ON: inactive players will automatically lose when time's up.
|t:|1729638770
|gametype|singles
|player|p1|boshinator6|2|
|player|p2|jank_city.mp4|workerice|
|teamsize|p1|6
|teamsize|p2|6
|gen|3
|tier|[Gen 3] OU
|rule|Sleep Clause Mod: Limit one foe put to sleep
|rule|Switch Priority Clause Mod: Faster Pokémon switch first
|rule|Species Clause: Limit one of each Pokémon
|rule|OHKO Clause: OHKO moves are banned
|rule|Evasion Items Clause: Evasion items are banned
|rule|Evasion Moves Clause: Evasion moves are banned
|rule|Endless Battle Clause: Forcing endless battles is banned
|rule|HP Percentage Mod: HP is shown in percentages
|rule|One Boost Passer Clause: Limit one Baton Passer that has a way to boost its stats
|rule|Freeze Clause Mod: Limit one foe frozen
|
|t:|1729638770
|start
|switch|p1a: Hariyama|Hariyama, M|100/100
|switch|p2a: Metagross|Metagross|100/100
|turn|1
|inactive|jank_city.mp4 has 270 seconds left.
|
|t:|1729638805
|move|p2a: Metagross|Meteor Mash|p1a: Hariyama
|-damage|p1a: Hariyama|37/100
|move|p1a: Hariyama|Knock Off|p2a: Metagross
|-damage|p2a: Metagross|98/100
|-enditem|p2a: Metagross|Choice Band|[from] move: Knock Off|[of] p1a: Hariyama
|-hint|In Gens 3-4, Knock Off only makes the target's item unusable; it cannot obtain a new item.
|
|-heal|p1a: Hariyama|43/100|[from] item: Leftovers
|upkeep
|turn|2
|inactive|boshinator6 has 270 seconds left.
|
|t:|1729638837
|switch|p1a: Starmie|Starmie|100/100
|move|p2a: Metagross|Meteor Mash|p1a: Starmie
|-resisted|p1a: Starmie
|-damage|p1a: Starmie|66/100
|
|-heal|p1a: Starmie|72/100|[from] item: Leftovers
|upkeep
|turn|3
|inactive|boshinator6 has 270 seconds left.
|
|t:|1729638848
|switch|p1a: Tyranitar|Tyranitar, M|100/100
|-weather|Sandstorm|[from] ability: Sand Stream|[of] p1a: Tyranitar
|switch|p2a: Snorlax|Snorlax, M|100/100
|
|-weather|Sandstorm|[upkeep]
|-damage|p2a: Snorlax|94/100|[from] Sandstorm
|-heal|p2a: Snorlax|100/100|[from] item: Leftovers
|upkeep
|turn|4
|inactive|boshinator6 has 270 seconds left.
|
|t:|1729638874
|switch|p1a: Salamence|Salamence, M|100/100
|-ability|p1a: Salamence|Intimidate|boost
|-unboost|p2a: Snorlax|atk|1
|switch|p2a: Swampert|Swampert, M|100/100
|
|-weather|Sandstorm|[upkeep]
|-damage|p1a: Salamence|94/100|[from] Sandstorm
|upkeep
|turn|5
|inactive|boshinator6 has 240 seconds left.
|
|t:|1729638903
|switch|p1a: Blissey|Blissey, F, shiny|100/100
|move|p2a: Swampert|Earthquake|p1a: Blissey
|-damage|p1a: Blissey|67/100
|
|-weather|Sandstorm|[upkeep]
|-damage|p1a: Blissey|61/100|[from] Sandstorm
|-heal|p1a: Blissey|67/100|[from] item: Leftovers
|upkeep
|turn|6
|
|t:|1729638912
|move|p2a: Swampert|Earthquake|p1a: Blissey
|-damage|p1a: Blissey|30/100
|move|p1a: Blissey|Wish|p1a: Blissey
|
|-weather|Sandstorm|[upkeep]
|-damage|p1a: Blissey|24/100|[from] Sandstorm
|-heal|p1a: Blissey|30/100|[from] item: Leftovers
|upkeep
|turn|7
|inactive|boshinator6 has 240 seconds left.
|
|t:|1729638929
|switch|p2a: Zapdos|Zapdos|100/100
|switch|p1a: Hariyama|Hariyama, M|43/100
|
|-heal|p1a: Hariyama|93/100|[from] move: Wish|[wisher] Blissey
|-weather|Sandstorm|[upkeep]
|-damage|p2a: Zapdos|94/100|[from] Sandstorm
|-damage|p1a: Hariyama|87/100|[from] Sandstorm
|-heal|p2a: Zapdos|100/100|[from] item: Leftovers
|-heal|p1a: Hariyama|93/100|[from] item: Leftovers
|upkeep
|turn|8
|
|t:|1729638934
|switch|p1a: Blissey|Blissey, F, shiny|30/100
|move|p2a: Zapdos|Thunderbolt|p1a: Blissey
|-damage|p1a: Blissey|10/100
|
|-weather|Sandstorm|[upkeep]
|-damage|p2a: Zapdos|94/100|[from] Sandstorm
|-damage|p1a: Blissey|4/100|[from] Sandstorm
|-heal|p2a: Zapdos|100/100|[from] item: Leftovers
|-heal|p1a: Blissey|10/100|[from] item: Leftovers
|upkeep
|turn|9
|
|t:|1729638943
|move|p2a: Zapdos|Thunderbolt|p1a: Blissey
|-damage|p1a: Blissey|0 fnt
|faint|p1a: Blissey
|
|t:|1729638958
|switch|p1a: Hariyama|Hariyama, M|93/100
|
|-weather|Sandstorm|[upkeep]
|-damage|p2a: Zapdos|94/100|[from] Sandstorm
|-damage|p1a: Hariyama|87/100|[from] Sandstorm
|-heal|p2a: Zapdos|100/100|[from] item: Leftovers
|-heal|p1a: Hariyama|93/100|[from] item: Leftovers
|upkeep
|turn|10
|
|t:|1729638977
|switch|p1a: Tyranitar|Tyranitar, M|100/100
|move|p2a: Zapdos|Substitute|p2a: Zapdos
|-start|p2a: Zapdos|Substitute
|-damage|p2a: Zapdos|76/100
|
|-weather|Sandstorm|[upkeep]
|-damage|p2a: Zapdos|69/100|[from] Sandstorm
|-heal|p2a: Zapdos|76/100|[from] item: Leftovers
|upkeep
|turn|11
|
|t:|1729638983
|move|p2a: Zapdos|Baton Pass|p2a: Zapdos
|
|t:|1729638987
|switch|p2a: Tail hitbox|Charizard, F, shiny|100/100|[from] Baton Pass
|move|p1a: Tyranitar|Crunch|p2a: Tail hitbox
|-end|p2a: Tail hitbox|Substitute
|
|-weather|Sandstorm|[upkeep]
|-damage|p2a: Tail hitbox|94/100|[from] Sandstorm
|-heal|p2a: Tail hitbox|100/100|[from] item: Leftovers
|upkeep
|turn|12
|inactive|jank_city.mp4 has 270 seconds left.
|
|t:|1729639021
|move|p2a: Tail hitbox|Substitute|p2a: Tail hitbox
|-start|p2a: Tail hitbox|Substitute
|-damage|p2a: Tail hitbox|76/100
|move|p1a: Tyranitar|Crunch|p2a: Tail hitbox
|-crit|p2a: Tail hitbox
|-end|p2a: Tail hitbox|Substitute
|
|-weather|Sandstorm|[upkeep]
|-damage|p2a: Tail hitbox|70/100|[from] Sandstorm
|-heal|p2a: Tail hitbox|76/100|[from] item: Leftovers
|upkeep
|turn|13
|
|t:|1729639029
|switch|p1a: Salamence|Salamence, M|94/100
|-ability|p1a: Salamence|Intimidate|boost
|-unboost|p2a: Tail hitbox|atk|1
|move|p2a: Tail hitbox|Substitute|p2a: Tail hitbox
|-start|p2a: Tail hitbox|Substitute
|-damage|p2a: Tail hitbox|51/100
|
|-weather|Sandstorm|[upkeep]
|-damage|p2a: Tail hitbox|45/100|[from] Sandstorm
|-damage|p1a: Salamence|88/100|[from] Sandstorm
|-heal|p2a: Tail hitbox|51/100|[from] item: Leftovers
|upkeep
|turn|14
|
|t:|1729639045
|move|p2a: Tail hitbox|Fire Blast|p1a: Salamence|[miss]
|-miss|p2a: Tail hitbox|p1a: Salamence
|move|p1a: Salamence|Hidden Power|p2a: Tail hitbox
|-end|p2a: Tail hitbox|Substitute
|
|-weather|Sandstorm|[upkeep]
|-damage|p2a: Tail hitbox|45/100|[from] Sandstorm
|-damage|p1a: Salamence|82/100|[from] Sandstorm
|-heal|p2a: Tail hitbox|51/100|[from] item: Leftovers
|upkeep
|turn|15
|inactive|boshinator6 has 240 seconds left.
|
|t:|1729639075
|switch|p2a: Metagross|Metagross|98/100
|switch|p1a: Tyranitar|Tyranitar, M|100/100
|
|-weather|Sandstorm|[upkeep]
|upkeep
|turn|16
|
|t:|1729639079
|move|p2a: Metagross|Meteor Mash|p1a: Tyranitar
|-supereffective|p1a: Tyranitar
|-damage|p1a: Tyranitar|10/100
|-boost|p2a: Metagross|atk|1
|move|p1a: Tyranitar|Fire Blast|p2a: Metagross
|-supereffective|p2a: Metagross
|-damage|p2a: Metagross|22/100
|-status|p2a: Metagross|brn
|
|-weather|Sandstorm|[upkeep]
|-damage|p2a: Metagross|10/100 brn|[from] brn
|-heal|p1a: Tyranitar|16/100|[from] item: Leftovers
|upkeep
|turn|17
|
|t:|1729639096
|move|p2a: Metagross|Explosion|p1a: Tyranitar
|-resisted|p1a: Tyranitar
|-damage|p1a: Tyranitar|0 fnt
|faint|p2a: Metagross
|faint|p1a: Tyranitar
|
|t:|1729639105
|switch|p2a: Zapdos|Zapdos|76/100
|switch|p1a: Hariyama|Hariyama, M|93/100
|
|-weather|Sandstorm|[upkeep]
|-damage|p2a: Zapdos|69/100|[from] Sandstorm
|-damage|p1a: Hariyama|87/100|[from] Sandstorm
|-heal|p2a: Zapdos|76/100|[from] item: Leftovers
|-heal|p1a: Hariyama|93/100|[from] item: Leftovers
|upkeep
|turn|18
|
|t:|1729639109
|move|p2a: Zapdos|Thunderbolt|p1a: Hariyama
|-damage|p1a: Hariyama|54/100
|move|p1a: Hariyama|Knock Off|p2a: Zapdos
|-damage|p2a: Zapdos|73/100
|-enditem|p2a: Zapdos|Leftovers|[from] move: Knock Off|[of] p1a: Hariyama
|
|-weather|Sandstorm|[upkeep]
|-damage|p2a: Zapdos|67/100|[from] Sandstorm
|-damage|p1a: Hariyama|48/100|[from] Sandstorm
|-heal|p1a: Hariyama|54/100|[from] item: Leftovers
|upkeep
|turn|19
|
|t:|1729639129
|move|p2a: Zapdos|Thunderbolt|p1a: Hariyama
|-damage|p1a: Hariyama|12/100
|move|p1a: Hariyama|Whirlwind|p2a: Zapdos
|drag|p2a: Swampert|Swampert, M|100/100
|
|-weather|Sandstorm|[upkeep]
|-damage|p1a: Hariyama|6/100|[from] Sandstorm
|-heal|p1a: Hariyama|12/100|[from] item: Leftovers
|upkeep
|turn|20
|
|t:|1729639146
|move|p2a: Swampert|Earthquake|p1a: Hariyama
|-damage|p1a: Hariyama|0 fnt
|faint|p1a: Hariyama
|
|t:|1729639158
|switch|p1a: Starmie|Starmie|72/100
|
|-weather|Sandstorm|[upkeep]
|-damage|p1a: Starmie|66/100|[from] Sandstorm
|-heal|p1a: Starmie|72/100|[from] item: Leftovers
|upkeep
|turn|21
|
|t:|1729639160
|switch|p2a: Snorlax|Snorlax, M|100/100
|move|p1a: Starmie|Surf|p2a: Snorlax
|-damage|p2a: Snorlax|83/100
|
|-weather|Sandstorm|[upkeep]
|-damage|p1a: Starmie|66/100|[from] Sandstorm
|-damage|p2a: Snorlax|77/100|[from] Sandstorm
|-heal|p1a: Starmie|72/100|[from] item: Leftovers
|-heal|p2a: Snorlax|83/100|[from] item: Leftovers
|upkeep
|turn|22
|
|t:|1729639169
|move|p1a: Starmie|Thunder Wave|p2a: Snorlax
|-status|p2a: Snorlax|par
|move|p2a: Snorlax|Return|p1a: Starmie
|-damage|p1a: Starmie|11/100
|
|-weather|Sandstorm|[upkeep]
|-damage|p1a: Starmie|5/100|[from] Sandstorm
|-damage|p2a: Snorlax|77/100 par|[from] Sandstorm
|-heal|p1a: Starmie|11/100|[from] item: Leftovers
|-heal|p2a: Snorlax|83/100 par|[from] item: Leftovers
|upkeep
|turn|23
|inactive|boshinator6 has 270 seconds left.
|
|t:|1729639183
|move|p1a: Starmie|Recover|p1a: Starmie
|-heal|p1a: Starmie|61/100
|move|p2a: Snorlax|Shadow Ball|p1a: Starmie
|-supereffective|p1a: Starmie
|-damage|p1a: Starmie|0 fnt
|faint|p1a: Starmie
|
|t:|1729639194
|switch|p1a: Salamence|Salamence, M|82/100
|-ability|p1a: Salamence|Intimidate|boost
|-unboost|p2a: Snorlax|atk|1
|
|-weather|Sandstorm|[upkeep]
|-damage|p1a: Salamence|76/100|[from] Sandstorm
|-damage|p2a: Snorlax|77/100 par|[from] Sandstorm
|-heal|p2a: Snorlax|83/100 par|[from] item: Leftovers
|upkeep
|turn|24
|
|t:|1729639199
|switch|p1a: Metagross|Metagross|100/100
|move|p2a: Snorlax|Self-Destruct|p1a: Metagross
|-resisted|p1a: Metagross
|-damage|p1a: Metagross|59/100
|faint|p2a: Snorlax
|
|t:|1729639205
|switch|p2a: Tail hitbox|Charizard, F, shiny|51/100
|
|-weather|Sandstorm|[upkeep]
|-damage|p2a: Tail hitbox|45/100|[from] Sandstorm
|-heal|p2a: Tail hitbox|51/100|[from] item: Leftovers
|-heal|p1a: Metagross|65/100|[from] item: Leftovers
|upkeep
|turn|25
|
|t:|1729639217
|move|p2a: Tail hitbox|Fire Blast|p1a: Metagross
|-supereffective|p1a: Metagross
|-damage|p1a: Metagross|0 fnt
|faint|p1a: Metagross
|
|t:|1729639219
|switch|p1a: Salamence|Salamence, M|76/100
|-ability|p1a: Salamence|Intimidate|boost
|-unboost|p2a: Tail hitbox|atk|1
|
|-weather|Sandstorm|[upkeep]
|-damage|p2a: Tail hitbox|45/100|[from] Sandstorm
|-damage|p1a: Salamence|70/100|[from] Sandstorm
|-heal|p2a: Tail hitbox|51/100|[from] item: Leftovers
|upkeep
|turn|26
|
|t:|1729639232
|move|p2a: Tail hitbox|Fire Blast|p1a: Salamence
|-resisted|p1a: Salamence
|-damage|p1a: Salamence|35/100
|move|p1a: Salamence|Hidden Power|p2a: Tail hitbox
|-damage|p2a: Tail hitbox|0 fnt
|faint|p2a: Tail hitbox
|
|t:|1729639236
|switch|p2a: Swampert|Swampert, M|100/100
|
|-weather|Sandstorm|[upkeep]
|-damage|p1a: Salamence|29/100|[from] Sandstorm
|upkeep
|turn|27
|
|t:|1729639237
|move|p1a: Salamence|Hidden Power|p2a: Swampert
|-damage|p2a: Swampert|51/100
|move|p2a: Swampert|Ice Beam|p1a: Salamence
|-supereffective|p1a: Salamence
|-damage|p1a: Salamence|0 fnt
|faint|p1a: Salamence
|
|win|jank_city.mp4
|c|☆jank_city.mp4|gg
|c|☆boshinator6|GG

</script>
<script type="application/json" class="data" id="replaydata-smogtours-gen3ou-801300">
{"id":"smogtours-gen3ou-801300","format":"[Gen 3] OU","players":["boshinator6","jank_city.mp4"],"uploadtime":1729639237,"views":82,"formatid":"gen3ou","rating":null,"private":0,"password":null}
</script>

<script defer src="js/replays.js?9d40a366"></script>
