<!DOCTYPE html>
<meta charset="utf-8" />
<meta name="viewport" content="width=device-width" />

<title>[Gen 3] OU: JoJ707 vs. COB 8 - Replays - Pok&eacute;mon Showdown!</title>

<meta name="description" content="Watch a replay of a Pok&eacute;mon battle between JoJ707 and COB 8! Format: [Gen 3] OU; Date: Oct 18, 2024" />
<!--

Hey, you! Looking in the source for the replay log?

You can find them in JSON format, just add `.json` at the end of a replay URL.

https://replay.pokemonshowdown.com/gen7randomdoublesbattle-865046831.json

Or, if you only need the log itself, add `.log` instead:

https://replay.pokemonshowdown.com/gen7randomdoublesbattle-865046831.log

-->

<link rel="stylesheet" href="//pokemonshowdown.com/style/global.css?0.023195364461161105" />
<link rel="stylesheet" href="//play.pokemonshowdown.com/style/font-awesome.css?0.13261647063804238" />
<link rel="stylesheet" href="//play.pokemonshowdown.com/style/battle.css?0.8753245789963631" />
<link rel="stylesheet" href="//play.pokemonshowdown.com/style/utilichart.css?0.8627959624976733" />

<!-- Global site tag (gtag.js) - Google Analytics -->
<script async src="https://www.googletagmanager.com/gtag/js?id=UA-26211653-1"></script>
<script>
  window.dataLayer = window.dataLayer || [];
  function gtag(){dataLayer.push(arguments);}
  gtag('js', new Date());

  gtag('config', 'UA-26211653-1');
</script>
<!-- End Google Analytics -->
<!-- Venatus Ad Manager - Install in <HEAD> of page -->
	<script src="https://hb.vntsm.com/v3/live/ad-manager.min.js" type="text/javascript" data-site-id="642aba63ec9a7b11c3c9c1be" data-mode="scan" async></script>
<!-- / Venatus Ad Manager -->

<style>
	@media (max-width:820px) {
		.battle {
			margin: 0 auto;
		}
		.battle-log {
			margin: 7px auto 0;
			max-width: 640px;
			height: 300px;
			position: static;
		}
	}
	.optgroup {
		display: inline-block;
		line-height: 22px;
		font-size: 10pt;
	}
	.optgroup .button {
		height: 25px;
		padding-top: 0;
		padding-bottom: 0;
	}
	.optgroup button.button {
		padding-left: 12px;
		padding-right: 12px;
	}
	.linklist {
		list-style: none;
		margin: 0.5em 0;
		padding: 0;
	}
	.linklist li {
		padding: 2px 0;
	}
	.sidebar {
		float: left;
		width: 320px;
	}
	.bar-wrapper {
		max-width: 1100px;
		margin: 0 auto;
	}
	.bar-wrapper.has-sidebar {
		max-width: 1430px;
	}
	.mainbar {
		margin: 0;
		padding-right: 1px;
	}
	.mainbar.has-sidebar {
		margin-left: 330px;
	}
	@media (min-width: 1511px) {
		.sidebar {
			width: 400px;
		}
		.bar-wrapper.has-sidebar {
			max-width: 1510px;
		}
		.mainbar.has-sidebar {
			margin-left: 410px;
		}
	}
	.section.first-section {
		margin-top: 9px;
	}
	.blocklink small {
		white-space: normal;
	}
	.button {
		vertical-align: middle;
	}
	.replay-controls {
		padding-top: 10px;
	}
	.replay-controls h1 {
		font-size: 16pt;
		font-weight: normal;
		color: #CCC;
	}
	.pagelink {
		text-align: center;
	}
	.pagelink a {
		width: 150px;
	}
	.textbox, .button {
		font-size: 11pt;
		vertical-align: middle;
	}
	@media (max-width: 450px) {
		.button {
			font-size: 9pt;
		}
	}
</style>

<div>

	<header>
		<div class="nav-wrapper"><ul class="nav">
			<li><a class="button nav-first" href="//pokemonshowdown.com/"><img src="//pokemonshowdown.com/images/pokemonshowdownbeta.png" srcset="//pokemonshowdown.com/images/pokemonshowdownbeta.png 1x, //pokemonshowdown.com/images/pokemonshowdownbeta@2x.png 2x" alt="Pok&eacute;mon Showdown" width="146" height="44" /> Home</a></li>
			<li><a class="button" href="//pokemonshowdown.com/dex/">Pok&eacute;dex</a></li>
			<li><a class="button cur" href="/">Replays</a></li>
			<li><a class="button" href="//pokemonshowdown.com/ladder/">Ladder</a></li>
			<li><a class="button nav-last" href="//pokemonshowdown.com/forums/">Forum</a></li>
			<li><a class="button greenbutton nav-first nav-last" href="//play.pokemonshowdown.com/">Play</a></li>
		</ul></div>
	</header>

	<div class="main" id="main">

		<noscript><section class="section">You need to enable JavaScript to use this page; sorry!</section></noscript>

	</div>

</div>

<script defer nomodule src="//play.pokemonshowdown.com/js/lib/ps-polyfill.js"></script>
<script defer src="//play.pokemonshowdown.com/js/lib/preact.min.js"></script>

<script defer src="//play.pokemonshowdown.com/config/config.js?2bddbc15"></script>
<script defer src="//play.pokemonshowdown.com/js/lib/jquery-1.11.0.min.js"></script>
<script defer src="//play.pokemonshowdown.com/js/lib/html-sanitizer-minified.js"></script>
<script defer src="//play.pokemonshowdown.com/js/battle-sound.js"></script>
<script defer src="//play.pokemonshowdown.com/js/battledata.js?0.7209276989879541"></script>
<script defer src="//play.pokemonshowdown.com/data/pokedex-mini.js?0.6111056340867951"></script>
<script defer src="//play.pokemonshowdown.com/data/pokedex-mini-bw.js?0.3532142036491459"></script>
<script defer src="//play.pokemonshowdown.com/data/graphics.js?0.24223875632456182"></script>
<script defer src="//play.pokemonshowdown.com/data/pokedex.js?0.38839984266356864"></script>
<script defer src="//play.pokemonshowdown.com/data/moves.js?0.21866028504024015"></script>
<script defer src="//play.pokemonshowdown.com/data/abilities.js?0.2005157953846628"></script>
<script defer src="//play.pokemonshowdown.com/data/items.js?0.9894211263848525"></script>
<script defer src="//play.pokemonshowdown.com/data/teambuilder-tables.js?0.6008791140282215"></script>
<script defer src="//play.pokemonshowdown.com/js/battle-tooltips.js?0.7580118955022959"></script>
<script defer src="//play.pokemonshowdown.com/js/battle.js?0.6057722274234274"></script>

<script defer src="js/utils.js?e31f9a17"></script>
<script defer src="js/replays-battle.js?7008c182"></script>

<!-- don't scrape this data! just add .json or .log after the URL!
Full API docs: https://github.com/smogon/pokemon-showdown-client/blob/master/WEB-API.md -->
<script type="text/plain" class="log" id="replaylog-smogtours-gen3ou-799439">
|inactive|Battle timer is ON: inactive players will automatically lose when time's up.
|t:|1729211334
|gametype|singles
|player|p1|JoJ707|#advpliv|
|player|p2|COB 8|miku-water|
|teamsize|p1|6
|teamsize|p2|6
|gen|3
|tier|[Gen 3] OU
|rule|Sleep Clause Mod: Limit one foe put to sleep
|rule|Switch Priority Clause Mod: Faster Pokémon switch first
|rule|Species Clause: Limit one of each Pokémon
|rule|OHKO Clause: OHKO moves are banned
|rule|Evasion Items Clause: Evasion items are banned
|rule|Evasion Moves Clause: Evasion moves are banned
|rule|Endless Battle Clause: Forcing endless battles is banned
|rule|HP Percentage Mod: HP is shown in percentages
|rule|One Boost Passer Clause: Limit one Baton Passer that has a way to boost its stats
|rule|Freeze Clause Mod: Limit one foe frozen
|
|t:|1729211334
|start
|switch|p1a: Metagross|Metagross|100/100
|switch|p2a: Tyranitar|Tyranitar, F|100/100
|-weather|Sandstorm|[from] ability: Sand Stream|[of] p2a: Tyranitar
|turn|1
|c|☆JoJ707|hf
|
|t:|1729211345
|switch|p1a: Salamence|Salamence, F|100/100
|-ability|p1a: Salamence|Intimidate|boost
|-unboost|p2a: Tyranitar|atk|1
|switch|p2a: Steelix|Steelix, F|100/100
|
|-weather|Sandstorm|[upkeep]
|-damage|p1a: Salamence|94/100|[from] Sandstorm
|-heal|p1a: Salamence|100/100|[from] item: Leftovers
|upkeep
|turn|2
|
|t:|1729211355
|switch|p2a: Snorlax|Snorlax, M|100/100
|move|p1a: Salamence|Fire Blast|p2a: Snorlax|[miss]
|-miss|p1a: Salamence|p2a: Snorlax
|
|-weather|Sandstorm|[upkeep]
|-damage|p1a: Salamence|94/100|[from] Sandstorm
|-damage|p2a: Snorlax|94/100|[from] Sandstorm
|-heal|p1a: Salamence|100/100|[from] item: Leftovers
|-heal|p2a: Snorlax|100/100|[from] item: Leftovers
|upkeep
|turn|3
|
|t:|1729211364
|switch|p1a: Metagross|Metagross|100/100
|move|p2a: Snorlax|Body Slam|p1a: Metagross
|-resisted|p1a: Metagross
|-damage|p1a: Metagross|83/100
|
|-weather|Sandstorm|[upkeep]
|-damage|p2a: Snorlax|94/100|[from] Sandstorm
|-heal|p1a: Metagross|89/100|[from] item: Leftovers
|-heal|p2a: Snorlax|100/100|[from] item: Leftovers
|upkeep
|turn|4
|
|t:|1729211372
|switch|p2a: Magneton|Magneton|100/100
|move|p1a: Metagross|Meteor Mash|p2a: Magneton
|-resisted|p2a: Magneton
|-damage|p2a: Magneton|79/100
|
|-weather|Sandstorm|[upkeep]
|-heal|p1a: Metagross|96/100|[from] item: Leftovers
|upkeep
|turn|5
|
|t:|1729211393
|move|p2a: Magneton|Thunder Wave|p1a: Metagross
|-status|p1a: Metagross|par
|move|p1a: Metagross|Earthquake|p2a: Magneton
|-supereffective|p2a: Magneton
|-damage|p2a: Magneton|0 fnt
|faint|p2a: Magneton
|
|t:|1729211398
|switch|p2a: Steelix|Steelix, F|100/100
|
|-weather|Sandstorm|[upkeep]
|-heal|p1a: Metagross|100/100 par|[from] item: Leftovers
|upkeep
|turn|6
|
|t:|1729211431
|switch|p1a: Celebi|Celebi|100/100
|move|p2a: Steelix|Hidden Power|p1a: Celebi
|-damage|p1a: Celebi|85/100
|
|-weather|Sandstorm|[upkeep]
|-damage|p1a: Celebi|79/100|[from] Sandstorm
|-heal|p1a: Celebi|85/100|[from] item: Leftovers
|upkeep
|turn|7
|
|t:|1729211444
|switch|p2a: Salamence|Salamence, M|100/100
|-ability|p2a: Salamence|Intimidate|boost
|-unboost|p1a: Celebi|atk|1
|move|p1a: Celebi|Calm Mind|p1a: Celebi
|-boost|p1a: Celebi|spa|1
|-boost|p1a: Celebi|spd|1
|
|-weather|Sandstorm|[upkeep]
|-damage|p2a: Salamence|94/100|[from] Sandstorm
|-damage|p1a: Celebi|79/100|[from] Sandstorm
|-heal|p2a: Salamence|100/100|[from] item: Leftovers
|-heal|p1a: Celebi|85/100|[from] item: Leftovers
|upkeep
|turn|8
|inactive|JoJ707 has 270 seconds left.
|
|t:|1729211474
|move|p2a: Salamence|Dragon Dance|p2a: Salamence
|-boost|p2a: Salamence|atk|1
|-boost|p2a: Salamence|spe|1
|move|p1a: Celebi|Psychic|p2a: Salamence
|-damage|p2a: Salamence|29/100
|
|-weather|Sandstorm|[upkeep]
|-damage|p2a: Salamence|23/100|[from] Sandstorm
|-damage|p1a: Celebi|79/100|[from] Sandstorm
|-heal|p2a: Salamence|29/100|[from] item: Leftovers
|-heal|p1a: Celebi|85/100|[from] item: Leftovers
|upkeep
|turn|9
|inactive|JoJ707 has 270 seconds left.
|
|t:|1729211494
|switch|p1a: Metagross|Metagross|100/100 par
|move|p2a: Salamence|Hidden Power|p1a: Metagross
|-resisted|p1a: Metagross
|-damage|p1a: Metagross|77/100 par
|
|-weather|Sandstorm|[upkeep]
|-damage|p2a: Salamence|23/100|[from] Sandstorm
|-heal|p2a: Salamence|29/100|[from] item: Leftovers
|-heal|p1a: Metagross|84/100 par|[from] item: Leftovers
|upkeep
|turn|10
|
|t:|1729211512
|switch|p2a: Steelix|Steelix, F|100/100
|switch|p1a: Claydol|Claydol|100/100
|
|-weather|Sandstorm|[upkeep]
|upkeep
|turn|11
|
|t:|1729211539
|switch|p2a: Salamence|Salamence, M|29/100
|-ability|p2a: Salamence|Intimidate|boost
|-unboost|p1a: Claydol|atk|1
|move|p1a: Claydol|Earthquake|p2a: Salamence
|-immune|p2a: Salamence
|
|-weather|Sandstorm|[upkeep]
|-damage|p2a: Salamence|23/100|[from] Sandstorm
|-heal|p2a: Salamence|29/100|[from] item: Leftovers
|upkeep
|turn|12
|
|t:|1729211547
|switch|p2a: Steelix|Steelix, F|100/100
|move|p1a: Claydol|Psychic|p2a: Steelix
|-resisted|p2a: Steelix
|-damage|p2a: Steelix|89/100
|
|-weather|Sandstorm|[upkeep]
|-heal|p2a: Steelix|95/100|[from] item: Leftovers
|upkeep
|turn|13
|inactive|JoJ707 has 240 seconds left.
|
|t:|1729211573
|switch|p1a: Celebi|Celebi|85/100
|move|p2a: Steelix|Protect||[still]
|-fail|p2a: Steelix
|
|-weather|Sandstorm|[upkeep]
|-damage|p1a: Celebi|79/100|[from] Sandstorm
|-heal|p1a: Celebi|85/100|[from] item: Leftovers
|-heal|p2a: Steelix|100/100|[from] item: Leftovers
|upkeep
|turn|14
|
|t:|1729211582
|switch|p2a: Tyranitar|Tyranitar, F|100/100
|move|p1a: Celebi|Hidden Power|p2a: Tyranitar
|-resisted|p2a: Tyranitar
|-damage|p2a: Tyranitar|92/100
|
|-weather|Sandstorm|[upkeep]
|-damage|p1a: Celebi|79/100|[from] Sandstorm
|-heal|p1a: Celebi|85/100|[from] item: Leftovers
|-heal|p2a: Tyranitar|99/100|[from] item: Leftovers
|upkeep
|turn|15
|
|t:|1729211597
|move|p1a: Celebi|Giga Drain|p2a: Tyranitar
|-supereffective|p2a: Tyranitar
|-damage|p2a: Tyranitar|56/100
|-heal|p1a: Celebi|100/100|[from] drain|[of] p2a: Tyranitar
|move|p2a: Tyranitar|Fire Blast|p1a: Celebi
|-supereffective|p1a: Celebi
|-damage|p1a: Celebi|39/100
|
|-weather|Sandstorm|[upkeep]
|-damage|p1a: Celebi|33/100|[from] Sandstorm
|-heal|p1a: Celebi|39/100|[from] item: Leftovers
|-heal|p2a: Tyranitar|62/100|[from] item: Leftovers
|upkeep
|turn|16
|inactive|JoJ707 has 240 seconds left.
|
|t:|1729211613
|switch|p1a: Suicune|Suicune|100/100
|move|p2a: Tyranitar|Crunch|p1a: Suicune
|-damage|p1a: Suicune|71/100
|
|-weather|Sandstorm|[upkeep]
|-damage|p1a: Suicune|65/100|[from] Sandstorm
|-heal|p1a: Suicune|71/100|[from] item: Leftovers
|-heal|p2a: Tyranitar|68/100|[from] item: Leftovers
|upkeep
|turn|17
|
|t:|1729211627
|switch|p2a: Snorlax|Snorlax, M|100/100
|move|p1a: Suicune|Surf|p2a: Snorlax
|-damage|p2a: Snorlax|77/100
|
|-weather|Sandstorm|[upkeep]
|-damage|p1a: Suicune|65/100|[from] Sandstorm
|-damage|p2a: Snorlax|71/100|[from] Sandstorm
|-heal|p1a: Suicune|71/100|[from] item: Leftovers
|-heal|p2a: Snorlax|77/100|[from] item: Leftovers
|upkeep
|turn|18
|
|t:|1729211646
|switch|p1a: Metagross|Metagross|84/100 par
|move|p2a: Snorlax|Earthquake|p1a: Metagross
|-supereffective|p1a: Metagross
|-damage|p1a: Metagross|33/100 par
|
|-weather|Sandstorm|[upkeep]
|-damage|p2a: Snorlax|71/100|[from] Sandstorm
|-heal|p2a: Snorlax|77/100|[from] item: Leftovers
|-heal|p1a: Metagross|40/100 par|[from] item: Leftovers
|upkeep
|turn|19
|
|t:|1729211662
|switch|p1a: Salamence|Salamence, F|100/100
|-ability|p1a: Salamence|Intimidate|boost
|-unboost|p2a: Snorlax|atk|1
|move|p2a: Snorlax|Body Slam|p1a: Salamence
|-damage|p1a: Salamence|66/100
|
|-weather|Sandstorm|[upkeep]
|-damage|p1a: Salamence|60/100|[from] Sandstorm
|-damage|p2a: Snorlax|71/100|[from] Sandstorm
|-heal|p1a: Salamence|66/100|[from] item: Leftovers
|-heal|p2a: Snorlax|77/100|[from] item: Leftovers
|upkeep
|turn|20
|inactive|JoJ707 has 240 seconds left.
|
|t:|1729211701
|switch|p1a: Metagross|Metagross|40/100 par
|move|p2a: Snorlax|Body Slam|p1a: Metagross
|-resisted|p1a: Metagross
|-damage|p1a: Metagross|29/100 par
|
|-weather|Sandstorm|[upkeep]
|-damage|p2a: Snorlax|71/100|[from] Sandstorm
|-heal|p2a: Snorlax|77/100|[from] item: Leftovers
|-heal|p1a: Metagross|35/100 par|[from] item: Leftovers
|upkeep
|turn|21
|
|t:|1729211708
|move|p2a: Snorlax|Earthquake|p1a: Metagross
|-supereffective|p1a: Metagross
|-damage|p1a: Metagross|0 fnt
|faint|p1a: Metagross
|
|t:|1729211723
|switch|p1a: Claydol|Claydol|100/100
|
|-weather|Sandstorm|[upkeep]
|-damage|p2a: Snorlax|71/100|[from] Sandstorm
|-heal|p2a: Snorlax|77/100|[from] item: Leftovers
|upkeep
|turn|22
|
|t:|1729211749
|switch|p2a: Tyranitar|Tyranitar, F|68/100
|move|p1a: Claydol|Psychic|p2a: Tyranitar
|-immune|p2a: Tyranitar
|
|-weather|Sandstorm|[upkeep]
|-heal|p2a: Tyranitar|74/100|[from] item: Leftovers
|upkeep
|turn|23
|
|t:|1729211759
|move|p1a: Claydol|Earthquake|p2a: Tyranitar
|-supereffective|p2a: Tyranitar
|-damage|p2a: Tyranitar|19/100
|move|p2a: Tyranitar|Pursuit|p1a: Claydol
|-supereffective|p1a: Claydol
|-damage|p1a: Claydol|59/100
|
|-weather|Sandstorm|[upkeep]
|-heal|p1a: Claydol|65/100|[from] item: Leftovers
|-heal|p2a: Tyranitar|25/100|[from] item: Leftovers
|upkeep
|turn|24
|inactive|COB 8 has 270 seconds left.
|
|t:|1729211783
|move|p1a: Claydol|Earthquake|p2a: Tyranitar
|-supereffective|p2a: Tyranitar
|-damage|p2a: Tyranitar|0 fnt
|faint|p2a: Tyranitar
|
|t:|1729211787
|switch|p2a: Salamence|Salamence, M|29/100
|-ability|p2a: Salamence|Intimidate|boost
|-unboost|p1a: Claydol|atk|1
|
|-weather|Sandstorm|[upkeep]
|-damage|p2a: Salamence|23/100|[from] Sandstorm
|-heal|p2a: Salamence|29/100|[from] item: Leftovers
|-heal|p1a: Claydol|71/100|[from] item: Leftovers
|upkeep
|turn|25
|
|t:|1729211797
|switch|p2a: Steelix|Steelix, F|100/100
|move|p1a: Claydol|Psychic|p2a: Steelix
|-resisted|p2a: Steelix
|-damage|p2a: Steelix|88/100
|-unboost|p2a: Steelix|spd|1
|
|-weather|Sandstorm|[upkeep]
|-heal|p1a: Claydol|77/100|[from] item: Leftovers
|-heal|p2a: Steelix|94/100|[from] item: Leftovers
|upkeep
|turn|26
|
|t:|1729211804
|switch|p1a: Celebi|Celebi|39/100
|move|p2a: Steelix|Protect||[still]
|-fail|p2a: Steelix
|
|-weather|Sandstorm|[upkeep]
|-damage|p1a: Celebi|33/100|[from] Sandstorm
|-heal|p1a: Celebi|39/100|[from] item: Leftovers
|-heal|p2a: Steelix|100/100|[from] item: Leftovers
|upkeep
|turn|27
|
|t:|1729211809
|switch|p2a: Salamence|Salamence, M|29/100
|-ability|p2a: Salamence|Intimidate|boost
|-unboost|p1a: Celebi|atk|1
|move|p1a: Celebi|Psychic|p2a: Salamence
|-damage|p2a: Salamence|0 fnt
|faint|p2a: Salamence
|
|t:|1729211816
|switch|p2a: Snorlax|Snorlax, M|77/100
|
|-weather|Sandstorm|[upkeep]
|-damage|p1a: Celebi|33/100|[from] Sandstorm
|-damage|p2a: Snorlax|71/100|[from] Sandstorm
|-heal|p1a: Celebi|39/100|[from] item: Leftovers
|-heal|p2a: Snorlax|77/100|[from] item: Leftovers
|upkeep
|turn|28
|
|t:|1729211830
|move|p1a: Celebi|Psychic|p2a: Snorlax
|-damage|p2a: Snorlax|55/100
|move|p2a: Snorlax|Body Slam|p1a: Celebi
|-damage|p1a: Celebi|2/100
|
|-weather|Sandstorm|[upkeep]
|-damage|p1a: Celebi|0 fnt|[from] Sandstorm
|-damage|p2a: Snorlax|49/100|[from] Sandstorm
|faint|p1a: Celebi
|-heal|p2a: Snorlax|55/100|[from] item: Leftovers
|upkeep
|inactive|JoJ707 has 240 seconds left.
|
|t:|1729211866
|switch|p1a: Claydol|Claydol|77/100
|turn|29
|
|t:|1729211874
|move|p1a: Claydol|Earthquake|p2a: Snorlax
|-damage|p2a: Snorlax|22/100
|move|p2a: Snorlax|Self-Destruct|p1a: Claydol
|-damage|p1a: Claydol|0 fnt
|faint|p2a: Snorlax
|faint|p1a: Claydol
|
|t:|1729211880
|switch|p1a: Salamence|Salamence, F|66/100
|switch|p2a: Gyarados|Gyarados, M|100/100
|-ability|p1a: Salamence|Intimidate|boost
|-unboost|p2a: Gyarados|atk|1
|-ability|p2a: Gyarados|Intimidate|boost
|-unboost|p1a: Salamence|atk|1
|
|-weather|Sandstorm|[upkeep]
|-damage|p1a: Salamence|60/100|[from] Sandstorm
|-damage|p2a: Gyarados|94/100|[from] Sandstorm
|-heal|p1a: Salamence|66/100|[from] item: Leftovers
|-heal|p2a: Gyarados|100/100|[from] item: Leftovers
|upkeep
|turn|30
|
|t:|1729211888
|switch|p1a: Snorlax|Snorlax, M|100/100
|move|p2a: Gyarados|Dragon Dance|p2a: Gyarados
|-boost|p2a: Gyarados|atk|1
|-boost|p2a: Gyarados|spe|1
|
|-weather|Sandstorm|[upkeep]
|-damage|p2a: Gyarados|94/100|[from] Sandstorm
|-damage|p1a: Snorlax|94/100|[from] Sandstorm
|-heal|p2a: Gyarados|100/100|[from] item: Leftovers
|-heal|p1a: Snorlax|100/100|[from] item: Leftovers
|upkeep
|turn|31
|
|t:|1729211895
|switch|p2a: Steelix|Steelix, F|100/100
|move|p1a: Snorlax|Curse|p1a: Snorlax
|-unboost|p1a: Snorlax|spe|1
|-boost|p1a: Snorlax|atk|1
|-boost|p1a: Snorlax|def|1
|
|-weather|Sandstorm|[upkeep]
|-damage|p1a: Snorlax|94/100|[from] Sandstorm
|-heal|p1a: Snorlax|100/100|[from] item: Leftovers
|upkeep
|turn|32
|
|t:|1729211902
|switch|p1a: Suicune|Suicune|71/100
|move|p2a: Steelix|Earthquake|p1a: Suicune
|-damage|p1a: Suicune|41/100
|
|-weather|Sandstorm|[upkeep]
|-damage|p1a: Suicune|34/100|[from] Sandstorm
|-heal|p1a: Suicune|41/100|[from] item: Leftovers
|upkeep
|turn|33
|inactive|JoJ707 has 270 seconds left.
|
|t:|1729211922
|switch|p1a: Salamence|Salamence, F|66/100
|-ability|p1a: Salamence|Intimidate|boost
|-unboost|p2a: Steelix|atk|1
|switch|p2a: Gyarados|Gyarados, M|100/100
|-ability|p2a: Gyarados|Intimidate|boost
|-unboost|p1a: Salamence|atk|1
|
|-weather|Sandstorm|[upkeep]
|-damage|p1a: Salamence|60/100|[from] Sandstorm
|-damage|p2a: Gyarados|94/100|[from] Sandstorm
|-heal|p1a: Salamence|66/100|[from] item: Leftovers
|-heal|p2a: Gyarados|100/100|[from] item: Leftovers
|upkeep
|turn|34
|inactive|JoJ707 has 270 seconds left.
|
|t:|1729211932
|move|p1a: Salamence|Rock Slide|p2a: Gyarados
|-supereffective|p2a: Gyarados
|-damage|p2a: Gyarados|66/100
|move|p2a: Gyarados|Dragon Dance|p2a: Gyarados
|-boost|p2a: Gyarados|atk|1
|-boost|p2a: Gyarados|spe|1
|
|-weather|Sandstorm|[upkeep]
|-damage|p2a: Gyarados|60/100|[from] Sandstorm
|-damage|p1a: Salamence|60/100|[from] Sandstorm
|-heal|p2a: Gyarados|66/100|[from] item: Leftovers
|-heal|p1a: Salamence|66/100|[from] item: Leftovers
|upkeep
|turn|35
|
|t:|1729211939
|switch|p1a: Suicune|Suicune|41/100
|move|p2a: Gyarados|Dragon Dance|p2a: Gyarados
|-boost|p2a: Gyarados|atk|1
|-boost|p2a: Gyarados|spe|1
|
|-weather|Sandstorm|[upkeep]
|-damage|p2a: Gyarados|60/100|[from] Sandstorm
|-damage|p1a: Suicune|34/100|[from] Sandstorm
|-heal|p2a: Gyarados|66/100|[from] item: Leftovers
|-heal|p1a: Suicune|41/100|[from] item: Leftovers
|upkeep
|turn|36
|
|t:|1729211943
|switch|p1a: Salamence|Salamence, F|66/100
|-ability|p1a: Salamence|Intimidate|boost
|-unboost|p2a: Gyarados|atk|1
|move|p2a: Gyarados|Hidden Power|p1a: Salamence
|-damage|p1a: Salamence|4/100
|
|-weather|Sandstorm|[upkeep]
|-damage|p2a: Gyarados|60/100|[from] Sandstorm
|-damage|p1a: Salamence|0 fnt|[from] Sandstorm
|faint|p1a: Salamence
|-heal|p2a: Gyarados|66/100|[from] item: Leftovers
|upkeep
|
|t:|1729211949
|switch|p1a: Snorlax|Snorlax, M|100/100
|turn|37
|
|t:|1729211963
|switch|p2a: Steelix|Steelix, F|100/100
|move|p1a: Snorlax|Curse|p1a: Snorlax
|-unboost|p1a: Snorlax|spe|1
|-boost|p1a: Snorlax|atk|1
|-boost|p1a: Snorlax|def|1
|
|-weather|Sandstorm|[upkeep]
|-damage|p1a: Snorlax|94/100|[from] Sandstorm
|-heal|p1a: Snorlax|100/100|[from] item: Leftovers
|upkeep
|turn|38
|
|t:|1729211969
|move|p2a: Steelix|Earthquake|p1a: Snorlax
|-damage|p1a: Snorlax|79/100
|move|p1a: Snorlax|Earthquake|p2a: Steelix
|-supereffective|p2a: Steelix
|-damage|p2a: Steelix|45/100
|
|-weather|Sandstorm|[upkeep]
|-damage|p1a: Snorlax|73/100|[from] Sandstorm
|-heal|p2a: Steelix|51/100|[from] item: Leftovers
|-heal|p1a: Snorlax|79/100|[from] item: Leftovers
|upkeep
|turn|39
|
|t:|1729211975
|move|p2a: Steelix|Explosion|p1a: Snorlax
|-damage|p1a: Snorlax|0 fnt
|faint|p2a: Steelix
|faint|p1a: Snorlax
|
|t:|1729211977
|switch|p1a: Suicune|Suicune|41/100
|switch|p2a: Gyarados|Gyarados, M|66/100
|-ability|p2a: Gyarados|Intimidate|boost
|-unboost|p1a: Suicune|atk|1
|
|-weather|Sandstorm|[upkeep]
|-damage|p2a: Gyarados|60/100|[from] Sandstorm
|-damage|p1a: Suicune|34/100|[from] Sandstorm
|-heal|p2a: Gyarados|66/100|[from] item: Leftovers
|-heal|p1a: Suicune|41/100|[from] item: Leftovers
|upkeep
|turn|40
|
|t:|1729211986
|move|p2a: Gyarados|Dragon Dance|p2a: Gyarados
|-boost|p2a: Gyarados|atk|1
|-boost|p2a: Gyarados|spe|1
|move|p1a: Suicune|Rest|p1a: Suicune
|-status|p1a: Suicune|slp|[from] move: Rest
|-heal|p1a: Suicune|100/100 slp|[silent]
|
|-weather|Sandstorm|[upkeep]
|-damage|p2a: Gyarados|60/100|[from] Sandstorm
|-damage|p1a: Suicune|94/100 slp|[from] Sandstorm
|-heal|p2a: Gyarados|66/100|[from] item: Leftovers
|-heal|p1a: Suicune|100/100 slp|[from] item: Leftovers
|upkeep
|turn|41
|
|t:|1729211988
|move|p2a: Gyarados|Dragon Dance|p2a: Gyarados
|-boost|p2a: Gyarados|atk|1
|-boost|p2a: Gyarados|spe|1
|cant|p1a: Suicune|slp
|
|-weather|Sandstorm|[upkeep]
|-damage|p2a: Gyarados|60/100|[from] Sandstorm
|-damage|p1a: Suicune|94/100 slp|[from] Sandstorm
|-heal|p2a: Gyarados|66/100|[from] item: Leftovers
|-heal|p1a: Suicune|100/100 slp|[from] item: Leftovers
|upkeep
|turn|42
|
|t:|1729211992
|move|p2a: Gyarados|Dragon Dance|p2a: Gyarados
|-boost|p2a: Gyarados|atk|1
|-boost|p2a: Gyarados|spe|1
|cant|p1a: Suicune|slp
|
|-weather|Sandstorm|[upkeep]
|-damage|p2a: Gyarados|60/100|[from] Sandstorm
|-damage|p1a: Suicune|94/100 slp|[from] Sandstorm
|-heal|p2a: Gyarados|66/100|[from] item: Leftovers
|-heal|p1a: Suicune|100/100 slp|[from] item: Leftovers
|upkeep
|turn|43
|
|t:|1729211997
|move|p2a: Gyarados|Hidden Power|p1a: Suicune
|-damage|p1a: Suicune|34/100 slp
|-curestatus|p1a: Suicune|slp|[msg]
|move|p1a: Suicune|Ice Beam|p2a: Gyarados
|-damage|p2a: Gyarados|46/100
|
|-weather|Sandstorm|[upkeep]
|-damage|p2a: Gyarados|39/100|[from] Sandstorm
|-damage|p1a: Suicune|28/100|[from] Sandstorm
|-heal|p2a: Gyarados|46/100|[from] item: Leftovers
|-heal|p1a: Suicune|34/100|[from] item: Leftovers
|upkeep
|turn|44
|
|t:|1729211999
|move|p2a: Gyarados|Hidden Power|p1a: Suicune
|-crit|p1a: Suicune
|-damage|p1a: Suicune|0 fnt
|faint|p1a: Suicune
|
|win|COB 8
|c|☆JoJ707|gg
|c|☆COB 8|gg

</script>
<script type="application/json" class="data" id="replaydata-smogtours-gen3ou-799439">
{"id":"smogtours-gen3ou-799439","format":"[Gen 3] OU","players":["JoJ707","COB 8"],"uploadtime":1729211999,"views":127,"formatid":"gen3ou","rating":null,"private":0,"password":null}
</script>

<script defer src="js/replays.js?9d40a366"></script>
