<!DOCTYPE html>
<meta charset="utf-8" />
<meta name="viewport" content="width=device-width" />

<title>[Gen 3] OU: unzipscrogre vs. ViciousCricket - Replays - Pok&eacute;mon Showdown!</title>

<meta name="description" content="Watch a replay of a Pok&eacute;mon battle between unzipscrogre and ViciousCricket! Format: [Gen 3] OU; Date: Oct 16, 2024" />
<!--

Hey, you! Looking in the source for the replay log?

You can find them in JSON format, just add `.json` at the end of a replay URL.

https://replay.pokemonshowdown.com/gen7randomdoublesbattle-865046831.json

Or, if you only need the log itself, add `.log` instead:

https://replay.pokemonshowdown.com/gen7randomdoublesbattle-865046831.log

-->

<link rel="stylesheet" href="//pokemonshowdown.com/style/global.css?0.023195364461161105" />
<link rel="stylesheet" href="//play.pokemonshowdown.com/style/font-awesome.css?0.13261647063804238" />
<link rel="stylesheet" href="//play.pokemonshowdown.com/style/battle.css?0.8753245789963631" />
<link rel="stylesheet" href="//play.pokemonshowdown.com/style/utilichart.css?0.8627959624976733" />

<!-- Global site tag (gtag.js) - Google Analytics -->
<script async src="https://www.googletagmanager.com/gtag/js?id=UA-26211653-1"></script>
<script>
  window.dataLayer = window.dataLayer || [];
  function gtag(){dataLayer.push(arguments);}
  gtag('js', new Date());

  gtag('config', 'UA-26211653-1');
</script>
<!-- End Google Analytics -->
<!-- Venatus Ad Manager - Install in <HEAD> of page -->
	<script src="https://hb.vntsm.com/v3/live/ad-manager.min.js" type="text/javascript" data-site-id="642aba63ec9a7b11c3c9c1be" data-mode="scan" async></script>
<!-- / Venatus Ad Manager -->

<style>
	@media (max-width:820px) {
		.battle {
			margin: 0 auto;
		}
		.battle-log {
			margin: 7px auto 0;
			max-width: 640px;
			height: 300px;
			position: static;
		}
	}
	.optgroup {
		display: inline-block;
		line-height: 22px;
		font-size: 10pt;
	}
	.optgroup .button {
		height: 25px;
		padding-top: 0;
		padding-bottom: 0;
	}
	.optgroup button.button {
		padding-left: 12px;
		padding-right: 12px;
	}
	.linklist {
		list-style: none;
		margin: 0.5em 0;
		padding: 0;
	}
	.linklist li {
		padding: 2px 0;
	}
	.sidebar {
		float: left;
		width: 320px;
	}
	.bar-wrapper {
		max-width: 1100px;
		margin: 0 auto;
	}
	.bar-wrapper.has-sidebar {
		max-width: 1430px;
	}
	.mainbar {
		margin: 0;
		padding-right: 1px;
	}
	.mainbar.has-sidebar {
		margin-left: 330px;
	}
	@media (min-width: 1511px) {
		.sidebar {
			width: 400px;
		}
		.bar-wrapper.has-sidebar {
			max-width: 1510px;
		}
		.mainbar.has-sidebar {
			margin-left: 410px;
		}
	}
	.section.first-section {
		margin-top: 9px;
	}
	.blocklink small {
		white-space: normal;
	}
	.button {
		vertical-align: middle;
	}
	.replay-controls {
		padding-top: 10px;
	}
	.replay-controls h1 {
		font-size: 16pt;
		font-weight: normal;
		color: #CCC;
	}
	.pagelink {
		text-align: center;
	}
	.pagelink a {
		width: 150px;
	}
	.textbox, .button {
		font-size: 11pt;
		vertical-align: middle;
	}
	@media (max-width: 450px) {
		.button {
			font-size: 9pt;
		}
	}
</style>

<div>

	<header>
		<div class="nav-wrapper"><ul class="nav">
			<li><a class="button nav-first" href="//pokemonshowdown.com/"><img src="//pokemonshowdown.com/images/pokemonshowdownbeta.png" srcset="//pokemonshowdown.com/images/pokemonshowdownbeta.png 1x, //pokemonshowdown.com/images/pokemonshowdownbeta@2x.png 2x" alt="Pok&eacute;mon Showdown" width="146" height="44" /> Home</a></li>
			<li><a class="button" href="//pokemonshowdown.com/dex/">Pok&eacute;dex</a></li>
			<li><a class="button cur" href="/">Replays</a></li>
			<li><a class="button" href="//pokemonshowdown.com/ladder/">Ladder</a></li>
			<li><a class="button nav-last" href="//pokemonshowdown.com/forums/">Forum</a></li>
			<li><a class="button greenbutton nav-first nav-last" href="//play.pokemonshowdown.com/">Play</a></li>
		</ul></div>
	</header>

	<div class="main" id="main">

		<noscript><section class="section">You need to enable JavaScript to use this page; sorry!</section></noscript>

	</div>

</div>

<script defer nomodule src="//play.pokemonshowdown.com/js/lib/ps-polyfill.js"></script>
<script defer src="//play.pokemonshowdown.com/js/lib/preact.min.js"></script>

<script defer src="//play.pokemonshowdown.com/config/config.js?2bddbc15"></script>
<script defer src="//play.pokemonshowdown.com/js/lib/jquery-1.11.0.min.js"></script>
<script defer src="//play.pokemonshowdown.com/js/lib/html-sanitizer-minified.js"></script>
<script defer src="//play.pokemonshowdown.com/js/battle-sound.js"></script>
<script defer src="//play.pokemonshowdown.com/js/battledata.js?0.7209276989879541"></script>
<script defer src="//play.pokemonshowdown.com/data/pokedex-mini.js?0.6111056340867951"></script>
<script defer src="//play.pokemonshowdown.com/data/pokedex-mini-bw.js?0.3532142036491459"></script>
<script defer src="//play.pokemonshowdown.com/data/graphics.js?0.24223875632456182"></script>
<script defer src="//play.pokemonshowdown.com/data/pokedex.js?0.38839984266356864"></script>
<script defer src="//play.pokemonshowdown.com/data/moves.js?0.21866028504024015"></script>
<script defer src="//play.pokemonshowdown.com/data/abilities.js?0.2005157953846628"></script>
<script defer src="//play.pokemonshowdown.com/data/items.js?0.9894211263848525"></script>
<script defer src="//play.pokemonshowdown.com/data/teambuilder-tables.js?0.6008791140282215"></script>
<script defer src="//play.pokemonshowdown.com/js/battle-tooltips.js?0.7580118955022959"></script>
<script defer src="//play.pokemonshowdown.com/js/battle.js?0.6057722274234274"></script>

<script defer src="js/utils.js?e31f9a17"></script>
<script defer src="js/replays-battle.js?7008c182"></script>

<!-- don't scrape this data! just add .json or .log after the URL!
Full API docs: https://github.com/smogon/pokemon-showdown-client/blob/master/WEB-API.md -->
<script type="text/plain" class="log" id="replaylog-smogtours-gen3ou-799114">
|inactive|Battle timer is ON: inactive players will automatically lose when time's up.
|t:|1729095434
|gametype|singles
|player|p1|unzipscrogre|unknown|
|player|p2|ViciousCricket|cheryl|
|teamsize|p1|6
|teamsize|p2|6
|gen|3
|tier|[Gen 3] OU
|rule|Sleep Clause Mod: Limit one foe put to sleep
|rule|Switch Priority Clause Mod: Faster Pokémon switch first
|rule|Species Clause: Limit one of each Pokémon
|rule|OHKO Clause: OHKO moves are banned
|rule|Evasion Items Clause: Evasion items are banned
|rule|Evasion Moves Clause: Evasion moves are banned
|rule|Endless Battle Clause: Forcing endless battles is banned
|rule|HP Percentage Mod: HP is shown in percentages
|rule|One Boost Passer Clause: Limit one Baton Passer that has a way to boost its stats
|rule|Freeze Clause Mod: Limit one foe frozen
|
|t:|1729095434
|start
|switch|p1a: Tyranitar|Tyranitar, M|100/100
|switch|p2a: Venusaur|Venusaur, F|100/100
|-weather|Sandstorm|[from] ability: Sand Stream|[of] p1a: Tyranitar
|turn|1
|inactive|unzipscrogre also wants the timer to be on.
|
|t:|1729095447
|move|p2a: Venusaur|Sleep Powder|p1a: Tyranitar
|-status|p1a: Tyranitar|slp|[from] move: Sleep Powder
|cant|p1a: Tyranitar|slp
|
|-weather|Sandstorm|[upkeep]
|-damage|p2a: Venusaur|94/100|[from] Sandstorm
|-heal|p2a: Venusaur|100/100|[from] item: Leftovers
|upkeep
|turn|2
|
|t:|1729095458
|switch|p1a: Celebi|Celebi|100/100
|move|p2a: Venusaur|Leech Seed|p1a: Celebi
|-immune|p1a: Celebi
|
|-weather|Sandstorm|[upkeep]
|-damage|p1a: Celebi|94/100|[from] Sandstorm
|-damage|p2a: Venusaur|94/100|[from] Sandstorm
|-heal|p1a: Celebi|100/100|[from] item: Leftovers
|-heal|p2a: Venusaur|100/100|[from] item: Leftovers
|upkeep
|turn|3
|
|t:|1729095463
|move|p1a: Celebi|Swords Dance|p1a: Celebi
|-boost|p1a: Celebi|atk|2
|move|p2a: Venusaur|Sludge Bomb|p1a: Celebi
|-supereffective|p1a: Celebi
|-damage|p1a: Celebi|64/100
|-status|p1a: Celebi|psn
|
|-weather|Sandstorm|[upkeep]
|-damage|p1a: Celebi|58/100 psn|[from] Sandstorm
|-damage|p2a: Venusaur|94/100|[from] Sandstorm
|-heal|p1a: Celebi|64/100 psn|[from] item: Leftovers
|-damage|p1a: Celebi|52/100 psn|[from] psn
|-heal|p2a: Venusaur|100/100|[from] item: Leftovers
|upkeep
|turn|4
|
|t:|1729095469
|switch|p2a: Skarmory|Skarmory, M|100/100
|move|p1a: Celebi|Baton Pass|p1a: Celebi
|
|t:|1729095475
|-curestatus|p1a: Celebi|psn|[from] ability: Natural Cure
|switch|p1a: Magneton|Magneton|100/100|[from] Baton Pass
|
|-weather|Sandstorm|[upkeep]
|upkeep
|turn|5
|
|t:|1729095478
|move|p1a: Magneton|Thunderbolt|p2a: Skarmory
|-supereffective|p2a: Skarmory
|-damage|p2a: Skarmory|0 fnt
|faint|p2a: Skarmory
|
|t:|1729095483
|switch|p2a: Claydol|Claydol|100/100
|
|-weather|Sandstorm|[upkeep]
|upkeep
|turn|6
|
|t:|1729095495
|move|p1a: Magneton|Substitute|p1a: Magneton
|-start|p1a: Magneton|Substitute
|-damage|p1a: Magneton|76/100
|move|p2a: Claydol|Earthquake|p1a: Magneton
|-supereffective|p1a: Magneton
|-end|p1a: Magneton|Substitute
|
|-weather|Sandstorm|[upkeep]
|upkeep
|turn|7
|
|t:|1729095503
|switch|p2a: Blissey|Blissey, F|100/100
|move|p1a: Magneton|Hidden Power|p2a: Blissey
|-damage|p2a: Blissey|91/100
|
|-weather|Sandstorm|[upkeep]
|-damage|p2a: Blissey|85/100|[from] Sandstorm
|-heal|p2a: Blissey|91/100|[from] item: Leftovers
|upkeep
|turn|8
|
|t:|1729095510
|move|p1a: Magneton|Thunder Wave|p2a: Blissey
|-status|p2a: Blissey|par
|move|p2a: Blissey|Seismic Toss|p1a: Magneton
|-damage|p1a: Magneton|34/100
|
|-weather|Sandstorm|[upkeep]
|-damage|p2a: Blissey|85/100 par|[from] Sandstorm
|-heal|p2a: Blissey|91/100 par|[from] item: Leftovers
|upkeep
|turn|9
|
|t:|1729095523
|switch|p1a: Celebi|Celebi|52/100
|move|p2a: Blissey|Seismic Toss|p1a: Celebi
|-damage|p1a: Celebi|27/100
|
|-weather|Sandstorm|[upkeep]
|-damage|p1a: Celebi|21/100|[from] Sandstorm
|-damage|p2a: Blissey|85/100 par|[from] Sandstorm
|-heal|p1a: Celebi|27/100|[from] item: Leftovers
|-heal|p2a: Blissey|91/100 par|[from] item: Leftovers
|upkeep
|turn|10
|
|t:|1729095527
|move|p1a: Celebi|Recover|p1a: Celebi
|-heal|p1a: Celebi|77/100
|move|p2a: Blissey|Seismic Toss|p1a: Celebi
|-damage|p1a: Celebi|52/100
|
|-weather|Sandstorm|[upkeep]
|-damage|p1a: Celebi|46/100|[from] Sandstorm
|-damage|p2a: Blissey|85/100 par|[from] Sandstorm
|-heal|p1a: Celebi|52/100|[from] item: Leftovers
|-heal|p2a: Blissey|91/100 par|[from] item: Leftovers
|upkeep
|turn|11
|
|t:|1729095532
|-curestatus|p2a: Blissey|par|[from] ability: Natural Cure
|switch|p2a: Salamence|Salamence, F|100/100
|-ability|p2a: Salamence|Intimidate|boost
|-unboost|p1a: Celebi|atk|1
|move|p1a: Celebi|Swords Dance|p1a: Celebi
|-boost|p1a: Celebi|atk|2
|
|-weather|Sandstorm|[upkeep]
|-damage|p1a: Celebi|46/100|[from] Sandstorm
|-damage|p2a: Salamence|94/100|[from] Sandstorm
|-heal|p1a: Celebi|52/100|[from] item: Leftovers
|-heal|p2a: Salamence|100/100|[from] item: Leftovers
|upkeep
|turn|12
|
|t:|1729095541
|switch|p1a: Magneton|Magneton|34/100
|move|p2a: Salamence|Toxic|p1a: Magneton
|-immune|p1a: Magneton
|
|-weather|Sandstorm|[upkeep]
|-damage|p2a: Salamence|94/100|[from] Sandstorm
|-heal|p2a: Salamence|100/100|[from] item: Leftovers
|upkeep
|turn|13
|
|t:|1729095545
|move|p1a: Magneton|Thunderbolt|p2a: Salamence
|-damage|p2a: Salamence|64/100
|move|p2a: Salamence|Brick Break|p1a: Magneton
|-supereffective|p1a: Magneton
|-damage|p1a: Magneton|0 fnt
|faint|p1a: Magneton
|
|t:|1729095572
|switch|p1a: Aerodactyl|Aerodactyl, F|100/100
|
|-weather|Sandstorm|[upkeep]
|-damage|p2a: Salamence|58/100|[from] Sandstorm
|-heal|p2a: Salamence|64/100|[from] item: Leftovers
|upkeep
|turn|14
|
|t:|1729095589
|switch|p2a: Claydol|Claydol|100/100
|move|p1a: Aerodactyl|Substitute|p1a: Aerodactyl
|-start|p1a: Aerodactyl|Substitute
|-damage|p1a: Aerodactyl|75/100
|
|-weather|Sandstorm|[upkeep]
|upkeep
|turn|15
|
|t:|1729095593
|move|p1a: Aerodactyl|Rock Slide|p2a: Claydol
|-resisted|p2a: Claydol
|-damage|p2a: Claydol|83/100
|move|p2a: Claydol|Psychic|p1a: Aerodactyl
|-end|p1a: Aerodactyl|Substitute
|
|-weather|Sandstorm|[upkeep]
|-heal|p2a: Claydol|89/100|[from] item: Leftovers
|upkeep
|turn|16
|inactive|unzipscrogre has 270 seconds left.
|
|t:|1729095627
|switch|p1a: Celebi|Celebi|52/100
|switch|p2a: Suicune|Suicune|100/100
|
|-weather|Sandstorm|[upkeep]
|-damage|p1a: Celebi|46/100|[from] Sandstorm
|-damage|p2a: Suicune|94/100|[from] Sandstorm
|-heal|p1a: Celebi|52/100|[from] item: Leftovers
|-heal|p2a: Suicune|100/100|[from] item: Leftovers
|upkeep
|turn|17
|
|t:|1729095632
|switch|p2a: Salamence|Salamence, F|64/100
|-ability|p2a: Salamence|Intimidate|boost
|-unboost|p1a: Celebi|atk|1
|move|p1a: Celebi|Recover|p1a: Celebi
|-heal|p1a: Celebi|100/100
|
|-weather|Sandstorm|[upkeep]
|-damage|p1a: Celebi|94/100|[from] Sandstorm
|-damage|p2a: Salamence|58/100|[from] Sandstorm
|-heal|p1a: Celebi|100/100|[from] item: Leftovers
|-heal|p2a: Salamence|64/100|[from] item: Leftovers
|upkeep
|turn|18
|
|t:|1729095637
|move|p1a: Celebi|Swords Dance|p1a: Celebi
|-boost|p1a: Celebi|atk|2
|move|p2a: Salamence|Toxic|p1a: Celebi
|-status|p1a: Celebi|tox
|
|-weather|Sandstorm|[upkeep]
|-damage|p1a: Celebi|94/100 tox|[from] Sandstorm
|-damage|p2a: Salamence|58/100|[from] Sandstorm
|-heal|p1a: Celebi|100/100 tox|[from] item: Leftovers
|-damage|p1a: Celebi|94/100 tox|[from] psn
|-heal|p2a: Salamence|64/100|[from] item: Leftovers
|upkeep
|turn|19
|
|t:|1729095649
|switch|p2a: Suicune|Suicune|100/100
|move|p1a: Celebi|Baton Pass|p1a: Celebi
|inactive|unzipscrogre has 270 seconds left.
|
|t:|1729095686
|-curestatus|p1a: Celebi|tox|[from] ability: Natural Cure
|switch|p1a: Swampert|Swampert, F|100/100|[from] Baton Pass
|
|-weather|Sandstorm|[upkeep]
|-damage|p2a: Suicune|94/100|[from] Sandstorm
|-heal|p2a: Suicune|100/100|[from] item: Leftovers
|upkeep
|turn|20
|
|t:|1729095690
|move|p1a: Swampert|Earthquake|p2a: Suicune
|-damage|p2a: Suicune|67/100
|move|p2a: Suicune|Calm Mind|p2a: Suicune
|-boost|p2a: Suicune|spa|1
|-boost|p2a: Suicune|spd|1
|
|-weather|Sandstorm|[upkeep]
|-damage|p2a: Suicune|61/100|[from] Sandstorm
|-heal|p2a: Suicune|67/100|[from] item: Leftovers
|upkeep
|turn|21
|
|t:|1729095700
|move|p1a: Swampert|Earthquake|p2a: Suicune
|-damage|p2a: Suicune|36/100
|move|p2a: Suicune|Surf|p1a: Swampert
|-damage|p1a: Swampert|42/100
|
|-weather|Sandstorm|[upkeep]
|-damage|p2a: Suicune|29/100|[from] Sandstorm
|-heal|p1a: Swampert|48/100|[from] item: Leftovers
|-heal|p2a: Suicune|36/100|[from] item: Leftovers
|upkeep
|turn|22
|
|t:|1729095706
|switch|p2a: Claydol|Claydol|89/100
|move|p1a: Swampert|Earthquake|p2a: Claydol
|-immune|p2a: Claydol
|
|-weather|Sandstorm|[upkeep]
|-heal|p1a: Swampert|54/100|[from] item: Leftovers
|-heal|p2a: Claydol|95/100|[from] item: Leftovers
|upkeep
|turn|23
|
|t:|1729095711
|move|p1a: Swampert|Hydro Pump|p2a: Claydol
|-supereffective|p2a: Claydol
|-damage|p2a: Claydol|0 fnt
|faint|p2a: Claydol
|
|t:|1729095716
|switch|p2a: Venusaur|Venusaur, F|100/100
|
|-weather|Sandstorm|[upkeep]
|-damage|p2a: Venusaur|94/100|[from] Sandstorm
|-heal|p1a: Swampert|61/100|[from] item: Leftovers
|-heal|p2a: Venusaur|100/100|[from] item: Leftovers
|upkeep
|turn|24
|
|t:|1729095726
|move|p1a: Swampert|Ice Beam|p2a: Venusaur
|-supereffective|p2a: Venusaur
|-damage|p2a: Venusaur|58/100
|move|p2a: Venusaur|Leech Seed|p1a: Swampert
|-start|p1a: Swampert|move: Leech Seed
|
|-weather|Sandstorm|[upkeep]
|-damage|p2a: Venusaur|52/100|[from] Sandstorm
|-heal|p1a: Swampert|67/100|[from] item: Leftovers
|-damage|p1a: Swampert|54/100|[from] Leech Seed|[of] p2a: Venusaur
|-heal|p2a: Venusaur|64/100|[silent]
|-heal|p2a: Venusaur|70/100|[from] item: Leftovers
|upkeep
|turn|25
|
|t:|1729095742
|move|p1a: Swampert|Earthquake|p2a: Venusaur
|-crit|p2a: Venusaur
|-damage|p2a: Venusaur|0 fnt
|faint|p2a: Venusaur
|
|t:|1729095745
|switch|p2a: Salamence|Salamence, F|64/100
|-ability|p2a: Salamence|Intimidate|boost
|-unboost|p1a: Swampert|atk|1
|
|-weather|Sandstorm|[upkeep]
|-damage|p2a: Salamence|58/100|[from] Sandstorm
|-heal|p2a: Salamence|64/100|[from] item: Leftovers
|-heal|p1a: Swampert|61/100|[from] item: Leftovers
|-damage|p1a: Swampert|48/100|[from] Leech Seed|[of] p2a: Salamence
|-heal|p2a: Salamence|75/100|[silent]
|upkeep
|turn|26
|
|t:|1729095750
|switch|p2a: Suicune|Suicune|36/100
|move|p1a: Swampert|Ice Beam|p2a: Suicune
|-resisted|p2a: Suicune
|-damage|p2a: Suicune|26/100
|
|-weather|Sandstorm|[upkeep]
|-damage|p2a: Suicune|19/100|[from] Sandstorm
|-heal|p1a: Swampert|54/100|[from] item: Leftovers
|-damage|p1a: Swampert|42/100|[from] Leech Seed|[of] p2a: Suicune
|-heal|p2a: Suicune|30/100|[silent]
|-heal|p2a: Suicune|36/100|[from] item: Leftovers
|upkeep
|turn|27
|
|t:|1729095761
|move|p1a: Swampert|Earthquake|p2a: Suicune
|-damage|p2a: Suicune|17/100
|move|p2a: Suicune|Surf|p1a: Swampert
|-damage|p1a: Swampert|9/100
|
|-weather|Sandstorm|[upkeep]
|-damage|p2a: Suicune|10/100|[from] Sandstorm
|-heal|p1a: Swampert|15/100|[from] item: Leftovers
|-damage|p1a: Swampert|3/100|[from] Leech Seed|[of] p2a: Suicune
|-heal|p2a: Suicune|21/100|[silent]
|-heal|p2a: Suicune|27/100|[from] item: Leftovers
|upkeep
|turn|28
|
|t:|1729095770
|-singleturn|p1a: Swampert|move: Focus Punch
|switch|p2a: Blissey|Blissey, F|91/100
|move|p1a: Swampert|Focus Punch|p2a: Blissey
|-supereffective|p2a: Blissey
|-crit|p2a: Blissey
|-damage|p2a: Blissey|0 fnt
|faint|p2a: Blissey
|
|t:|1729095774
|switch|p2a: Suicune|Suicune|27/100
|
|-weather|Sandstorm|[upkeep]
|-damage|p2a: Suicune|21/100|[from] Sandstorm
|-heal|p1a: Swampert|9/100|[from] item: Leftovers
|-damage|p1a: Swampert|0 fnt|[from] Leech Seed|[of] p2a: Suicune
|-heal|p2a: Suicune|28/100|[silent]
|faint|p1a: Swampert
|-heal|p2a: Suicune|34/100|[from] item: Leftovers
|upkeep
|
|t:|1729095784
|switch|p1a: Celebi|Celebi|94/100
|turn|29
|
|t:|1729095787
|switch|p2a: Salamence|Salamence, F|75/100
|-ability|p2a: Salamence|Intimidate|boost
|-unboost|p1a: Celebi|atk|1
|move|p1a: Celebi|Leech Seed|p2a: Salamence
|-start|p2a: Salamence|move: Leech Seed
|
|-weather|Sandstorm|[upkeep]
|-damage|p1a: Celebi|88/100|[from] Sandstorm
|-damage|p2a: Salamence|69/100|[from] Sandstorm
|-heal|p1a: Celebi|94/100|[from] item: Leftovers
|-heal|p2a: Salamence|75/100|[from] item: Leftovers
|-damage|p2a: Salamence|62/100|[from] Leech Seed|[of] p1a: Celebi
|-heal|p1a: Celebi|100/100|[silent]
|upkeep
|turn|30
|
|t:|1729095793
|move|p1a: Celebi|Swords Dance|p1a: Celebi
|-boost|p1a: Celebi|atk|2
|move|p2a: Salamence|Rain Dance|p2a: Salamence
|-weather|RainDance
|
|-weather|RainDance|[upkeep]
|-heal|p2a: Salamence|68/100|[from] item: Leftovers
|-damage|p2a: Salamence|56/100|[from] Leech Seed|[of] p1a: Celebi
|upkeep
|turn|31
|
|t:|1729095796
|move|p1a: Celebi|Swords Dance|p1a: Celebi
|-boost|p1a: Celebi|atk|2
|move|p2a: Salamence|Wish|p2a: Salamence
|
|-weather|RainDance|[upkeep]
|-heal|p2a: Salamence|62/100|[from] item: Leftovers
|-damage|p2a: Salamence|49/100|[from] Leech Seed|[of] p1a: Celebi
|upkeep
|turn|32
|
|t:|1729095807
|switch|p2a: Suicune|Suicune|34/100
|move|p1a: Celebi|Baton Pass|p1a: Celebi
|
|t:|1729095814
|switch|p1a: Aerodactyl|Aerodactyl, F|75/100|[from] Baton Pass
|
|-heal|p2a: Suicune|84/100|[from] move: Wish|[wisher] Salamence
|-weather|RainDance|[upkeep]
|-heal|p2a: Suicune|90/100|[from] item: Leftovers
|upkeep
|turn|33
|
|t:|1729095818
|switch|p2a: Salamence|Salamence, F|49/100
|-ability|p2a: Salamence|Intimidate|boost
|-unboost|p1a: Aerodactyl|atk|1
|move|p1a: Aerodactyl|Substitute|p1a: Aerodactyl
|-start|p1a: Aerodactyl|Substitute
|-damage|p1a: Aerodactyl|50/100
|
|-weather|RainDance|[upkeep]
|-heal|p2a: Salamence|56/100|[from] item: Leftovers
|upkeep
|turn|34
|
|t:|1729095823
|move|p1a: Aerodactyl|Rock Slide|p2a: Salamence
|-supereffective|p2a: Salamence
|-damage|p2a: Salamence|0 fnt
|faint|p2a: Salamence
|
|t:|1729095825
|switch|p2a: Suicune|Suicune|90/100
|
|-weather|none
|-heal|p2a: Suicune|97/100|[from] item: Leftovers
|upkeep
|turn|35
|
|t:|1729095827
|move|p1a: Aerodactyl|Earthquake|p2a: Suicune
|-damage|p2a: Suicune|63/100
|move|p2a: Suicune|Roar|p1a: Aerodactyl
|drag|p1a: Celebi|Celebi|100/100
|
|-heal|p2a: Suicune|70/100|[from] item: Leftovers
|upkeep
|turn|36
|
|t:|1729095831
|move|p1a: Celebi|Leech Seed|p2a: Suicune
|-start|p2a: Suicune|move: Leech Seed
|move|p2a: Suicune|Calm Mind|p2a: Suicune
|-boost|p2a: Suicune|spa|1
|-boost|p2a: Suicune|spd|1
|
|-heal|p2a: Suicune|76/100|[from] item: Leftovers
|-damage|p2a: Suicune|63/100|[from] Leech Seed|[of] p1a: Celebi
|upkeep
|turn|37
|
|t:|1729095839
|switch|p1a: Tyranitar|Tyranitar, M|100/100 slp
|-weather|Sandstorm|[from] ability: Sand Stream|[of] p1a: Tyranitar
|move|p2a: Suicune|Calm Mind|p2a: Suicune
|-boost|p2a: Suicune|spa|1
|-boost|p2a: Suicune|spd|1
|
|-weather|Sandstorm|[upkeep]
|-damage|p2a: Suicune|57/100|[from] Sandstorm
|-heal|p2a: Suicune|63/100|[from] item: Leftovers
|-damage|p2a: Suicune|51/100|[from] Leech Seed|[of] p1a: Tyranitar
|upkeep
|turn|38
|
|t:|1729095842
|move|p2a: Suicune|Surf|p1a: Tyranitar
|-supereffective|p1a: Tyranitar
|-damage|p1a: Tyranitar|0 fnt
|faint|p1a: Tyranitar
|
|t:|1729095846
|switch|p1a: Celebi|Celebi|100/100
|
|-weather|Sandstorm|[upkeep]
|-damage|p1a: Celebi|94/100|[from] Sandstorm
|-damage|p2a: Suicune|45/100|[from] Sandstorm
|-heal|p1a: Celebi|100/100|[from] item: Leftovers
|-heal|p2a: Suicune|51/100|[from] item: Leftovers
|-damage|p2a: Suicune|38/100|[from] Leech Seed|[of] p1a: Celebi
|upkeep
|turn|39
|
|t:|1729095854
|move|p1a: Celebi|Swords Dance|p1a: Celebi
|-boost|p1a: Celebi|atk|2
|move|p2a: Suicune|Roar|p1a: Celebi
|drag|p1a: Aerodactyl|Aerodactyl, F|50/100
|
|-weather|Sandstorm|[upkeep]
|-damage|p2a: Suicune|32/100|[from] Sandstorm
|-heal|p2a: Suicune|38/100|[from] item: Leftovers
|-damage|p2a: Suicune|26/100|[from] Leech Seed|[of] p1a: Aerodactyl
|-heal|p1a: Aerodactyl|67/100|[silent]
|upkeep
|turn|40
|
|t:|1729095863
|move|p1a: Aerodactyl|Double-Edge|p2a: Suicune
|-damage|p2a: Suicune|8/100
|move|p2a: Suicune|Rest|p2a: Suicune
|-status|p2a: Suicune|slp|[from] move: Rest
|-heal|p2a: Suicune|100/100 slp|[silent]
|
|-weather|Sandstorm|[upkeep]
|-damage|p2a: Suicune|94/100 slp|[from] Sandstorm
|-heal|p2a: Suicune|100/100 slp|[from] item: Leftovers
|-damage|p2a: Suicune|88/100 slp|[from] Leech Seed|[of] p1a: Aerodactyl
|-heal|p1a: Aerodactyl|83/100|[silent]
|upkeep
|turn|41
|
|t:|1729095870
|switch|p1a: Metagross|Metagross|100/100
|cant|p2a: Suicune|slp
|
|-weather|Sandstorm|[upkeep]
|-damage|p2a: Suicune|82/100 slp|[from] Sandstorm
|-heal|p2a: Suicune|88/100 slp|[from] item: Leftovers
|-damage|p2a: Suicune|76/100 slp|[from] Leech Seed|[of] p1a: Metagross
|upkeep
|turn|42
|
|t:|1729095873
|move|p1a: Metagross|Explosion|p2a: Suicune
|-damage|p2a: Suicune|0 fnt
|faint|p1a: Metagross
|faint|p2a: Suicune
|
|win|unzipscrogre
|c|☆ViciousCricket|gg

</script>
<script type="application/json" class="data" id="replaydata-smogtours-gen3ou-799114">
{"id":"smogtours-gen3ou-799114","format":"[Gen 3] OU","players":["unzipscrogre","ViciousCricket"],"uploadtime":1729095873,"views":82,"formatid":"gen3ou","rating":null,"private":0,"password":null}
</script>

<script defer src="js/replays.js?9d40a366"></script>
