<!DOCTYPE html>
<meta charset="utf-8" />
<meta name="viewport" content="width=device-width" />

<title>[Gen 3] OU: NekuYagokoro vs. DunsparceGamer - Replays - Pok&eacute;mon Showdown!</title>

<meta name="description" content="Watch a replay of a Pok&eacute;mon battle between NekuYagokoro and DunsparceGamer! Format: [Gen 3] OU; Date: Oct 29, 2024" />
<!--

Hey, you! Looking in the source for the replay log?

You can find them in JSON format, just add `.json` at the end of a replay URL.

https://replay.pokemonshowdown.com/gen7randomdoublesbattle-865046831.json

Or, if you only need the log itself, add `.log` instead:

https://replay.pokemonshowdown.com/gen7randomdoublesbattle-865046831.log

-->

<link rel="stylesheet" href="//pokemonshowdown.com/style/global.css?0.023195364461161105" />
<link rel="stylesheet" href="//play.pokemonshowdown.com/style/font-awesome.css?0.13261647063804238" />
<link rel="stylesheet" href="//play.pokemonshowdown.com/style/battle.css?0.8753245789963631" />
<link rel="stylesheet" href="//play.pokemonshowdown.com/style/utilichart.css?0.8627959624976733" />

<!-- Global site tag (gtag.js) - Google Analytics -->
<script async src="https://www.googletagmanager.com/gtag/js?id=UA-26211653-1"></script>
<script>
  window.dataLayer = window.dataLayer || [];
  function gtag(){dataLayer.push(arguments);}
  gtag('js', new Date());

  gtag('config', 'UA-26211653-1');
</script>
<!-- End Google Analytics -->
<!-- Venatus Ad Manager - Install in <HEAD> of page -->
	<script src="https://hb.vntsm.com/v3/live/ad-manager.min.js" type="text/javascript" data-site-id="642aba63ec9a7b11c3c9c1be" data-mode="scan" async></script>
<!-- / Venatus Ad Manager -->

<style>
	@media (max-width:820px) {
		.battle {
			margin: 0 auto;
		}
		.battle-log {
			margin: 7px auto 0;
			max-width: 640px;
			height: 300px;
			position: static;
		}
	}
	.optgroup {
		display: inline-block;
		line-height: 22px;
		font-size: 10pt;
	}
	.optgroup .button {
		height: 25px;
		padding-top: 0;
		padding-bottom: 0;
	}
	.optgroup button.button {
		padding-left: 12px;
		padding-right: 12px;
	}
	.linklist {
		list-style: none;
		margin: 0.5em 0;
		padding: 0;
	}
	.linklist li {
		padding: 2px 0;
	}
	.sidebar {
		float: left;
		width: 320px;
	}
	.bar-wrapper {
		max-width: 1100px;
		margin: 0 auto;
	}
	.bar-wrapper.has-sidebar {
		max-width: 1430px;
	}
	.mainbar {
		margin: 0;
		padding-right: 1px;
	}
	.mainbar.has-sidebar {
		margin-left: 330px;
	}
	@media (min-width: 1511px) {
		.sidebar {
			width: 400px;
		}
		.bar-wrapper.has-sidebar {
			max-width: 1510px;
		}
		.mainbar.has-sidebar {
			margin-left: 410px;
		}
	}
	.section.first-section {
		margin-top: 9px;
	}
	.blocklink small {
		white-space: normal;
	}
	.button {
		vertical-align: middle;
	}
	.replay-controls {
		padding-top: 10px;
	}
	.replay-controls h1 {
		font-size: 16pt;
		font-weight: normal;
		color: #CCC;
	}
	.pagelink {
		text-align: center;
	}
	.pagelink a {
		width: 150px;
	}
	.textbox, .button {
		font-size: 11pt;
		vertical-align: middle;
	}
	@media (max-width: 450px) {
		.button {
			font-size: 9pt;
		}
	}
</style>

<div>

	<header>
		<div class="nav-wrapper"><ul class="nav">
			<li><a class="button nav-first" href="//pokemonshowdown.com/"><img src="//pokemonshowdown.com/images/pokemonshowdownbeta.png" srcset="//pokemonshowdown.com/images/pokemonshowdownbeta.png 1x, //pokemonshowdown.com/images/pokemonshowdownbeta@2x.png 2x" alt="Pok&eacute;mon Showdown" width="146" height="44" /> Home</a></li>
			<li><a class="button" href="//pokemonshowdown.com/dex/">Pok&eacute;dex</a></li>
			<li><a class="button cur" href="/">Replays</a></li>
			<li><a class="button" href="//pokemonshowdown.com/ladder/">Ladder</a></li>
			<li><a class="button nav-last" href="//pokemonshowdown.com/forums/">Forum</a></li>
			<li><a class="button greenbutton nav-first nav-last" href="//play.pokemonshowdown.com/">Play</a></li>
		</ul></div>
	</header>

	<div class="main" id="main">

		<noscript><section class="section">You need to enable JavaScript to use this page; sorry!</section></noscript>

	</div>

</div>

<script defer nomodule src="//play.pokemonshowdown.com/js/lib/ps-polyfill.js"></script>
<script defer src="//play.pokemonshowdown.com/js/lib/preact.min.js"></script>

<script defer src="//play.pokemonshowdown.com/config/config.js?2bddbc15"></script>
<script defer src="//play.pokemonshowdown.com/js/lib/jquery-1.11.0.min.js"></script>
<script defer src="//play.pokemonshowdown.com/js/lib/html-sanitizer-minified.js"></script>
<script defer src="//play.pokemonshowdown.com/js/battle-sound.js"></script>
<script defer src="//play.pokemonshowdown.com/js/battledata.js?0.7209276989879541"></script>
<script defer src="//play.pokemonshowdown.com/data/pokedex-mini.js?0.6111056340867951"></script>
<script defer src="//play.pokemonshowdown.com/data/pokedex-mini-bw.js?0.3532142036491459"></script>
<script defer src="//play.pokemonshowdown.com/data/graphics.js?0.24223875632456182"></script>
<script defer src="//play.pokemonshowdown.com/data/pokedex.js?0.38839984266356864"></script>
<script defer src="//play.pokemonshowdown.com/data/moves.js?0.21866028504024015"></script>
<script defer src="//play.pokemonshowdown.com/data/abilities.js?0.2005157953846628"></script>
<script defer src="//play.pokemonshowdown.com/data/items.js?0.9894211263848525"></script>
<script defer src="//play.pokemonshowdown.com/data/teambuilder-tables.js?0.6008791140282215"></script>
<script defer src="//play.pokemonshowdown.com/js/battle-tooltips.js?0.7580118955022959"></script>
<script defer src="//play.pokemonshowdown.com/js/battle.js?0.6057722274234274"></script>

<script defer src="js/utils.js?e31f9a17"></script>
<script defer src="js/replays-battle.js?7008c182"></script>

<!-- don't scrape this data! just add .json or .log after the URL!
Full API docs: https://github.com/smogon/pokemon-showdown-client/blob/master/WEB-API.md -->
<script type="text/plain" class="log" id="replaylog-smogtours-gen3ou-803363">
|inactive|Battle timer is ON: inactive players will automatically lose when time's up.
|t:|1730238033
|gametype|singles
|player|p1|NekuYagokoro|102|
|player|p2|DunsparceGamer|brock|
|teamsize|p1|6
|teamsize|p2|6
|gen|3
|tier|[Gen 3] OU
|rule|Sleep Clause Mod: Limit one foe put to sleep
|rule|Switch Priority Clause Mod: Faster Pokémon switch first
|rule|Species Clause: Limit one of each Pokémon
|rule|OHKO Clause: OHKO moves are banned
|rule|Evasion Items Clause: Evasion items are banned
|rule|Evasion Moves Clause: Evasion moves are banned
|rule|Endless Battle Clause: Forcing endless battles is banned
|rule|HP Percentage Mod: HP is shown in percentages
|rule|One Boost Passer Clause: Limit one Baton Passer that has a way to boost its stats
|rule|Freeze Clause Mod: Limit one foe frozen
|
|t:|1730238033
|start
|switch|p1a: bowser|Salamence, F|100/100
|switch|p2a: Tyranitar|Tyranitar, F|100/100
|-ability|p1a: bowser|Intimidate|boost
|-unboost|p2a: Tyranitar|atk|1
|-weather|Sandstorm|[from] ability: Sand Stream|[of] p2a: Tyranitar
|turn|1
|c|☆NekuYagokoro|glhf!
|
|t:|1730238063
|move|p1a: bowser|Brick Break|p2a: Tyranitar
|-supereffective|p2a: Tyranitar
|-damage|p2a: Tyranitar|0 fnt
|faint|p2a: Tyranitar
|
|t:|1730238076
|switch|p2a: Flygon|Flygon, F|100/100
|
|-weather|Sandstorm|[upkeep]
|-damage|p1a: bowser|94/100|[from] Sandstorm
|upkeep
|turn|2
|
|t:|1730238091
|switch|p1a: honk shoooo|Suicune|100/100
|move|p2a: Flygon|Protect||[still]
|-fail|p2a: Flygon
|
|-weather|Sandstorm|[upkeep]
|-damage|p1a: honk shoooo|94/100|[from] Sandstorm
|-heal|p1a: honk shoooo|100/100|[from] item: Leftovers
|upkeep
|turn|3
|
|t:|1730238101
|switch|p2a: Articuno|Articuno|100/100
|move|p1a: honk shoooo|Calm Mind|p1a: honk shoooo
|-boost|p1a: honk shoooo|spa|1
|-boost|p1a: honk shoooo|spd|1
|
|-weather|Sandstorm|[upkeep]
|-damage|p1a: honk shoooo|94/100|[from] Sandstorm
|-damage|p2a: Articuno|94/100|[from] Sandstorm
|-heal|p1a: honk shoooo|100/100|[from] item: Leftovers
|-heal|p2a: Articuno|100/100|[from] item: Leftovers
|upkeep
|turn|4
|
|t:|1730238109
|move|p1a: honk shoooo|Calm Mind|p1a: honk shoooo
|-boost|p1a: honk shoooo|spa|1
|-boost|p1a: honk shoooo|spd|1
|move|p2a: Articuno|Roar|p1a: honk shoooo
|drag|p1a: bowser|Salamence, F|94/100
|-ability|p1a: bowser|Intimidate|boost
|-unboost|p2a: Articuno|atk|1
|
|-weather|Sandstorm|[upkeep]
|-damage|p1a: bowser|88/100|[from] Sandstorm
|-damage|p2a: Articuno|94/100|[from] Sandstorm
|-heal|p2a: Articuno|100/100|[from] item: Leftovers
|upkeep
|turn|5
|
|t:|1730238130
|switch|p2a: Jirachi|Jirachi|100/100
|move|p1a: bowser|Rock Slide|p2a: Jirachi
|-resisted|p2a: Jirachi
|-damage|p2a: Jirachi|82/100
|
|-weather|Sandstorm|[upkeep]
|-damage|p1a: bowser|82/100|[from] Sandstorm
|-heal|p2a: Jirachi|89/100|[from] item: Leftovers
|upkeep
|turn|6
|
|t:|1730238137
|switch|p1a: the wall|Blissey, F|100/100
|move|p2a: Jirachi|Body Slam|p1a: the wall
|-damage|p1a: the wall|84/100
|
|-weather|Sandstorm|[upkeep]
|-damage|p1a: the wall|77/100|[from] Sandstorm
|-heal|p2a: Jirachi|95/100|[from] item: Leftovers
|-heal|p1a: the wall|84/100|[from] item: Leftovers
|upkeep
|turn|7
|
|t:|1730238153
|move|p2a: Jirachi|Fire Punch|p1a: the wall
|-damage|p1a: the wall|76/100
|move|p1a: the wall|Seismic Toss|p2a: Jirachi
|-damage|p2a: Jirachi|70/100
|
|-weather|Sandstorm|[upkeep]
|-damage|p1a: the wall|70/100|[from] Sandstorm
|-heal|p2a: Jirachi|76/100|[from] item: Leftovers
|-heal|p1a: the wall|76/100|[from] item: Leftovers
|upkeep
|turn|8
|
|t:|1730238161
|move|p2a: Jirachi|Body Slam|p1a: the wall
|-damage|p1a: the wall|60/100
|-status|p1a: the wall|par
|move|p1a: the wall|Soft-Boiled|p1a: the wall
|-heal|p1a: the wall|100/100 par
|
|-weather|Sandstorm|[upkeep]
|-damage|p1a: the wall|94/100 par|[from] Sandstorm
|-heal|p2a: Jirachi|82/100|[from] item: Leftovers
|-heal|p1a: the wall|100/100 par|[from] item: Leftovers
|upkeep
|turn|9
|
|t:|1730238165
|move|p2a: Jirachi|Wish|p2a: Jirachi
|move|p1a: the wall|Seismic Toss|p2a: Jirachi
|-damage|p2a: Jirachi|58/100
|
|-weather|Sandstorm|[upkeep]
|-damage|p1a: the wall|94/100 par|[from] Sandstorm
|-heal|p2a: Jirachi|64/100|[from] item: Leftovers
|-heal|p1a: the wall|100/100 par|[from] item: Leftovers
|upkeep
|turn|10
|
|t:|1730238178
|move|p2a: Jirachi|Protect|p2a: Jirachi
|-singleturn|p2a: Jirachi|Protect
|move|p1a: the wall|Wish|p1a: the wall
|
|-heal|p2a: Jirachi|100/100|[from] move: Wish|[wisher] Jirachi
|-weather|Sandstorm|[upkeep]
|-damage|p1a: the wall|94/100 par|[from] Sandstorm
|-heal|p1a: the wall|100/100 par|[from] item: Leftovers
|upkeep
|turn|11
|
|t:|1730238202
|switch|p2a: Skarmory|Skarmory, F|100/100
|move|p1a: the wall|Seismic Toss|p2a: Skarmory
|-damage|p2a: Skarmory|71/100
|
|-weather|Sandstorm|[upkeep]
|-damage|p1a: the wall|94/100 par|[from] Sandstorm
|-heal|p2a: Skarmory|77/100|[from] item: Leftovers
|-heal|p1a: the wall|100/100 par|[from] item: Leftovers
|upkeep
|turn|12
|
|t:|1730238209
|-curestatus|p1a: the wall|par|[from] ability: Natural Cure
|switch|p1a: mag jumpscare|Magneton|100/100
|move|p2a: Skarmory|Spikes|p1a: mag jumpscare
|-sidestart|p1: NekuYagokoro|Spikes
|
|-weather|Sandstorm|[upkeep]
|-heal|p2a: Skarmory|83/100|[from] item: Leftovers
|upkeep
|turn|13
|
|t:|1730238216
|move|p2a: Skarmory|Protect|p2a: Skarmory
|-singleturn|p2a: Skarmory|Protect
|move|p1a: mag jumpscare|Thunderbolt|p2a: Skarmory
|-activate|p2a: Skarmory|Protect
|
|-weather|Sandstorm|[upkeep]
|-heal|p2a: Skarmory|89/100|[from] item: Leftovers
|upkeep
|turn|14
|
|t:|1730238225
|move|p2a: Skarmory|Protect||[still]
|-fail|p2a: Skarmory
|move|p1a: mag jumpscare|Thunderbolt|p2a: Skarmory
|-supereffective|p2a: Skarmory
|-damage|p2a: Skarmory|0 fnt
|faint|p2a: Skarmory
|
|t:|1730238228
|switch|p2a: Moltres|Moltres|100/100
|
|-weather|Sandstorm|[upkeep]
|-damage|p2a: Moltres|94/100|[from] Sandstorm
|-heal|p2a: Moltres|100/100|[from] item: Leftovers
|upkeep
|turn|15
|
|t:|1730238237
|switch|p1a: honk shoooo|Suicune|100/100
|-damage|p1a: honk shoooo|88/100|[from] Spikes
|move|p2a: Moltres|Flamethrower|p1a: honk shoooo
|-resisted|p1a: honk shoooo
|-damage|p1a: honk shoooo|68/100
|-status|p1a: honk shoooo|brn
|
|-weather|Sandstorm|[upkeep]
|-damage|p2a: Moltres|94/100|[from] Sandstorm
|-damage|p1a: honk shoooo|62/100 brn|[from] Sandstorm
|-heal|p2a: Moltres|100/100|[from] item: Leftovers
|-heal|p1a: honk shoooo|68/100 brn|[from] item: Leftovers
|-damage|p1a: honk shoooo|56/100 brn|[from] brn
|upkeep
|turn|16
|
|t:|1730238265
|move|p2a: Moltres|Hidden Power|p1a: honk shoooo
|-supereffective|p1a: honk shoooo
|-damage|p1a: honk shoooo|18/100 brn
|move|p1a: honk shoooo|Calm Mind|p1a: honk shoooo
|-boost|p1a: honk shoooo|spa|1
|-boost|p1a: honk shoooo|spd|1
|
|-weather|Sandstorm|[upkeep]
|-damage|p2a: Moltres|94/100|[from] Sandstorm
|-damage|p1a: honk shoooo|11/100 brn|[from] Sandstorm
|-heal|p2a: Moltres|100/100|[from] item: Leftovers
|-heal|p1a: honk shoooo|18/100 brn|[from] item: Leftovers
|-damage|p1a: honk shoooo|5/100 brn|[from] brn
|upkeep
|turn|17
|
|t:|1730238281
|switch|p1a: the wall|Blissey, F|100/100
|-damage|p1a: the wall|88/100|[from] Spikes
|move|p2a: Moltres|Flamethrower|p1a: the wall
|-damage|p1a: the wall|67/100
|
|-weather|Sandstorm|[upkeep]
|-damage|p2a: Moltres|94/100|[from] Sandstorm
|-damage|p1a: the wall|61/100|[from] Sandstorm
|-heal|p2a: Moltres|100/100|[from] item: Leftovers
|-heal|p1a: the wall|67/100|[from] item: Leftovers
|upkeep
|turn|18
|
|t:|1730238291
|move|p1a: the wall|Ice Beam|p2a: Moltres
|-damage|p2a: Moltres|74/100
|move|p2a: Moltres|Roar|p1a: the wall
|drag|p1a: bowser|Salamence, F|82/100
|-ability|p1a: bowser|Intimidate|boost
|-unboost|p2a: Moltres|atk|1
|
|-weather|Sandstorm|[upkeep]
|-damage|p1a: bowser|76/100|[from] Sandstorm
|-damage|p2a: Moltres|68/100|[from] Sandstorm
|-heal|p2a: Moltres|74/100|[from] item: Leftovers
|upkeep
|turn|19
|
|t:|1730238309
|switch|p2a: Flygon|Flygon, F|100/100
|move|p1a: bowser|Rock Slide|p2a: Flygon
|-resisted|p2a: Flygon
|-damage|p2a: Flygon|83/100
|
|-weather|Sandstorm|[upkeep]
|-damage|p1a: bowser|70/100|[from] Sandstorm
|-heal|p2a: Flygon|89/100|[from] item: Leftovers
|upkeep
|turn|20
|
|t:|1730238324
|switch|p1a: the spinnerrr|Claydol|100/100
|move|p2a: Flygon|Toxic|p1a: the spinnerrr
|-status|p1a: the spinnerrr|tox
|
|-weather|Sandstorm|[upkeep]
|-heal|p2a: Flygon|95/100|[from] item: Leftovers
|-damage|p1a: the spinnerrr|94/100 tox|[from] psn
|upkeep
|turn|21
|
|t:|1730238335
|switch|p2a: Articuno|Articuno|100/100
|move|p1a: the spinnerrr|Rapid Spin|p2a: Articuno
|-damage|p2a: Articuno|96/100
|-sideend|p1: NekuYagokoro|Spikes|[from] move: Rapid Spin|[of] p1a: the spinnerrr
|
|-weather|Sandstorm|[upkeep]
|-damage|p2a: Articuno|90/100|[from] Sandstorm
|-heal|p2a: Articuno|96/100|[from] item: Leftovers
|-heal|p1a: the spinnerrr|100/100 tox|[from] item: Leftovers
|-damage|p1a: the spinnerrr|88/100 tox|[from] psn
|upkeep
|turn|22
|inactive|DunsparceGamer has 270 seconds left.
|
|t:|1730238363
|move|p2a: Articuno|Ice Beam|p1a: the spinnerrr
|-supereffective|p1a: the spinnerrr
|-damage|p1a: the spinnerrr|29/100 tox
|move|p1a: the spinnerrr|Explosion|p2a: Articuno
|-damage|p2a: Articuno|0 fnt
|faint|p1a: the spinnerrr
|faint|p2a: Articuno
|inactive|DunsparceGamer has 270 seconds left.
|
|t:|1730238389
|switch|p2a: Flygon|Flygon, F|95/100
|switch|p1a: bowser|Salamence, F|70/100
|-ability|p1a: bowser|Intimidate|boost
|-unboost|p2a: Flygon|atk|1
|
|-weather|Sandstorm|[upkeep]
|-damage|p1a: bowser|64/100|[from] Sandstorm
|-heal|p2a: Flygon|100/100|[from] item: Leftovers
|upkeep
|turn|23
|
|t:|1730238410
|move|p1a: bowser|Hidden Power|p2a: Flygon
|-damage|p2a: Flygon|49/100
|move|p2a: Flygon|Toxic|p1a: bowser
|-status|p1a: bowser|tox
|
|-weather|Sandstorm|[upkeep]
|-damage|p1a: bowser|58/100 tox|[from] Sandstorm
|-damage|p1a: bowser|52/100 tox|[from] psn
|-heal|p2a: Flygon|55/100|[from] item: Leftovers
|upkeep
|turn|24
|
|t:|1730238414
|move|p2a: Flygon|Protect|p2a: Flygon
|-singleturn|p2a: Flygon|Protect
|move|p1a: bowser|Hidden Power|p2a: Flygon
|-activate|p2a: Flygon|Protect
|
|-weather|Sandstorm|[upkeep]
|-damage|p1a: bowser|46/100 tox|[from] Sandstorm
|-damage|p1a: bowser|34/100 tox|[from] psn
|-heal|p2a: Flygon|61/100|[from] item: Leftovers
|upkeep
|turn|25
|
|t:|1730238420
|switch|p2a: Jirachi|Jirachi|100/100
|move|p1a: bowser|Hidden Power|p2a: Jirachi
|-resisted|p2a: Jirachi
|-damage|p2a: Jirachi|77/100
|
|-weather|Sandstorm|[upkeep]
|-damage|p1a: bowser|28/100 tox|[from] Sandstorm
|-damage|p1a: bowser|10/100 tox|[from] psn
|-heal|p2a: Jirachi|83/100|[from] item: Leftovers
|upkeep
|turn|26
|inactive|DunsparceGamer has 270 seconds left.
|
|t:|1730238427
|switch|p1a: the wall|Blissey, F|67/100
|move|p2a: Jirachi|Wish|p2a: Jirachi
|
|-weather|Sandstorm|[upkeep]
|-damage|p1a: the wall|61/100|[from] Sandstorm
|-heal|p2a: Jirachi|90/100|[from] item: Leftovers
|-heal|p1a: the wall|67/100|[from] item: Leftovers
|upkeep
|turn|27
|
|t:|1730238434
|switch|p2a: Moltres|Moltres|74/100
|move|p1a: the wall|Wish|p1a: the wall
|
|-heal|p2a: Moltres|100/100|[from] move: Wish|[wisher] Jirachi
|-weather|Sandstorm|[upkeep]
|-damage|p2a: Moltres|94/100|[from] Sandstorm
|-damage|p1a: the wall|61/100|[from] Sandstorm
|-heal|p2a: Moltres|100/100|[from] item: Leftovers
|-heal|p1a: the wall|67/100|[from] item: Leftovers
|upkeep
|turn|28
|
|t:|1730238445
|move|p2a: Moltres|Flamethrower|p1a: the wall
|-damage|p1a: the wall|47/100
|move|p1a: the wall|Ice Beam|p2a: Moltres
|-damage|p2a: Moltres|74/100
|
|-heal|p1a: the wall|97/100|[from] move: Wish|[wisher] the wall
|-weather|Sandstorm|[upkeep]
|-damage|p2a: Moltres|68/100|[from] Sandstorm
|-damage|p1a: the wall|91/100|[from] Sandstorm
|-heal|p2a: Moltres|74/100|[from] item: Leftovers
|-heal|p1a: the wall|97/100|[from] item: Leftovers
|upkeep
|turn|29
|inactive|DunsparceGamer has 270 seconds left.
|
|t:|1730238460
|switch|p2a: Jirachi|Jirachi|90/100
|move|p1a: the wall|Wish|p1a: the wall
|
|-weather|Sandstorm|[upkeep]
|-damage|p1a: the wall|91/100|[from] Sandstorm
|-heal|p2a: Jirachi|96/100|[from] item: Leftovers
|-heal|p1a: the wall|97/100|[from] item: Leftovers
|upkeep
|turn|30
|
|t:|1730238467
|switch|p1a: honk shoooo|Suicune|5/100 brn
|move|p2a: Jirachi|Body Slam|p1a: honk shoooo
|-damage|p1a: honk shoooo|0 fnt
|faint|p1a: honk shoooo
|
|t:|1730238470
|switch|p1a: mag jumpscare|Magneton|100/100
|
|-weather|Sandstorm|[upkeep]
|-heal|p2a: Jirachi|100/100|[from] item: Leftovers
|upkeep
|turn|31
|
|t:|1730238475
|move|p1a: mag jumpscare|Hidden Power|p2a: Jirachi
|-supereffective|p2a: Jirachi
|-damage|p2a: Jirachi|66/100
|move|p2a: Jirachi|Fire Punch|p1a: mag jumpscare
|-supereffective|p1a: mag jumpscare
|-damage|p1a: mag jumpscare|31/100
|-status|p1a: mag jumpscare|brn
|
|-weather|Sandstorm|[upkeep]
|-damage|p1a: mag jumpscare|19/100 brn|[from] brn
|-heal|p2a: Jirachi|72/100|[from] item: Leftovers
|upkeep
|turn|32
|
|t:|1730238481
|move|p2a: Jirachi|Protect|p2a: Jirachi
|-singleturn|p2a: Jirachi|Protect
|move|p1a: mag jumpscare|Hidden Power|p2a: Jirachi
|-activate|p2a: Jirachi|Protect
|
|-weather|Sandstorm|[upkeep]
|-damage|p1a: mag jumpscare|6/100 brn|[from] brn
|-heal|p2a: Jirachi|78/100|[from] item: Leftovers
|upkeep
|turn|33
|
|t:|1730238485
|move|p1a: mag jumpscare|Hidden Power|p2a: Jirachi
|-supereffective|p2a: Jirachi
|-damage|p2a: Jirachi|44/100
|move|p2a: Jirachi|Fire Punch|p1a: mag jumpscare
|-supereffective|p1a: mag jumpscare
|-damage|p1a: mag jumpscare|0 fnt
|faint|p1a: mag jumpscare
|
|t:|1730238496
|switch|p1a: bowser|Salamence, F|10/100 tox
|-ability|p1a: bowser|Intimidate|boost
|-unboost|p2a: Jirachi|atk|1
|
|-weather|Sandstorm|[upkeep]
|-damage|p1a: bowser|4/100 tox|[from] Sandstorm
|-damage|p1a: bowser|0 fnt|[from] psn
|faint|p1a: bowser
|-heal|p2a: Jirachi|50/100|[from] item: Leftovers
|upkeep
|
|t:|1730238501
|switch|p1a: lets go gambling!|Metagross|100/100
|turn|34
|
|t:|1730238528
|move|p2a: Jirachi|Fire Punch|p1a: lets go gambling!
|-supereffective|p1a: lets go gambling!
|-damage|p1a: lets go gambling!|68/100
|-status|p1a: lets go gambling!|brn
|move|p1a: lets go gambling!|Earthquake|p2a: Jirachi
|-supereffective|p2a: Jirachi
|-damage|p2a: Jirachi|23/100
|
|-weather|Sandstorm|[upkeep]
|-heal|p2a: Jirachi|29/100|[from] item: Leftovers
|-heal|p1a: lets go gambling!|74/100 brn|[from] item: Leftovers
|-damage|p1a: lets go gambling!|62/100 brn|[from] brn
|upkeep
|turn|35
|
|t:|1730238546
|switch|p1a: the wall|Blissey, F|97/100
|move|p2a: Jirachi|Protect||[still]
|-fail|p2a: Jirachi
|
|-weather|Sandstorm|[upkeep]
|-damage|p1a: the wall|91/100|[from] Sandstorm
|-heal|p2a: Jirachi|35/100|[from] item: Leftovers
|-heal|p1a: the wall|97/100|[from] item: Leftovers
|upkeep
|turn|36
|
|t:|1730238556
|move|p2a: Jirachi|Wish|p2a: Jirachi
|move|p1a: the wall|Seismic Toss|p2a: Jirachi
|-damage|p2a: Jirachi|11/100
|
|-weather|Sandstorm|[upkeep]
|-damage|p1a: the wall|91/100|[from] Sandstorm
|-heal|p2a: Jirachi|17/100|[from] item: Leftovers
|-heal|p1a: the wall|97/100|[from] item: Leftovers
|upkeep
|turn|37
|
|t:|1730238563
|move|p2a: Jirachi|Protect|p2a: Jirachi
|-singleturn|p2a: Jirachi|Protect
|move|p1a: the wall|Wish|p1a: the wall
|
|-heal|p2a: Jirachi|67/100|[from] move: Wish|[wisher] Jirachi
|-weather|Sandstorm|[upkeep]
|-damage|p1a: the wall|91/100|[from] Sandstorm
|-heal|p2a: Jirachi|73/100|[from] item: Leftovers
|-heal|p1a: the wall|97/100|[from] item: Leftovers
|upkeep
|turn|38
|
|t:|1730238567
|move|p2a: Jirachi|Fire Punch|p1a: the wall
|-damage|p1a: the wall|91/100
|move|p1a: the wall|Seismic Toss|p2a: Jirachi
|-damage|p2a: Jirachi|48/100
|
|-heal|p1a: the wall|100/100|[from] move: Wish|[wisher] the wall
|-weather|Sandstorm|[upkeep]
|-damage|p1a: the wall|94/100|[from] Sandstorm
|-heal|p2a: Jirachi|54/100|[from] item: Leftovers
|-heal|p1a: the wall|100/100|[from] item: Leftovers
|upkeep
|turn|39
|
|t:|1730238579
|move|p2a: Jirachi|Wish|p2a: Jirachi
|move|p1a: the wall|Wish|p1a: the wall
|
|-weather|Sandstorm|[upkeep]
|-damage|p1a: the wall|94/100|[from] Sandstorm
|-heal|p2a: Jirachi|61/100|[from] item: Leftovers
|-heal|p1a: the wall|100/100|[from] item: Leftovers
|upkeep
|turn|40
|
|t:|1730238586
|move|p2a: Jirachi|Fire Punch|p1a: the wall
|-damage|p1a: the wall|94/100
|move|p1a: the wall|Seismic Toss|p2a: Jirachi
|-damage|p2a: Jirachi|36/100
|
|-heal|p1a: the wall|100/100|[from] move: Wish|[wisher] the wall
|-heal|p2a: Jirachi|86/100|[from] move: Wish|[wisher] Jirachi
|-weather|Sandstorm|[upkeep]
|-damage|p1a: the wall|94/100|[from] Sandstorm
|-heal|p2a: Jirachi|92/100|[from] item: Leftovers
|-heal|p1a: the wall|100/100|[from] item: Leftovers
|upkeep
|turn|41
|
|t:|1730238593
|move|p2a: Jirachi|Body Slam|p1a: the wall
|-damage|p1a: the wall|88/100
|move|p1a: the wall|Ice Beam|p2a: Jirachi
|-resisted|p2a: Jirachi
|-damage|p2a: Jirachi|85/100
|
|-weather|Sandstorm|[upkeep]
|-damage|p1a: the wall|82/100|[from] Sandstorm
|-heal|p2a: Jirachi|92/100|[from] item: Leftovers
|-heal|p1a: the wall|88/100|[from] item: Leftovers
|upkeep
|turn|42
|
|t:|1730238598
|move|p2a: Jirachi|Body Slam|p1a: the wall
|-damage|p1a: the wall|76/100
|-status|p1a: the wall|par
|move|p1a: the wall|Ice Beam|p2a: Jirachi
|-resisted|p2a: Jirachi
|-damage|p2a: Jirachi|84/100
|-status|p2a: Jirachi|frz
|
|-weather|Sandstorm|[upkeep]
|-damage|p1a: the wall|70/100 par|[from] Sandstorm
|-heal|p2a: Jirachi|91/100 frz|[from] item: Leftovers
|-heal|p1a: the wall|76/100 par|[from] item: Leftovers
|upkeep
|turn|43
|
|t:|1730238604
|-curestatus|p2a: Jirachi|frz|[msg]
|move|p2a: Jirachi|Fire Punch|p1a: the wall
|-damage|p1a: the wall|70/100 par
|move|p1a: the wall|Wish|p1a: the wall
|
|-weather|Sandstorm|[upkeep]
|-damage|p1a: the wall|64/100 par|[from] Sandstorm
|-heal|p2a: Jirachi|97/100|[from] item: Leftovers
|-heal|p1a: the wall|70/100 par|[from] item: Leftovers
|upkeep
|turn|44
|
|t:|1730238610
|move|p2a: Jirachi|Wish|p2a: Jirachi
|move|p1a: the wall|Seismic Toss|p2a: Jirachi
|-damage|p2a: Jirachi|72/100
|
|-heal|p1a: the wall|100/100 par|[from] move: Wish|[wisher] the wall
|-weather|Sandstorm|[upkeep]
|-damage|p1a: the wall|94/100 par|[from] Sandstorm
|-heal|p2a: Jirachi|78/100|[from] item: Leftovers
|-heal|p1a: the wall|100/100 par|[from] item: Leftovers
|upkeep
|turn|45
|
|t:|1730238619
|move|p2a: Jirachi|Body Slam|p1a: the wall
|-damage|p1a: the wall|88/100 par
|move|p1a: the wall|Wish|p1a: the wall
|
|-heal|p2a: Jirachi|100/100|[from] move: Wish|[wisher] Jirachi
|-weather|Sandstorm|[upkeep]
|-damage|p1a: the wall|82/100 par|[from] Sandstorm
|-heal|p1a: the wall|88/100 par|[from] item: Leftovers
|upkeep
|turn|46
|
|t:|1730238630
|-curestatus|p1a: the wall|par|[from] ability: Natural Cure
|switch|p1a: lets go gambling!|Metagross|62/100 brn
|move|p2a: Jirachi|Fire Punch|p1a: lets go gambling!
|-supereffective|p1a: lets go gambling!
|-damage|p1a: lets go gambling!|30/100 brn
|
|-heal|p1a: lets go gambling!|80/100 brn|[from] move: Wish|[wisher] the wall
|-weather|Sandstorm|[upkeep]
|-heal|p1a: lets go gambling!|86/100 brn|[from] item: Leftovers
|-damage|p1a: lets go gambling!|74/100 brn|[from] brn
|upkeep
|turn|47
|
|t:|1730238636
|move|p2a: Jirachi|Fire Punch|p1a: lets go gambling!
|-supereffective|p1a: lets go gambling!
|-damage|p1a: lets go gambling!|43/100 brn
|move|p1a: lets go gambling!|Earthquake|p2a: Jirachi
|-supereffective|p2a: Jirachi
|-damage|p2a: Jirachi|73/100
|
|-weather|Sandstorm|[upkeep]
|-heal|p2a: Jirachi|79/100|[from] item: Leftovers
|-heal|p1a: lets go gambling!|49/100 brn|[from] item: Leftovers
|-damage|p1a: lets go gambling!|37/100 brn|[from] brn
|upkeep
|turn|48
|
|t:|1730238641
|move|p2a: Jirachi|Fire Punch|p1a: lets go gambling!
|-supereffective|p1a: lets go gambling!
|-damage|p1a: lets go gambling!|4/100 brn
|move|p1a: lets go gambling!|Earthquake|p2a: Jirachi
|-supereffective|p2a: Jirachi
|-crit|p2a: Jirachi
|-damage|p2a: Jirachi|21/100
|
|-weather|Sandstorm|[upkeep]
|-heal|p2a: Jirachi|27/100|[from] item: Leftovers
|-heal|p1a: lets go gambling!|10/100 brn|[from] item: Leftovers
|-damage|p1a: lets go gambling!|0 fnt|[from] brn
|faint|p1a: lets go gambling!
|upkeep
|
|t:|1730238642
|switch|p1a: the wall|Blissey, F|88/100
|turn|49
|
|t:|1730238648
|move|p2a: Jirachi|Protect|p2a: Jirachi
|-singleturn|p2a: Jirachi|Protect
|move|p1a: the wall|Ice Beam|p2a: Jirachi
|-activate|p2a: Jirachi|Protect
|
|-weather|Sandstorm|[upkeep]
|-damage|p1a: the wall|82/100|[from] Sandstorm
|-heal|p2a: Jirachi|34/100|[from] item: Leftovers
|-heal|p1a: the wall|88/100|[from] item: Leftovers
|upkeep
|turn|50
|
|t:|1730238653
|move|p2a: Jirachi|Wish|p2a: Jirachi
|move|p1a: the wall|Ice Beam|p2a: Jirachi
|-resisted|p2a: Jirachi
|-damage|p2a: Jirachi|26/100
|
|-weather|Sandstorm|[upkeep]
|-damage|p1a: the wall|82/100|[from] Sandstorm
|-heal|p2a: Jirachi|33/100|[from] item: Leftovers
|-heal|p1a: the wall|88/100|[from] item: Leftovers
|upkeep
|turn|51
|
|t:|1730238656
|move|p2a: Jirachi|Protect|p2a: Jirachi
|-singleturn|p2a: Jirachi|Protect
|move|p1a: the wall|Seismic Toss|p2a: Jirachi
|-activate|p2a: Jirachi|Protect
|
|-heal|p2a: Jirachi|83/100|[from] move: Wish|[wisher] Jirachi
|-weather|Sandstorm|[upkeep]
|-damage|p1a: the wall|82/100|[from] Sandstorm
|-heal|p2a: Jirachi|89/100|[from] item: Leftovers
|-heal|p1a: the wall|88/100|[from] item: Leftovers
|upkeep
|turn|52
|
|t:|1730238660
|move|p2a: Jirachi|Body Slam|p1a: the wall
|-damage|p1a: the wall|76/100
|-status|p1a: the wall|par
|move|p1a: the wall|Seismic Toss|p2a: Jirachi
|-damage|p2a: Jirachi|64/100
|
|-weather|Sandstorm|[upkeep]
|-damage|p1a: the wall|70/100 par|[from] Sandstorm
|-heal|p2a: Jirachi|70/100|[from] item: Leftovers
|-heal|p1a: the wall|76/100 par|[from] item: Leftovers
|upkeep
|turn|53
|
|t:|1730238679
|move|p2a: Jirachi|Wish|p2a: Jirachi
|move|p1a: the wall|Seismic Toss|p2a: Jirachi
|-damage|p2a: Jirachi|46/100
|
|-weather|Sandstorm|[upkeep]
|-damage|p1a: the wall|70/100 par|[from] Sandstorm
|-heal|p2a: Jirachi|52/100|[from] item: Leftovers
|-heal|p1a: the wall|76/100 par|[from] item: Leftovers
|upkeep
|turn|54
|
|t:|1730238686
|move|p2a: Jirachi|Fire Punch|p1a: the wall
|-damage|p1a: the wall|69/100 par
|move|p1a: the wall|Seismic Toss|p2a: Jirachi
|-damage|p2a: Jirachi|27/100
|
|-heal|p2a: Jirachi|77/100|[from] move: Wish|[wisher] Jirachi
|-weather|Sandstorm|[upkeep]
|-damage|p1a: the wall|62/100 par|[from] Sandstorm
|-heal|p2a: Jirachi|83/100|[from] item: Leftovers
|-heal|p1a: the wall|69/100 par|[from] item: Leftovers
|upkeep
|turn|55
|
|t:|1730238694
|move|p2a: Jirachi|Protect|p2a: Jirachi
|-singleturn|p2a: Jirachi|Protect
|move|p1a: the wall|Seismic Toss|p2a: Jirachi
|-activate|p2a: Jirachi|Protect
|
|-weather|Sandstorm|[upkeep]
|-damage|p1a: the wall|62/100 par|[from] Sandstorm
|-heal|p2a: Jirachi|89/100|[from] item: Leftovers
|-heal|p1a: the wall|69/100 par|[from] item: Leftovers
|upkeep
|turn|56
|
|t:|1730238701
|move|p2a: Jirachi|Body Slam|p1a: the wall
|-damage|p1a: the wall|57/100 par
|move|p1a: the wall|Seismic Toss|p2a: Jirachi
|-damage|p2a: Jirachi|65/100
|
|-weather|Sandstorm|[upkeep]
|-damage|p1a: the wall|51/100 par|[from] Sandstorm
|-heal|p2a: Jirachi|71/100|[from] item: Leftovers
|-heal|p1a: the wall|57/100 par|[from] item: Leftovers
|upkeep
|turn|57
|
|t:|1730238707
|move|p2a: Jirachi|Wish|p2a: Jirachi
|move|p1a: the wall|Soft-Boiled|p1a: the wall
|-heal|p1a: the wall|100/100 par
|
|-weather|Sandstorm|[upkeep]
|-damage|p1a: the wall|94/100 par|[from] Sandstorm
|-heal|p2a: Jirachi|77/100|[from] item: Leftovers
|-heal|p1a: the wall|100/100 par|[from] item: Leftovers
|upkeep
|turn|58
|
|t:|1730238719
|switch|p2a: Flygon|Flygon, F|61/100
|cant|p1a: the wall|par
|
|-heal|p2a: Flygon|100/100|[from] move: Wish|[wisher] Jirachi
|-weather|Sandstorm|[upkeep]
|-damage|p1a: the wall|94/100 par|[from] Sandstorm
|-heal|p1a: the wall|100/100 par|[from] item: Leftovers
|upkeep
|turn|59
|
|t:|1730238734
|switch|p2a: Moltres|Moltres|74/100
|move|p1a: the wall|Ice Beam|p2a: Moltres
|-damage|p2a: Moltres|48/100
|
|-weather|Sandstorm|[upkeep]
|-damage|p2a: Moltres|42/100|[from] Sandstorm
|-damage|p1a: the wall|94/100 par|[from] Sandstorm
|-heal|p2a: Moltres|48/100|[from] item: Leftovers
|-heal|p1a: the wall|100/100 par|[from] item: Leftovers
|upkeep
|turn|60
|
|t:|1730238752
|switch|p2a: Jirachi|Jirachi|77/100
|cant|p1a: the wall|par
|
|-weather|Sandstorm|[upkeep]
|-damage|p1a: the wall|94/100 par|[from] Sandstorm
|-heal|p2a: Jirachi|83/100|[from] item: Leftovers
|-heal|p1a: the wall|100/100 par|[from] item: Leftovers
|upkeep
|turn|61
|
|t:|1730238768
|move|p2a: Jirachi|Wish|p2a: Jirachi
|move|p1a: the wall|Ice Beam|p2a: Jirachi
|-resisted|p2a: Jirachi
|-damage|p2a: Jirachi|76/100
|-status|p2a: Jirachi|frz
|
|-weather|Sandstorm|[upkeep]
|-damage|p1a: the wall|94/100 par|[from] Sandstorm
|-heal|p2a: Jirachi|82/100 frz|[from] item: Leftovers
|-heal|p1a: the wall|100/100 par|[from] item: Leftovers
|upkeep
|turn|62
|
|t:|1730238771
|cant|p2a: Jirachi|frz
|cant|p1a: the wall|par
|
|-heal|p2a: Jirachi|100/100 frz|[from] move: Wish|[wisher] Jirachi
|-weather|Sandstorm|[upkeep]
|-damage|p1a: the wall|94/100 par|[from] Sandstorm
|-heal|p1a: the wall|100/100 par|[from] item: Leftovers
|upkeep
|turn|63
|
|t:|1730238775
|-curestatus|p2a: Jirachi|frz|[msg]
|move|p2a: Jirachi|Protect|p2a: Jirachi
|-singleturn|p2a: Jirachi|Protect
|move|p1a: the wall|Seismic Toss|p2a: Jirachi
|-activate|p2a: Jirachi|Protect
|
|-weather|Sandstorm|[upkeep]
|-damage|p1a: the wall|94/100 par|[from] Sandstorm
|-heal|p1a: the wall|100/100 par|[from] item: Leftovers
|upkeep
|turn|64
|
|t:|1730238782
|move|p2a: Jirachi|Fire Punch|p1a: the wall
|-damage|p1a: the wall|94/100 par
|move|p1a: the wall|Seismic Toss|p2a: Jirachi
|-damage|p2a: Jirachi|76/100
|
|-weather|Sandstorm|[upkeep]
|-damage|p1a: the wall|88/100 par|[from] Sandstorm
|-heal|p2a: Jirachi|82/100|[from] item: Leftovers
|-heal|p1a: the wall|94/100 par|[from] item: Leftovers
|upkeep
|turn|65
|
|t:|1730238786
|move|p2a: Jirachi|Protect|p2a: Jirachi
|-singleturn|p2a: Jirachi|Protect
|move|p1a: the wall|Seismic Toss|p2a: Jirachi
|-activate|p2a: Jirachi|Protect
|
|-weather|Sandstorm|[upkeep]
|-damage|p1a: the wall|88/100 par|[from] Sandstorm
|-heal|p2a: Jirachi|88/100|[from] item: Leftovers
|-heal|p1a: the wall|94/100 par|[from] item: Leftovers
|upkeep
|turn|66
|
|t:|1730238796
|move|p2a: Jirachi|Body Slam|p1a: the wall
|-damage|p1a: the wall|75/100 par
|move|p1a: the wall|Soft-Boiled|p1a: the wall
|-heal|p1a: the wall|100/100 par
|
|-weather|Sandstorm|[upkeep]
|-damage|p1a: the wall|94/100 par|[from] Sandstorm
|-heal|p2a: Jirachi|94/100|[from] item: Leftovers
|-heal|p1a: the wall|100/100 par|[from] item: Leftovers
|upkeep
|turn|67
|
|t:|1730238802
|move|p2a: Jirachi|Fire Punch|p1a: the wall
|-damage|p1a: the wall|93/100 par
|move|p1a: the wall|Soft-Boiled|p1a: the wall
|-heal|p1a: the wall|100/100 par
|
|-weather|Sandstorm|[upkeep]
|-damage|p1a: the wall|94/100 par|[from] Sandstorm
|-heal|p2a: Jirachi|100/100|[from] item: Leftovers
|-heal|p1a: the wall|100/100 par|[from] item: Leftovers
|upkeep
|turn|68
|
|t:|1730238808
|move|p2a: Jirachi|Wish|p2a: Jirachi
|move|p1a: the wall|Wish|p1a: the wall
|
|-weather|Sandstorm|[upkeep]
|-damage|p1a: the wall|94/100 par|[from] Sandstorm
|-heal|p1a: the wall|100/100 par|[from] item: Leftovers
|upkeep
|turn|69
|
|t:|1730238811
|switch|p2a: Moltres|Moltres|48/100
|move|p1a: the wall|Seismic Toss|p2a: Moltres
|-damage|p2a: Moltres|17/100
|
|-heal|p2a: Moltres|67/100|[from] move: Wish|[wisher] Jirachi
|-weather|Sandstorm|[upkeep]
|-damage|p2a: Moltres|61/100|[from] Sandstorm
|-damage|p1a: the wall|94/100 par|[from] Sandstorm
|-heal|p2a: Moltres|67/100|[from] item: Leftovers
|-heal|p1a: the wall|100/100 par|[from] item: Leftovers
|upkeep
|turn|70
|
|t:|1730238823
|move|p2a: Moltres|Overheat|p1a: the wall
|-damage|p1a: the wall|71/100 par
|-unboost|p2a: Moltres|spa|2
|move|p1a: the wall|Seismic Toss|p2a: Moltres
|-damage|p2a: Moltres|36/100
|
|-weather|Sandstorm|[upkeep]
|-damage|p2a: Moltres|29/100|[from] Sandstorm
|-damage|p1a: the wall|65/100 par|[from] Sandstorm
|-heal|p2a: Moltres|36/100|[from] item: Leftovers
|-heal|p1a: the wall|71/100 par|[from] item: Leftovers
|upkeep
|turn|71
|
|t:|1730238830
|switch|p2a: Jirachi|Jirachi|100/100
|move|p1a: the wall|Seismic Toss|p2a: Jirachi
|-damage|p2a: Jirachi|76/100
|
|-weather|Sandstorm|[upkeep]
|-damage|p1a: the wall|65/100 par|[from] Sandstorm
|-heal|p2a: Jirachi|82/100|[from] item: Leftovers
|-heal|p1a: the wall|71/100 par|[from] item: Leftovers
|upkeep
|turn|72
|
|t:|1730238842
|move|p2a: Jirachi|Body Slam|p1a: the wall
|-damage|p1a: the wall|52/100 par
|cant|p1a: the wall|par
|
|-weather|Sandstorm|[upkeep]
|-damage|p1a: the wall|46/100 par|[from] Sandstorm
|-heal|p2a: Jirachi|88/100|[from] item: Leftovers
|-heal|p1a: the wall|52/100 par|[from] item: Leftovers
|upkeep
|turn|73
|
|t:|1730238847
|move|p2a: Jirachi|Body Slam|p1a: the wall
|-damage|p1a: the wall|33/100 par
|move|p1a: the wall|Soft-Boiled|p1a: the wall
|-heal|p1a: the wall|83/100 par
|
|-weather|Sandstorm|[upkeep]
|-damage|p1a: the wall|76/100 par|[from] Sandstorm
|-heal|p2a: Jirachi|94/100|[from] item: Leftovers
|-heal|p1a: the wall|83/100 par|[from] item: Leftovers
|upkeep
|turn|74
|
|t:|1730238865
|move|p2a: Jirachi|Fire Punch|p1a: the wall
|-damage|p1a: the wall|76/100 par
|move|p1a: the wall|Seismic Toss|p2a: Jirachi
|-damage|p2a: Jirachi|70/100
|
|-weather|Sandstorm|[upkeep]
|-damage|p1a: the wall|70/100 par|[from] Sandstorm
|-heal|p2a: Jirachi|76/100|[from] item: Leftovers
|-heal|p1a: the wall|76/100 par|[from] item: Leftovers
|upkeep
|turn|75
|
|t:|1730238869
|move|p2a: Jirachi|Wish|p2a: Jirachi
|cant|p1a: the wall|par
|
|-weather|Sandstorm|[upkeep]
|-damage|p1a: the wall|70/100 par|[from] Sandstorm
|-heal|p2a: Jirachi|82/100|[from] item: Leftovers
|-heal|p1a: the wall|76/100 par|[from] item: Leftovers
|upkeep
|turn|76
|
|t:|1730238874
|switch|p2a: Moltres|Moltres|36/100
|move|p1a: the wall|Wish|p1a: the wall
|
|-heal|p2a: Moltres|86/100|[from] move: Wish|[wisher] Jirachi
|-weather|Sandstorm|[upkeep]
|-damage|p2a: Moltres|79/100|[from] Sandstorm
|-damage|p1a: the wall|70/100 par|[from] Sandstorm
|-heal|p2a: Moltres|86/100|[from] item: Leftovers
|-heal|p1a: the wall|76/100 par|[from] item: Leftovers
|upkeep
|turn|77
|
|t:|1730238878
|switch|p2a: Jirachi|Jirachi|82/100
|move|p1a: the wall|Seismic Toss|p2a: Jirachi
|-damage|p2a: Jirachi|57/100
|
|-heal|p1a: the wall|100/100 par|[from] move: Wish|[wisher] the wall
|-weather|Sandstorm|[upkeep]
|-damage|p1a: the wall|94/100 par|[from] Sandstorm
|-heal|p2a: Jirachi|63/100|[from] item: Leftovers
|-heal|p1a: the wall|100/100 par|[from] item: Leftovers
|upkeep
|turn|78
|
|t:|1730238884
|move|p2a: Jirachi|Protect|p2a: Jirachi
|-singleturn|p2a: Jirachi|Protect
|move|p1a: the wall|Seismic Toss|p2a: Jirachi
|-activate|p2a: Jirachi|Protect
|
|-weather|Sandstorm|[upkeep]
|-damage|p1a: the wall|94/100 par|[from] Sandstorm
|-heal|p2a: Jirachi|70/100|[from] item: Leftovers
|-heal|p1a: the wall|100/100 par|[from] item: Leftovers
|upkeep
|turn|79
|
|t:|1730238888
|move|p2a: Jirachi|Body Slam|p1a: the wall
|-damage|p1a: the wall|84/100 par
|move|p1a: the wall|Seismic Toss|p2a: Jirachi
|-damage|p2a: Jirachi|45/100
|
|-weather|Sandstorm|[upkeep]
|-damage|p1a: the wall|78/100 par|[from] Sandstorm
|-heal|p2a: Jirachi|51/100|[from] item: Leftovers
|-heal|p1a: the wall|84/100 par|[from] item: Leftovers
|upkeep
|turn|80
|
|t:|1730238892
|move|p2a: Jirachi|Wish|p2a: Jirachi
|move|p1a: the wall|Seismic Toss|p2a: Jirachi
|-damage|p2a: Jirachi|26/100
|
|-weather|Sandstorm|[upkeep]
|-damage|p1a: the wall|78/100 par|[from] Sandstorm
|-heal|p2a: Jirachi|32/100|[from] item: Leftovers
|-heal|p1a: the wall|84/100 par|[from] item: Leftovers
|upkeep
|turn|81
|
|t:|1730238895
|move|p2a: Jirachi|Protect|p2a: Jirachi
|-singleturn|p2a: Jirachi|Protect
|move|p1a: the wall|Seismic Toss|p2a: Jirachi
|-activate|p2a: Jirachi|Protect
|
|-heal|p2a: Jirachi|82/100|[from] move: Wish|[wisher] Jirachi
|-weather|Sandstorm|[upkeep]
|-damage|p1a: the wall|78/100 par|[from] Sandstorm
|-heal|p2a: Jirachi|89/100|[from] item: Leftovers
|-heal|p1a: the wall|84/100 par|[from] item: Leftovers
|upkeep
|turn|82
|
|t:|1730238904
|move|p2a: Jirachi|Body Slam|p1a: the wall
|-damage|p1a: the wall|64/100 par
|move|p1a: the wall|Soft-Boiled|p1a: the wall
|-heal|p1a: the wall|100/100 par
|
|-weather|Sandstorm|[upkeep]
|-damage|p1a: the wall|94/100 par|[from] Sandstorm
|-heal|p2a: Jirachi|95/100|[from] item: Leftovers
|-heal|p1a: the wall|100/100 par|[from] item: Leftovers
|upkeep
|turn|83
|
|t:|1730238910
|move|p2a: Jirachi|Fire Punch|p1a: the wall
|-damage|p1a: the wall|93/100 par
|move|p1a: the wall|Wish|p1a: the wall
|
|-weather|Sandstorm|[upkeep]
|-damage|p1a: the wall|87/100 par|[from] Sandstorm
|-heal|p2a: Jirachi|100/100|[from] item: Leftovers
|-heal|p1a: the wall|93/100 par|[from] item: Leftovers
|upkeep
|turn|84
|
|t:|1730238913
|move|p2a: Jirachi|Fire Punch|p1a: the wall
|-crit|p1a: the wall
|-damage|p1a: the wall|79/100 par
|move|p1a: the wall|Soft-Boiled|p1a: the wall
|-heal|p1a: the wall|100/100 par
|
|-weather|Sandstorm|[upkeep]
|-damage|p1a: the wall|94/100 par|[from] Sandstorm
|-heal|p1a: the wall|100/100 par|[from] item: Leftovers
|upkeep
|turn|85
|
|t:|1730238923
|move|p2a: Jirachi|Body Slam|p1a: the wall
|-damage|p1a: the wall|84/100 par
|move|p1a: the wall|Wish|p1a: the wall
|
|-weather|Sandstorm|[upkeep]
|-damage|p1a: the wall|77/100 par|[from] Sandstorm
|-heal|p1a: the wall|84/100 par|[from] item: Leftovers
|upkeep
|turn|86
|
|t:|1730238927
|move|p2a: Jirachi|Fire Punch|p1a: the wall
|-damage|p1a: the wall|76/100 par
|move|p1a: the wall|Soft-Boiled|p1a: the wall
|-heal|p1a: the wall|100/100 par
|
|-weather|Sandstorm|[upkeep]
|-damage|p1a: the wall|94/100 par|[from] Sandstorm
|-heal|p1a: the wall|100/100 par|[from] item: Leftovers
|upkeep
|turn|87
|
|t:|1730238934
|move|p2a: Jirachi|Body Slam|p1a: the wall
|-damage|p1a: the wall|81/100 par
|cant|p1a: the wall|par
|
|-weather|Sandstorm|[upkeep]
|-damage|p1a: the wall|75/100 par|[from] Sandstorm
|-heal|p1a: the wall|81/100 par|[from] item: Leftovers
|upkeep
|turn|88
|
|t:|1730238938
|move|p2a: Jirachi|Fire Punch|p1a: the wall
|-damage|p1a: the wall|74/100 par
|move|p1a: the wall|Soft-Boiled|p1a: the wall
|-heal|p1a: the wall|100/100 par
|
|-weather|Sandstorm|[upkeep]
|-damage|p1a: the wall|94/100 par|[from] Sandstorm
|-heal|p1a: the wall|100/100 par|[from] item: Leftovers
|upkeep
|turn|89
|
|t:|1730238941
|move|p2a: Jirachi|Fire Punch|p1a: the wall
|-damage|p1a: the wall|93/100 par
|move|p1a: the wall|Soft-Boiled|p1a: the wall
|-heal|p1a: the wall|100/100 par
|
|-weather|Sandstorm|[upkeep]
|-damage|p1a: the wall|94/100 par|[from] Sandstorm
|-heal|p1a: the wall|100/100 par|[from] item: Leftovers
|upkeep
|turn|90
|
|t:|1730238946
|move|p2a: Jirachi|Fire Punch|p1a: the wall
|-damage|p1a: the wall|93/100 par
|move|p1a: the wall|Soft-Boiled|p1a: the wall
|-heal|p1a: the wall|100/100 par
|
|-weather|Sandstorm|[upkeep]
|-damage|p1a: the wall|94/100 par|[from] Sandstorm
|-heal|p1a: the wall|100/100 par|[from] item: Leftovers
|upkeep
|turn|91
|
|t:|1730238949
|move|p2a: Jirachi|Fire Punch|p1a: the wall
|-damage|p1a: the wall|94/100 par
|move|p1a: the wall|Soft-Boiled|p1a: the wall
|-heal|p1a: the wall|100/100 par
|
|-weather|Sandstorm|[upkeep]
|-damage|p1a: the wall|94/100 par|[from] Sandstorm
|-heal|p1a: the wall|100/100 par|[from] item: Leftovers
|upkeep
|turn|92
|
|t:|1730238951
|move|p2a: Jirachi|Fire Punch|p1a: the wall
|-damage|p1a: the wall|93/100 par
|cant|p1a: the wall|par
|
|-weather|Sandstorm|[upkeep]
|-damage|p1a: the wall|87/100 par|[from] Sandstorm
|-heal|p1a: the wall|93/100 par|[from] item: Leftovers
|upkeep
|turn|93
|
|t:|1730238953
|move|p2a: Jirachi|Fire Punch|p1a: the wall
|-crit|p1a: the wall
|-damage|p1a: the wall|79/100 par
|move|p1a: the wall|Soft-Boiled|p1a: the wall
|-heal|p1a: the wall|100/100 par
|
|-weather|Sandstorm|[upkeep]
|-damage|p1a: the wall|94/100 par|[from] Sandstorm
|-heal|p1a: the wall|100/100 par|[from] item: Leftovers
|upkeep
|turn|94
|
|t:|1730238958
|move|p2a: Jirachi|Fire Punch|p1a: the wall
|-damage|p1a: the wall|94/100 par
|cant|p1a: the wall|par
|
|-weather|Sandstorm|[upkeep]
|-damage|p1a: the wall|88/100 par|[from] Sandstorm
|-heal|p1a: the wall|94/100 par|[from] item: Leftovers
|upkeep
|turn|95
|
|t:|1730238972
|move|p2a: Jirachi|Wish|p2a: Jirachi
|move|p1a: the wall|Wish|p1a: the wall
|
|-weather|Sandstorm|[upkeep]
|-damage|p1a: the wall|88/100 par|[from] Sandstorm
|-heal|p1a: the wall|94/100 par|[from] item: Leftovers
|upkeep
|turn|96
|
|t:|1730238978
|switch|p2a: Moltres|Moltres|86/100
|cant|p1a: the wall|par
|
|-heal|p1a: the wall|100/100 par|[from] move: Wish|[wisher] the wall
|-heal|p2a: Moltres|100/100|[from] move: Wish|[wisher] Jirachi
|-weather|Sandstorm|[upkeep]
|-damage|p2a: Moltres|94/100|[from] Sandstorm
|-damage|p1a: the wall|94/100 par|[from] Sandstorm
|-heal|p2a: Moltres|100/100|[from] item: Leftovers
|-heal|p1a: the wall|100/100 par|[from] item: Leftovers
|upkeep
|turn|97
|
|t:|1730238981
|switch|p2a: Jirachi|Jirachi|100/100
|move|p1a: the wall|Seismic Toss|p2a: Jirachi
|-damage|p2a: Jirachi|76/100
|
|-weather|Sandstorm|[upkeep]
|-damage|p1a: the wall|94/100 par|[from] Sandstorm
|-heal|p2a: Jirachi|82/100|[from] item: Leftovers
|-heal|p1a: the wall|100/100 par|[from] item: Leftovers
|upkeep
|turn|98
|
|t:|1730238993
|move|p2a: Jirachi|Body Slam|p1a: the wall
|-damage|p1a: the wall|83/100 par
|move|p1a: the wall|Soft-Boiled|p1a: the wall
|-heal|p1a: the wall|100/100 par
|
|-weather|Sandstorm|[upkeep]
|-damage|p1a: the wall|94/100 par|[from] Sandstorm
|-heal|p2a: Jirachi|88/100|[from] item: Leftovers
|-heal|p1a: the wall|100/100 par|[from] item: Leftovers
|upkeep
|turn|99
|
|t:|1730239002
|move|p2a: Jirachi|Protect|p2a: Jirachi
|-singleturn|p2a: Jirachi|Protect
|move|p1a: the wall|Soft-Boiled||[still]
|-fail|p1a: the wall|heal
|
|-weather|Sandstorm|[upkeep]
|-damage|p1a: the wall|94/100 par|[from] Sandstorm
|-heal|p2a: Jirachi|94/100|[from] item: Leftovers
|-heal|p1a: the wall|100/100 par|[from] item: Leftovers
|upkeep
|turn|100
|
|t:|1730239005
|move|p2a: Jirachi|Body Slam|p1a: the wall
|-damage|p1a: the wall|83/100 par
|move|p1a: the wall|Soft-Boiled|p1a: the wall
|-heal|p1a: the wall|100/100 par
|
|-weather|Sandstorm|[upkeep]
|-damage|p1a: the wall|94/100 par|[from] Sandstorm
|-heal|p2a: Jirachi|100/100|[from] item: Leftovers
|-heal|p1a: the wall|100/100 par|[from] item: Leftovers
|upkeep
|turn|101
|
|t:|1730239013
|move|p2a: Jirachi|Body Slam|p1a: the wall
|-damage|p1a: the wall|82/100 par
|cant|p1a: the wall|par
|
|-weather|Sandstorm|[upkeep]
|-damage|p1a: the wall|76/100 par|[from] Sandstorm
|-heal|p1a: the wall|82/100 par|[from] item: Leftovers
|upkeep
|turn|102
|
|t:|1730239020
|move|p2a: Jirachi|Body Slam|p1a: the wall
|-damage|p1a: the wall|63/100 par
|move|p1a: the wall|Wish|p1a: the wall
|
|-weather|Sandstorm|[upkeep]
|-damage|p1a: the wall|57/100 par|[from] Sandstorm
|-heal|p1a: the wall|63/100 par|[from] item: Leftovers
|upkeep
|turn|103
|
|t:|1730239025
|move|p2a: Jirachi|Body Slam|p1a: the wall
|-damage|p1a: the wall|45/100 par
|cant|p1a: the wall|par
|
|-heal|p1a: the wall|95/100 par|[from] move: Wish|[wisher] the wall
|-weather|Sandstorm|[upkeep]
|-damage|p1a: the wall|89/100 par|[from] Sandstorm
|-heal|p1a: the wall|95/100 par|[from] item: Leftovers
|upkeep
|turn|104
|
|t:|1730239031
|move|p2a: Jirachi|Body Slam|p1a: the wall
|-damage|p1a: the wall|76/100 par
|move|p1a: the wall|Wish|p1a: the wall
|
|-weather|Sandstorm|[upkeep]
|-damage|p1a: the wall|70/100 par|[from] Sandstorm
|-heal|p1a: the wall|76/100 par|[from] item: Leftovers
|upkeep
|turn|105
|
|t:|1730239035
|move|p2a: Jirachi|Body Slam|p1a: the wall
|-damage|p1a: the wall|59/100 par
|move|p1a: the wall|Wish||[still]
|-fail|p1a: the wall
|
|-heal|p1a: the wall|100/100 par|[from] move: Wish|[wisher] the wall
|-weather|Sandstorm|[upkeep]
|-damage|p1a: the wall|94/100 par|[from] Sandstorm
|-heal|p1a: the wall|100/100 par|[from] item: Leftovers
|upkeep
|turn|106
|
|t:|1730239051
|switch|p2a: Moltres|Moltres|100/100
|move|p1a: the wall|Wish|p1a: the wall
|
|-weather|Sandstorm|[upkeep]
|-damage|p2a: Moltres|94/100|[from] Sandstorm
|-damage|p1a: the wall|94/100 par|[from] Sandstorm
|-heal|p2a: Moltres|100/100|[from] item: Leftovers
|-heal|p1a: the wall|100/100 par|[from] item: Leftovers
|upkeep
|turn|107
|
|t:|1730239057
|switch|p2a: Jirachi|Jirachi|100/100
|move|p1a: the wall|Seismic Toss|p2a: Jirachi
|-damage|p2a: Jirachi|76/100
|
|-weather|Sandstorm|[upkeep]
|-damage|p1a: the wall|94/100 par|[from] Sandstorm
|-heal|p2a: Jirachi|82/100|[from] item: Leftovers
|-heal|p1a: the wall|100/100 par|[from] item: Leftovers
|upkeep
|turn|108
|
|t:|1730239069
|move|p2a: Jirachi|Protect|p2a: Jirachi
|-singleturn|p2a: Jirachi|Protect
|cant|p1a: the wall|par
|
|-weather|Sandstorm|[upkeep]
|-damage|p1a: the wall|94/100 par|[from] Sandstorm
|-heal|p2a: Jirachi|88/100|[from] item: Leftovers
|-heal|p1a: the wall|100/100 par|[from] item: Leftovers
|upkeep
|turn|109
|
|t:|1730239076
|move|p2a: Jirachi|Body Slam|p1a: the wall
|-damage|p1a: the wall|83/100 par
|move|p1a: the wall|Seismic Toss|p2a: Jirachi
|-damage|p2a: Jirachi|63/100
|
|-weather|Sandstorm|[upkeep]
|-damage|p1a: the wall|77/100 par|[from] Sandstorm
|-heal|p2a: Jirachi|70/100|[from] item: Leftovers
|-heal|p1a: the wall|83/100 par|[from] item: Leftovers
|upkeep
|turn|110
|
|t:|1730239082
|move|p2a: Jirachi|Wish|p2a: Jirachi
|move|p1a: the wall|Seismic Toss|p2a: Jirachi
|-damage|p2a: Jirachi|45/100
|
|-weather|Sandstorm|[upkeep]
|-damage|p1a: the wall|77/100 par|[from] Sandstorm
|-heal|p2a: Jirachi|51/100|[from] item: Leftovers
|-heal|p1a: the wall|83/100 par|[from] item: Leftovers
|upkeep
|turn|111
|
|t:|1730239085
|move|p2a: Jirachi|Protect|p2a: Jirachi
|-singleturn|p2a: Jirachi|Protect
|move|p1a: the wall|Seismic Toss|p2a: Jirachi
|-activate|p2a: Jirachi|Protect
|
|-heal|p2a: Jirachi|100/100|[from] move: Wish|[wisher] Jirachi
|-weather|Sandstorm|[upkeep]
|-damage|p1a: the wall|77/100 par|[from] Sandstorm
|-heal|p1a: the wall|83/100 par|[from] item: Leftovers
|upkeep
|turn|112
|
|t:|1730239094
|switch|p2a: Moltres|Moltres|100/100
|move|p1a: the wall|Ice Beam|p2a: Moltres
|-damage|p2a: Moltres|75/100
|
|-weather|Sandstorm|[upkeep]
|-damage|p2a: Moltres|68/100|[from] Sandstorm
|-damage|p1a: the wall|77/100 par|[from] Sandstorm
|-heal|p2a: Moltres|75/100|[from] item: Leftovers
|-heal|p1a: the wall|83/100 par|[from] item: Leftovers
|upkeep
|turn|113
|
|t:|1730239100
|move|p2a: Moltres|Flamethrower|p1a: the wall
|-crit|p1a: the wall
|-damage|p1a: the wall|41/100 par
|move|p1a: the wall|Ice Beam|p2a: Moltres
|-damage|p2a: Moltres|48/100
|
|-weather|Sandstorm|[upkeep]
|-damage|p2a: Moltres|41/100|[from] Sandstorm
|-damage|p1a: the wall|35/100 par|[from] Sandstorm
|-heal|p2a: Moltres|48/100|[from] item: Leftovers
|-heal|p1a: the wall|41/100 par|[from] item: Leftovers
|upkeep
|turn|114
|
|t:|1730239104
|move|p2a: Moltres|Flamethrower|p1a: the wall
|-damage|p1a: the wall|18/100 par
|move|p1a: the wall|Ice Beam|p2a: Moltres
|-damage|p2a: Moltres|20/100
|
|-weather|Sandstorm|[upkeep]
|-damage|p2a: Moltres|14/100|[from] Sandstorm
|-damage|p1a: the wall|12/100 par|[from] Sandstorm
|-heal|p2a: Moltres|20/100|[from] item: Leftovers
|-heal|p1a: the wall|18/100 par|[from] item: Leftovers
|upkeep
|turn|115
|
|t:|1730239107
|move|p2a: Moltres|Overheat|p1a: the wall
|-damage|p1a: the wall|0 fnt
|-unboost|p2a: Moltres|spa|2
|faint|p1a: the wall
|
|win|DunsparceGamer
|c|☆NekuYagokoro|ggs lol

</script>
<script type="application/json" class="data" id="replaydata-smogtours-gen3ou-803363">
{"id":"smogtours-gen3ou-803363","format":"[Gen 3] OU","players":["NekuYagokoro","DunsparceGamer"],"uploadtime":1730239107,"views":67,"formatid":"gen3ou","rating":null,"private":0,"password":null}
</script>

<script defer src="js/replays.js?9d40a366"></script>
