<!DOCTYPE html>
<meta charset="utf-8" />
<meta name="viewport" content="width=device-width" />

<title>[Gen 3] OU: kingofironfrisk vs. Rovels - Replays - Pok&eacute;mon Showdown!</title>

<meta name="description" content="Watch a replay of a Pok&eacute;mon battle between kingofironfrisk and Rovels! Format: [Gen 3] OU; Date: Oct 23, 2024" />
<!--

Hey, you! Looking in the source for the replay log?

You can find them in JSON format, just add `.json` at the end of a replay URL.

https://replay.pokemonshowdown.com/gen7randomdoublesbattle-865046831.json

Or, if you only need the log itself, add `.log` instead:

https://replay.pokemonshowdown.com/gen7randomdoublesbattle-865046831.log

-->

<link rel="stylesheet" href="//pokemonshowdown.com/style/global.css?0.767286132409787" />
<link rel="stylesheet" href="//play.pokemonshowdown.com/style/font-awesome.css?0.9266228007934947" />
<link rel="stylesheet" href="//play.pokemonshowdown.com/style/battle.css?0.7924700842790926" />
<link rel="stylesheet" href="//play.pokemonshowdown.com/style/utilichart.css?0.8777417872839479" />

<!-- Global site tag (gtag.js) - Google Analytics -->
<script async src="https://www.googletagmanager.com/gtag/js?id=UA-26211653-1"></script>
<script>
  window.dataLayer = window.dataLayer || [];
  function gtag(){dataLayer.push(arguments);}
  gtag('js', new Date());

  gtag('config', 'UA-26211653-1');
</script>
<!-- End Google Analytics -->
<!-- Venatus Ad Manager - Install in <HEAD> of page -->
	<script src="https://hb.vntsm.com/v3/live/ad-manager.min.js" type="text/javascript" data-site-id="642aba63ec9a7b11c3c9c1be" data-mode="scan" async></script>
<!-- / Venatus Ad Manager -->

<style>
	@media (max-width:820px) {
		.battle {
			margin: 0 auto;
		}
		.battle-log {
			margin: 7px auto 0;
			max-width: 640px;
			height: 300px;
			position: static;
		}
	}
	.optgroup {
		display: inline-block;
		line-height: 22px;
		font-size: 10pt;
	}
	.optgroup .button {
		height: 25px;
		padding-top: 0;
		padding-bottom: 0;
	}
	.optgroup button.button {
		padding-left: 12px;
		padding-right: 12px;
	}
	.linklist {
		list-style: none;
		margin: 0.5em 0;
		padding: 0;
	}
	.linklist li {
		padding: 2px 0;
	}
	.sidebar {
		float: left;
		width: 320px;
	}
	.bar-wrapper {
		max-width: 1100px;
		margin: 0 auto;
	}
	.bar-wrapper.has-sidebar {
		max-width: 1430px;
	}
	.mainbar {
		margin: 0;
		padding-right: 1px;
	}
	.mainbar.has-sidebar {
		margin-left: 330px;
	}
	@media (min-width: 1511px) {
		.sidebar {
			width: 400px;
		}
		.bar-wrapper.has-sidebar {
			max-width: 1510px;
		}
		.mainbar.has-sidebar {
			margin-left: 410px;
		}
	}
	.section.first-section {
		margin-top: 9px;
	}
	.blocklink small {
		white-space: normal;
	}
	.button {
		vertical-align: middle;
	}
	.replay-controls {
		padding-top: 10px;
	}
	.replay-controls h1 {
		font-size: 16pt;
		font-weight: normal;
		color: #CCC;
	}
	.pagelink {
		text-align: center;
	}
	.pagelink a {
		width: 150px;
	}
	.textbox, .button {
		font-size: 11pt;
		vertical-align: middle;
	}
	@media (max-width: 450px) {
		.button {
			font-size: 9pt;
		}
	}
</style>

<div>

	<header>
		<div class="nav-wrapper"><ul class="nav">
			<li><a class="button nav-first" href="//pokemonshowdown.com/"><img src="//pokemonshowdown.com/images/pokemonshowdownbeta.png" srcset="//pokemonshowdown.com/images/pokemonshowdownbeta.png 1x, //pokemonshowdown.com/images/pokemonshowdownbeta@2x.png 2x" alt="Pok&eacute;mon Showdown" width="146" height="44" /> Home</a></li>
			<li><a class="button" href="//pokemonshowdown.com/dex/">Pok&eacute;dex</a></li>
			<li><a class="button cur" href="/">Replays</a></li>
			<li><a class="button" href="//pokemonshowdown.com/ladder/">Ladder</a></li>
			<li><a class="button nav-last" href="//pokemonshowdown.com/forums/">Forum</a></li>
			<li><a class="button greenbutton nav-first nav-last" href="//play.pokemonshowdown.com/">Play</a></li>
		</ul></div>
	</header>

	<div class="main" id="main">

		<noscript><section class="section">You need to enable JavaScript to use this page; sorry!</section></noscript>

	</div>

</div>

<script defer nomodule src="//play.pokemonshowdown.com/js/lib/ps-polyfill.js"></script>
<script defer src="//play.pokemonshowdown.com/js/lib/preact.min.js"></script>

<script defer src="//play.pokemonshowdown.com/config/config.js?6dec07f6"></script>
<script defer src="//play.pokemonshowdown.com/js/lib/jquery-1.11.0.min.js"></script>
<script defer src="//play.pokemonshowdown.com/js/lib/html-sanitizer-minified.js"></script>
<script defer src="//play.pokemonshowdown.com/js/battle-sound.js"></script>
<script defer src="//play.pokemonshowdown.com/js/battledata.js?0.6315294753075389"></script>
<script defer src="//play.pokemonshowdown.com/data/pokedex-mini.js?0.7603743185311358"></script>
<script defer src="//play.pokemonshowdown.com/data/pokedex-mini-bw.js?0.030888842834281283"></script>
<script defer src="//play.pokemonshowdown.com/data/graphics.js?0.05593094747507488"></script>
<script defer src="//play.pokemonshowdown.com/data/pokedex.js?0.47064822249611904"></script>
<script defer src="//play.pokemonshowdown.com/data/moves.js?0.8583693120512459"></script>
<script defer src="//play.pokemonshowdown.com/data/abilities.js?0.16017181182386842"></script>
<script defer src="//play.pokemonshowdown.com/data/items.js?0.4163379185673943"></script>
<script defer src="//play.pokemonshowdown.com/data/teambuilder-tables.js?0.31075597372830477"></script>
<script defer src="//play.pokemonshowdown.com/js/battle-tooltips.js?0.6536193500708172"></script>
<script defer src="//play.pokemonshowdown.com/js/battle.js?0.1916591943277901"></script>

<script defer src="js/utils.js?e31f9a17"></script>
<script defer src="js/replays-battle.js?7008c182"></script>

<!-- don't scrape this data! just add .json or .log after the URL!
Full API docs: https://github.com/smogon/pokemon-showdown-client/blob/master/WEB-API.md -->
<script type="text/plain" class="log" id="replaylog-smogtours-gen3ou-801445">
|inactive|Battle timer is ON: inactive players will automatically lose when time's up.
|t:|1729721568
|gametype|singles
|player|p1|kingofironfrisk|tabitha-gen3|
|player|p2|Rovels|gentleman-gen1|
|teamsize|p1|6
|teamsize|p2|6
|gen|3
|tier|[Gen 3] OU
|rule|Sleep Clause Mod: Limit one foe put to sleep
|rule|Switch Priority Clause Mod: Faster Pokémon switch first
|rule|Species Clause: Limit one of each Pokémon
|rule|OHKO Clause: OHKO moves are banned
|rule|Evasion Items Clause: Evasion items are banned
|rule|Evasion Moves Clause: Evasion moves are banned
|rule|Endless Battle Clause: Forcing endless battles is banned
|rule|HP Percentage Mod: HP is shown in percentages
|rule|One Boost Passer Clause: Limit one Baton Passer that has a way to boost its stats
|rule|Freeze Clause Mod: Limit one foe frozen
|
|t:|1729721568
|start
|switch|p1a: Tyranitar|Tyranitar, M|100/100
|switch|p2a: Jigsaw|Slaking, F, shiny|100/100
|-weather|Sandstorm|[from] ability: Sand Stream|[of] p1a: Tyranitar
|turn|1
|c|☆Rovels|picked wrong set
|c|☆Rovels|mind reset?
|inactive|Rovels has 270 seconds left.
|
|t:|1729721617
|switch|p1a: Skarmory|Skarmory, F|100/100
|move|p2a: Jigsaw|Shadow Ball|p1a: Skarmory
|-resisted|p1a: Skarmory
|-damage|p1a: Skarmory|79/100
|-unboost|p1a: Skarmory|spd|1
|
|-weather|Sandstorm|[upkeep]
|-damage|p2a: Jigsaw|94/100|[from] Sandstorm
|-heal|p1a: Skarmory|85/100|[from] item: Leftovers
|upkeep
|turn|2
|c|☆kingofironfrisk|id really rather not lol
|
|t:|1729721643
|switch|p2a: Skarmory|Skarmory, F|100/100
|move|p1a: Skarmory|Spikes|p2a: Skarmory
|-sidestart|p2: Rovels|Spikes
|
|-weather|Sandstorm|[upkeep]
|-heal|p1a: Skarmory|91/100|[from] item: Leftovers
|upkeep
|turn|3
|c|☆Rovels|no worries
|c|☆Rovels|just play
|
|t:|1729721649
|move|p1a: Skarmory|Taunt|p2a: Skarmory
|-start|p2a: Skarmory|move: Taunt
|cant|p2a: Skarmory|move: Taunt|Roar
|
|-weather|Sandstorm|[upkeep]
|-heal|p1a: Skarmory|97/100|[from] item: Leftovers
|upkeep
|turn|4
|
|t:|1729721655
|switch|p2a: Blastoise|Blastoise, F|100/100
|-damage|p2a: Blastoise|88/100|[from] Spikes
|move|p1a: Skarmory|Toxic|p2a: Blastoise
|-status|p2a: Blastoise|tox
|
|-weather|Sandstorm|[upkeep]
|-damage|p2a: Blastoise|82/100 tox|[from] Sandstorm
|-heal|p2a: Blastoise|88/100 tox|[from] item: Leftovers
|-damage|p2a: Blastoise|82/100 tox|[from] psn
|-heal|p1a: Skarmory|100/100|[from] item: Leftovers
|upkeep
|turn|5
|
|t:|1729721659
|move|p2a: Blastoise|Refresh|p2a: Blastoise
|-curestatus|p2a: Blastoise|tox|[msg]
|move|p1a: Skarmory|Taunt|p2a: Blastoise
|-start|p2a: Blastoise|move: Taunt
|
|-weather|Sandstorm|[upkeep]
|-damage|p2a: Blastoise|76/100|[from] Sandstorm
|-heal|p2a: Blastoise|82/100|[from] item: Leftovers
|upkeep
|turn|6
|
|t:|1729721664
|switch|p1a: Gengar|Gengar, F|100/100
|move|p2a: Blastoise|Rapid Spin|p1a: Gengar
|-immune|p1a: Gengar
|
|-weather|Sandstorm|[upkeep]
|-damage|p1a: Gengar|94/100|[from] Sandstorm
|-damage|p2a: Blastoise|76/100|[from] Sandstorm
|-heal|p1a: Gengar|100/100|[from] item: Leftovers
|-heal|p2a: Blastoise|82/100|[from] item: Leftovers
|-end|p2a: Blastoise|move: Taunt|[silent]
|upkeep
|turn|7
|
|t:|1729721692
|switch|p2a: Blissey|Blissey, F|100/100
|-damage|p2a: Blissey|88/100|[from] Spikes
|move|p1a: Gengar|Hidden Power|p2a: Blissey
|-damage|p2a: Blissey|79/100
|
|-weather|Sandstorm|[upkeep]
|-damage|p1a: Gengar|94/100|[from] Sandstorm
|-damage|p2a: Blissey|73/100|[from] Sandstorm
|-heal|p1a: Gengar|100/100|[from] item: Leftovers
|-heal|p2a: Blissey|79/100|[from] item: Leftovers
|upkeep
|turn|8
|
|t:|1729721699
|switch|p2a: Skarmory|Skarmory, F|100/100
|move|p1a: Gengar|Will-O-Wisp|p2a: Skarmory
|-status|p2a: Skarmory|brn
|
|-weather|Sandstorm|[upkeep]
|-damage|p1a: Gengar|94/100|[from] Sandstorm
|-heal|p1a: Gengar|100/100|[from] item: Leftovers
|-damage|p2a: Skarmory|88/100 brn|[from] brn
|upkeep
|turn|9
|
|t:|1729721719
|switch|p1a: Skarmory|Skarmory, F|100/100
|move|p2a: Skarmory|Spikes|p1a: Skarmory
|-sidestart|p1: kingofironfrisk|Spikes
|
|-weather|Sandstorm|[upkeep]
|-heal|p2a: Skarmory|94/100 brn|[from] item: Leftovers
|-damage|p2a: Skarmory|82/100 brn|[from] brn
|upkeep
|turn|10
|
|t:|1729721735
|switch|p2a: Jirachi|Jirachi|100/100
|-damage|p2a: Jirachi|88/100|[from] Spikes
|move|p1a: Skarmory|Spikes|p2a: Jirachi
|-sidestart|p2: Rovels|Spikes
|
|-weather|Sandstorm|[upkeep]
|-heal|p2a: Jirachi|94/100|[from] item: Leftovers
|upkeep
|turn|11
|
|t:|1729721741
|move|p2a: Jirachi|Fire Punch|p1a: Skarmory
|-supereffective|p1a: Skarmory
|-damage|p1a: Skarmory|65/100
|move|p1a: Skarmory|Roar|p2a: Jirachi
|drag|p2a: Blastoise|Blastoise, F|82/100
|-damage|p2a: Blastoise|65/100|[from] Spikes
|
|-weather|Sandstorm|[upkeep]
|-damage|p2a: Blastoise|59/100|[from] Sandstorm
|-heal|p2a: Blastoise|65/100|[from] item: Leftovers
|-heal|p1a: Skarmory|71/100|[from] item: Leftovers
|upkeep
|turn|12
|
|t:|1729721766
|move|p2a: Blastoise|Surf|p1a: Skarmory
|-crit|p1a: Skarmory
|-damage|p1a: Skarmory|2/100
|move|p1a: Skarmory|Toxic|p2a: Blastoise
|-status|p2a: Blastoise|tox
|
|-weather|Sandstorm|[upkeep]
|-damage|p2a: Blastoise|59/100 tox|[from] Sandstorm
|-heal|p2a: Blastoise|65/100 tox|[from] item: Leftovers
|-damage|p2a: Blastoise|59/100 tox|[from] psn
|-heal|p1a: Skarmory|8/100|[from] item: Leftovers
|upkeep
|turn|13
|
|t:|1729721775
|move|p2a: Blastoise|Refresh|p2a: Blastoise
|-curestatus|p2a: Blastoise|tox|[msg]
|move|p1a: Skarmory|Spikes|p2a: Blastoise
|-sidestart|p2: Rovels|Spikes
|
|-weather|Sandstorm|[upkeep]
|-damage|p2a: Blastoise|53/100|[from] Sandstorm
|-heal|p2a: Blastoise|59/100|[from] item: Leftovers
|-heal|p1a: Skarmory|14/100|[from] item: Leftovers
|upkeep
|turn|14
|
|t:|1729721782
|switch|p1a: Gengar|Gengar, F|100/100
|move|p2a: Blastoise|Surf|p1a: Gengar
|-damage|p1a: Gengar|56/100
|
|-weather|Sandstorm|[upkeep]
|-damage|p1a: Gengar|50/100|[from] Sandstorm
|-damage|p2a: Blastoise|53/100|[from] Sandstorm
|-heal|p1a: Gengar|56/100|[from] item: Leftovers
|-heal|p2a: Blastoise|59/100|[from] item: Leftovers
|upkeep
|turn|15
|
|t:|1729721788
|switch|p2a: Flygon|Flygon, F|100/100
|move|p1a: Gengar|Hidden Power|p2a: Flygon
|-damage|p2a: Flygon|74/100
|
|-weather|Sandstorm|[upkeep]
|-damage|p1a: Gengar|50/100|[from] Sandstorm
|-heal|p1a: Gengar|56/100|[from] item: Leftovers
|-heal|p2a: Flygon|80/100|[from] item: Leftovers
|upkeep
|turn|16
|
|t:|1729721802
|move|p1a: Gengar|Will-O-Wisp|p2a: Flygon
|-status|p2a: Flygon|brn
|move|p2a: Flygon|Rock Slide|p1a: Gengar
|-damage|p1a: Gengar|43/100
|
|-weather|Sandstorm|[upkeep]
|-damage|p1a: Gengar|37/100|[from] Sandstorm
|-heal|p1a: Gengar|43/100|[from] item: Leftovers
|-heal|p2a: Flygon|86/100 brn|[from] item: Leftovers
|-damage|p2a: Flygon|73/100 brn|[from] brn
|upkeep
|turn|17
|
|t:|1729721829
|switch|p2a: Blissey|Blissey, F|79/100
|-damage|p2a: Blissey|54/100|[from] Spikes
|move|p1a: Gengar|Ice Punch|p2a: Blissey
|-damage|p2a: Blissey|44/100
|
|-weather|Sandstorm|[upkeep]
|-damage|p1a: Gengar|37/100|[from] Sandstorm
|-damage|p2a: Blissey|38/100|[from] Sandstorm
|-heal|p1a: Gengar|43/100|[from] item: Leftovers
|-heal|p2a: Blissey|44/100|[from] item: Leftovers
|upkeep
|turn|18
|
|t:|1729721836
|move|p1a: Gengar|Taunt|p2a: Blissey
|-start|p2a: Blissey|move: Taunt
|cant|p2a: Blissey|move: Taunt|Soft-Boiled
|
|-weather|Sandstorm|[upkeep]
|-damage|p1a: Gengar|37/100|[from] Sandstorm
|-damage|p2a: Blissey|38/100|[from] Sandstorm
|-heal|p1a: Gengar|43/100|[from] item: Leftovers
|-heal|p2a: Blissey|44/100|[from] item: Leftovers
|upkeep
|turn|19
|inactive|kingofironfrisk has 270 seconds left.
|
|t:|1729721862
|switch|p2a: Skarmory|Skarmory, F|82/100 brn
|move|p1a: Gengar|Will-O-Wisp|p2a: Skarmory
|-fail|p2a: Skarmory|brn
|
|-weather|Sandstorm|[upkeep]
|-damage|p1a: Gengar|37/100|[from] Sandstorm
|-heal|p1a: Gengar|43/100|[from] item: Leftovers
|-heal|p2a: Skarmory|88/100 brn|[from] item: Leftovers
|-damage|p2a: Skarmory|76/100 brn|[from] brn
|upkeep
|turn|20
|
|t:|1729721870
|move|p1a: Gengar|Ice Punch|p2a: Skarmory
|-damage|p2a: Skarmory|52/100 brn
|move|p2a: Skarmory|Roar|p1a: Gengar
|drag|p1a: Jolteon|Jolteon, F|100/100
|-damage|p1a: Jolteon|88/100|[from] Spikes
|
|-weather|Sandstorm|[upkeep]
|-damage|p1a: Jolteon|82/100|[from] Sandstorm
|-heal|p1a: Jolteon|88/100|[from] item: Leftovers
|-heal|p2a: Skarmory|58/100 brn|[from] item: Leftovers
|-damage|p2a: Skarmory|46/100 brn|[from] brn
|upkeep
|turn|21
|
|t:|1729721883
|switch|p2a: Jirachi|Jirachi|94/100
|-damage|p2a: Jirachi|69/100|[from] Spikes
|move|p1a: Jolteon|Thunderbolt|p2a: Jirachi
|-crit|p2a: Jirachi
|-damage|p2a: Jirachi|14/100
|
|-weather|Sandstorm|[upkeep]
|-damage|p1a: Jolteon|82/100|[from] Sandstorm
|-heal|p1a: Jolteon|88/100|[from] item: Leftovers
|-heal|p2a: Jirachi|20/100|[from] item: Leftovers
|upkeep
|turn|22
|
|t:|1729721888
|move|p2a: Jirachi|Protect|p2a: Jirachi
|-singleturn|p2a: Jirachi|Protect
|move|p1a: Jolteon|Thunderbolt|p2a: Jirachi
|-activate|p2a: Jirachi|Protect
|
|-weather|Sandstorm|[upkeep]
|-damage|p1a: Jolteon|82/100|[from] Sandstorm
|-heal|p1a: Jolteon|88/100|[from] item: Leftovers
|-heal|p2a: Jirachi|26/100|[from] item: Leftovers
|upkeep
|turn|23
|
|t:|1729721909
|move|p2a: Jirachi|Protect||[still]
|-fail|p2a: Jirachi
|move|p1a: Jolteon|Thunderbolt|p2a: Jirachi
|-damage|p2a: Jirachi|0 fnt
|faint|p2a: Jirachi
|inactive|Rovels has 270 seconds left.
|
|t:|1729721932
|switch|p2a: Jigsaw|Slaking, F, shiny|94/100
|-damage|p2a: Jigsaw|70/100|[from] Spikes
|
|-weather|Sandstorm|[upkeep]
|-damage|p1a: Jolteon|82/100|[from] Sandstorm
|-damage|p2a: Jigsaw|63/100|[from] Sandstorm
|-heal|p1a: Jolteon|88/100|[from] item: Leftovers
|upkeep
|turn|24
|
|t:|1729721936
|move|p1a: Jolteon|Baton Pass|p1a: Jolteon
|
|t:|1729721938
|switch|p1a: Skarmory|Skarmory, F|14/100|[from] Baton Pass
|move|p2a: Jigsaw|Shadow Ball|p1a: Skarmory
|-resisted|p1a: Skarmory
|-damage|p1a: Skarmory|0 fnt
|faint|p1a: Skarmory
|
|t:|1729721943
|switch|p1a: Tyranitar|Tyranitar, M|100/100
|-damage|p1a: Tyranitar|88/100|[from] Spikes
|
|-weather|Sandstorm|[upkeep]
|-damage|p2a: Jigsaw|57/100|[from] Sandstorm
|-heal|p1a: Tyranitar|94/100|[from] item: Leftovers
|upkeep
|turn|25
|
|t:|1729721947
|switch|p2a: Skarmory|Skarmory, F|46/100 brn
|move|p1a: Tyranitar|Substitute|p1a: Tyranitar
|-start|p1a: Tyranitar|Substitute
|-damage|p1a: Tyranitar|69/100
|
|-weather|Sandstorm|[upkeep]
|-heal|p2a: Skarmory|52/100 brn|[from] item: Leftovers
|-damage|p2a: Skarmory|39/100 brn|[from] brn
|-heal|p1a: Tyranitar|75/100|[from] item: Leftovers
|upkeep
|turn|26
|
|t:|1729721951
|move|p1a: Tyranitar|Thunder|p2a: Skarmory
|-supereffective|p2a: Skarmory
|-crit|p2a: Skarmory
|-damage|p2a: Skarmory|0 fnt
|faint|p2a: Skarmory
|
|t:|1729721961
|switch|p2a: Flygon|Flygon, F|73/100 brn
|
|-weather|Sandstorm|[upkeep]
|-heal|p2a: Flygon|79/100 brn|[from] item: Leftovers
|-damage|p2a: Flygon|67/100 brn|[from] brn
|-heal|p1a: Tyranitar|82/100|[from] item: Leftovers
|upkeep
|turn|27
|
|t:|1729721968
|-singleturn|p1a: Tyranitar|move: Focus Punch
|move|p2a: Flygon|Earthquake|p1a: Tyranitar
|-supereffective|p1a: Tyranitar
|-end|p1a: Tyranitar|Substitute
|move|p1a: Tyranitar|Focus Punch|p2a: Flygon
|-damage|p2a: Flygon|32/100 brn
|
|-weather|Sandstorm|[upkeep]
|-heal|p2a: Flygon|38/100 brn|[from] item: Leftovers
|-damage|p2a: Flygon|26/100 brn|[from] brn
|-heal|p1a: Tyranitar|88/100|[from] item: Leftovers
|upkeep
|turn|28
|
|t:|1729721984
|move|p2a: Flygon|Rock Slide|p1a: Tyranitar
|-crit|p1a: Tyranitar
|-damage|p1a: Tyranitar|73/100
|move|p1a: Tyranitar|Crunch|p2a: Flygon
|-damage|p2a: Flygon|0 fnt
|faint|p2a: Flygon
|
|t:|1729721996
|switch|p2a: Jigsaw|Slaking, F, shiny|57/100
|-damage|p2a: Jigsaw|32/100|[from] Spikes
|
|-weather|Sandstorm|[upkeep]
|-damage|p2a: Jigsaw|26/100|[from] Sandstorm
|-heal|p1a: Tyranitar|79/100|[from] item: Leftovers
|upkeep
|turn|29
|
|t:|1729722014
|switch|p1a: Flygon|Flygon, M|100/100
|move|p2a: Jigsaw|Earthquake|p1a: Flygon
|-immune|p1a: Flygon
|
|-weather|Sandstorm|[upkeep]
|-damage|p2a: Jigsaw|20/100|[from] Sandstorm
|upkeep
|turn|30
|inactive|Rovels has 270 seconds left.
|-message|Rovels forfeited.
|
|win|kingofironfrisk
|c|☆Rovels|gg
|player|p2|
|c|☆kingofironfrisk|ggs
|player|p2|Rovels|gentleman-gen1|
|player|p2|

</script>
<script type="application/json" class="data" id="replaydata-smogtours-gen3ou-801445">
{"id":"smogtours-gen3ou-801445","format":"[Gen 3] OU","players":["kingofironfrisk","Rovels"],"uploadtime":1729722033,"views":114,"formatid":"gen3ou","rating":null,"private":0,"password":null}
</script>

<script defer src="js/replays.js?9d40a366"></script>
