<!DOCTYPE html>
<meta charset="utf-8" />
<meta name="viewport" content="width=device-width" />

<title>[Gen 3] OU: Seradess vs. lexitg - Replays - Pok&eacute;mon Showdown!</title>

<meta name="description" content="Watch a replay of a Pok&eacute;mon battle between Seradess and lexitg! Format: [Gen 3] OU; Date: Nov 10, 2024" />
<!--

Hey, you! Looking in the source for the replay log?

You can find them in JSON format, just add `.json` at the end of a replay URL.

https://replay.pokemonshowdown.com/gen7randomdoublesbattle-865046831.json

Or, if you only need the log itself, add `.log` instead:

https://replay.pokemonshowdown.com/gen7randomdoublesbattle-865046831.log

-->

<link rel="stylesheet" href="//pokemonshowdown.com/style/global.css?0.767286132409787" />
<link rel="stylesheet" href="//play.pokemonshowdown.com/style/font-awesome.css?0.9266228007934947" />
<link rel="stylesheet" href="//play.pokemonshowdown.com/style/battle.css?0.7924700842790926" />
<link rel="stylesheet" href="//play.pokemonshowdown.com/style/utilichart.css?0.8777417872839479" />

<!-- Global site tag (gtag.js) - Google Analytics -->
<script async src="https://www.googletagmanager.com/gtag/js?id=UA-26211653-1"></script>
<script>
  window.dataLayer = window.dataLayer || [];
  function gtag(){dataLayer.push(arguments);}
  gtag('js', new Date());

  gtag('config', 'UA-26211653-1');
</script>
<!-- End Google Analytics -->
<!-- Venatus Ad Manager - Install in <HEAD> of page -->
	<script src="https://hb.vntsm.com/v3/live/ad-manager.min.js" type="text/javascript" data-site-id="642aba63ec9a7b11c3c9c1be" data-mode="scan" async></script>
<!-- / Venatus Ad Manager -->

<style>
	@media (max-width:820px) {
		.battle {
			margin: 0 auto;
		}
		.battle-log {
			margin: 7px auto 0;
			max-width: 640px;
			height: 300px;
			position: static;
		}
	}
	.optgroup {
		display: inline-block;
		line-height: 22px;
		font-size: 10pt;
	}
	.optgroup .button {
		height: 25px;
		padding-top: 0;
		padding-bottom: 0;
	}
	.optgroup button.button {
		padding-left: 12px;
		padding-right: 12px;
	}
	.linklist {
		list-style: none;
		margin: 0.5em 0;
		padding: 0;
	}
	.linklist li {
		padding: 2px 0;
	}
	.sidebar {
		float: left;
		width: 320px;
	}
	.bar-wrapper {
		max-width: 1100px;
		margin: 0 auto;
	}
	.bar-wrapper.has-sidebar {
		max-width: 1430px;
	}
	.mainbar {
		margin: 0;
		padding-right: 1px;
	}
	.mainbar.has-sidebar {
		margin-left: 330px;
	}
	@media (min-width: 1511px) {
		.sidebar {
			width: 400px;
		}
		.bar-wrapper.has-sidebar {
			max-width: 1510px;
		}
		.mainbar.has-sidebar {
			margin-left: 410px;
		}
	}
	.section.first-section {
		margin-top: 9px;
	}
	.blocklink small {
		white-space: normal;
	}
	.button {
		vertical-align: middle;
	}
	.replay-controls {
		padding-top: 10px;
	}
	.replay-controls h1 {
		font-size: 16pt;
		font-weight: normal;
		color: #CCC;
	}
	.pagelink {
		text-align: center;
	}
	.pagelink a {
		width: 150px;
	}
	.textbox, .button {
		font-size: 11pt;
		vertical-align: middle;
	}
	@media (max-width: 450px) {
		.button {
			font-size: 9pt;
		}
	}
</style>

<div>

	<header>
		<div class="nav-wrapper"><ul class="nav">
			<li><a class="button nav-first" href="//pokemonshowdown.com/"><img src="//pokemonshowdown.com/images/pokemonshowdownbeta.png" srcset="//pokemonshowdown.com/images/pokemonshowdownbeta.png 1x, //pokemonshowdown.com/images/pokemonshowdownbeta@2x.png 2x" alt="Pok&eacute;mon Showdown" width="146" height="44" /> Home</a></li>
			<li><a class="button" href="//pokemonshowdown.com/dex/">Pok&eacute;dex</a></li>
			<li><a class="button cur" href="/">Replays</a></li>
			<li><a class="button" href="//pokemonshowdown.com/ladder/">Ladder</a></li>
			<li><a class="button nav-last" href="//pokemonshowdown.com/forums/">Forum</a></li>
			<li><a class="button greenbutton nav-first nav-last" href="//play.pokemonshowdown.com/">Play</a></li>
		</ul></div>
	</header>

	<div class="main" id="main">

		<noscript><section class="section">You need to enable JavaScript to use this page; sorry!</section></noscript>

	</div>

</div>

<script defer nomodule src="//play.pokemonshowdown.com/js/lib/ps-polyfill.js"></script>
<script defer src="//play.pokemonshowdown.com/js/lib/preact.min.js"></script>

<script defer src="//play.pokemonshowdown.com/config/config.js?6dec07f6"></script>
<script defer src="//play.pokemonshowdown.com/js/lib/jquery-1.11.0.min.js"></script>
<script defer src="//play.pokemonshowdown.com/js/lib/html-sanitizer-minified.js"></script>
<script defer src="//play.pokemonshowdown.com/js/battle-sound.js"></script>
<script defer src="//play.pokemonshowdown.com/js/battledata.js?0.6315294753075389"></script>
<script defer src="//play.pokemonshowdown.com/data/pokedex-mini.js?0.7603743185311358"></script>
<script defer src="//play.pokemonshowdown.com/data/pokedex-mini-bw.js?0.030888842834281283"></script>
<script defer src="//play.pokemonshowdown.com/data/graphics.js?0.05593094747507488"></script>
<script defer src="//play.pokemonshowdown.com/data/pokedex.js?0.47064822249611904"></script>
<script defer src="//play.pokemonshowdown.com/data/moves.js?0.8583693120512459"></script>
<script defer src="//play.pokemonshowdown.com/data/abilities.js?0.16017181182386842"></script>
<script defer src="//play.pokemonshowdown.com/data/items.js?0.4163379185673943"></script>
<script defer src="//play.pokemonshowdown.com/data/teambuilder-tables.js?0.31075597372830477"></script>
<script defer src="//play.pokemonshowdown.com/js/battle-tooltips.js?0.6536193500708172"></script>
<script defer src="//play.pokemonshowdown.com/js/battle.js?0.1916591943277901"></script>

<script defer src="js/utils.js?e31f9a17"></script>
<script defer src="js/replays-battle.js?7008c182"></script>

<!-- don't scrape this data! just add .json or .log after the URL!
Full API docs: https://github.com/smogon/pokemon-showdown-client/blob/master/WEB-API.md -->
<script type="text/plain" class="log" id="replaylog-smogtours-gen3ou-805850">
|inactive|Battle timer is ON: inactive players will automatically lose when time's up.
|t:|1731268806
|gametype|singles
|player|p1|Seradess|brawly|
|player|p2|lexitg|maid|
|teamsize|p1|6
|teamsize|p2|6
|gen|3
|tier|[Gen 3] OU
|rule|Sleep Clause Mod: Limit one foe put to sleep
|rule|Switch Priority Clause Mod: Faster Pokémon switch first
|rule|Species Clause: Limit one of each Pokémon
|rule|OHKO Clause: OHKO moves are banned
|rule|Evasion Items Clause: Evasion items are banned
|rule|Evasion Moves Clause: Evasion moves are banned
|rule|Endless Battle Clause: Forcing endless battles is banned
|rule|HP Percentage Mod: HP is shown in percentages
|rule|One Boost Passer Clause: Limit one Baton Passer that has a way to boost its stats
|rule|Freeze Clause Mod: Limit one foe frozen
|
|t:|1731268806
|start
|switch|p1a: Whyrdam|Tyranitar, M, shiny|100/100
|switch|p2a: fartass|Zapdos|100/100
|-weather|Sandstorm|[from] ability: Sand Stream|[of] p1a: Whyrdam
|turn|1
|c|☆Seradess|glhf
|c|☆lexitg|u2
|inactive|Seradess has 270 seconds left.
|inactive|lexitg has 270 seconds left.
|
|t:|1731268850
|switch|p2a: bitchj|Swampert, F|100/100
|move|p1a: Whyrdam|Crunch|p2a: bitchj
|-damage|p2a: bitchj|67/100
|
|-weather|Sandstorm|[upkeep]
|-heal|p2a: bitchj|73/100|[from] item: Leftovers
|upkeep
|turn|2
|
|t:|1731268867
|switch|p1a: Skarmory|Skarmory, M|100/100
|move|p2a: bitchj|Protect||[still]
|-fail|p2a: bitchj
|
|-weather|Sandstorm|[upkeep]
|-heal|p2a: bitchj|79/100|[from] item: Leftovers
|upkeep
|turn|3
|
|t:|1731268874
|switch|p2a: bitchj2|Starmie|100/100
|move|p1a: Skarmory|Spikes|p2a: bitchj2
|-sidestart|p2: lexitg|Spikes
|
|-weather|Sandstorm|[upkeep]
|-damage|p2a: bitchj2|94/100|[from] Sandstorm
|-heal|p2a: bitchj2|100/100|[from] item: Leftovers
|upkeep
|turn|4
|inactive|Seradess has 270 seconds left.
|
|t:|1731268905
|switch|p1a: Blissey|Blissey, F|100/100
|move|p2a: bitchj2|Hydro Pump|p1a: Blissey
|-damage|p1a: Blissey|77/100
|
|-weather|Sandstorm|[upkeep]
|-damage|p2a: bitchj2|94/100|[from] Sandstorm
|-damage|p1a: Blissey|71/100|[from] Sandstorm
|-heal|p2a: bitchj2|100/100|[from] item: Leftovers
|-heal|p1a: Blissey|77/100|[from] item: Leftovers
|upkeep
|turn|5
|inactive|Seradess has 270 seconds left.
|
|t:|1731268927
|switch|p2a: fart|Celebi|100/100
|-damage|p2a: fart|88/100|[from] Spikes
|move|p1a: Blissey|Thunderbolt|p2a: fart
|-resisted|p2a: fart
|-damage|p2a: fart|80/100
|
|-weather|Sandstorm|[upkeep]
|-damage|p2a: fart|74/100|[from] Sandstorm
|-damage|p1a: Blissey|71/100|[from] Sandstorm
|-heal|p2a: fart|80/100|[from] item: Leftovers
|-heal|p1a: Blissey|77/100|[from] item: Leftovers
|upkeep
|turn|6
|
|t:|1731268931
|move|p2a: fart|Leech Seed|p1a: Blissey
|-start|p1a: Blissey|move: Leech Seed
|move|p1a: Blissey|Toxic|p2a: fart
|-status|p2a: fart|tox
|
|-weather|Sandstorm|[upkeep]
|-damage|p2a: fart|74/100 tox|[from] Sandstorm
|-damage|p1a: Blissey|71/100|[from] Sandstorm
|-heal|p2a: fart|80/100 tox|[from] item: Leftovers
|-damage|p2a: fart|74/100 tox|[from] psn
|-heal|p1a: Blissey|77/100|[from] item: Leftovers
|-damage|p1a: Blissey|65/100|[from] Leech Seed|[of] p2a: fart
|-heal|p2a: fart|94/100 tox|[silent]
|upkeep
|turn|7
|inactive|Seradess has 270 seconds left.
|
|t:|1731268957
|switch|p1a: Skarmory|Skarmory, M|100/100
|move|p2a: fart|Baton Pass|p2a: fart
|
|t:|1731268963
|-curestatus|p2a: fart|tox|[from] ability: Natural Cure
|switch|p2a: fartass|Zapdos|100/100|[from] Baton Pass
|
|-weather|Sandstorm|[upkeep]
|-damage|p2a: fartass|94/100|[from] Sandstorm
|-heal|p2a: fartass|100/100|[from] item: Leftovers
|upkeep
|turn|8
|
|t:|1731268978
|switch|p1a: Whyrdam|Tyranitar, M, shiny|100/100
|move|p2a: fartass|Baton Pass|p2a: fartass
|
|t:|1731268988
|switch|p2a: fgart|Tyranitar, F|100/100|[from] Baton Pass
|-damage|p2a: fgart|88/100|[from] Spikes
|
|-weather|Sandstorm|[upkeep]
|-heal|p2a: fgart|94/100|[from] item: Leftovers
|upkeep
|turn|9
|
|t:|1731268998
|-singleturn|p2a: fgart|move: Focus Punch
|switch|p1a: LeBron|Swampert, M, shiny|100/100
|move|p2a: fgart|Focus Punch|p1a: LeBron
|-damage|p1a: LeBron|58/100
|
|-weather|Sandstorm|[upkeep]
|-heal|p1a: LeBron|65/100|[from] item: Leftovers
|-heal|p2a: fgart|100/100|[from] item: Leftovers
|upkeep
|turn|10
|inactive|Seradess has 270 seconds left.
|
|t:|1731269006
|switch|p2a: fart|Celebi|94/100
|-damage|p2a: fart|81/100|[from] Spikes
|move|p1a: LeBron|Toxic|p2a: fart
|-status|p2a: fart|tox
|
|-weather|Sandstorm|[upkeep]
|-damage|p2a: fart|75/100 tox|[from] Sandstorm
|-heal|p2a: fart|81/100 tox|[from] item: Leftovers
|-damage|p2a: fart|75/100 tox|[from] psn
|-heal|p1a: LeBron|71/100|[from] item: Leftovers
|upkeep
|turn|11
|
|t:|1731269013
|move|p1a: LeBron|Protect|p1a: LeBron
|-singleturn|p1a: LeBron|Protect
|move|p2a: fart|Leech Seed|p1a: LeBron
|-activate|p1a: LeBron|Protect
|
|-weather|Sandstorm|[upkeep]
|-damage|p2a: fart|69/100 tox|[from] Sandstorm
|-heal|p2a: fart|75/100 tox|[from] item: Leftovers
|-damage|p2a: fart|63/100 tox|[from] psn
|-heal|p1a: LeBron|77/100|[from] item: Leftovers
|upkeep
|turn|12
|inactive|Seradess has 270 seconds left.
|
|t:|1731269031
|switch|p1a: Skarmory|Skarmory, M|100/100
|move|p2a: fart|Baton Pass|p2a: fart
|
|t:|1731269033
|-curestatus|p2a: fart|tox|[from] ability: Natural Cure
|switch|p2a: fartass|Zapdos|100/100|[from] Baton Pass
|
|-weather|Sandstorm|[upkeep]
|-damage|p2a: fartass|94/100|[from] Sandstorm
|-heal|p2a: fartass|100/100|[from] item: Leftovers
|upkeep
|turn|13
|
|t:|1731269046
|move|p2a: fartass|Thunderbolt|p1a: Skarmory
|-supereffective|p1a: Skarmory
|-damage|p1a: Skarmory|9/100
|move|p1a: Skarmory|Spikes|p2a: fartass
|-sidestart|p2: lexitg|Spikes
|
|-weather|Sandstorm|[upkeep]
|-damage|p2a: fartass|94/100|[from] Sandstorm
|-heal|p2a: fartass|100/100|[from] item: Leftovers
|-heal|p1a: Skarmory|15/100|[from] item: Leftovers
|upkeep
|turn|14
|
|t:|1731269053
|switch|p1a: LeBron|Swampert, M, shiny|77/100
|move|p2a: fartass|Thunderbolt|p1a: LeBron
|-immune|p1a: LeBron
|
|-weather|Sandstorm|[upkeep]
|-damage|p2a: fartass|94/100|[from] Sandstorm
|-heal|p2a: fartass|100/100|[from] item: Leftovers
|-heal|p1a: LeBron|83/100|[from] item: Leftovers
|upkeep
|turn|15
|
|t:|1731269062
|move|p1a: LeBron|Protect|p1a: LeBron
|-singleturn|p1a: LeBron|Protect
|move|p2a: fartass|Hidden Power|p1a: LeBron
|-activate|p1a: LeBron|Protect
|
|-weather|Sandstorm|[upkeep]
|-damage|p2a: fartass|94/100|[from] Sandstorm
|-heal|p2a: fartass|100/100|[from] item: Leftovers
|-heal|p1a: LeBron|89/100|[from] item: Leftovers
|upkeep
|turn|16
|inactive|Seradess has 270 seconds left.
|
|t:|1731269105
|switch|p1a: Whyrdam|Tyranitar, M, shiny|100/100
|move|p2a: fartass|Baton Pass|p2a: fartass
|
|t:|1731269126
|switch|p2a: fgart|Tyranitar, F|100/100|[from] Baton Pass
|-damage|p2a: fgart|84/100|[from] Spikes
|
|-weather|Sandstorm|[upkeep]
|-heal|p2a: fgart|90/100|[from] item: Leftovers
|upkeep
|turn|17
|inactive|Seradess has 270 seconds left.
|
|t:|1731269141
|move|p1a: Whyrdam|Crunch|p2a: fgart
|-resisted|p2a: fgart
|-crit|p2a: fgart
|-damage|p2a: fgart|59/100
|move|p2a: fgart|Earthquake|p1a: Whyrdam
|-supereffective|p1a: Whyrdam
|-damage|p1a: Whyrdam|36/100
|
|-weather|Sandstorm|[upkeep]
|-heal|p1a: Whyrdam|43/100|[from] item: Leftovers
|-heal|p2a: fgart|65/100|[from] item: Leftovers
|upkeep
|turn|18
|inactive|Seradess has 240 seconds left.
|inactive|lexitg has 270 seconds left.
|inactive|lexitg has 240 seconds left.
|
|t:|1731269206
|move|p1a: Whyrdam|Crunch|p2a: fgart
|-resisted|p2a: fgart
|-damage|p2a: fgart|48/100
|move|p2a: fgart|Earthquake|p1a: Whyrdam
|-supereffective|p1a: Whyrdam
|-damage|p1a: Whyrdam|0 fnt
|faint|p1a: Whyrdam
|
|t:|1731269210
|switch|p1a: LeBron|Swampert, M, shiny|89/100
|
|-weather|Sandstorm|[upkeep]
|-heal|p1a: LeBron|96/100|[from] item: Leftovers
|-heal|p2a: fgart|55/100|[from] item: Leftovers
|upkeep
|turn|19
|
|t:|1731269216
|switch|p2a: fart|Celebi|63/100
|-damage|p2a: fart|46/100|[from] Spikes
|move|p1a: LeBron|Roar|p2a: fart
|drag|p2a: fgart|Tyranitar, F|55/100
|-damage|p2a: fgart|38/100|[from] Spikes
|
|-weather|Sandstorm|[upkeep]
|-heal|p1a: LeBron|100/100|[from] item: Leftovers
|-heal|p2a: fgart|44/100|[from] item: Leftovers
|upkeep
|turn|20
|
|t:|1731269229
|-singleturn|p2a: fgart|move: Focus Punch
|move|p2a: fgart|Focus Punch|p1a: LeBron
|-damage|p1a: LeBron|56/100
|move|p1a: LeBron|Roar|p2a: fgart
|drag|p2a: fartass|Zapdos|100/100
|
|-weather|Sandstorm|[upkeep]
|-damage|p2a: fartass|94/100|[from] Sandstorm
|-heal|p2a: fartass|100/100|[from] item: Leftovers
|-heal|p1a: LeBron|63/100|[from] item: Leftovers
|upkeep
|turn|21
|
|t:|1731269238
|move|p1a: LeBron|Protect|p1a: LeBron
|-singleturn|p1a: LeBron|Protect
|move|p2a: fartass|Baton Pass|p2a: fartass
|
|t:|1731269239
|switch|p2a: fart|Celebi|46/100|[from] Baton Pass
|-damage|p2a: fart|30/100|[from] Spikes
|
|-weather|Sandstorm|[upkeep]
|-damage|p2a: fart|24/100|[from] Sandstorm
|-heal|p2a: fart|30/100|[from] item: Leftovers
|-heal|p1a: LeBron|69/100|[from] item: Leftovers
|upkeep
|turn|22
|inactive|Seradess has 270 seconds left.
|
|t:|1731269267
|move|p2a: fart|Recover|p2a: fart
|-heal|p2a: fart|80/100
|move|p1a: LeBron|Toxic|p2a: fart
|-status|p2a: fart|tox
|
|-weather|Sandstorm|[upkeep]
|-damage|p2a: fart|74/100 tox|[from] Sandstorm
|-heal|p2a: fart|80/100 tox|[from] item: Leftovers
|-damage|p2a: fart|74/100 tox|[from] psn
|-heal|p1a: LeBron|75/100|[from] item: Leftovers
|upkeep
|turn|23
|
|t:|1731269276
|move|p1a: LeBron|Protect|p1a: LeBron
|-singleturn|p1a: LeBron|Protect
|move|p2a: fart|Recover|p2a: fart
|-heal|p2a: fart|100/100 tox
|
|-weather|Sandstorm|[upkeep]
|-damage|p2a: fart|94/100 tox|[from] Sandstorm
|-heal|p2a: fart|100/100 tox|[from] item: Leftovers
|-damage|p2a: fart|88/100 tox|[from] psn
|-heal|p1a: LeBron|81/100|[from] item: Leftovers
|upkeep
|turn|24
|inactive|lexitg has 270 seconds left.
|
|t:|1731269297
|move|p2a: fart|Baton Pass|p2a: fart
|
|t:|1731269302
|-curestatus|p2a: fart|tox|[from] ability: Natural Cure
|switch|p2a: fartass|Zapdos|100/100|[from] Baton Pass
|move|p1a: LeBron|Roar|p2a: fartass
|drag|p2a: fart|Celebi|88/100
|-damage|p2a: fart|72/100|[from] Spikes
|
|-weather|Sandstorm|[upkeep]
|-damage|p2a: fart|65/100|[from] Sandstorm
|-heal|p2a: fart|72/100|[from] item: Leftovers
|-heal|p1a: LeBron|87/100|[from] item: Leftovers
|upkeep
|turn|25
|inactive|Seradess has 270 seconds left.
|
|t:|1731269310
|move|p2a: fart|Leech Seed|p1a: LeBron
|-start|p1a: LeBron|move: Leech Seed
|move|p1a: LeBron|Toxic|p2a: fart
|-status|p2a: fart|tox
|
|-weather|Sandstorm|[upkeep]
|-damage|p2a: fart|65/100 tox|[from] Sandstorm
|-heal|p2a: fart|72/100 tox|[from] item: Leftovers
|-damage|p2a: fart|65/100 tox|[from] psn
|-heal|p1a: LeBron|94/100|[from] item: Leftovers
|-damage|p1a: LeBron|81/100|[from] Leech Seed|[of] p2a: fart
|-heal|p2a: fart|78/100 tox|[silent]
|upkeep
|turn|26
|
|t:|1731269319
|move|p2a: fart|Baton Pass|p2a: fart
|
|t:|1731269326
|-curestatus|p2a: fart|tox|[from] ability: Natural Cure
|switch|p2a: fartass|Zapdos|100/100|[from] Baton Pass
|move|p1a: LeBron|Toxic|p2a: fartass
|-status|p2a: fartass|tox
|
|-weather|Sandstorm|[upkeep]
|-damage|p2a: fartass|94/100 tox|[from] Sandstorm
|-heal|p2a: fartass|100/100 tox|[from] item: Leftovers
|-damage|p2a: fartass|94/100 tox|[from] psn
|-heal|p1a: LeBron|87/100|[from] item: Leftovers
|-damage|p1a: LeBron|75/100|[from] Leech Seed|[of] p2a: fartass
|-heal|p2a: fartass|100/100 tox|[silent]
|upkeep
|turn|27
|inactive|Seradess has 270 seconds left.
|
|t:|1731269353
|switch|p1a: Skarmory|Skarmory, M|15/100
|move|p2a: fartass|Baton Pass|p2a: fartass
|
|t:|1731269367
|switch|p2a: bitchj2|Starmie|100/100|[from] Baton Pass
|-damage|p2a: bitchj2|84/100|[from] Spikes
|
|-weather|Sandstorm|[upkeep]
|-damage|p2a: bitchj2|78/100|[from] Sandstorm
|-heal|p2a: bitchj2|84/100|[from] item: Leftovers
|-heal|p1a: Skarmory|21/100|[from] item: Leftovers
|upkeep
|turn|28
|inactive|Seradess has 270 seconds left.
|
|t:|1731269391
|move|p2a: bitchj2|Thunderbolt|p1a: Skarmory
|-supereffective|p1a: Skarmory
|-damage|p1a: Skarmory|0 fnt
|faint|p1a: Skarmory
|
|t:|1731269393
|switch|p1a: Jirachi|Jirachi|100/100
|
|-weather|Sandstorm|[upkeep]
|-damage|p2a: bitchj2|78/100|[from] Sandstorm
|-heal|p2a: bitchj2|84/100|[from] item: Leftovers
|upkeep
|turn|29
|inactive|Seradess has 270 seconds left.
|inactive|lexitg has 270 seconds left.
|
|t:|1731269426
|move|p2a: bitchj2|Hydro Pump|p1a: Jirachi
|-damage|p1a: Jirachi|46/100
|move|p1a: Jirachi|Hidden Power|p2a: bitchj2
|-supereffective|p2a: bitchj2
|-damage|p2a: bitchj2|12/100
|
|-weather|Sandstorm|[upkeep]
|-damage|p2a: bitchj2|6/100|[from] Sandstorm
|-heal|p2a: bitchj2|12/100|[from] item: Leftovers
|-heal|p1a: Jirachi|52/100|[from] item: Leftovers
|upkeep
|turn|30
|inactive|Seradess has 270 seconds left.
|inactive|lexitg has 270 seconds left.
|
|t:|1731269449
|move|p2a: bitchj2|Rapid Spin|p1a: Jirachi
|-resisted|p1a: Jirachi
|-damage|p1a: Jirachi|51/100
|-sideend|p2: lexitg|Spikes|[from] move: Rapid Spin|[of] p2a: bitchj2
|move|p1a: Jirachi|Hidden Power|p2a: bitchj2
|-supereffective|p2a: bitchj2
|-damage|p2a: bitchj2|0 fnt
|faint|p2a: bitchj2
|
|t:|1731269457
|switch|p2a: wug|Dugtrio, F|100/100
|
|-weather|Sandstorm|[upkeep]
|-heal|p1a: Jirachi|57/100|[from] item: Leftovers
|upkeep
|turn|31
|
|t:|1731269461
|move|p2a: wug|Earthquake|p1a: Jirachi
|-supereffective|p1a: Jirachi
|-damage|p1a: Jirachi|0 fnt
|faint|p1a: Jirachi
|
|t:|1731269463
|switch|p1a: Seradess|Charizard, F, shiny|100/100
|
|-weather|Sandstorm|[upkeep]
|-damage|p1a: Seradess|94/100|[from] Sandstorm
|-heal|p1a: Seradess|100/100|[from] item: Leftovers
|upkeep
|turn|32
|
|t:|1731269476
|switch|p2a: fartass|Zapdos|100/100 tox
|move|p1a: Seradess|Dragon Claw|p2a: fartass
|-damage|p2a: fartass|70/100 tox
|
|-weather|Sandstorm|[upkeep]
|-damage|p2a: fartass|64/100 tox|[from] Sandstorm
|-damage|p1a: Seradess|94/100|[from] Sandstorm
|-heal|p2a: fartass|70/100 tox|[from] item: Leftovers
|-damage|p2a: fartass|64/100 tox|[from] psn
|-heal|p1a: Seradess|100/100|[from] item: Leftovers
|upkeep
|turn|33
|inactive|lexitg has 270 seconds left.
|
|t:|1731269502
|switch|p1a: LeBron|Swampert, M, shiny|75/100
|move|p2a: fartass|Hidden Power|p1a: LeBron
|-supereffective|p1a: LeBron
|-damage|p1a: LeBron|0 fnt
|faint|p1a: LeBron
|
|t:|1731269508
|switch|p1a: Blissey|Blissey, F|65/100
|
|-weather|Sandstorm|[upkeep]
|-damage|p2a: fartass|57/100 tox|[from] Sandstorm
|-damage|p1a: Blissey|59/100|[from] Sandstorm
|-heal|p2a: fartass|64/100 tox|[from] item: Leftovers
|-damage|p2a: fartass|51/100 tox|[from] psn
|-heal|p1a: Blissey|65/100|[from] item: Leftovers
|upkeep
|turn|34
|inactive|lexitg has 270 seconds left.
|
|t:|1731269518
|move|p2a: fartass|Baton Pass|p2a: fartass
|inactive|lexitg has 270 seconds left.
|
|t:|1731269544
|switch|p2a: wug|Dugtrio, F|100/100|[from] Baton Pass
|move|p1a: Blissey|Soft-Boiled|p1a: Blissey
|-heal|p1a: Blissey|100/100
|
|-weather|Sandstorm|[upkeep]
|-damage|p1a: Blissey|94/100|[from] Sandstorm
|-heal|p1a: Blissey|100/100|[from] item: Leftovers
|upkeep
|turn|35
|
|t:|1731269557
|move|p2a: wug|Earthquake|p1a: Blissey
|-crit|p1a: Blissey
|-damage|p1a: Blissey|0 fnt
|faint|p1a: Blissey
|
|t:|1731269560
|switch|p1a: Seradess|Charizard, F, shiny|100/100
|
|-weather|Sandstorm|[upkeep]
|-damage|p1a: Seradess|94/100|[from] Sandstorm
|-heal|p1a: Seradess|100/100|[from] item: Leftovers
|upkeep
|turn|36
|inactive|lexitg has 270 seconds left.
|
|t:|1731269594
|switch|p2a: fgart|Tyranitar, F|44/100
|move|p1a: Seradess|Flamethrower|p2a: fgart
|-resisted|p2a: fgart
|-damage|p2a: fgart|22/100
|
|-weather|Sandstorm|[upkeep]
|-damage|p1a: Seradess|94/100|[from] Sandstorm
|-heal|p1a: Seradess|100/100|[from] item: Leftovers
|-heal|p2a: fgart|29/100|[from] item: Leftovers
|upkeep
|turn|37
|
|t:|1731269599
|move|p1a: Seradess|Hidden Power|p2a: fgart
|-supereffective|p2a: fgart
|-damage|p2a: fgart|0 fnt
|faint|p2a: fgart
|
|t:|1731269602
|switch|p2a: fartass|Zapdos|51/100 tox
|
|-weather|Sandstorm|[upkeep]
|-damage|p2a: fartass|45/100 tox|[from] Sandstorm
|-damage|p1a: Seradess|94/100|[from] Sandstorm
|-heal|p2a: fartass|51/100 tox|[from] item: Leftovers
|-damage|p2a: fartass|45/100 tox|[from] psn
|-heal|p1a: Seradess|100/100|[from] item: Leftovers
|upkeep
|turn|38
|
|t:|1731269604
|move|p2a: fartass|Thunderbolt|p1a: Seradess
|-supereffective|p1a: Seradess
|-damage|p1a: Seradess|0 fnt
|faint|p1a: Seradess
|
|win|lexitg
|c|☆lexitg|gg

</script>
<script type="application/json" class="data" id="replaydata-smogtours-gen3ou-805850">
{"id":"smogtours-gen3ou-805850","format":"[Gen 3] OU","players":["Seradess","lexitg"],"uploadtime":1731269604,"views":17,"formatid":"gen3ou","rating":null,"private":0,"password":null}
</script>

<script defer src="js/replays.js?9d40a366"></script>
