<!DOCTYPE html>
<meta charset="utf-8" />
<meta name="viewport" content="width=device-width" />

<title>[Gen 3] OU: Vholtninja vs. prestonalewis - Replays - Pok&eacute;mon Showdown!</title>

<meta name="description" content="Watch a replay of a Pok&eacute;mon battle between Vholtninja and prestonalewis! Format: [Gen 3] OU; Date: Oct 20, 2024" />
<!--

Hey, you! Looking in the source for the replay log?

You can find them in JSON format, just add `.json` at the end of a replay URL.

https://replay.pokemonshowdown.com/gen7randomdoublesbattle-865046831.json

Or, if you only need the log itself, add `.log` instead:

https://replay.pokemonshowdown.com/gen7randomdoublesbattle-865046831.log

-->

<link rel="stylesheet" href="//pokemonshowdown.com/style/global.css?0.023195364461161105" />
<link rel="stylesheet" href="//play.pokemonshowdown.com/style/font-awesome.css?0.13261647063804238" />
<link rel="stylesheet" href="//play.pokemonshowdown.com/style/battle.css?0.8753245789963631" />
<link rel="stylesheet" href="//play.pokemonshowdown.com/style/utilichart.css?0.8627959624976733" />

<!-- Global site tag (gtag.js) - Google Analytics -->
<script async src="https://www.googletagmanager.com/gtag/js?id=UA-26211653-1"></script>
<script>
  window.dataLayer = window.dataLayer || [];
  function gtag(){dataLayer.push(arguments);}
  gtag('js', new Date());

  gtag('config', 'UA-26211653-1');
</script>
<!-- End Google Analytics -->
<!-- Venatus Ad Manager - Install in <HEAD> of page -->
	<script src="https://hb.vntsm.com/v3/live/ad-manager.min.js" type="text/javascript" data-site-id="642aba63ec9a7b11c3c9c1be" data-mode="scan" async></script>
<!-- / Venatus Ad Manager -->

<style>
	@media (max-width:820px) {
		.battle {
			margin: 0 auto;
		}
		.battle-log {
			margin: 7px auto 0;
			max-width: 640px;
			height: 300px;
			position: static;
		}
	}
	.optgroup {
		display: inline-block;
		line-height: 22px;
		font-size: 10pt;
	}
	.optgroup .button {
		height: 25px;
		padding-top: 0;
		padding-bottom: 0;
	}
	.optgroup button.button {
		padding-left: 12px;
		padding-right: 12px;
	}
	.linklist {
		list-style: none;
		margin: 0.5em 0;
		padding: 0;
	}
	.linklist li {
		padding: 2px 0;
	}
	.sidebar {
		float: left;
		width: 320px;
	}
	.bar-wrapper {
		max-width: 1100px;
		margin: 0 auto;
	}
	.bar-wrapper.has-sidebar {
		max-width: 1430px;
	}
	.mainbar {
		margin: 0;
		padding-right: 1px;
	}
	.mainbar.has-sidebar {
		margin-left: 330px;
	}
	@media (min-width: 1511px) {
		.sidebar {
			width: 400px;
		}
		.bar-wrapper.has-sidebar {
			max-width: 1510px;
		}
		.mainbar.has-sidebar {
			margin-left: 410px;
		}
	}
	.section.first-section {
		margin-top: 9px;
	}
	.blocklink small {
		white-space: normal;
	}
	.button {
		vertical-align: middle;
	}
	.replay-controls {
		padding-top: 10px;
	}
	.replay-controls h1 {
		font-size: 16pt;
		font-weight: normal;
		color: #CCC;
	}
	.pagelink {
		text-align: center;
	}
	.pagelink a {
		width: 150px;
	}
	.textbox, .button {
		font-size: 11pt;
		vertical-align: middle;
	}
	@media (max-width: 450px) {
		.button {
			font-size: 9pt;
		}
	}
</style>

<div>

	<header>
		<div class="nav-wrapper"><ul class="nav">
			<li><a class="button nav-first" href="//pokemonshowdown.com/"><img src="//pokemonshowdown.com/images/pokemonshowdownbeta.png" srcset="//pokemonshowdown.com/images/pokemonshowdownbeta.png 1x, //pokemonshowdown.com/images/pokemonshowdownbeta@2x.png 2x" alt="Pok&eacute;mon Showdown" width="146" height="44" /> Home</a></li>
			<li><a class="button" href="//pokemonshowdown.com/dex/">Pok&eacute;dex</a></li>
			<li><a class="button cur" href="/">Replays</a></li>
			<li><a class="button" href="//pokemonshowdown.com/ladder/">Ladder</a></li>
			<li><a class="button nav-last" href="//pokemonshowdown.com/forums/">Forum</a></li>
			<li><a class="button greenbutton nav-first nav-last" href="//play.pokemonshowdown.com/">Play</a></li>
		</ul></div>
	</header>

	<div class="main" id="main">

		<noscript><section class="section">You need to enable JavaScript to use this page; sorry!</section></noscript>

	</div>

</div>

<script defer nomodule src="//play.pokemonshowdown.com/js/lib/ps-polyfill.js"></script>
<script defer src="//play.pokemonshowdown.com/js/lib/preact.min.js"></script>

<script defer src="//play.pokemonshowdown.com/config/config.js?2bddbc15"></script>
<script defer src="//play.pokemonshowdown.com/js/lib/jquery-1.11.0.min.js"></script>
<script defer src="//play.pokemonshowdown.com/js/lib/html-sanitizer-minified.js"></script>
<script defer src="//play.pokemonshowdown.com/js/battle-sound.js"></script>
<script defer src="//play.pokemonshowdown.com/js/battledata.js?0.7209276989879541"></script>
<script defer src="//play.pokemonshowdown.com/data/pokedex-mini.js?0.6111056340867951"></script>
<script defer src="//play.pokemonshowdown.com/data/pokedex-mini-bw.js?0.3532142036491459"></script>
<script defer src="//play.pokemonshowdown.com/data/graphics.js?0.24223875632456182"></script>
<script defer src="//play.pokemonshowdown.com/data/pokedex.js?0.38839984266356864"></script>
<script defer src="//play.pokemonshowdown.com/data/moves.js?0.21866028504024015"></script>
<script defer src="//play.pokemonshowdown.com/data/abilities.js?0.2005157953846628"></script>
<script defer src="//play.pokemonshowdown.com/data/items.js?0.9894211263848525"></script>
<script defer src="//play.pokemonshowdown.com/data/teambuilder-tables.js?0.6008791140282215"></script>
<script defer src="//play.pokemonshowdown.com/js/battle-tooltips.js?0.7580118955022959"></script>
<script defer src="//play.pokemonshowdown.com/js/battle.js?0.6057722274234274"></script>

<script defer src="js/utils.js?e31f9a17"></script>
<script defer src="js/replays-battle.js?7008c182"></script>

<!-- don't scrape this data! just add .json or .log after the URL!
Full API docs: https://github.com/smogon/pokemon-showdown-client/blob/master/WEB-API.md -->
<script type="text/plain" class="log" id="replaylog-smogtours-gen3ou-800246">
|inactive|Battle timer is ON: inactive players will automatically lose when time's up.
|t:|1729391321
|gametype|singles
|player|p1|Vholtninja|serena-masters2|
|player|p2|prestonalewis|169|
|teamsize|p1|6
|teamsize|p2|6
|gen|3
|tier|[Gen 3] OU
|rule|Sleep Clause Mod: Limit one foe put to sleep
|rule|Switch Priority Clause Mod: Faster Pokémon switch first
|rule|Species Clause: Limit one of each Pokémon
|rule|OHKO Clause: OHKO moves are banned
|rule|Evasion Items Clause: Evasion items are banned
|rule|Evasion Moves Clause: Evasion moves are banned
|rule|Endless Battle Clause: Forcing endless battles is banned
|rule|HP Percentage Mod: HP is shown in percentages
|rule|One Boost Passer Clause: Limit one Baton Passer that has a way to boost its stats
|rule|Freeze Clause Mod: Limit one foe frozen
|
|t:|1729391321
|start
|switch|p1a: Dugtrio|Dugtrio, F|100/100
|switch|p2a: Skarmory|Skarmory, F|100/100
|turn|1
|c|☆Vholtninja|glhf
|c|☆prestonalewis|glhr
|c|☆prestonalewis|f*
|
|t:|1729391332
|switch|p1a: Charizard|Charizard, F|100/100
|move|p2a: Skarmory|Spikes|p1a: Charizard
|-sidestart|p1: Vholtninja|Spikes
|
|upkeep
|turn|2
|
|t:|1729391338
|switch|p2a: Suicune|Suicune|100/100
|move|p1a: Charizard|Toxic|p2a: Suicune
|-status|p2a: Suicune|tox
|
|-damage|p2a: Suicune|94/100 tox|[from] psn
|upkeep
|turn|3
|
|t:|1729391350
|switch|p1a: Suicune|Suicune|100/100
|-damage|p1a: Suicune|88/100|[from] Spikes
|move|p2a: Suicune|Roar|p1a: Suicune
|drag|p1a: Metagross|Metagross|100/100
|-damage|p1a: Metagross|88/100|[from] Spikes
|
|-heal|p2a: Suicune|100/100 tox|[from] item: Leftovers
|-damage|p2a: Suicune|88/100 tox|[from] psn
|-heal|p1a: Metagross|94/100|[from] item: Leftovers
|upkeep
|turn|4
|
|t:|1729391358
|switch|p2a: Skarmory|Skarmory, F|100/100
|move|p1a: Metagross|Psychic|p2a: Skarmory
|-resisted|p2a: Skarmory
|-damage|p2a: Skarmory|82/100
|
|-heal|p2a: Skarmory|88/100|[from] item: Leftovers
|-heal|p1a: Metagross|99/100|[from] item: Leftovers
|upkeep
|turn|5
|
|t:|1729391364
|move|p2a: Skarmory|Spikes|p1a: Metagross
|-sidestart|p1: Vholtninja|Spikes
|move|p1a: Metagross|Hidden Power|p2a: Skarmory
|-supereffective|p2a: Skarmory
|-damage|p2a: Skarmory|51/100
|
|-heal|p2a: Skarmory|57/100|[from] item: Leftovers
|-heal|p1a: Metagross|100/100|[from] item: Leftovers
|upkeep
|turn|6
|
|t:|1729391369
|move|p2a: Skarmory|Protect|p2a: Skarmory
|-singleturn|p2a: Skarmory|Protect
|move|p1a: Metagross|Hidden Power|p2a: Skarmory
|-activate|p2a: Skarmory|Protect
|
|-heal|p2a: Skarmory|63/100|[from] item: Leftovers
|upkeep
|turn|7
|
|t:|1729391374
|switch|p2a: Suicune|Suicune|88/100 tox
|move|p1a: Metagross|Hidden Power|p2a: Suicune
|-resisted|p2a: Suicune
|-crit|p2a: Suicune
|-damage|p2a: Suicune|73/100 tox
|
|-heal|p2a: Suicune|79/100 tox|[from] item: Leftovers
|-damage|p2a: Suicune|73/100 tox|[from] psn
|upkeep
|turn|8
|
|t:|1729391383
|move|p2a: Suicune|Calm Mind|p2a: Suicune
|-boost|p2a: Suicune|spa|1
|-boost|p2a: Suicune|spd|1
|move|p1a: Metagross|Psychic|p2a: Suicune
|-damage|p2a: Suicune|53/100 tox
|-unboost|p2a: Suicune|spd|1
|
|-heal|p2a: Suicune|60/100 tox|[from] item: Leftovers
|-damage|p2a: Suicune|47/100 tox|[from] psn
|upkeep
|turn|9
|
|t:|1729391396
|switch|p1a: Suicune|Suicune|88/100
|-damage|p1a: Suicune|71/100|[from] Spikes
|move|p2a: Suicune|Rest|p2a: Suicune
|-status|p2a: Suicune|slp|[from] move: Rest
|-heal|p2a: Suicune|100/100 slp|[silent]
|
|-heal|p1a: Suicune|78/100|[from] item: Leftovers
|upkeep
|turn|10
|
|t:|1729391400
|switch|p2a: Blissey|Blissey, F|100/100
|move|p1a: Suicune|Roar|p2a: Blissey
|drag|p2a: Suicune|Suicune|100/100 slp
|
|-heal|p1a: Suicune|84/100|[from] item: Leftovers
|upkeep
|turn|11
|
|t:|1729391408
|switch|p1a: Heracross|Heracross, M|100/100
|-damage|p1a: Heracross|84/100|[from] Spikes
|switch|p2a: Blissey|Blissey, F|100/100
|
|upkeep
|turn|12
|
|t:|1729391413
|switch|p2a: Milotic|Milotic, F, shiny|100/100
|move|p1a: Heracross|Brick Break|p2a: Milotic
|-damage|p2a: Milotic|54/100
|
|-heal|p2a: Milotic|60/100|[from] item: Leftovers
|upkeep
|turn|13
|
|t:|1729391419
|move|p1a: Heracross|Brick Break|p2a: Milotic
|-damage|p2a: Milotic|18/100
|move|p2a: Milotic|Recover|p2a: Milotic
|-heal|p2a: Milotic|68/100
|
|-heal|p2a: Milotic|74/100|[from] item: Leftovers
|upkeep
|turn|14
|
|t:|1729391424
|move|p1a: Heracross|Brick Break|p2a: Milotic
|-damage|p2a: Milotic|31/100
|move|p2a: Milotic|Recover|p2a: Milotic
|-heal|p2a: Milotic|81/100
|
|-heal|p2a: Milotic|88/100|[from] item: Leftovers
|upkeep
|turn|15
|
|t:|1729391429
|move|p1a: Heracross|Brick Break|p2a: Milotic
|-damage|p2a: Milotic|38/100
|move|p2a: Milotic|Surf|p1a: Heracross
|-crit|p1a: Heracross
|-damage|p1a: Heracross|7/100
|
|-heal|p2a: Milotic|44/100|[from] item: Leftovers
|upkeep
|turn|16
|
|t:|1729391435
|switch|p2a: Claydol|Claydol|100/100
|move|p1a: Heracross|Brick Break|p2a: Claydol
|-resisted|p2a: Claydol
|-crit|p2a: Claydol
|-damage|p2a: Claydol|46/100
|
|-heal|p2a: Claydol|52/100|[from] item: Leftovers
|upkeep
|turn|17
|
|t:|1729391446
|move|p1a: Heracross|Brick Break|p2a: Claydol
|-resisted|p2a: Claydol
|-damage|p2a: Claydol|24/100
|move|p2a: Claydol|Earthquake|p1a: Heracross
|-resisted|p1a: Heracross
|-crit|p1a: Heracross
|-damage|p1a: Heracross|0 fnt
|faint|p1a: Heracross
|
|t:|1729391457
|switch|p1a: Charizard|Charizard, F|100/100
|
|-heal|p2a: Claydol|30/100|[from] item: Leftovers
|upkeep
|turn|18
|
|t:|1729391465
|switch|p2a: Blissey|Blissey, F|100/100
|move|p1a: Charizard|Hidden Power|p2a: Blissey
|-damage|p2a: Blissey|91/100
|
|-heal|p2a: Blissey|97/100|[from] item: Leftovers
|upkeep
|turn|19
|
|t:|1729391473
|switch|p1a: Metagross|Metagross|100/100
|-damage|p1a: Metagross|84/100|[from] Spikes
|move|p2a: Blissey|Ice Beam|p1a: Metagross
|-resisted|p1a: Metagross
|-damage|p1a: Metagross|72/100
|-status|p1a: Metagross|frz
|
|-heal|p1a: Metagross|78/100 frz|[from] item: Leftovers
|-heal|p2a: Blissey|100/100|[from] item: Leftovers
|upkeep
|turn|20
|
|t:|1729391482
|switch|p2a: Dugtrio|Dugtrio, F|100/100
|cant|p1a: Metagross|frz
|
|-heal|p1a: Metagross|84/100 frz|[from] item: Leftovers
|upkeep
|turn|21
|
|t:|1729391487
|move|p2a: Dugtrio|Earthquake|p1a: Metagross
|-supereffective|p1a: Metagross
|-crit|p1a: Metagross
|-damage|p1a: Metagross|0 fnt
|faint|p1a: Metagross
|
|t:|1729391491
|switch|p1a: Dugtrio|Dugtrio, F|100/100
|-damage|p1a: Dugtrio|84/100|[from] Spikes
|
|upkeep
|turn|22
|
|t:|1729391494
|move|p2a: Dugtrio|Earthquake|p1a: Dugtrio
|-damage|p1a: Dugtrio|0 fnt
|faint|p1a: Dugtrio
|
|t:|1729391497
|switch|p1a: Charizard|Charizard, F|100/100
|
|upkeep
|turn|23
|
|t:|1729391502
|switch|p2a: Blissey|Blissey, F|100/100
|move|p1a: Charizard|Fire Blast|p2a: Blissey
|-damage|p2a: Blissey|78/100
|
|-heal|p2a: Blissey|84/100|[from] item: Leftovers
|upkeep
|turn|24
|
|t:|1729391507
|move|p1a: Charizard|Toxic|p2a: Blissey
|-status|p2a: Blissey|tox
|move|p2a: Blissey|Ice Beam|p1a: Charizard
|-damage|p1a: Charizard|73/100
|
|-heal|p1a: Charizard|79/100|[from] item: Leftovers
|-heal|p2a: Blissey|90/100 tox|[from] item: Leftovers
|-damage|p2a: Blissey|84/100 tox|[from] psn
|upkeep
|turn|25
|
|t:|1729391519
|move|p1a: Charizard|Fire Blast|p2a: Blissey
|-damage|p2a: Blissey|61/100 tox
|move|p2a: Blissey|Aromatherapy|p2a: Blissey
|-cureteam|p2a: Blissey|[from] move: Aromatherapy
|
|-heal|p1a: Charizard|85/100|[from] item: Leftovers
|-heal|p2a: Blissey|67/100|[from] item: Leftovers
|upkeep
|turn|26
|
|t:|1729391525
|move|p1a: Charizard|Toxic|p2a: Blissey
|-status|p2a: Blissey|tox
|move|p2a: Blissey|Seismic Toss|p1a: Charizard
|-damage|p1a: Charizard|52/100
|
|-heal|p1a: Charizard|58/100|[from] item: Leftovers
|-heal|p2a: Blissey|73/100 tox|[from] item: Leftovers
|-damage|p2a: Blissey|67/100 tox|[from] psn
|upkeep
|turn|27
|
|t:|1729391533
|move|p1a: Charizard|Fire Blast|p2a: Blissey
|-damage|p2a: Blissey|43/100 tox
|move|p2a: Blissey|Seismic Toss|p1a: Charizard
|-damage|p1a: Charizard|25/100
|
|-heal|p1a: Charizard|31/100|[from] item: Leftovers
|-heal|p2a: Blissey|49/100 tox|[from] item: Leftovers
|-damage|p2a: Blissey|37/100 tox|[from] psn
|upkeep
|turn|28
|
|t:|1729391539
|switch|p1a: Tyranitar|Tyranitar, F|100/100
|-damage|p1a: Tyranitar|84/100|[from] Spikes
|-weather|Sandstorm|[from] ability: Sand Stream|[of] p1a: Tyranitar
|move|p2a: Blissey|Soft-Boiled|p2a: Blissey
|-heal|p2a: Blissey|87/100 tox
|
|-weather|Sandstorm|[upkeep]
|-damage|p2a: Blissey|81/100 tox|[from] Sandstorm
|-heal|p1a: Tyranitar|90/100|[from] item: Leftovers
|-heal|p2a: Blissey|87/100 tox|[from] item: Leftovers
|-damage|p2a: Blissey|69/100 tox|[from] psn
|upkeep
|turn|29
|
|t:|1729391546
|-curestatus|p2a: Blissey|tox|[from] ability: Natural Cure
|switch|p2a: Dugtrio|Dugtrio, F|100/100
|move|p1a: Tyranitar|Dragon Dance|p1a: Tyranitar
|-boost|p1a: Tyranitar|atk|1
|-boost|p1a: Tyranitar|spe|1
|
|-weather|Sandstorm|[upkeep]
|-heal|p1a: Tyranitar|96/100|[from] item: Leftovers
|upkeep
|turn|30
|
|t:|1729391552
|move|p2a: Dugtrio|Earthquake|p1a: Tyranitar
|-supereffective|p1a: Tyranitar
|-damage|p1a: Tyranitar|6/100
|move|p1a: Tyranitar|Dragon Dance|p1a: Tyranitar
|-boost|p1a: Tyranitar|atk|1
|-boost|p1a: Tyranitar|spe|1
|
|-weather|Sandstorm|[upkeep]
|-heal|p1a: Tyranitar|13/100|[from] item: Leftovers
|upkeep
|turn|31
|
|t:|1729391556
|move|p1a: Tyranitar|Earthquake|p2a: Dugtrio
|-damage|p2a: Dugtrio|0 fnt
|faint|p2a: Dugtrio
|
|t:|1729391564
|switch|p2a: Suicune|Suicune|100/100
|
|-weather|Sandstorm|[upkeep]
|-damage|p2a: Suicune|94/100|[from] Sandstorm
|-heal|p1a: Tyranitar|19/100|[from] item: Leftovers
|-heal|p2a: Suicune|100/100|[from] item: Leftovers
|upkeep
|turn|32
|
|t:|1729391567
|move|p1a: Tyranitar|Rock Slide|p2a: Suicune
|-damage|p2a: Suicune|55/100
|move|p2a: Suicune|Surf|p1a: Tyranitar
|-supereffective|p1a: Tyranitar
|-damage|p1a: Tyranitar|0 fnt
|faint|p1a: Tyranitar
|
|t:|1729391574
|switch|p1a: Charizard|Charizard, F|31/100
|
|-weather|Sandstorm|[upkeep]
|-damage|p1a: Charizard|25/100|[from] Sandstorm
|-damage|p2a: Suicune|49/100|[from] Sandstorm
|-heal|p1a: Charizard|31/100|[from] item: Leftovers
|-heal|p2a: Suicune|55/100|[from] item: Leftovers
|upkeep
|turn|33
|
|t:|1729391582
|move|p1a: Charizard|Hidden Power|p2a: Suicune
|-supereffective|p2a: Suicune
|-damage|p2a: Suicune|19/100
|move|p2a: Suicune|Surf|p1a: Charizard
|-supereffective|p1a: Charizard
|-damage|p1a: Charizard|0 fnt
|faint|p1a: Charizard
|
|t:|1729391589
|switch|p1a: Suicune|Suicune|84/100
|-damage|p1a: Suicune|67/100|[from] Spikes
|
|-weather|Sandstorm|[upkeep]
|-damage|p1a: Suicune|61/100|[from] Sandstorm
|-damage|p2a: Suicune|12/100|[from] Sandstorm
|-heal|p1a: Suicune|67/100|[from] item: Leftovers
|-heal|p2a: Suicune|19/100|[from] item: Leftovers
|upkeep
|turn|34
|
|t:|1729391593
|switch|p2a: Milotic|Milotic, F, shiny|44/100
|move|p1a: Suicune|Calm Mind|p1a: Suicune
|-boost|p1a: Suicune|spa|1
|-boost|p1a: Suicune|spd|1
|
|-weather|Sandstorm|[upkeep]
|-damage|p1a: Suicune|61/100|[from] Sandstorm
|-damage|p2a: Milotic|38/100|[from] Sandstorm
|-heal|p1a: Suicune|67/100|[from] item: Leftovers
|-heal|p2a: Milotic|44/100|[from] item: Leftovers
|upkeep
|turn|35
|
|t:|1729391596
|move|p1a: Suicune|Surf|p2a: Milotic
|-resisted|p2a: Milotic
|-damage|p2a: Milotic|20/100
|move|p2a: Milotic|Toxic|p1a: Suicune
|-status|p1a: Suicune|tox
|
|-weather|Sandstorm|[upkeep]
|-damage|p1a: Suicune|61/100 tox|[from] Sandstorm
|-damage|p2a: Milotic|14/100|[from] Sandstorm
|-heal|p1a: Suicune|67/100 tox|[from] item: Leftovers
|-damage|p1a: Suicune|61/100 tox|[from] psn
|-heal|p2a: Milotic|20/100|[from] item: Leftovers
|upkeep
|turn|36
|
|t:|1729391602
|switch|p2a: Blissey|Blissey, F|69/100
|move|p1a: Suicune|Surf|p2a: Blissey
|-damage|p2a: Blissey|45/100
|
|-weather|Sandstorm|[upkeep]
|-damage|p1a: Suicune|55/100 tox|[from] Sandstorm
|-damage|p2a: Blissey|39/100|[from] Sandstorm
|-heal|p1a: Suicune|61/100 tox|[from] item: Leftovers
|-damage|p1a: Suicune|49/100 tox|[from] psn
|-heal|p2a: Blissey|45/100|[from] item: Leftovers
|upkeep
|turn|37
|
|t:|1729391609
|move|p1a: Suicune|Calm Mind|p1a: Suicune
|-boost|p1a: Suicune|spa|1
|-boost|p1a: Suicune|spd|1
|move|p2a: Blissey|Seismic Toss|p1a: Suicune
|-damage|p1a: Suicune|20/100 tox
|
|-weather|Sandstorm|[upkeep]
|-damage|p1a: Suicune|14/100 tox|[from] Sandstorm
|-damage|p2a: Blissey|39/100|[from] Sandstorm
|-heal|p1a: Suicune|20/100 tox|[from] item: Leftovers
|-damage|p1a: Suicune|2/100 tox|[from] psn
|-heal|p2a: Blissey|45/100|[from] item: Leftovers
|upkeep
|turn|38
|
|t:|1729391619
|move|p1a: Suicune|Surf|p2a: Blissey
|-damage|p2a: Blissey|13/100
|move|p2a: Blissey|Seismic Toss|p1a: Suicune
|-damage|p1a: Suicune|0 fnt
|faint|p1a: Suicune
|
|win|prestonalewis
|c|☆prestonalewis|gg
|c|☆prestonalewis|unlucky crits
|player|p2|
|c|☆Vholtninja|gg
|player|p1|
|player|p1|Vholtninja|serena-masters2|

</script>
<script type="application/json" class="data" id="replaydata-smogtours-gen3ou-800246">
{"id":"smogtours-gen3ou-800246","format":"[Gen 3] OU","players":["Vholtninja","prestonalewis"],"uploadtime":1729391619,"views":74,"formatid":"gen3ou","rating":null,"private":0,"password":null}
</script>

<script defer src="js/replays.js?9d40a366"></script>
