<!DOCTYPE html>
<meta charset="utf-8" />
<meta name="viewport" content="width=device-width" />

<title>[Gen 3] OU: Fakes vs. TheComanderXD - Replays - Pok&eacute;mon Showdown!</title>

<meta name="description" content="Watch a replay of a Pok&eacute;mon battle between Fakes and TheComanderXD! Format: [Gen 3] OU; Date: Oct 18, 2024" />
<!--

Hey, you! Looking in the source for the replay log?

You can find them in JSON format, just add `.json` at the end of a replay URL.

https://replay.pokemonshowdown.com/gen7randomdoublesbattle-865046831.json

Or, if you only need the log itself, add `.log` instead:

https://replay.pokemonshowdown.com/gen7randomdoublesbattle-865046831.log

-->

<link rel="stylesheet" href="//pokemonshowdown.com/style/global.css?0.767286132409787" />
<link rel="stylesheet" href="//play.pokemonshowdown.com/style/font-awesome.css?0.9266228007934947" />
<link rel="stylesheet" href="//play.pokemonshowdown.com/style/battle.css?0.7924700842790926" />
<link rel="stylesheet" href="//play.pokemonshowdown.com/style/utilichart.css?0.8777417872839479" />

<!-- Global site tag (gtag.js) - Google Analytics -->
<script async src="https://www.googletagmanager.com/gtag/js?id=UA-26211653-1"></script>
<script>
  window.dataLayer = window.dataLayer || [];
  function gtag(){dataLayer.push(arguments);}
  gtag('js', new Date());

  gtag('config', 'UA-26211653-1');
</script>
<!-- End Google Analytics -->
<!-- Venatus Ad Manager - Install in <HEAD> of page -->
	<script src="https://hb.vntsm.com/v3/live/ad-manager.min.js" type="text/javascript" data-site-id="642aba63ec9a7b11c3c9c1be" data-mode="scan" async></script>
<!-- / Venatus Ad Manager -->

<style>
	@media (max-width:820px) {
		.battle {
			margin: 0 auto;
		}
		.battle-log {
			margin: 7px auto 0;
			max-width: 640px;
			height: 300px;
			position: static;
		}
	}
	.optgroup {
		display: inline-block;
		line-height: 22px;
		font-size: 10pt;
	}
	.optgroup .button {
		height: 25px;
		padding-top: 0;
		padding-bottom: 0;
	}
	.optgroup button.button {
		padding-left: 12px;
		padding-right: 12px;
	}
	.linklist {
		list-style: none;
		margin: 0.5em 0;
		padding: 0;
	}
	.linklist li {
		padding: 2px 0;
	}
	.sidebar {
		float: left;
		width: 320px;
	}
	.bar-wrapper {
		max-width: 1100px;
		margin: 0 auto;
	}
	.bar-wrapper.has-sidebar {
		max-width: 1430px;
	}
	.mainbar {
		margin: 0;
		padding-right: 1px;
	}
	.mainbar.has-sidebar {
		margin-left: 330px;
	}
	@media (min-width: 1511px) {
		.sidebar {
			width: 400px;
		}
		.bar-wrapper.has-sidebar {
			max-width: 1510px;
		}
		.mainbar.has-sidebar {
			margin-left: 410px;
		}
	}
	.section.first-section {
		margin-top: 9px;
	}
	.blocklink small {
		white-space: normal;
	}
	.button {
		vertical-align: middle;
	}
	.replay-controls {
		padding-top: 10px;
	}
	.replay-controls h1 {
		font-size: 16pt;
		font-weight: normal;
		color: #CCC;
	}
	.pagelink {
		text-align: center;
	}
	.pagelink a {
		width: 150px;
	}
	.textbox, .button {
		font-size: 11pt;
		vertical-align: middle;
	}
	@media (max-width: 450px) {
		.button {
			font-size: 9pt;
		}
	}
</style>

<div>

	<header>
		<div class="nav-wrapper"><ul class="nav">
			<li><a class="button nav-first" href="//pokemonshowdown.com/"><img src="//pokemonshowdown.com/images/pokemonshowdownbeta.png" srcset="//pokemonshowdown.com/images/pokemonshowdownbeta.png 1x, //pokemonshowdown.com/images/pokemonshowdownbeta@2x.png 2x" alt="Pok&eacute;mon Showdown" width="146" height="44" /> Home</a></li>
			<li><a class="button" href="//pokemonshowdown.com/dex/">Pok&eacute;dex</a></li>
			<li><a class="button cur" href="/">Replays</a></li>
			<li><a class="button" href="//pokemonshowdown.com/ladder/">Ladder</a></li>
			<li><a class="button nav-last" href="//pokemonshowdown.com/forums/">Forum</a></li>
			<li><a class="button greenbutton nav-first nav-last" href="//play.pokemonshowdown.com/">Play</a></li>
		</ul></div>
	</header>

	<div class="main" id="main">

		<noscript><section class="section">You need to enable JavaScript to use this page; sorry!</section></noscript>

	</div>

</div>

<script defer nomodule src="//play.pokemonshowdown.com/js/lib/ps-polyfill.js"></script>
<script defer src="//play.pokemonshowdown.com/js/lib/preact.min.js"></script>

<script defer src="//play.pokemonshowdown.com/config/config.js?6dec07f6"></script>
<script defer src="//play.pokemonshowdown.com/js/lib/jquery-1.11.0.min.js"></script>
<script defer src="//play.pokemonshowdown.com/js/lib/html-sanitizer-minified.js"></script>
<script defer src="//play.pokemonshowdown.com/js/battle-sound.js"></script>
<script defer src="//play.pokemonshowdown.com/js/battledata.js?0.6315294753075389"></script>
<script defer src="//play.pokemonshowdown.com/data/pokedex-mini.js?0.7603743185311358"></script>
<script defer src="//play.pokemonshowdown.com/data/pokedex-mini-bw.js?0.030888842834281283"></script>
<script defer src="//play.pokemonshowdown.com/data/graphics.js?0.05593094747507488"></script>
<script defer src="//play.pokemonshowdown.com/data/pokedex.js?0.47064822249611904"></script>
<script defer src="//play.pokemonshowdown.com/data/moves.js?0.8583693120512459"></script>
<script defer src="//play.pokemonshowdown.com/data/abilities.js?0.16017181182386842"></script>
<script defer src="//play.pokemonshowdown.com/data/items.js?0.4163379185673943"></script>
<script defer src="//play.pokemonshowdown.com/data/teambuilder-tables.js?0.31075597372830477"></script>
<script defer src="//play.pokemonshowdown.com/js/battle-tooltips.js?0.6536193500708172"></script>
<script defer src="//play.pokemonshowdown.com/js/battle.js?0.1916591943277901"></script>

<script defer src="js/utils.js?e31f9a17"></script>
<script defer src="js/replays-battle.js?7008c182"></script>

<!-- don't scrape this data! just add .json or .log after the URL!
Full API docs: https://github.com/smogon/pokemon-showdown-client/blob/master/WEB-API.md -->
<script type="text/plain" class="log" id="replaylog-smogtours-gen3ou-799666">
|inactive|Battle timer is ON: inactive players will automatically lose when time's up.
|t:|1729281663
|gametype|singles
|player|p1|Fakes|lucas|
|player|p2|TheComanderXD|red|
|teamsize|p1|6
|teamsize|p2|6
|gen|3
|tier|[Gen 3] OU
|rule|Sleep Clause Mod: Limit one foe put to sleep
|rule|Switch Priority Clause Mod: Faster Pokémon switch first
|rule|Species Clause: Limit one of each Pokémon
|rule|OHKO Clause: OHKO moves are banned
|rule|Evasion Items Clause: Evasion items are banned
|rule|Evasion Moves Clause: Evasion moves are banned
|rule|Endless Battle Clause: Forcing endless battles is banned
|rule|HP Percentage Mod: HP is shown in percentages
|rule|One Boost Passer Clause: Limit one Baton Passer that has a way to boost its stats
|rule|Freeze Clause Mod: Limit one foe frozen
|
|t:|1729281663
|start
|switch|p1a: Zap|Zapdos|100/100
|switch|p2a: Salamence|Salamence, F|100/100
|-ability|p2a: Salamence|Intimidate|boost
|-unboost|p1a: Zap|atk|1
|turn|1
|c|☆Fakes|hf
|c|☆TheComanderXD|hf
|inactive|TheComanderXD has 270 seconds left.
|
|t:|1729281696
|switch|p2a: Blissey|Blissey, F|100/100
|switch|p1a: Skarm|Skarmory, F|100/100
|
|upkeep
|turn|2
|
|t:|1729281711
|switch|p2a: Starmie|Starmie|100/100
|move|p1a: Skarm|Spikes|p2a: Starmie
|-sidestart|p2: TheComanderXD|Spikes
|
|upkeep
|turn|3
|
|t:|1729281720
|move|p2a: Starmie|Thunder Wave|p1a: Skarm
|-status|p1a: Skarm|par
|move|p1a: Skarm|Toxic|p2a: Starmie
|-status|p2a: Starmie|tox
|
|-damage|p2a: Starmie|94/100 tox|[from] psn
|upkeep
|turn|4
|
|t:|1729281730
|move|p2a: Starmie|Rapid Spin|p1a: Skarm
|-resisted|p1a: Skarm
|-damage|p1a: Skarm|99/100 par
|-sideend|p2: TheComanderXD|Spikes|[from] move: Rapid Spin|[of] p2a: Starmie
|move|p1a: Skarm|Spikes|p2a: Starmie
|-sidestart|p2: TheComanderXD|Spikes
|
|-heal|p2a: Starmie|100/100 tox|[from] item: Leftovers
|-damage|p2a: Starmie|88/100 tox|[from] psn
|-heal|p1a: Skarm|100/100 par|[from] item: Leftovers
|upkeep
|turn|5
|
|t:|1729281739
|-curestatus|p2a: Starmie|tox|[from] ability: Natural Cure
|switch|p2a: Salamence|Salamence, F|100/100
|-ability|p2a: Salamence|Intimidate|boost
|-unboost|p1a: Skarm|atk|1
|move|p1a: Skarm|Spikes|p2a: Salamence
|-sidestart|p2: TheComanderXD|Spikes
|
|upkeep
|turn|6
|
|t:|1729281750
|switch|p1a: Zap|Zapdos|100/100
|move|p2a: Salamence|Fire Blast|p1a: Zap
|-damage|p1a: Zap|70/100
|
|-heal|p1a: Zap|77/100|[from] item: Leftovers
|upkeep
|turn|7
|
|t:|1729281762
|move|p2a: Salamence|Dragon Claw|p1a: Zap
|-damage|p1a: Zap|47/100
|move|p1a: Zap|Roar|p2a: Salamence
|drag|p2a: Skarmory|Skarmory, M|100/100
|
|-heal|p1a: Zap|53/100|[from] item: Leftovers
|upkeep
|turn|8
|
|t:|1729281787
|move|p1a: Zap|Thunderbolt|p2a: Skarmory
|-supereffective|p2a: Skarmory
|-damage|p2a: Skarmory|29/100
|move|p2a: Skarmory|Spikes|p1a: Zap
|-sidestart|p1: Fakes|Spikes
|
|-heal|p1a: Zap|59/100|[from] item: Leftovers
|-heal|p2a: Skarmory|35/100|[from] item: Leftovers
|upkeep
|turn|9
|
|t:|1729281798
|switch|p2a: Blissey|Blissey, F|100/100
|-damage|p2a: Blissey|84/100|[from] Spikes
|move|p1a: Zap|Thunderbolt|p2a: Blissey
|-damage|p2a: Blissey|68/100
|
|-heal|p1a: Zap|66/100|[from] item: Leftovers
|-heal|p2a: Blissey|74/100|[from] item: Leftovers
|upkeep
|turn|10
|
|t:|1729281808
|switch|p1a: Skarm|Skarmory, F|100/100 par
|move|p2a: Blissey|Seismic Toss|p1a: Skarm
|-damage|p1a: Skarm|71/100 par
|
|-heal|p2a: Blissey|81/100|[from] item: Leftovers
|-heal|p1a: Skarm|77/100 par|[from] item: Leftovers
|upkeep
|turn|11
|
|t:|1729281825
|move|p2a: Blissey|Seismic Toss|p1a: Skarm
|-damage|p1a: Skarm|47/100 par
|move|p1a: Skarm|Spikes|p2a: Blissey
|-sidestart|p2: TheComanderXD|Spikes
|
|-heal|p2a: Blissey|87/100|[from] item: Leftovers
|-heal|p1a: Skarm|53/100 par|[from] item: Leftovers
|upkeep
|turn|12
|
|t:|1729281835
|move|p1a: Skarm|Protect|p1a: Skarm
|-singleturn|p1a: Skarm|Protect
|move|p2a: Blissey|Seismic Toss|p1a: Skarm
|-activate|p1a: Skarm|Protect
|
|-heal|p2a: Blissey|93/100|[from] item: Leftovers
|-heal|p1a: Skarm|59/100 par|[from] item: Leftovers
|upkeep
|turn|13
|
|t:|1729281854
|switch|p2a: Salamence|Salamence, F|100/100
|-ability|p2a: Salamence|Intimidate|boost
|-unboost|p1a: Skarm|atk|1
|switch|p1a: Jira|Jirachi|100/100
|-damage|p1a: Jira|88/100|[from] Spikes
|
|-heal|p1a: Jira|94/100|[from] item: Leftovers
|upkeep
|turn|14
|inactive|TheComanderXD has 270 seconds left.
|inactive|Fakes has 270 seconds left.
|inactive|TheComanderXD has 240 seconds left.
|
|t:|1729281904
|switch|p2a: Metagross|Metagross|100/100
|-damage|p2a: Metagross|75/100|[from] Spikes
|switch|p1a: Zap|Zapdos|66/100
|
|-heal|p1a: Zap|72/100|[from] item: Leftovers
|-heal|p2a: Metagross|82/100|[from] item: Leftovers
|upkeep
|turn|15
|inactive|TheComanderXD has 240 seconds left.
|
|t:|1729281915
|move|p1a: Zap|Thunderbolt|p2a: Metagross
|-damage|p2a: Metagross|39/100
|move|p2a: Metagross|Meteor Mash|p1a: Zap
|-resisted|p1a: Zap
|-damage|p1a: Zap|43/100
|
|-heal|p1a: Zap|50/100|[from] item: Leftovers
|-heal|p2a: Metagross|45/100|[from] item: Leftovers
|upkeep
|turn|16
|inactive|TheComanderXD has 240 seconds left.
|
|t:|1729281923
|switch|p1a: Gar|Gengar, F|100/100
|move|p2a: Metagross|Protect||[still]
|-fail|p2a: Metagross
|
|-heal|p2a: Metagross|51/100|[from] item: Leftovers
|upkeep
|turn|17
|
|t:|1729281930
|switch|p2a: Tyranitar|Tyranitar, F|100/100
|-damage|p2a: Tyranitar|76/100|[from] Spikes
|-weather|Sandstorm|[from] ability: Sand Stream|[of] p2a: Tyranitar
|move|p1a: Gar|Will-O-Wisp|p2a: Tyranitar
|-status|p2a: Tyranitar|brn
|
|-weather|Sandstorm|[upkeep]
|-damage|p1a: Gar|94/100|[from] Sandstorm
|-heal|p1a: Gar|100/100|[from] item: Leftovers
|-heal|p2a: Tyranitar|82/100 brn|[from] item: Leftovers
|-damage|p2a: Tyranitar|69/100 brn|[from] brn
|upkeep
|turn|18
|inactive|TheComanderXD has 240 seconds left.
|
|t:|1729281948
|move|p1a: Gar|Thunderbolt|p2a: Tyranitar
|-damage|p2a: Tyranitar|45/100 brn
|move|p2a: Tyranitar|Pursuit|p1a: Gar
|-supereffective|p1a: Gar
|-damage|p1a: Gar|45/100
|
|-weather|Sandstorm|[upkeep]
|-damage|p1a: Gar|39/100|[from] Sandstorm
|-heal|p1a: Gar|45/100|[from] item: Leftovers
|-heal|p2a: Tyranitar|51/100 brn|[from] item: Leftovers
|-damage|p2a: Tyranitar|38/100 brn|[from] brn
|upkeep
|turn|19
|inactive|TheComanderXD has 240 seconds left.
|
|t:|1729281959
|move|p1a: Gar|Thunderbolt|p2a: Tyranitar
|-damage|p2a: Tyranitar|14/100 brn
|move|p2a: Tyranitar|Pursuit|p1a: Gar
|-supereffective|p1a: Gar
|-damage|p1a: Gar|0 fnt
|faint|p1a: Gar
|
|t:|1729281967
|switch|p1a: Zap|Zapdos|50/100
|
|-weather|Sandstorm|[upkeep]
|-damage|p1a: Zap|43/100|[from] Sandstorm
|-heal|p1a: Zap|50/100|[from] item: Leftovers
|-heal|p2a: Tyranitar|20/100 brn|[from] item: Leftovers
|-damage|p2a: Tyranitar|8/100 brn|[from] brn
|upkeep
|turn|20
|
|t:|1729281977
|switch|p2a: Blissey|Blissey, F|93/100
|-damage|p2a: Blissey|68/100|[from] Spikes
|move|p1a: Zap|Thunderbolt|p2a: Blissey
|-damage|p2a: Blissey|52/100
|
|-weather|Sandstorm|[upkeep]
|-damage|p1a: Zap|43/100|[from] Sandstorm
|-damage|p2a: Blissey|46/100|[from] Sandstorm
|-heal|p1a: Zap|50/100|[from] item: Leftovers
|-heal|p2a: Blissey|52/100|[from] item: Leftovers
|upkeep
|turn|21
|
|t:|1729281990
|switch|p1a: Jira|Jirachi|94/100
|-damage|p1a: Jira|82/100|[from] Spikes
|move|p2a: Blissey|Soft-Boiled|p2a: Blissey
|-heal|p2a: Blissey|100/100
|
|-weather|Sandstorm|[upkeep]
|-damage|p2a: Blissey|94/100|[from] Sandstorm
|-heal|p1a: Jira|88/100|[from] item: Leftovers
|-heal|p2a: Blissey|100/100|[from] item: Leftovers
|upkeep
|turn|22
|inactive|TheComanderXD has 240 seconds left.
|
|t:|1729282008
|move|p1a: Jira|Wish|p1a: Jira
|move|p2a: Blissey|Seismic Toss|p1a: Jira
|-damage|p1a: Jira|63/100
|
|-weather|Sandstorm|[upkeep]
|-damage|p2a: Blissey|94/100|[from] Sandstorm
|-heal|p1a: Jira|70/100|[from] item: Leftovers
|-heal|p2a: Blissey|100/100|[from] item: Leftovers
|upkeep
|turn|23
|inactive|TheComanderXD has 240 seconds left.
|
|t:|1729282023
|switch|p2a: Salamence|Salamence, F|100/100
|-ability|p2a: Salamence|Intimidate|boost
|-unboost|p1a: Jira|atk|1
|move|p1a: Jira|Calm Mind|p1a: Jira
|-boost|p1a: Jira|spa|1
|-boost|p1a: Jira|spd|1
|
|-heal|p1a: Jira|100/100|[from] move: Wish|[wisher] Jira
|-weather|Sandstorm|[upkeep]
|-damage|p2a: Salamence|94/100|[from] Sandstorm
|-heal|p2a: Salamence|100/100|[from] item: Leftovers
|upkeep
|turn|24
|inactive|TheComanderXD has 240 seconds left.
|inactive|Fakes has 270 seconds left.
|
|t:|1729282055
|switch|p2a: Tyranitar|Tyranitar, F|8/100 brn
|-damage|p2a: Tyranitar|0 fnt|[from] Spikes
|faint|p2a: Tyranitar
|inactive|TheComanderXD has 210 seconds left.
|inactive|TheComanderXD has 180 seconds left.
|
|t:|1729282119
|switch|p2a: Skarmory|Skarmory, M|35/100
|
|-weather|Sandstorm|[upkeep]
|-heal|p2a: Skarmory|41/100|[from] item: Leftovers
|upkeep
|turn|25
|
|t:|1729282136
|move|p2a: Skarmory|Protect|p2a: Skarmory
|-singleturn|p2a: Skarmory|Protect
|move|p1a: Jira|Thunder|p2a: Skarmory
|-activate|p2a: Skarmory|Protect
|
|-weather|Sandstorm|[upkeep]
|-heal|p2a: Skarmory|47/100|[from] item: Leftovers
|upkeep
|turn|26
|inactive|TheComanderXD has 150 seconds left.
|
|t:|1729282154
|move|p1a: Jira|Thunder|p2a: Skarmory
|-supereffective|p2a: Skarmory
|-damage|p2a: Skarmory|0 fnt
|faint|p2a: Skarmory
|inactive|TheComanderXD has 150 seconds left.
|
|t:|1729282167
|switch|p2a: Starmie|Starmie|88/100
|-damage|p2a: Starmie|63/100|[from] Spikes
|
|-weather|Sandstorm|[upkeep]
|-damage|p2a: Starmie|57/100|[from] Sandstorm
|-heal|p2a: Starmie|63/100|[from] item: Leftovers
|upkeep
|turn|27
|inactive|TheComanderXD has 150 seconds left.
|
|t:|1729282176
|move|p2a: Starmie|Rapid Spin|p1a: Jira
|-resisted|p1a: Jira
|-damage|p1a: Jira|99/100
|-sideend|p2: TheComanderXD|Spikes|[from] move: Rapid Spin|[of] p2a: Starmie
|move|p1a: Jira|Thunder|p2a: Starmie
|-supereffective|p2a: Starmie
|-damage|p2a: Starmie|0 fnt
|faint|p2a: Starmie
|inactive|TheComanderXD has 150 seconds left.
|
|t:|1729282187
|switch|p2a: Metagross|Metagross|51/100
|
|-weather|Sandstorm|[upkeep]
|-heal|p1a: Jira|100/100|[from] item: Leftovers
|-heal|p2a: Metagross|57/100|[from] item: Leftovers
|upkeep
|turn|28
|inactive|TheComanderXD has 150 seconds left.
|
|t:|1729282211
|switch|p1a: Gon|Flygon, M|100/100
|move|p2a: Metagross|Earthquake|p1a: Gon
|-immune|p1a: Gon
|
|-weather|Sandstorm|[upkeep]
|-heal|p2a: Metagross|63/100|[from] item: Leftovers
|upkeep
|turn|29
|
|t:|1729282237
|move|p1a: Gon|Toxic|p2a: Metagross
|-immune|p2a: Metagross
|move|p2a: Metagross|Explosion|p1a: Gon
|-damage|p1a: Gon|0 fnt
|faint|p2a: Metagross
|faint|p1a: Gon
|
|t:|1729282243
|switch|p1a: Zap|Zapdos|50/100
|switch|p2a: Salamence|Salamence, F|100/100
|-ability|p2a: Salamence|Intimidate|boost
|-unboost|p1a: Zap|atk|1
|
|-weather|Sandstorm|[upkeep]
|-damage|p2a: Salamence|94/100|[from] Sandstorm
|-damage|p1a: Zap|43/100|[from] Sandstorm
|-heal|p2a: Salamence|100/100|[from] item: Leftovers
|-heal|p1a: Zap|50/100|[from] item: Leftovers
|upkeep
|turn|30
|
|t:|1729282253
|move|p2a: Salamence|Dragon Claw|p1a: Zap
|-damage|p1a: Zap|23/100
|move|p1a: Zap|Thunder Wave|p2a: Salamence
|-status|p2a: Salamence|par
|
|-weather|Sandstorm|[upkeep]
|-damage|p1a: Zap|16/100|[from] Sandstorm
|-damage|p2a: Salamence|94/100 par|[from] Sandstorm
|-heal|p1a: Zap|23/100|[from] item: Leftovers
|-heal|p2a: Salamence|100/100 par|[from] item: Leftovers
|upkeep
|turn|31
|
|t:|1729282266
|move|p1a: Zap|Thunderbolt|p2a: Salamence
|-damage|p2a: Salamence|49/100 par
|move|p2a: Salamence|Refresh|p2a: Salamence
|-curestatus|p2a: Salamence|par|[msg]
|
|-weather|Sandstorm|[upkeep]
|-damage|p2a: Salamence|42/100|[from] Sandstorm
|-damage|p1a: Zap|16/100|[from] Sandstorm
|-heal|p2a: Salamence|49/100|[from] item: Leftovers
|-heal|p1a: Zap|23/100|[from] item: Leftovers
|upkeep
|turn|32
|inactive|TheComanderXD has 120 seconds left.
|
|t:|1729282293
|move|p2a: Salamence|Fire Blast|p1a: Zap
|-crit|p1a: Zap
|-damage|p1a: Zap|0 fnt
|faint|p1a: Zap
|
|t:|1729282298
|switch|p1a: Tyra|Tyranitar, M|100/100
|-damage|p1a: Tyra|88/100|[from] Spikes
|
|-weather|Sandstorm|[upkeep]
|-damage|p2a: Salamence|42/100|[from] Sandstorm
|-heal|p2a: Salamence|49/100|[from] item: Leftovers
|-heal|p1a: Tyra|94/100|[from] item: Leftovers
|upkeep
|turn|33
|inactive|TheComanderXD has 120 seconds left.
|inactive|TheComanderXD has 90 seconds left.
|inactive|TheComanderXD has 60 seconds left.
|
|t:|1729282386
|switch|p2a: Blissey|Blissey, F|100/100
|move|p1a: Tyra|Rock Slide|p2a: Blissey
|-damage|p2a: Blissey|63/100
|
|-weather|Sandstorm|[upkeep]
|-damage|p2a: Blissey|57/100|[from] Sandstorm
|-heal|p1a: Tyra|100/100|[from] item: Leftovers
|-heal|p2a: Blissey|63/100|[from] item: Leftovers
|upkeep
|turn|34
|
|t:|1729282398
|move|p1a: Tyra|Dragon Dance|p1a: Tyra
|-boost|p1a: Tyra|atk|1
|-boost|p1a: Tyra|spe|1
|move|p2a: Blissey|Counter|p1a: Tyra
|
|-weather|Sandstorm|[upkeep]
|-damage|p2a: Blissey|57/100|[from] Sandstorm
|-heal|p2a: Blissey|63/100|[from] item: Leftovers
|upkeep
|turn|35
|
|t:|1729282418
|move|p1a: Tyra|Dragon Dance|p1a: Tyra
|-boost|p1a: Tyra|atk|1
|-boost|p1a: Tyra|spe|1
|move|p2a: Blissey|Counter|p1a: Tyra
|
|-weather|Sandstorm|[upkeep]
|-damage|p2a: Blissey|57/100|[from] Sandstorm
|-heal|p2a: Blissey|63/100|[from] item: Leftovers
|upkeep
|turn|36
|c|☆TheComanderXD|gg
|c|☆Fakes|gg
|
|t:|1729282426
|move|p1a: Tyra|Earthquake|p2a: Blissey
|-damage|p2a: Blissey|0 fnt
|faint|p2a: Blissey
|
|t:|1729282431
|switch|p2a: Salamence|Salamence, F|49/100
|-ability|p2a: Salamence|Intimidate|boost
|-unboost|p1a: Tyra|atk|1
|
|-weather|Sandstorm|[upkeep]
|-damage|p2a: Salamence|42/100|[from] Sandstorm
|-heal|p2a: Salamence|49/100|[from] item: Leftovers
|upkeep
|turn|37
|
|t:|1729282438
|move|p1a: Tyra|Rock Slide|p2a: Salamence
|-supereffective|p2a: Salamence
|-damage|p2a: Salamence|0 fnt
|faint|p2a: Salamence
|
|win|Fakes
|player|p2|

</script>
<script type="application/json" class="data" id="replaydata-smogtours-gen3ou-799666">
{"id":"smogtours-gen3ou-799666","format":"[Gen 3] OU","players":["Fakes","TheComanderXD"],"uploadtime":1729282438,"views":114,"formatid":"gen3ou","rating":null,"private":1,"password":null}
</script>

<script defer src="js/replays.js?9d40a366"></script>
