<!DOCTYPE html>
<meta charset="utf-8" />
<meta name="viewport" content="width=device-width" />

<title>[Gen 3] OU: Kenma likes males vs. Salty Lame-o - Replays - Pok&eacute;mon Showdown!</title>

<meta name="description" content="Watch a replay of a Pok&eacute;mon battle between Kenma likes males and Salty Lame-o! Format: [Gen 3] OU; Date: Nov 2, 2024" />
<!--

Hey, you! Looking in the source for the replay log?

You can find them in JSON format, just add `.json` at the end of a replay URL.

https://replay.pokemonshowdown.com/gen7randomdoublesbattle-865046831.json

Or, if you only need the log itself, add `.log` instead:

https://replay.pokemonshowdown.com/gen7randomdoublesbattle-865046831.log

-->

<link rel="stylesheet" href="//pokemonshowdown.com/style/global.css?0.023195364461161105" />
<link rel="stylesheet" href="//play.pokemonshowdown.com/style/font-awesome.css?0.13261647063804238" />
<link rel="stylesheet" href="//play.pokemonshowdown.com/style/battle.css?0.8753245789963631" />
<link rel="stylesheet" href="//play.pokemonshowdown.com/style/utilichart.css?0.8627959624976733" />

<!-- Global site tag (gtag.js) - Google Analytics -->
<script async src="https://www.googletagmanager.com/gtag/js?id=UA-26211653-1"></script>
<script>
  window.dataLayer = window.dataLayer || [];
  function gtag(){dataLayer.push(arguments);}
  gtag('js', new Date());

  gtag('config', 'UA-26211653-1');
</script>
<!-- End Google Analytics -->
<!-- Venatus Ad Manager - Install in <HEAD> of page -->
	<script src="https://hb.vntsm.com/v3/live/ad-manager.min.js" type="text/javascript" data-site-id="642aba63ec9a7b11c3c9c1be" data-mode="scan" async></script>
<!-- / Venatus Ad Manager -->

<style>
	@media (max-width:820px) {
		.battle {
			margin: 0 auto;
		}
		.battle-log {
			margin: 7px auto 0;
			max-width: 640px;
			height: 300px;
			position: static;
		}
	}
	.optgroup {
		display: inline-block;
		line-height: 22px;
		font-size: 10pt;
	}
	.optgroup .button {
		height: 25px;
		padding-top: 0;
		padding-bottom: 0;
	}
	.optgroup button.button {
		padding-left: 12px;
		padding-right: 12px;
	}
	.linklist {
		list-style: none;
		margin: 0.5em 0;
		padding: 0;
	}
	.linklist li {
		padding: 2px 0;
	}
	.sidebar {
		float: left;
		width: 320px;
	}
	.bar-wrapper {
		max-width: 1100px;
		margin: 0 auto;
	}
	.bar-wrapper.has-sidebar {
		max-width: 1430px;
	}
	.mainbar {
		margin: 0;
		padding-right: 1px;
	}
	.mainbar.has-sidebar {
		margin-left: 330px;
	}
	@media (min-width: 1511px) {
		.sidebar {
			width: 400px;
		}
		.bar-wrapper.has-sidebar {
			max-width: 1510px;
		}
		.mainbar.has-sidebar {
			margin-left: 410px;
		}
	}
	.section.first-section {
		margin-top: 9px;
	}
	.blocklink small {
		white-space: normal;
	}
	.button {
		vertical-align: middle;
	}
	.replay-controls {
		padding-top: 10px;
	}
	.replay-controls h1 {
		font-size: 16pt;
		font-weight: normal;
		color: #CCC;
	}
	.pagelink {
		text-align: center;
	}
	.pagelink a {
		width: 150px;
	}
	.textbox, .button {
		font-size: 11pt;
		vertical-align: middle;
	}
	@media (max-width: 450px) {
		.button {
			font-size: 9pt;
		}
	}
</style>

<div>

	<header>
		<div class="nav-wrapper"><ul class="nav">
			<li><a class="button nav-first" href="//pokemonshowdown.com/"><img src="//pokemonshowdown.com/images/pokemonshowdownbeta.png" srcset="//pokemonshowdown.com/images/pokemonshowdownbeta.png 1x, //pokemonshowdown.com/images/pokemonshowdownbeta@2x.png 2x" alt="Pok&eacute;mon Showdown" width="146" height="44" /> Home</a></li>
			<li><a class="button" href="//pokemonshowdown.com/dex/">Pok&eacute;dex</a></li>
			<li><a class="button cur" href="/">Replays</a></li>
			<li><a class="button" href="//pokemonshowdown.com/ladder/">Ladder</a></li>
			<li><a class="button nav-last" href="//pokemonshowdown.com/forums/">Forum</a></li>
			<li><a class="button greenbutton nav-first nav-last" href="//play.pokemonshowdown.com/">Play</a></li>
		</ul></div>
	</header>

	<div class="main" id="main">

		<noscript><section class="section">You need to enable JavaScript to use this page; sorry!</section></noscript>

	</div>

</div>

<script defer nomodule src="//play.pokemonshowdown.com/js/lib/ps-polyfill.js"></script>
<script defer src="//play.pokemonshowdown.com/js/lib/preact.min.js"></script>

<script defer src="//play.pokemonshowdown.com/config/config.js?2bddbc15"></script>
<script defer src="//play.pokemonshowdown.com/js/lib/jquery-1.11.0.min.js"></script>
<script defer src="//play.pokemonshowdown.com/js/lib/html-sanitizer-minified.js"></script>
<script defer src="//play.pokemonshowdown.com/js/battle-sound.js"></script>
<script defer src="//play.pokemonshowdown.com/js/battledata.js?0.7209276989879541"></script>
<script defer src="//play.pokemonshowdown.com/data/pokedex-mini.js?0.6111056340867951"></script>
<script defer src="//play.pokemonshowdown.com/data/pokedex-mini-bw.js?0.3532142036491459"></script>
<script defer src="//play.pokemonshowdown.com/data/graphics.js?0.24223875632456182"></script>
<script defer src="//play.pokemonshowdown.com/data/pokedex.js?0.38839984266356864"></script>
<script defer src="//play.pokemonshowdown.com/data/moves.js?0.21866028504024015"></script>
<script defer src="//play.pokemonshowdown.com/data/abilities.js?0.2005157953846628"></script>
<script defer src="//play.pokemonshowdown.com/data/items.js?0.9894211263848525"></script>
<script defer src="//play.pokemonshowdown.com/data/teambuilder-tables.js?0.6008791140282215"></script>
<script defer src="//play.pokemonshowdown.com/js/battle-tooltips.js?0.7580118955022959"></script>
<script defer src="//play.pokemonshowdown.com/js/battle.js?0.6057722274234274"></script>

<script defer src="js/utils.js?e31f9a17"></script>
<script defer src="js/replays-battle.js?7008c182"></script>

<!-- don't scrape this data! just add .json or .log after the URL!
Full API docs: https://github.com/smogon/pokemon-showdown-client/blob/master/WEB-API.md -->
<script type="text/plain" class="log" id="replaylog-smogtours-gen3ou-803955">
|inactive|Battle timer is ON: inactive players will automatically lose when time's up.
|t:|1730563649
|gametype|singles
|player|p1|Kenma likes males|lucy-gen3|
|player|p2|Salty Lame-o|hoopster|
|teamsize|p1|6
|teamsize|p2|6
|gen|3
|tier|[Gen 3] OU
|rule|Sleep Clause Mod: Limit one foe put to sleep
|rule|Switch Priority Clause Mod: Faster Pokémon switch first
|rule|Species Clause: Limit one of each Pokémon
|rule|OHKO Clause: OHKO moves are banned
|rule|Evasion Items Clause: Evasion items are banned
|rule|Evasion Moves Clause: Evasion moves are banned
|rule|Endless Battle Clause: Forcing endless battles is banned
|rule|HP Percentage Mod: HP is shown in percentages
|rule|One Boost Passer Clause: Limit one Baton Passer that has a way to boost its stats
|rule|Freeze Clause Mod: Limit one foe frozen
|
|t:|1730563649
|start
|switch|p1a: Camavinga|Zapdos|100/100
|switch|p2a: Zapdos|Zapdos|100/100
|turn|1
|
|t:|1730563665
|move|p2a: Zapdos|Thunder Wave|p1a: Camavinga
|-status|p1a: Camavinga|par
|cant|p1a: Camavinga|par
|
|upkeep
|turn|2
|
|t:|1730563673
|move|p2a: Zapdos|Thunderbolt|p1a: Camavinga
|-crit|p1a: Camavinga
|-damage|p1a: Camavinga|0 fnt
|faint|p1a: Camavinga
|
|t:|1730563680
|switch|p1a: Militao|Celebi|100/100
|
|upkeep
|turn|3
|
|t:|1730563692
|move|p2a: Zapdos|Thunder Wave|p1a: Militao
|-status|p1a: Militao|par
|move|p1a: Militao|Leech Seed|p2a: Zapdos
|-start|p2a: Zapdos|move: Leech Seed
|
|-damage|p2a: Zapdos|88/100|[from] Leech Seed|[of] p1a: Militao
|upkeep
|turn|4
|
|t:|1730563703
|switch|p2a: Celebi|Celebi|100/100
|move|p1a: Militao|Psychic|p2a: Celebi
|-resisted|p2a: Celebi
|-damage|p2a: Celebi|90/100
|
|-heal|p2a: Celebi|96/100|[from] item: Leftovers
|upkeep
|turn|5
|
|t:|1730563711
|-curestatus|p1a: Militao|par|[from] ability: Natural Cure
|switch|p1a: Tchouameni|Moltres|100/100
|move|p2a: Celebi|Leech Seed|p1a: Tchouameni
|-start|p1a: Tchouameni|move: Leech Seed
|
|-damage|p1a: Tchouameni|88/100|[from] Leech Seed|[of] p2a: Celebi
|-heal|p2a: Celebi|100/100|[silent]
|upkeep
|turn|6
|
|t:|1730563733
|switch|p1a: Mendy|Jirachi|100/100
|switch|p2a: Tyranitar|Tyranitar, M|100/100
|-weather|Sandstorm|[from] ability: Sand Stream|[of] p2a: Tyranitar
|
|-weather|Sandstorm|[upkeep]
|upkeep
|turn|7
|
|t:|1730563747
|move|p1a: Mendy|Body Slam|p2a: Tyranitar
|-resisted|p2a: Tyranitar
|-damage|p2a: Tyranitar|93/100
|-status|p2a: Tyranitar|par
|move|p2a: Tyranitar|Earthquake|p1a: Mendy
|-supereffective|p1a: Mendy
|-damage|p1a: Mendy|44/100
|
|-weather|Sandstorm|[upkeep]
|-heal|p1a: Mendy|50/100|[from] item: Leftovers
|-heal|p2a: Tyranitar|99/100 par|[from] item: Leftovers
|upkeep
|turn|8
|
|t:|1730563759
|-singleturn|p2a: Tyranitar|move: Focus Punch
|switch|p1a: Vini Jr.|Starmie|100/100
|cant|p2a: Tyranitar|par
|
|-weather|Sandstorm|[upkeep]
|-damage|p1a: Vini Jr.|94/100|[from] Sandstorm
|-heal|p1a: Vini Jr.|100/100|[from] item: Leftovers
|-heal|p2a: Tyranitar|100/100 par|[from] item: Leftovers
|upkeep
|turn|9
|
|t:|1730563773
|switch|p2a: Celebi|Celebi|100/100
|move|p1a: Vini Jr.|Ice Beam|p2a: Celebi
|-supereffective|p2a: Celebi
|-damage|p2a: Celebi|75/100
|
|-weather|Sandstorm|[upkeep]
|-damage|p1a: Vini Jr.|94/100|[from] Sandstorm
|-damage|p2a: Celebi|68/100|[from] Sandstorm
|-heal|p1a: Vini Jr.|100/100|[from] item: Leftovers
|-heal|p2a: Celebi|75/100|[from] item: Leftovers
|upkeep
|turn|10
|
|t:|1730563785
|switch|p1a: Tchouameni|Moltres|88/100
|move|p2a: Celebi|Leech Seed|p1a: Tchouameni
|-start|p1a: Tchouameni|move: Leech Seed
|
|-weather|Sandstorm|[upkeep]
|-damage|p1a: Tchouameni|82/100|[from] Sandstorm
|-damage|p2a: Celebi|68/100|[from] Sandstorm
|-heal|p1a: Tchouameni|88/100|[from] item: Leftovers
|-damage|p1a: Tchouameni|76/100|[from] Leech Seed|[of] p2a: Celebi
|-heal|p2a: Celebi|78/100|[silent]
|-heal|p2a: Celebi|84/100|[from] item: Leftovers
|upkeep
|turn|11
|
|t:|1730563798
|move|p1a: Tchouameni|Overheat|p2a: Celebi
|-supereffective|p2a: Celebi
|-damage|p2a: Celebi|0 fnt
|-unboost|p1a: Tchouameni|spa|2
|faint|p2a: Celebi
|
|t:|1730563805
|switch|p2a: Zapdos|Zapdos|88/100
|
|-weather|Sandstorm|[upkeep]
|-damage|p2a: Zapdos|82/100|[from] Sandstorm
|-damage|p1a: Tchouameni|69/100|[from] Sandstorm
|-heal|p2a: Zapdos|88/100|[from] item: Leftovers
|-heal|p1a: Tchouameni|76/100|[from] item: Leftovers
|-damage|p1a: Tchouameni|63/100|[from] Leech Seed|[of] p2a: Zapdos
|-heal|p2a: Zapdos|100/100|[silent]
|upkeep
|turn|12
|
|t:|1730563816
|switch|p1a: Militao|Celebi|100/100
|move|p2a: Zapdos|Thunderbolt|p1a: Militao
|-resisted|p1a: Militao
|-damage|p1a: Militao|80/100
|
|-weather|Sandstorm|[upkeep]
|-damage|p2a: Zapdos|94/100|[from] Sandstorm
|-damage|p1a: Militao|74/100|[from] Sandstorm
|-heal|p2a: Zapdos|100/100|[from] item: Leftovers
|-heal|p1a: Militao|80/100|[from] item: Leftovers
|upkeep
|turn|13
|
|t:|1730563827
|move|p2a: Zapdos|Thunder Wave|p1a: Militao
|-status|p1a: Militao|par
|move|p1a: Militao|Leech Seed|p2a: Zapdos
|-start|p2a: Zapdos|move: Leech Seed
|
|-weather|Sandstorm|[upkeep]
|-damage|p2a: Zapdos|94/100|[from] Sandstorm
|-damage|p1a: Militao|74/100 par|[from] Sandstorm
|-heal|p2a: Zapdos|100/100|[from] item: Leftovers
|-damage|p2a: Zapdos|88/100|[from] Leech Seed|[of] p1a: Militao
|-heal|p1a: Militao|84/100 par|[silent]
|-heal|p1a: Militao|90/100 par|[from] item: Leftovers
|upkeep
|turn|14
|
|t:|1730563840
|switch|p2a: Tyranitar|Tyranitar, M|100/100 par
|move|p1a: Militao|Hidden Power|p2a: Tyranitar
|-supereffective|p2a: Tyranitar
|-damage|p2a: Tyranitar|60/100 par
|
|-weather|Sandstorm|[upkeep]
|-damage|p1a: Militao|84/100 par|[from] Sandstorm
|-heal|p1a: Militao|90/100 par|[from] item: Leftovers
|-heal|p2a: Tyranitar|66/100 par|[from] item: Leftovers
|upkeep
|turn|15
|
|t:|1730563853
|cant|p1a: Militao|par
|move|p2a: Tyranitar|Hidden Power|p1a: Militao
|-supereffective|p1a: Militao
|-damage|p1a: Militao|10/100 par
|
|-weather|Sandstorm|[upkeep]
|-damage|p1a: Militao|4/100 par|[from] Sandstorm
|-heal|p1a: Militao|10/100 par|[from] item: Leftovers
|-heal|p2a: Tyranitar|72/100 par|[from] item: Leftovers
|upkeep
|turn|16
|
|t:|1730563869
|-curestatus|p1a: Militao|par|[from] ability: Natural Cure
|switch|p1a: Vini Jr.|Starmie|100/100
|move|p2a: Tyranitar|Rock Slide|p1a: Vini Jr.
|-damage|p1a: Vini Jr.|43/100
|
|-weather|Sandstorm|[upkeep]
|-damage|p1a: Vini Jr.|37/100|[from] Sandstorm
|-heal|p1a: Vini Jr.|43/100|[from] item: Leftovers
|-heal|p2a: Tyranitar|78/100 par|[from] item: Leftovers
|upkeep
|turn|17
|
|t:|1730563882
|switch|p2a: Starmie|Starmie|100/100
|move|p1a: Vini Jr.|Surf|p2a: Starmie
|-resisted|p2a: Starmie
|-damage|p2a: Starmie|74/100
|
|-weather|Sandstorm|[upkeep]
|-damage|p1a: Vini Jr.|37/100|[from] Sandstorm
|-damage|p2a: Starmie|68/100|[from] Sandstorm
|-heal|p2a: Starmie|74/100|[from] item: Leftovers
|-heal|p1a: Vini Jr.|43/100|[from] item: Leftovers
|upkeep
|turn|18
|
|t:|1730563893
|move|p2a: Starmie|Thunderbolt|p1a: Vini Jr.
|-supereffective|p1a: Vini Jr.
|-crit|p1a: Vini Jr.
|-damage|p1a: Vini Jr.|0 fnt
|faint|p1a: Vini Jr.
|
|t:|1730563901
|switch|p1a: Mendy|Jirachi|50/100
|
|-weather|Sandstorm|[upkeep]
|-damage|p2a: Starmie|68/100|[from] Sandstorm
|-heal|p2a: Starmie|74/100|[from] item: Leftovers
|-heal|p1a: Mendy|56/100|[from] item: Leftovers
|upkeep
|turn|19
|
|t:|1730563910
|move|p1a: Mendy|Protect|p1a: Mendy
|-singleturn|p1a: Mendy|Protect
|move|p2a: Starmie|Hydro Pump|p1a: Mendy
|-activate|p1a: Mendy|Protect
|
|-weather|Sandstorm|[upkeep]
|-damage|p2a: Starmie|68/100|[from] Sandstorm
|-heal|p2a: Starmie|74/100|[from] item: Leftovers
|-heal|p1a: Mendy|62/100|[from] item: Leftovers
|upkeep
|turn|20
|
|t:|1730563923
|move|p2a: Starmie|Hydro Pump|p1a: Mendy
|-damage|p1a: Mendy|24/100
|move|p1a: Mendy|Wish|p1a: Mendy
|
|-weather|Sandstorm|[upkeep]
|-damage|p2a: Starmie|68/100|[from] Sandstorm
|-heal|p2a: Starmie|74/100|[from] item: Leftovers
|-heal|p1a: Mendy|30/100|[from] item: Leftovers
|upkeep
|turn|21
|
|t:|1730563934
|switch|p2a: Zapdos|Zapdos|88/100
|move|p1a: Mendy|Protect||[still]
|-fail|p1a: Mendy
|
|-heal|p1a: Mendy|80/100|[from] move: Wish|[wisher] Mendy
|-weather|Sandstorm|[upkeep]
|-damage|p2a: Zapdos|82/100|[from] Sandstorm
|-heal|p2a: Zapdos|88/100|[from] item: Leftovers
|-heal|p1a: Mendy|87/100|[from] item: Leftovers
|upkeep
|turn|22
|
|t:|1730563943
|move|p2a: Zapdos|Thunder Wave|p1a: Mendy
|-status|p1a: Mendy|par
|move|p1a: Mendy|Body Slam|p2a: Zapdos
|-damage|p2a: Zapdos|64/100
|-status|p2a: Zapdos|par
|
|-weather|Sandstorm|[upkeep]
|-damage|p2a: Zapdos|58/100 par|[from] Sandstorm
|-heal|p2a: Zapdos|64/100 par|[from] item: Leftovers
|-heal|p1a: Mendy|93/100 par|[from] item: Leftovers
|upkeep
|turn|23
|
|t:|1730563963
|switch|p2a: Swampert|Swampert, F|100/100
|switch|p1a: Militao|Celebi|10/100
|
|-weather|Sandstorm|[upkeep]
|-damage|p1a: Militao|4/100|[from] Sandstorm
|-heal|p1a: Militao|10/100|[from] item: Leftovers
|upkeep
|turn|24
|
|t:|1730563981
|switch|p2a: Zapdos|Zapdos|64/100 par
|move|p1a: Militao|Hidden Power|p2a: Zapdos
|-resisted|p2a: Zapdos
|-damage|p2a: Zapdos|49/100 par
|
|-weather|Sandstorm|[upkeep]
|-damage|p1a: Militao|4/100|[from] Sandstorm
|-damage|p2a: Zapdos|43/100 par|[from] Sandstorm
|-heal|p1a: Militao|10/100|[from] item: Leftovers
|-heal|p2a: Zapdos|49/100 par|[from] item: Leftovers
|upkeep
|turn|25
|
|t:|1730563991
|move|p1a: Militao|Recover|p1a: Militao
|-heal|p1a: Militao|60/100
|move|p2a: Zapdos|Thunderbolt|p1a: Militao
|-resisted|p1a: Militao
|-damage|p1a: Militao|38/100
|
|-weather|Sandstorm|[upkeep]
|-damage|p1a: Militao|32/100|[from] Sandstorm
|-damage|p2a: Zapdos|43/100 par|[from] Sandstorm
|-heal|p1a: Militao|38/100|[from] item: Leftovers
|-heal|p2a: Zapdos|49/100 par|[from] item: Leftovers
|upkeep
|turn|26
|
|t:|1730564003
|switch|p2a: Dugtrio|Dugtrio, F|100/100
|move|p1a: Militao|Leech Seed|p2a: Dugtrio
|-start|p2a: Dugtrio|move: Leech Seed
|
|-weather|Sandstorm|[upkeep]
|-damage|p1a: Militao|32/100|[from] Sandstorm
|-damage|p2a: Dugtrio|88/100|[from] Leech Seed|[of] p1a: Militao
|-heal|p1a: Militao|40/100|[silent]
|-heal|p1a: Militao|46/100|[from] item: Leftovers
|upkeep
|turn|27
|
|t:|1730564013
|move|p2a: Dugtrio|Hidden Power|p1a: Militao
|-supereffective|p1a: Militao
|-damage|p1a: Militao|0 fnt
|faint|p1a: Militao
|
|t:|1730564018
|switch|p1a: Tchouameni|Moltres|63/100
|
|-weather|Sandstorm|[upkeep]
|-damage|p1a: Tchouameni|57/100|[from] Sandstorm
|-damage|p2a: Dugtrio|76/100|[from] Leech Seed|[of] p1a: Tchouameni
|-heal|p1a: Tchouameni|66/100|[silent]
|-heal|p1a: Tchouameni|72/100|[from] item: Leftovers
|upkeep
|turn|28
|
|t:|1730564037
|switch|p2a: Starmie|Starmie|74/100
|move|p1a: Tchouameni|Flamethrower|p2a: Starmie
|-resisted|p2a: Starmie
|-damage|p2a: Starmie|38/100
|
|-weather|Sandstorm|[upkeep]
|-damage|p2a: Starmie|32/100|[from] Sandstorm
|-damage|p1a: Tchouameni|66/100|[from] Sandstorm
|-heal|p2a: Starmie|38/100|[from] item: Leftovers
|-heal|p1a: Tchouameni|72/100|[from] item: Leftovers
|upkeep
|turn|29
|
|t:|1730564047
|switch|p1a: Mendy|Jirachi|93/100 par
|move|p2a: Starmie|Hydro Pump|p1a: Mendy
|-damage|p1a: Mendy|60/100 par
|
|-weather|Sandstorm|[upkeep]
|-damage|p2a: Starmie|32/100|[from] Sandstorm
|-heal|p2a: Starmie|38/100|[from] item: Leftovers
|-heal|p1a: Mendy|66/100 par|[from] item: Leftovers
|upkeep
|turn|30
|
|t:|1730564066
|switch|p2a: Zapdos|Zapdos|49/100 par
|move|p1a: Mendy|Wish|p1a: Mendy
|
|-weather|Sandstorm|[upkeep]
|-damage|p2a: Zapdos|43/100 par|[from] Sandstorm
|-heal|p2a: Zapdos|49/100 par|[from] item: Leftovers
|-heal|p1a: Mendy|72/100 par|[from] item: Leftovers
|upkeep
|turn|31
|
|t:|1730564073
|switch|p2a: Dugtrio|Dugtrio, F|76/100
|move|p1a: Mendy|Body Slam|p2a: Dugtrio
|-damage|p2a: Dugtrio|25/100
|
|-heal|p1a: Mendy|100/100 par|[from] move: Wish|[wisher] Mendy
|-weather|Sandstorm|[upkeep]
|upkeep
|turn|32
|
|t:|1730564082
|move|p2a: Dugtrio|Earthquake|p1a: Mendy
|-supereffective|p1a: Mendy
|-damage|p1a: Mendy|19/100 par
|move|p1a: Mendy|Body Slam|p2a: Dugtrio
|-damage|p2a: Dugtrio|0 fnt
|faint|p2a: Dugtrio
|inactive|Salty Lame-o has 270 seconds left.
|
|t:|1730564115
|switch|p2a: Starmie|Starmie|38/100
|
|-weather|Sandstorm|[upkeep]
|-damage|p2a: Starmie|32/100|[from] Sandstorm
|-heal|p2a: Starmie|38/100|[from] item: Leftovers
|-heal|p1a: Mendy|25/100 par|[from] item: Leftovers
|upkeep
|turn|33
|c|☆Kenma likes males|that
|c|☆Kenma likes males|is
|c|☆Kenma likes males|all she wrote
|c|☆Kenma likes males|gg
|
|t:|1730564127
|move|p1a: Mendy|Protect|p1a: Mendy
|-singleturn|p1a: Mendy|Protect
|move|p2a: Starmie|Thunderbolt|p1a: Mendy
|-activate|p1a: Mendy|Protect
|
|-weather|Sandstorm|[upkeep]
|-damage|p2a: Starmie|32/100|[from] Sandstorm
|-heal|p2a: Starmie|38/100|[from] item: Leftovers
|-heal|p1a: Mendy|31/100 par|[from] item: Leftovers
|upkeep
|turn|34
|inactive|Salty Lame-o has 270 seconds left.
|
|t:|1730564139
|cant|p1a: Mendy|par
|move|p2a: Starmie|Hydro Pump|p1a: Mendy
|-damage|p1a: Mendy|0 fnt
|faint|p1a: Mendy
|
|t:|1730564146
|switch|p1a: Rodrygo|Marowak, F, shiny|100/100
|
|-weather|Sandstorm|[upkeep]
|-damage|p2a: Starmie|32/100|[from] Sandstorm
|-heal|p2a: Starmie|38/100|[from] item: Leftovers
|upkeep
|turn|35
|
|t:|1730564154
|move|p2a: Starmie|Ice Beam|p1a: Rodrygo
|-supereffective|p1a: Rodrygo
|-damage|p1a: Rodrygo|19/100
|move|p1a: Rodrygo|Earthquake|p2a: Starmie
|-damage|p2a: Starmie|0 fnt
|faint|p2a: Starmie
|
|t:|1730564161
|switch|p2a: Swampert|Swampert, F|100/100
|
|-weather|Sandstorm|[upkeep]
|upkeep
|turn|36
|
|t:|1730564169
|move|p1a: Rodrygo|Earthquake|p2a: Swampert
|-damage|p2a: Swampert|53/100
|move|p2a: Swampert|Ice Beam|p1a: Rodrygo
|-supereffective|p1a: Rodrygo
|-damage|p1a: Rodrygo|0 fnt
|faint|p1a: Rodrygo
|
|t:|1730564172
|switch|p1a: Tchouameni|Moltres|72/100
|
|-weather|Sandstorm|[upkeep]
|-damage|p1a: Tchouameni|66/100|[from] Sandstorm
|-heal|p1a: Tchouameni|72/100|[from] item: Leftovers
|-heal|p2a: Swampert|59/100|[from] item: Leftovers
|upkeep
|turn|37
|
|t:|1730564181
|move|p2a: Swampert|Protect|p2a: Swampert
|-singleturn|p2a: Swampert|Protect
|move|p1a: Tchouameni|Flamethrower|p2a: Swampert
|-activate|p2a: Swampert|Protect
|
|-weather|Sandstorm|[upkeep]
|-damage|p1a: Tchouameni|66/100|[from] Sandstorm
|-heal|p1a: Tchouameni|72/100|[from] item: Leftovers
|-heal|p2a: Swampert|66/100|[from] item: Leftovers
|upkeep
|turn|38
|
|t:|1730564190
|move|p1a: Tchouameni|Flamethrower|p2a: Swampert
|-resisted|p2a: Swampert
|-damage|p2a: Swampert|46/100
|move|p2a: Swampert|Hydro Pump|p1a: Tchouameni
|-supereffective|p1a: Tchouameni
|-damage|p1a: Tchouameni|0 fnt
|faint|p1a: Tchouameni
|
|win|Salty Lame-o
|c|☆Kenma likes males|i was hp ice
|c|☆Salty Lame-o|ggs
|c|☆Salty Lame-o|oh i was scared of grass the whole time
|c|☆Kenma likes males|yeah i was hp grass zapdos
|c|☆Kenma likes males|i knew i would lose today i had a feeling plus all day was unlucky
|c|☆Salty Lame-o|ahh sorry to hear that
|c|☆Kenma likes males|ggs man hope i see you in the finals
|c|☆Salty Lame-o|thanks man
|c|☆Salty Lame-o|ggs

</script>
<script type="application/json" class="data" id="replaydata-smogtours-gen3ou-803955">
{"id":"smogtours-gen3ou-803955","format":"[Gen 3] OU","players":["Kenma likes males","Salty Lame-o"],"uploadtime":1730564190,"views":105,"formatid":"gen3ou","rating":null,"private":0,"password":null}
</script>

<script defer src="js/replays.js?9d40a366"></script>
