<!DOCTYPE html>
<meta charset="utf-8" />
<meta name="viewport" content="width=device-width" />

<title>[Gen 3] OU: crab person vs. leoperi99 - Replays - Pok&eacute;mon Showdown!</title>

<meta name="description" content="Watch a replay of a Pok&eacute;mon battle between crab person and leoperi99! Format: [Gen 3] OU; Date: Nov 8, 2024" />
<!--

Hey, you! Looking in the source for the replay log?

You can find them in JSON format, just add `.json` at the end of a replay URL.

https://replay.pokemonshowdown.com/gen7randomdoublesbattle-865046831.json

Or, if you only need the log itself, add `.log` instead:

https://replay.pokemonshowdown.com/gen7randomdoublesbattle-865046831.log

-->

<link rel="stylesheet" href="//pokemonshowdown.com/style/global.css?0.023195364461161105" />
<link rel="stylesheet" href="//play.pokemonshowdown.com/style/font-awesome.css?0.13261647063804238" />
<link rel="stylesheet" href="//play.pokemonshowdown.com/style/battle.css?0.8753245789963631" />
<link rel="stylesheet" href="//play.pokemonshowdown.com/style/utilichart.css?0.8627959624976733" />

<!-- Global site tag (gtag.js) - Google Analytics -->
<script async src="https://www.googletagmanager.com/gtag/js?id=UA-26211653-1"></script>
<script>
  window.dataLayer = window.dataLayer || [];
  function gtag(){dataLayer.push(arguments);}
  gtag('js', new Date());

  gtag('config', 'UA-26211653-1');
</script>
<!-- End Google Analytics -->
<!-- Venatus Ad Manager - Install in <HEAD> of page -->
	<script src="https://hb.vntsm.com/v3/live/ad-manager.min.js" type="text/javascript" data-site-id="642aba63ec9a7b11c3c9c1be" data-mode="scan" async></script>
<!-- / Venatus Ad Manager -->

<style>
	@media (max-width:820px) {
		.battle {
			margin: 0 auto;
		}
		.battle-log {
			margin: 7px auto 0;
			max-width: 640px;
			height: 300px;
			position: static;
		}
	}
	.optgroup {
		display: inline-block;
		line-height: 22px;
		font-size: 10pt;
	}
	.optgroup .button {
		height: 25px;
		padding-top: 0;
		padding-bottom: 0;
	}
	.optgroup button.button {
		padding-left: 12px;
		padding-right: 12px;
	}
	.linklist {
		list-style: none;
		margin: 0.5em 0;
		padding: 0;
	}
	.linklist li {
		padding: 2px 0;
	}
	.sidebar {
		float: left;
		width: 320px;
	}
	.bar-wrapper {
		max-width: 1100px;
		margin: 0 auto;
	}
	.bar-wrapper.has-sidebar {
		max-width: 1430px;
	}
	.mainbar {
		margin: 0;
		padding-right: 1px;
	}
	.mainbar.has-sidebar {
		margin-left: 330px;
	}
	@media (min-width: 1511px) {
		.sidebar {
			width: 400px;
		}
		.bar-wrapper.has-sidebar {
			max-width: 1510px;
		}
		.mainbar.has-sidebar {
			margin-left: 410px;
		}
	}
	.section.first-section {
		margin-top: 9px;
	}
	.blocklink small {
		white-space: normal;
	}
	.button {
		vertical-align: middle;
	}
	.replay-controls {
		padding-top: 10px;
	}
	.replay-controls h1 {
		font-size: 16pt;
		font-weight: normal;
		color: #CCC;
	}
	.pagelink {
		text-align: center;
	}
	.pagelink a {
		width: 150px;
	}
	.textbox, .button {
		font-size: 11pt;
		vertical-align: middle;
	}
	@media (max-width: 450px) {
		.button {
			font-size: 9pt;
		}
	}
</style>

<div>

	<header>
		<div class="nav-wrapper"><ul class="nav">
			<li><a class="button nav-first" href="//pokemonshowdown.com/"><img src="//pokemonshowdown.com/images/pokemonshowdownbeta.png" srcset="//pokemonshowdown.com/images/pokemonshowdownbeta.png 1x, //pokemonshowdown.com/images/pokemonshowdownbeta@2x.png 2x" alt="Pok&eacute;mon Showdown" width="146" height="44" /> Home</a></li>
			<li><a class="button" href="//pokemonshowdown.com/dex/">Pok&eacute;dex</a></li>
			<li><a class="button cur" href="/">Replays</a></li>
			<li><a class="button" href="//pokemonshowdown.com/ladder/">Ladder</a></li>
			<li><a class="button nav-last" href="//pokemonshowdown.com/forums/">Forum</a></li>
			<li><a class="button greenbutton nav-first nav-last" href="//play.pokemonshowdown.com/">Play</a></li>
		</ul></div>
	</header>

	<div class="main" id="main">

		<noscript><section class="section">You need to enable JavaScript to use this page; sorry!</section></noscript>

	</div>

</div>

<script defer nomodule src="//play.pokemonshowdown.com/js/lib/ps-polyfill.js"></script>
<script defer src="//play.pokemonshowdown.com/js/lib/preact.min.js"></script>

<script defer src="//play.pokemonshowdown.com/config/config.js?2bddbc15"></script>
<script defer src="//play.pokemonshowdown.com/js/lib/jquery-1.11.0.min.js"></script>
<script defer src="//play.pokemonshowdown.com/js/lib/html-sanitizer-minified.js"></script>
<script defer src="//play.pokemonshowdown.com/js/battle-sound.js"></script>
<script defer src="//play.pokemonshowdown.com/js/battledata.js?0.7209276989879541"></script>
<script defer src="//play.pokemonshowdown.com/data/pokedex-mini.js?0.6111056340867951"></script>
<script defer src="//play.pokemonshowdown.com/data/pokedex-mini-bw.js?0.3532142036491459"></script>
<script defer src="//play.pokemonshowdown.com/data/graphics.js?0.24223875632456182"></script>
<script defer src="//play.pokemonshowdown.com/data/pokedex.js?0.38839984266356864"></script>
<script defer src="//play.pokemonshowdown.com/data/moves.js?0.21866028504024015"></script>
<script defer src="//play.pokemonshowdown.com/data/abilities.js?0.2005157953846628"></script>
<script defer src="//play.pokemonshowdown.com/data/items.js?0.9894211263848525"></script>
<script defer src="//play.pokemonshowdown.com/data/teambuilder-tables.js?0.6008791140282215"></script>
<script defer src="//play.pokemonshowdown.com/js/battle-tooltips.js?0.7580118955022959"></script>
<script defer src="//play.pokemonshowdown.com/js/battle.js?0.6057722274234274"></script>

<script defer src="js/utils.js?e31f9a17"></script>
<script defer src="js/replays-battle.js?7008c182"></script>

<!-- don't scrape this data! just add .json or .log after the URL!
Full API docs: https://github.com/smogon/pokemon-showdown-client/blob/master/WEB-API.md -->
<script type="text/plain" class="log" id="replaylog-smogtours-gen3ou-805242">
|inactive|Battle timer is ON: inactive players will automatically lose when time's up.
|t:|1731087840
|gametype|singles
|player|p1|crab person|flint|
|player|p2|leoperi99|hala|
|teamsize|p1|6
|teamsize|p2|6
|gen|3
|tier|[Gen 3] OU
|rule|Sleep Clause Mod: Limit one foe put to sleep
|rule|Switch Priority Clause Mod: Faster Pokémon switch first
|rule|Species Clause: Limit one of each Pokémon
|rule|OHKO Clause: OHKO moves are banned
|rule|Evasion Items Clause: Evasion items are banned
|rule|Evasion Moves Clause: Evasion moves are banned
|rule|Endless Battle Clause: Forcing endless battles is banned
|rule|HP Percentage Mod: HP is shown in percentages
|rule|One Boost Passer Clause: Limit one Baton Passer that has a way to boost its stats
|rule|Freeze Clause Mod: Limit one foe frozen
|
|t:|1731087840
|start
|switch|p1a: Matchmech Circular|Metagross, shiny|100/100
|switch|p2a: Tyranitar|Tyranitar, F|100/100
|-weather|Sandstorm|[from] ability: Sand Stream|[of] p2a: Tyranitar
|turn|1
|c|☆leoperi99|glhf
|c|☆crab person|glhf
|
|t:|1731087860
|switch|p2a: Skarmory|Skarmory, F|100/100
|move|p1a: Matchmech Circular|Meteor Mash|p2a: Skarmory|[miss]
|-miss|p1a: Matchmech Circular|p2a: Skarmory
|
|-weather|Sandstorm|[upkeep]
|upkeep
|turn|2
|
|t:|1731087869
|switch|p2a: Swampert|Swampert, F|100/100
|move|p1a: Matchmech Circular|Meteor Mash|p2a: Swampert
|-resisted|p2a: Swampert
|-damage|p2a: Swampert|71/100
|
|-weather|Sandstorm|[upkeep]
|-heal|p2a: Swampert|77/100|[from] item: Leftovers
|upkeep
|turn|3
|
|t:|1731087894
|switch|p1a: Cloudian Nimbusman|Weezing, F, shiny|100/100
|move|p2a: Swampert|Protect||[still]
|-fail|p2a: Swampert
|
|-weather|Sandstorm|[upkeep]
|-damage|p1a: Cloudian Nimbusman|95/100|[from] Sandstorm
|-heal|p1a: Cloudian Nimbusman|100/100|[from] item: Leftovers
|-heal|p2a: Swampert|84/100|[from] item: Leftovers
|upkeep
|turn|4
|
|t:|1731087899
|move|p2a: Swampert|Protect|p2a: Swampert
|-singleturn|p2a: Swampert|Protect
|move|p1a: Cloudian Nimbusman|Will-O-Wisp|p2a: Swampert
|-activate|p2a: Swampert|Protect
|
|-weather|Sandstorm|[upkeep]
|-damage|p1a: Cloudian Nimbusman|95/100|[from] Sandstorm
|-heal|p1a: Cloudian Nimbusman|100/100|[from] item: Leftovers
|-heal|p2a: Swampert|90/100|[from] item: Leftovers
|upkeep
|turn|5
|
|t:|1731087920
|switch|p2a: Moltres|Moltres|100/100
|move|p1a: Cloudian Nimbusman|Will-O-Wisp|p2a: Moltres
|-immune|p2a: Moltres
|
|-weather|Sandstorm|[upkeep]
|-damage|p2a: Moltres|94/100|[from] Sandstorm
|-damage|p1a: Cloudian Nimbusman|95/100|[from] Sandstorm
|-heal|p2a: Moltres|100/100|[from] item: Leftovers
|-heal|p1a: Cloudian Nimbusman|100/100|[from] item: Leftovers
|upkeep
|turn|6
|
|t:|1731087925
|switch|p1a: Marshmelon|Blissey, F|100/100
|move|p2a: Moltres|Will-O-Wisp|p1a: Marshmelon
|-status|p1a: Marshmelon|brn
|
|-weather|Sandstorm|[upkeep]
|-damage|p2a: Moltres|94/100|[from] Sandstorm
|-damage|p1a: Marshmelon|94/100 brn|[from] Sandstorm
|-heal|p2a: Moltres|100/100|[from] item: Leftovers
|-heal|p1a: Marshmelon|100/100 brn|[from] item: Leftovers
|-damage|p1a: Marshmelon|88/100 brn|[from] brn
|upkeep
|turn|7
|
|t:|1731087935
|switch|p2a: Skarmory|Skarmory, F|100/100
|move|p1a: Marshmelon|Wish|p1a: Marshmelon
|
|-weather|Sandstorm|[upkeep]
|-damage|p1a: Marshmelon|82/100 brn|[from] Sandstorm
|-heal|p1a: Marshmelon|88/100 brn|[from] item: Leftovers
|-damage|p1a: Marshmelon|76/100 brn|[from] brn
|upkeep
|turn|8
|
|t:|1731087940
|-curestatus|p1a: Marshmelon|brn|[from] ability: Natural Cure
|switch|p1a: Mistar Boy|Starmie, shiny|100/100
|move|p2a: Skarmory|Spikes|p1a: Mistar Boy
|-sidestart|p1: crab person|Spikes
|
|-weather|Sandstorm|[upkeep]
|-damage|p1a: Mistar Boy|94/100|[from] Sandstorm
|-heal|p1a: Mistar Boy|100/100|[from] item: Leftovers
|upkeep
|turn|9
|
|t:|1731087943
|move|p1a: Mistar Boy|Hydro Pump|p2a: Skarmory
|-damage|p2a: Skarmory|50/100
|move|p2a: Skarmory|Toxic|p1a: Mistar Boy
|-status|p1a: Mistar Boy|tox
|
|-weather|Sandstorm|[upkeep]
|-damage|p1a: Mistar Boy|94/100 tox|[from] Sandstorm
|-heal|p1a: Mistar Boy|100/100 tox|[from] item: Leftovers
|-damage|p1a: Mistar Boy|94/100 tox|[from] psn
|-heal|p2a: Skarmory|56/100|[from] item: Leftovers
|upkeep
|turn|10
|
|t:|1731087948
|move|p2a: Skarmory|Protect|p2a: Skarmory
|-singleturn|p2a: Skarmory|Protect
|move|p1a: Mistar Boy|Rapid Spin|p2a: Skarmory
|-activate|p2a: Skarmory|Protect
|
|-weather|Sandstorm|[upkeep]
|-damage|p1a: Mistar Boy|88/100 tox|[from] Sandstorm
|-heal|p1a: Mistar Boy|94/100 tox|[from] item: Leftovers
|-damage|p1a: Mistar Boy|82/100 tox|[from] psn
|-heal|p2a: Skarmory|62/100|[from] item: Leftovers
|upkeep
|turn|11
|
|t:|1731087955
|move|p2a: Skarmory|Protect|p2a: Skarmory
|-singleturn|p2a: Skarmory|Protect
|move|p1a: Mistar Boy|Thunderbolt|p2a: Skarmory
|-activate|p2a: Skarmory|Protect
|
|-weather|Sandstorm|[upkeep]
|-damage|p1a: Mistar Boy|76/100 tox|[from] Sandstorm
|-heal|p1a: Mistar Boy|82/100 tox|[from] item: Leftovers
|-damage|p1a: Mistar Boy|64/100 tox|[from] psn
|-heal|p2a: Skarmory|68/100|[from] item: Leftovers
|upkeep
|turn|12
|
|t:|1731087960
|-curestatus|p1a: Mistar Boy|tox|[from] ability: Natural Cure
|switch|p1a: Marshmelon|Blissey, F|76/100
|-damage|p1a: Marshmelon|63/100|[from] Spikes
|switch|p2a: Gengar|Gengar, M|100/100
|
|-weather|Sandstorm|[upkeep]
|-damage|p2a: Gengar|95/100|[from] Sandstorm
|-damage|p1a: Marshmelon|57/100|[from] Sandstorm
|-heal|p2a: Gengar|100/100|[from] item: Leftovers
|-heal|p1a: Marshmelon|63/100|[from] item: Leftovers
|upkeep
|turn|13
|
|t:|1731087965
|move|p2a: Gengar|Taunt|p1a: Marshmelon
|-start|p1a: Marshmelon|move: Taunt
|move|p1a: Marshmelon|Ice Beam|p2a: Gengar
|-crit|p2a: Gengar
|-damage|p2a: Gengar|59/100
|
|-weather|Sandstorm|[upkeep]
|-damage|p2a: Gengar|53/100|[from] Sandstorm
|-damage|p1a: Marshmelon|57/100|[from] Sandstorm
|-heal|p2a: Gengar|59/100|[from] item: Leftovers
|-heal|p1a: Marshmelon|63/100|[from] item: Leftovers
|upkeep
|turn|14
|
|t:|1731087968
|move|p2a: Gengar|Will-O-Wisp|p1a: Marshmelon|[miss]
|-miss|p2a: Gengar|p1a: Marshmelon
|move|p1a: Marshmelon|Thunderbolt|p2a: Gengar
|-damage|p2a: Gengar|39/100
|
|-weather|Sandstorm|[upkeep]
|-damage|p2a: Gengar|33/100|[from] Sandstorm
|-damage|p1a: Marshmelon|57/100|[from] Sandstorm
|-heal|p2a: Gengar|39/100|[from] item: Leftovers
|-heal|p1a: Marshmelon|63/100|[from] item: Leftovers
|-end|p1a: Marshmelon|move: Taunt|[silent]
|upkeep
|turn|15
|
|t:|1731087977
|move|p2a: Gengar|Taunt|p1a: Marshmelon
|-start|p1a: Marshmelon|move: Taunt
|cant|p1a: Marshmelon|move: Taunt|Wish
|
|-weather|Sandstorm|[upkeep]
|-damage|p2a: Gengar|33/100|[from] Sandstorm
|-damage|p1a: Marshmelon|57/100|[from] Sandstorm
|-heal|p2a: Gengar|39/100|[from] item: Leftovers
|-heal|p1a: Marshmelon|63/100|[from] item: Leftovers
|upkeep
|turn|16
|
|t:|1731087980
|move|p2a: Gengar|Will-O-Wisp|p1a: Marshmelon|[miss]
|-miss|p2a: Gengar|p1a: Marshmelon
|move|p1a: Marshmelon|Ice Beam|p2a: Gengar
|-damage|p2a: Gengar|17/100
|
|-weather|Sandstorm|[upkeep]
|-damage|p2a: Gengar|11/100|[from] Sandstorm
|-damage|p1a: Marshmelon|57/100|[from] Sandstorm
|-heal|p2a: Gengar|17/100|[from] item: Leftovers
|-heal|p1a: Marshmelon|63/100|[from] item: Leftovers
|-end|p1a: Marshmelon|move: Taunt|[silent]
|upkeep
|turn|17
|
|t:|1731087986
|move|p2a: Gengar|Destiny Bond|p2a: Gengar
|-singlemove|p2a: Gengar|Destiny Bond
|move|p1a: Marshmelon|Ice Beam|p2a: Gengar
|-damage|p2a: Gengar|0 fnt
|faint|p2a: Gengar
|-activate|p2a: Gengar|move: Destiny Bond
|faint|p1a: Marshmelon
|
|t:|1731088002
|switch|p2a: Moltres|Moltres|100/100
|switch|p1a: Sting Lancer|Flygon, F|100/100
|
|-weather|Sandstorm|[upkeep]
|-damage|p2a: Moltres|94/100|[from] Sandstorm
|-heal|p2a: Moltres|100/100|[from] item: Leftovers
|upkeep
|turn|18
|
|t:|1731088007
|switch|p2a: Swampert|Swampert, F|90/100
|move|p1a: Sting Lancer|Rock Slide|p2a: Swampert
|-resisted|p2a: Swampert
|-damage|p2a: Swampert|77/100
|
|-weather|Sandstorm|[upkeep]
|-heal|p2a: Swampert|83/100|[from] item: Leftovers
|upkeep
|turn|19
|
|t:|1731088013
|switch|p1a: Cloudian Nimbusman|Weezing, F, shiny|100/100
|move|p2a: Swampert|Ice Beam|p1a: Cloudian Nimbusman
|-damage|p1a: Cloudian Nimbusman|81/100
|
|-weather|Sandstorm|[upkeep]
|-damage|p1a: Cloudian Nimbusman|75/100|[from] Sandstorm
|-heal|p1a: Cloudian Nimbusman|81/100|[from] item: Leftovers
|-heal|p2a: Swampert|90/100|[from] item: Leftovers
|upkeep
|turn|20
|
|t:|1731088016
|move|p2a: Swampert|Protect|p2a: Swampert
|-singleturn|p2a: Swampert|Protect
|move|p1a: Cloudian Nimbusman|Will-O-Wisp|p2a: Swampert
|-activate|p2a: Swampert|Protect
|
|-weather|Sandstorm|[upkeep]
|-damage|p1a: Cloudian Nimbusman|75/100|[from] Sandstorm
|-heal|p1a: Cloudian Nimbusman|81/100|[from] item: Leftovers
|-heal|p2a: Swampert|96/100|[from] item: Leftovers
|upkeep
|turn|21
|
|t:|1731088019
|switch|p2a: Moltres|Moltres|100/100
|move|p1a: Cloudian Nimbusman|Explosion|p2a: Moltres
|-damage|p2a: Moltres|0 fnt
|faint|p1a: Cloudian Nimbusman
|faint|p2a: Moltres
|
|t:|1731088026
|switch|p2a: Blissey|Blissey, F|100/100
|switch|p1a: Matchmech Circular|Metagross, shiny|100/100
|-damage|p1a: Matchmech Circular|88/100|[from] Spikes
|
|-weather|Sandstorm|[upkeep]
|-damage|p2a: Blissey|94/100|[from] Sandstorm
|-heal|p2a: Blissey|100/100|[from] item: Leftovers
|upkeep
|turn|22
|
|t:|1731088029
|switch|p2a: Skarmory|Skarmory, F|68/100
|move|p1a: Matchmech Circular|Meteor Mash|p2a: Skarmory|[miss]
|-miss|p1a: Matchmech Circular|p2a: Skarmory
|
|-weather|Sandstorm|[upkeep]
|-heal|p2a: Skarmory|74/100|[from] item: Leftovers
|upkeep
|turn|23
|
|t:|1731088033
|move|p1a: Matchmech Circular|Meteor Mash|p2a: Skarmory|[miss]
|-miss|p1a: Matchmech Circular|p2a: Skarmory
|move|p2a: Skarmory|Roar|p1a: Matchmech Circular
|drag|p1a: Mistar Boy|Starmie, shiny|64/100
|-damage|p1a: Mistar Boy|51/100|[from] Spikes
|
|-weather|Sandstorm|[upkeep]
|-damage|p1a: Mistar Boy|45/100|[from] Sandstorm
|-heal|p1a: Mistar Boy|51/100|[from] item: Leftovers
|-heal|p2a: Skarmory|80/100|[from] item: Leftovers
|upkeep
|turn|24
|
|t:|1731088037
|switch|p2a: Blissey|Blissey, F|100/100
|move|p1a: Mistar Boy|Rapid Spin|p2a: Blissey
|-damage|p2a: Blissey|98/100
|-sideend|p1: crab person|Spikes|[from] move: Rapid Spin|[of] p1a: Mistar Boy
|
|-weather|Sandstorm|[upkeep]
|-damage|p1a: Mistar Boy|45/100|[from] Sandstorm
|-damage|p2a: Blissey|92/100|[from] Sandstorm
|-heal|p1a: Mistar Boy|51/100|[from] item: Leftovers
|-heal|p2a: Blissey|98/100|[from] item: Leftovers
|upkeep
|turn|25
|
|t:|1731088042
|switch|p1a: E.V.A|Jirachi|100/100
|move|p2a: Blissey|Fire Blast|p1a: E.V.A
|-supereffective|p1a: E.V.A
|-damage|p1a: E.V.A|42/100
|
|-weather|Sandstorm|[upkeep]
|-damage|p2a: Blissey|92/100|[from] Sandstorm
|-heal|p1a: E.V.A|48/100|[from] item: Leftovers
|-heal|p2a: Blissey|98/100|[from] item: Leftovers
|upkeep
|turn|26
|
|t:|1731088051
|switch|p1a: Matchmech Circular|Metagross, shiny|88/100
|move|p2a: Blissey|Fire Blast|p1a: Matchmech Circular|[miss]
|-miss|p2a: Blissey|p1a: Matchmech Circular
|
|-weather|Sandstorm|[upkeep]
|-damage|p2a: Blissey|92/100|[from] Sandstorm
|-heal|p2a: Blissey|98/100|[from] item: Leftovers
|upkeep
|turn|27
|
|t:|1731088066
|switch|p2a: Swampert|Swampert, F|96/100
|move|p1a: Matchmech Circular|Meteor Mash|p2a: Swampert
|-resisted|p2a: Swampert
|-damage|p2a: Swampert|65/100
|
|-weather|Sandstorm|[upkeep]
|-heal|p2a: Swampert|71/100|[from] item: Leftovers
|upkeep
|turn|28
|
|t:|1731088071
|switch|p1a: Sting Lancer|Flygon, F|100/100
|move|p2a: Swampert|Hydro Pump|p1a: Sting Lancer|[miss]
|-miss|p2a: Swampert|p1a: Sting Lancer
|
|-weather|Sandstorm|[upkeep]
|-heal|p2a: Swampert|77/100|[from] item: Leftovers
|upkeep
|turn|29
|
|t:|1731088075
|move|p1a: Sting Lancer|Earthquake|p2a: Swampert
|-damage|p2a: Swampert|31/100
|move|p2a: Swampert|Ice Beam|p1a: Sting Lancer
|-supereffective|p1a: Sting Lancer
|-damage|p1a: Sting Lancer|0 fnt
|faint|p1a: Sting Lancer
|
|t:|1731088077
|switch|p1a: Mistar Boy|Starmie, shiny|51/100
|
|-weather|Sandstorm|[upkeep]
|-damage|p1a: Mistar Boy|45/100|[from] Sandstorm
|-heal|p1a: Mistar Boy|51/100|[from] item: Leftovers
|-heal|p2a: Swampert|37/100|[from] item: Leftovers
|upkeep
|turn|30
|
|t:|1731088083
|switch|p1a: E.V.A|Jirachi|48/100
|move|p2a: Swampert|Protect||[still]
|-fail|p2a: Swampert
|
|-weather|Sandstorm|[upkeep]
|-heal|p1a: E.V.A|54/100|[from] item: Leftovers
|-heal|p2a: Swampert|43/100|[from] item: Leftovers
|upkeep
|turn|31
|
|t:|1731088087
|switch|p2a: Blissey|Blissey, F|98/100
|move|p1a: E.V.A|Psychic|p2a: Blissey
|-damage|p2a: Blissey|83/100
|
|-weather|Sandstorm|[upkeep]
|-damage|p2a: Blissey|77/100|[from] Sandstorm
|-heal|p1a: E.V.A|60/100|[from] item: Leftovers
|-heal|p2a: Blissey|83/100|[from] item: Leftovers
|upkeep
|turn|32
|
|t:|1731088090
|move|p1a: E.V.A|Substitute|p1a: E.V.A
|-start|p1a: E.V.A|Substitute
|-damage|p1a: E.V.A|35/100
|move|p2a: Blissey|Fire Blast|p1a: E.V.A
|-supereffective|p1a: E.V.A
|-end|p1a: E.V.A|Substitute
|
|-weather|Sandstorm|[upkeep]
|-damage|p2a: Blissey|77/100|[from] Sandstorm
|-heal|p1a: E.V.A|41/100|[from] item: Leftovers
|-heal|p2a: Blissey|83/100|[from] item: Leftovers
|upkeep
|turn|33
|
|t:|1731088095
|move|p1a: E.V.A|Substitute|p1a: E.V.A
|-start|p1a: E.V.A|Substitute
|-damage|p1a: E.V.A|16/100
|move|p2a: Blissey|Fire Blast|p1a: E.V.A
|-supereffective|p1a: E.V.A
|-end|p1a: E.V.A|Substitute
|
|-weather|Sandstorm|[upkeep]
|-damage|p2a: Blissey|77/100|[from] Sandstorm
|-heal|p1a: E.V.A|23/100|[from] item: Leftovers
|-heal|p2a: Blissey|83/100|[from] item: Leftovers
|upkeep
|turn|34
|
|t:|1731088099
|switch|p1a: Matchmech Circular|Metagross, shiny|88/100
|move|p2a: Blissey|Fire Blast|p1a: Matchmech Circular
|-supereffective|p1a: Matchmech Circular
|-damage|p1a: Matchmech Circular|20/100
|
|-weather|Sandstorm|[upkeep]
|-damage|p2a: Blissey|77/100|[from] Sandstorm
|-heal|p2a: Blissey|83/100|[from] item: Leftovers
|upkeep
|turn|35
|
|t:|1731088104
|switch|p2a: Skarmory|Skarmory, F|80/100
|move|p1a: Matchmech Circular|Explosion|p2a: Skarmory
|-resisted|p2a: Skarmory
|-damage|p2a: Skarmory|0 fnt
|faint|p1a: Matchmech Circular
|faint|p2a: Skarmory
|c|☆crab person|gg
|c|☆crab person|think you got me
|
|t:|1731088124
|switch|p1a: E.V.A|Jirachi|23/100
|switch|p2a: Blissey|Blissey, F|83/100
|
|-weather|Sandstorm|[upkeep]
|-damage|p2a: Blissey|77/100|[from] Sandstorm
|-heal|p1a: E.V.A|29/100|[from] item: Leftovers
|-heal|p2a: Blissey|83/100|[from] item: Leftovers
|upkeep
|turn|36
|
|t:|1731088128
|move|p1a: E.V.A|Calm Mind|p1a: E.V.A
|-boost|p1a: E.V.A|spa|1
|-boost|p1a: E.V.A|spd|1
|move|p2a: Blissey|Fire Blast|p1a: E.V.A
|-supereffective|p1a: E.V.A
|-damage|p1a: E.V.A|0 fnt
|faint|p1a: E.V.A
|
|t:|1731088131
|switch|p1a: Mistar Boy|Starmie, shiny|51/100
|
|-weather|Sandstorm|[upkeep]
|-damage|p1a: Mistar Boy|45/100|[from] Sandstorm
|-damage|p2a: Blissey|77/100|[from] Sandstorm
|-heal|p1a: Mistar Boy|51/100|[from] item: Leftovers
|-heal|p2a: Blissey|83/100|[from] item: Leftovers
|upkeep
|turn|37
|c|☆leoperi99|yep
|c|☆leoperi99|gg
|-message|crab person forfeited.
|
|win|leoperi99

</script>
<script type="application/json" class="data" id="replaydata-smogtours-gen3ou-805242">
{"id":"smogtours-gen3ou-805242","format":"[Gen 3] OU","players":["crab person","leoperi99"],"uploadtime":1731088136,"views":45,"formatid":"gen3ou","rating":null,"private":0,"password":null}
</script>

<script defer src="js/replays.js?9d40a366"></script>
