<!DOCTYPE html>
<meta charset="utf-8" />
<meta name="viewport" content="width=device-width" />

<title>[Gen 3] OU: kingofironfrisk vs. Rovels - Replays - Pok&eacute;mon Showdown!</title>

<meta name="description" content="Watch a replay of a Pok&eacute;mon battle between kingofironfrisk and Rovels! Format: [Gen 3] OU; Date: Oct 23, 2024" />
<!--

Hey, you! Looking in the source for the replay log?

You can find them in JSON format, just add `.json` at the end of a replay URL.

https://replay.pokemonshowdown.com/gen7randomdoublesbattle-865046831.json

Or, if you only need the log itself, add `.log` instead:

https://replay.pokemonshowdown.com/gen7randomdoublesbattle-865046831.log

-->

<link rel="stylesheet" href="//pokemonshowdown.com/style/global.css?0.023195364461161105" />
<link rel="stylesheet" href="//play.pokemonshowdown.com/style/font-awesome.css?0.13261647063804238" />
<link rel="stylesheet" href="//play.pokemonshowdown.com/style/battle.css?0.8753245789963631" />
<link rel="stylesheet" href="//play.pokemonshowdown.com/style/utilichart.css?0.8627959624976733" />

<!-- Global site tag (gtag.js) - Google Analytics -->
<script async src="https://www.googletagmanager.com/gtag/js?id=UA-26211653-1"></script>
<script>
  window.dataLayer = window.dataLayer || [];
  function gtag(){dataLayer.push(arguments);}
  gtag('js', new Date());

  gtag('config', 'UA-26211653-1');
</script>
<!-- End Google Analytics -->
<!-- Venatus Ad Manager - Install in <HEAD> of page -->
	<script src="https://hb.vntsm.com/v3/live/ad-manager.min.js" type="text/javascript" data-site-id="642aba63ec9a7b11c3c9c1be" data-mode="scan" async></script>
<!-- / Venatus Ad Manager -->

<style>
	@media (max-width:820px) {
		.battle {
			margin: 0 auto;
		}
		.battle-log {
			margin: 7px auto 0;
			max-width: 640px;
			height: 300px;
			position: static;
		}
	}
	.optgroup {
		display: inline-block;
		line-height: 22px;
		font-size: 10pt;
	}
	.optgroup .button {
		height: 25px;
		padding-top: 0;
		padding-bottom: 0;
	}
	.optgroup button.button {
		padding-left: 12px;
		padding-right: 12px;
	}
	.linklist {
		list-style: none;
		margin: 0.5em 0;
		padding: 0;
	}
	.linklist li {
		padding: 2px 0;
	}
	.sidebar {
		float: left;
		width: 320px;
	}
	.bar-wrapper {
		max-width: 1100px;
		margin: 0 auto;
	}
	.bar-wrapper.has-sidebar {
		max-width: 1430px;
	}
	.mainbar {
		margin: 0;
		padding-right: 1px;
	}
	.mainbar.has-sidebar {
		margin-left: 330px;
	}
	@media (min-width: 1511px) {
		.sidebar {
			width: 400px;
		}
		.bar-wrapper.has-sidebar {
			max-width: 1510px;
		}
		.mainbar.has-sidebar {
			margin-left: 410px;
		}
	}
	.section.first-section {
		margin-top: 9px;
	}
	.blocklink small {
		white-space: normal;
	}
	.button {
		vertical-align: middle;
	}
	.replay-controls {
		padding-top: 10px;
	}
	.replay-controls h1 {
		font-size: 16pt;
		font-weight: normal;
		color: #CCC;
	}
	.pagelink {
		text-align: center;
	}
	.pagelink a {
		width: 150px;
	}
	.textbox, .button {
		font-size: 11pt;
		vertical-align: middle;
	}
	@media (max-width: 450px) {
		.button {
			font-size: 9pt;
		}
	}
</style>

<div>

	<header>
		<div class="nav-wrapper"><ul class="nav">
			<li><a class="button nav-first" href="//pokemonshowdown.com/"><img src="//pokemonshowdown.com/images/pokemonshowdownbeta.png" srcset="//pokemonshowdown.com/images/pokemonshowdownbeta.png 1x, //pokemonshowdown.com/images/pokemonshowdownbeta@2x.png 2x" alt="Pok&eacute;mon Showdown" width="146" height="44" /> Home</a></li>
			<li><a class="button" href="//pokemonshowdown.com/dex/">Pok&eacute;dex</a></li>
			<li><a class="button cur" href="/">Replays</a></li>
			<li><a class="button" href="//pokemonshowdown.com/ladder/">Ladder</a></li>
			<li><a class="button nav-last" href="//pokemonshowdown.com/forums/">Forum</a></li>
			<li><a class="button greenbutton nav-first nav-last" href="//play.pokemonshowdown.com/">Play</a></li>
		</ul></div>
	</header>

	<div class="main" id="main">

		<noscript><section class="section">You need to enable JavaScript to use this page; sorry!</section></noscript>

	</div>

</div>

<script defer nomodule src="//play.pokemonshowdown.com/js/lib/ps-polyfill.js"></script>
<script defer src="//play.pokemonshowdown.com/js/lib/preact.min.js"></script>

<script defer src="//play.pokemonshowdown.com/config/config.js?2bddbc15"></script>
<script defer src="//play.pokemonshowdown.com/js/lib/jquery-1.11.0.min.js"></script>
<script defer src="//play.pokemonshowdown.com/js/lib/html-sanitizer-minified.js"></script>
<script defer src="//play.pokemonshowdown.com/js/battle-sound.js"></script>
<script defer src="//play.pokemonshowdown.com/js/battledata.js?0.7209276989879541"></script>
<script defer src="//play.pokemonshowdown.com/data/pokedex-mini.js?0.6111056340867951"></script>
<script defer src="//play.pokemonshowdown.com/data/pokedex-mini-bw.js?0.3532142036491459"></script>
<script defer src="//play.pokemonshowdown.com/data/graphics.js?0.24223875632456182"></script>
<script defer src="//play.pokemonshowdown.com/data/pokedex.js?0.38839984266356864"></script>
<script defer src="//play.pokemonshowdown.com/data/moves.js?0.21866028504024015"></script>
<script defer src="//play.pokemonshowdown.com/data/abilities.js?0.2005157953846628"></script>
<script defer src="//play.pokemonshowdown.com/data/items.js?0.9894211263848525"></script>
<script defer src="//play.pokemonshowdown.com/data/teambuilder-tables.js?0.6008791140282215"></script>
<script defer src="//play.pokemonshowdown.com/js/battle-tooltips.js?0.7580118955022959"></script>
<script defer src="//play.pokemonshowdown.com/js/battle.js?0.6057722274234274"></script>

<script defer src="js/utils.js?e31f9a17"></script>
<script defer src="js/replays-battle.js?7008c182"></script>

<!-- don't scrape this data! just add .json or .log after the URL!
Full API docs: https://github.com/smogon/pokemon-showdown-client/blob/master/WEB-API.md -->
<script type="text/plain" class="log" id="replaylog-smogtours-gen3ou-801438">
|inactive|Battle timer is ON: inactive players will automatically lose when time's up.
|t:|1729720975
|gametype|singles
|player|p1|kingofironfrisk|tabitha-gen3|
|player|p2|Rovels|gentleman-gen1|
|teamsize|p1|6
|teamsize|p2|6
|gen|3
|tier|[Gen 3] OU
|rule|Sleep Clause Mod: Limit one foe put to sleep
|rule|Switch Priority Clause Mod: Faster Pokémon switch first
|rule|Species Clause: Limit one of each Pokémon
|rule|OHKO Clause: OHKO moves are banned
|rule|Evasion Items Clause: Evasion items are banned
|rule|Evasion Moves Clause: Evasion moves are banned
|rule|Endless Battle Clause: Forcing endless battles is banned
|rule|HP Percentage Mod: HP is shown in percentages
|rule|One Boost Passer Clause: Limit one Baton Passer that has a way to boost its stats
|rule|Freeze Clause Mod: Limit one foe frozen
|
|t:|1729720975
|start
|switch|p1a: Switchblade Ripper|Metagross, shiny|100/100
|switch|p2a: Jigsaw|Slaking, M, shiny|100/100
|turn|1
|
|t:|1729721001
|switch|p1a: Ignition Switch|Magneton|100/100
|move|p2a: Jigsaw|Earthquake|p1a: Ignition Switch
|-supereffective|p1a: Ignition Switch
|-damage|p1a: Ignition Switch|0 fnt
|faint|p1a: Ignition Switch
|
|t:|1729721014
|switch|p1a: Switchblade Ripper|Metagross, shiny|100/100
|
|upkeep
|turn|2
|inactive|Rovels has 270 seconds left.
|
|t:|1729721052
|switch|p2a: Flygon|Flygon, M|100/100
|move|p1a: Switchblade Ripper|Meteor Mash|p2a: Flygon
|-damage|p2a: Flygon|52/100
|
|-heal|p2a: Flygon|58/100|[from] item: Leftovers
|upkeep
|turn|3
|inactive|Rovels has 270 seconds left.
|
|t:|1729721064
|switch|p1a: Avalanche Hammer|Salamence, F|100/100
|-ability|p1a: Avalanche Hammer|Intimidate|boost
|-unboost|p2a: Flygon|atk|1
|move|p2a: Flygon|Protect||[still]
|-fail|p2a: Flygon
|
|-heal|p2a: Flygon|64/100|[from] item: Leftovers
|upkeep
|turn|4
|inactive|Rovels has 270 seconds left.
|
|t:|1729721075
|move|p2a: Flygon|Protect|p2a: Flygon
|-singleturn|p2a: Flygon|Protect
|move|p1a: Avalanche Hammer|Hidden Power|p2a: Flygon
|-activate|p2a: Flygon|Protect
|
|-heal|p2a: Flygon|70/100|[from] item: Leftovers
|upkeep
|turn|5
|inactive|Rovels has 270 seconds left.
|
|t:|1729721098
|move|p1a: Avalanche Hammer|Hidden Power|p2a: Flygon
|-supereffective|p2a: Flygon
|-damage|p2a: Flygon|0 fnt
|faint|p2a: Flygon
|
|t:|1729721112
|switch|p2a: Skarmory|Skarmory, M|100/100
|
|upkeep
|turn|6
|
|t:|1729721116
|move|p1a: Avalanche Hammer|Fire Blast|p2a: Skarmory|[miss]
|-miss|p1a: Avalanche Hammer|p2a: Skarmory
|move|p2a: Skarmory|Spikes|p1a: Avalanche Hammer
|-sidestart|p1: kingofironfrisk|Spikes
|
|upkeep
|turn|7
|
|t:|1729721140
|move|p1a: Avalanche Hammer|Fire Blast|p2a: Skarmory
|-supereffective|p2a: Skarmory
|-damage|p2a: Skarmory|41/100
|move|p2a: Skarmory|Toxic|p1a: Avalanche Hammer
|-status|p1a: Avalanche Hammer|tox
|
|-damage|p1a: Avalanche Hammer|94/100 tox|[from] psn
|-heal|p2a: Skarmory|47/100|[from] item: Leftovers
|upkeep
|turn|8
|
|t:|1729721146
|move|p2a: Skarmory|Protect|p2a: Skarmory
|-singleturn|p2a: Skarmory|Protect
|move|p1a: Avalanche Hammer|Fire Blast|p2a: Skarmory
|-activate|p2a: Skarmory|Protect
|
|-heal|p1a: Avalanche Hammer|100/100 tox|[from] item: Leftovers
|-damage|p1a: Avalanche Hammer|88/100 tox|[from] psn
|-heal|p2a: Skarmory|53/100|[from] item: Leftovers
|upkeep
|turn|9
|
|t:|1729721155
|switch|p2a: Blissey|Blissey, F|100/100
|move|p1a: Avalanche Hammer|Brick Break|p2a: Blissey
|-supereffective|p2a: Blissey
|-damage|p2a: Blissey|47/100
|
|-heal|p1a: Avalanche Hammer|94/100 tox|[from] item: Leftovers
|-damage|p1a: Avalanche Hammer|76/100 tox|[from] psn
|-heal|p2a: Blissey|53/100|[from] item: Leftovers
|upkeep
|turn|10
|
|t:|1729721162
|switch|p2a: Blastoise|Blastoise, M|100/100
|move|p1a: Avalanche Hammer|Brick Break|p2a: Blastoise
|-damage|p2a: Blastoise|82/100
|
|-heal|p1a: Avalanche Hammer|82/100 tox|[from] item: Leftovers
|-damage|p1a: Avalanche Hammer|58/100 tox|[from] psn
|-heal|p2a: Blastoise|88/100|[from] item: Leftovers
|upkeep
|turn|11
|inactive|Rovels has 270 seconds left.
|
|t:|1729721172
|switch|p1a: Slay Ride|Snorlax, M|100/100
|-damage|p1a: Slay Ride|88/100|[from] Spikes
|move|p2a: Blastoise|Surf|p1a: Slay Ride
|-damage|p1a: Slay Ride|69/100
|
|-heal|p2a: Blastoise|94/100|[from] item: Leftovers
|-heal|p1a: Slay Ride|75/100|[from] item: Leftovers
|upkeep
|turn|12
|
|t:|1729721174
|move|p1a: Slay Ride|Body Slam|p2a: Blastoise
|-crit|p2a: Blastoise
|-damage|p2a: Blastoise|39/100
|move|p2a: Blastoise|Roar|p1a: Slay Ride
|drag|p1a: Switchblade Ripper|Metagross, shiny|100/100
|-damage|p1a: Switchblade Ripper|88/100|[from] Spikes
|
|-heal|p2a: Blastoise|45/100|[from] item: Leftovers
|-heal|p1a: Switchblade Ripper|94/100|[from] item: Leftovers
|upkeep
|turn|13
|
|t:|1729721186
|switch|p2a: Jirachi|Jirachi|100/100
|move|p1a: Switchblade Ripper|Explosion|p2a: Jirachi
|-resisted|p2a: Jirachi
|-crit|p2a: Jirachi
|-damage|p2a: Jirachi|0 fnt
|faint|p1a: Switchblade Ripper
|faint|p2a: Jirachi
|inactive|Rovels has 270 seconds left.
|
|t:|1729721202
|switch|p2a: Jigsaw|Slaking, M, shiny|100/100
|switch|p1a: Avalanche Hammer|Salamence, F|58/100 tox
|-ability|p1a: Avalanche Hammer|Intimidate|boost
|-unboost|p2a: Jigsaw|atk|1
|
|-heal|p1a: Avalanche Hammer|64/100 tox|[from] item: Leftovers
|-damage|p1a: Avalanche Hammer|58/100 tox|[from] psn
|upkeep
|turn|14
|
|t:|1729721209
|move|p1a: Avalanche Hammer|Brick Break|p2a: Jigsaw
|-supereffective|p2a: Jigsaw
|-damage|p2a: Jigsaw|60/100
|move|p2a: Jigsaw|Return|p1a: Avalanche Hammer
|-damage|p1a: Avalanche Hammer|0 fnt
|faint|p1a: Avalanche Hammer
|
|t:|1729721214
|switch|p1a: Slay Ride|Snorlax, M|75/100
|-damage|p1a: Slay Ride|62/100|[from] Spikes
|
|-heal|p1a: Slay Ride|68/100|[from] item: Leftovers
|upkeep
|turn|15
|
|t:|1729721217
|switch|p2a: Skarmory|Skarmory, M|53/100
|move|p1a: Slay Ride|Body Slam|p2a: Skarmory
|-resisted|p2a: Skarmory
|-damage|p2a: Skarmory|38/100
|
|-heal|p2a: Skarmory|44/100|[from] item: Leftovers
|-heal|p1a: Slay Ride|74/100|[from] item: Leftovers
|upkeep
|turn|16
|
|t:|1729721224
|move|p2a: Skarmory|Protect|p2a: Skarmory
|-singleturn|p2a: Skarmory|Protect
|move|p1a: Slay Ride|Body Slam|p2a: Skarmory
|-activate|p2a: Skarmory|Protect
|
|-heal|p2a: Skarmory|50/100|[from] item: Leftovers
|-heal|p1a: Slay Ride|81/100|[from] item: Leftovers
|upkeep
|turn|17
|
|t:|1729721246
|move|p2a: Skarmory|Spikes|p1a: Slay Ride
|-sidestart|p1: kingofironfrisk|Spikes
|move|p1a: Slay Ride|Body Slam|p2a: Skarmory
|-resisted|p2a: Skarmory
|-damage|p2a: Skarmory|35/100
|
|-heal|p2a: Skarmory|41/100|[from] item: Leftovers
|-heal|p1a: Slay Ride|87/100|[from] item: Leftovers
|upkeep
|turn|18
|
|t:|1729721253
|move|p2a: Skarmory|Spikes|p1a: Slay Ride
|-sidestart|p1: kingofironfrisk|Spikes
|move|p1a: Slay Ride|Body Slam|p2a: Skarmory
|-resisted|p2a: Skarmory
|-damage|p2a: Skarmory|27/100
|-status|p2a: Skarmory|par
|
|-heal|p1a: Slay Ride|93/100|[from] item: Leftovers
|-heal|p2a: Skarmory|33/100 par|[from] item: Leftovers
|upkeep
|turn|19
|
|t:|1729721260
|move|p1a: Slay Ride|Body Slam|p2a: Skarmory
|-resisted|p2a: Skarmory
|-damage|p2a: Skarmory|19/100 par
|cant|p2a: Skarmory|par
|
|-heal|p1a: Slay Ride|99/100|[from] item: Leftovers
|-heal|p2a: Skarmory|25/100 par|[from] item: Leftovers
|upkeep
|turn|20
|
|t:|1729721262
|move|p2a: Skarmory|Protect|p2a: Skarmory
|-singleturn|p2a: Skarmory|Protect
|move|p1a: Slay Ride|Body Slam|p2a: Skarmory
|-activate|p2a: Skarmory|Protect
|
|-heal|p1a: Slay Ride|100/100|[from] item: Leftovers
|-heal|p2a: Skarmory|31/100 par|[from] item: Leftovers
|upkeep
|turn|21
|inactive|kingofironfrisk has 270 seconds left.
|
|t:|1729721300
|move|p1a: Slay Ride|Body Slam|p2a: Skarmory
|-resisted|p2a: Skarmory
|-damage|p2a: Skarmory|16/100 par
|move|p2a: Skarmory|Roar|p1a: Slay Ride
|drag|p1a: Blizzard Hammer|Celebi|100/100
|-damage|p1a: Blizzard Hammer|75/100|[from] Spikes
|
|-heal|p1a: Blizzard Hammer|82/100|[from] item: Leftovers
|-heal|p2a: Skarmory|22/100 par|[from] item: Leftovers
|upkeep
|turn|22
|inactive|kingofironfrisk has 270 seconds left.
|
|t:|1729721325
|switch|p1a: Slay Ride|Snorlax, M|100/100
|-damage|p1a: Slay Ride|76/100|[from] Spikes
|move|p2a: Skarmory|Roar|p1a: Slay Ride
|drag|p1a: Blizzard Hammer|Celebi|82/100
|-damage|p1a: Blizzard Hammer|57/100|[from] Spikes
|
|-heal|p1a: Blizzard Hammer|63/100|[from] item: Leftovers
|-heal|p2a: Skarmory|28/100 par|[from] item: Leftovers
|upkeep
|turn|23
|inactive|kingofironfrisk has 240 seconds left.
|
|t:|1729721355
|move|p1a: Blizzard Hammer|Calm Mind|p1a: Blizzard Hammer
|-boost|p1a: Blizzard Hammer|spa|1
|-boost|p1a: Blizzard Hammer|spd|1
|move|p2a: Skarmory|Roar|p1a: Blizzard Hammer
|drag|p1a: Slay Ride|Snorlax, M|76/100
|-damage|p1a: Slay Ride|51/100|[from] Spikes
|
|-heal|p1a: Slay Ride|57/100|[from] item: Leftovers
|-heal|p2a: Skarmory|34/100 par|[from] item: Leftovers
|upkeep
|turn|24
|
|t:|1729721363
|move|p1a: Slay Ride|Body Slam|p2a: Skarmory
|-resisted|p2a: Skarmory
|-damage|p2a: Skarmory|20/100 par
|move|p2a: Skarmory|Roar|p1a: Slay Ride
|drag|p1a: Blizzard Hammer|Celebi|63/100
|-damage|p1a: Blizzard Hammer|38/100|[from] Spikes
|
|-heal|p1a: Blizzard Hammer|44/100|[from] item: Leftovers
|-heal|p2a: Skarmory|26/100 par|[from] item: Leftovers
|upkeep
|turn|25
|inactive|kingofironfrisk has 240 seconds left.
|
|t:|1729721382
|move|p1a: Blizzard Hammer|Giga Drain|p2a: Skarmory
|-resisted|p2a: Skarmory
|-damage|p2a: Skarmory|20/100 par
|-heal|p1a: Blizzard Hammer|46/100|[from] drain|[of] p2a: Skarmory
|cant|p2a: Skarmory|par
|
|-heal|p1a: Blizzard Hammer|52/100|[from] item: Leftovers
|-heal|p2a: Skarmory|26/100 par|[from] item: Leftovers
|upkeep
|turn|26
|
|t:|1729721387
|move|p1a: Blizzard Hammer|Psychic|p2a: Skarmory
|-resisted|p2a: Skarmory
|-damage|p2a: Skarmory|9/100 par
|move|p2a: Skarmory|Roar|p1a: Blizzard Hammer
|drag|p1a: Russian Hook|Heracross, M|100/100
|-damage|p1a: Russian Hook|75/100|[from] Spikes
|
|-heal|p2a: Skarmory|15/100 par|[from] item: Leftovers
|upkeep
|turn|27
|
|t:|1729721397
|move|p1a: Russian Hook|Megahorn|p2a: Skarmory
|-resisted|p2a: Skarmory
|-damage|p2a: Skarmory|3/100 par
|cant|p2a: Skarmory|par
|
|-heal|p2a: Skarmory|9/100 par|[from] item: Leftovers
|upkeep
|turn|28
|inactive|kingofironfrisk has 240 seconds left.
|
|t:|1729721438
|move|p1a: Russian Hook|Megahorn|p2a: Skarmory
|-resisted|p2a: Skarmory
|-damage|p2a: Skarmory|0 fnt
|faint|p2a: Skarmory
|
|t:|1729721444
|switch|p2a: Jigsaw|Slaking, M, shiny|60/100
|
|upkeep
|turn|29
|
|t:|1729721463
|switch|p1a: Blizzard Hammer|Celebi|52/100
|-damage|p1a: Blizzard Hammer|27/100|[from] Spikes
|move|p2a: Jigsaw|Return|p1a: Blizzard Hammer
|-damage|p1a: Blizzard Hammer|0 fnt
|faint|p1a: Blizzard Hammer
|
|t:|1729721468
|switch|p1a: Russian Hook|Heracross, M|75/100
|-damage|p1a: Russian Hook|50/100|[from] Spikes
|
|upkeep
|turn|30
|
|t:|1729721474
|switch|p2a: Blastoise|Blastoise, M|45/100
|move|p1a: Russian Hook|Substitute|p1a: Russian Hook
|-start|p1a: Russian Hook|Substitute
|-damage|p1a: Russian Hook|25/100
|
|-enditem|p1a: Russian Hook|Salac Berry|[eat]
|-boost|p1a: Russian Hook|spe|1|[from] item: Salac Berry
|-heal|p2a: Blastoise|51/100|[from] item: Leftovers
|upkeep
|turn|31
|
|t:|1729721476
|move|p1a: Russian Hook|Megahorn|p2a: Blastoise
|-damage|p2a: Blastoise|0 fnt
|faint|p2a: Blastoise
|
|t:|1729721491
|switch|p2a: Blissey|Blissey, F|53/100
|
|-heal|p2a: Blissey|59/100|[from] item: Leftovers
|upkeep
|turn|32
|inactive|kingofironfrisk has 240 seconds left.
|
|t:|1729721527
|move|p1a: Russian Hook|Megahorn|p2a: Blissey
|-damage|p2a: Blissey|0 fnt
|faint|p2a: Blissey
|
|t:|1729721531
|switch|p2a: Jigsaw|Slaking, M, shiny|60/100
|
|upkeep
|turn|33
|
|t:|1729721532
|move|p1a: Russian Hook|Megahorn|p2a: Jigsaw
|-damage|p2a: Jigsaw|0 fnt
|faint|p2a: Jigsaw
|
|win|kingofironfrisk
|c|☆Rovels|gg
|player|p2|
|player|p1|
|player|p2|Rovels|gentleman-gen1|
|player|p2|
|player|p1|kingofironfrisk|tabitha-gen3|

</script>
<script type="application/json" class="data" id="replaydata-smogtours-gen3ou-801438">
{"id":"smogtours-gen3ou-801438","format":"[Gen 3] OU","players":["kingofironfrisk","Rovels"],"uploadtime":1729721532,"views":103,"formatid":"gen3ou","rating":null,"private":0,"password":null}
</script>

<script defer src="js/replays.js?9d40a366"></script>
