<!DOCTYPE html>
<meta charset="utf-8" />
<meta name="viewport" content="width=device-width" />

<title>[Gen 3] OU: GoldThe1andOnly vs. Skarph☾eRiM - Replays - Pok&eacute;mon Showdown!</title>

<meta name="description" content="Watch a replay of a Pok&eacute;mon battle between GoldThe1andOnly and Skarph☾eRiM! Format: [Gen 3] OU; Date: Oct 13, 2024" />
<!--

Hey, you! Looking in the source for the replay log?

You can find them in JSON format, just add `.json` at the end of a replay URL.

https://replay.pokemonshowdown.com/gen7randomdoublesbattle-865046831.json

Or, if you only need the log itself, add `.log` instead:

https://replay.pokemonshowdown.com/gen7randomdoublesbattle-865046831.log

-->

<link rel="stylesheet" href="//pokemonshowdown.com/style/global.css?0.023195364461161105" />
<link rel="stylesheet" href="//play.pokemonshowdown.com/style/font-awesome.css?0.13261647063804238" />
<link rel="stylesheet" href="//play.pokemonshowdown.com/style/battle.css?0.8753245789963631" />
<link rel="stylesheet" href="//play.pokemonshowdown.com/style/utilichart.css?0.8627959624976733" />

<!-- Global site tag (gtag.js) - Google Analytics -->
<script async src="https://www.googletagmanager.com/gtag/js?id=UA-26211653-1"></script>
<script>
  window.dataLayer = window.dataLayer || [];
  function gtag(){dataLayer.push(arguments);}
  gtag('js', new Date());

  gtag('config', 'UA-26211653-1');
</script>
<!-- End Google Analytics -->
<!-- Venatus Ad Manager - Install in <HEAD> of page -->
	<script src="https://hb.vntsm.com/v3/live/ad-manager.min.js" type="text/javascript" data-site-id="642aba63ec9a7b11c3c9c1be" data-mode="scan" async></script>
<!-- / Venatus Ad Manager -->

<style>
	@media (max-width:820px) {
		.battle {
			margin: 0 auto;
		}
		.battle-log {
			margin: 7px auto 0;
			max-width: 640px;
			height: 300px;
			position: static;
		}
	}
	.optgroup {
		display: inline-block;
		line-height: 22px;
		font-size: 10pt;
	}
	.optgroup .button {
		height: 25px;
		padding-top: 0;
		padding-bottom: 0;
	}
	.optgroup button.button {
		padding-left: 12px;
		padding-right: 12px;
	}
	.linklist {
		list-style: none;
		margin: 0.5em 0;
		padding: 0;
	}
	.linklist li {
		padding: 2px 0;
	}
	.sidebar {
		float: left;
		width: 320px;
	}
	.bar-wrapper {
		max-width: 1100px;
		margin: 0 auto;
	}
	.bar-wrapper.has-sidebar {
		max-width: 1430px;
	}
	.mainbar {
		margin: 0;
		padding-right: 1px;
	}
	.mainbar.has-sidebar {
		margin-left: 330px;
	}
	@media (min-width: 1511px) {
		.sidebar {
			width: 400px;
		}
		.bar-wrapper.has-sidebar {
			max-width: 1510px;
		}
		.mainbar.has-sidebar {
			margin-left: 410px;
		}
	}
	.section.first-section {
		margin-top: 9px;
	}
	.blocklink small {
		white-space: normal;
	}
	.button {
		vertical-align: middle;
	}
	.replay-controls {
		padding-top: 10px;
	}
	.replay-controls h1 {
		font-size: 16pt;
		font-weight: normal;
		color: #CCC;
	}
	.pagelink {
		text-align: center;
	}
	.pagelink a {
		width: 150px;
	}
	.textbox, .button {
		font-size: 11pt;
		vertical-align: middle;
	}
	@media (max-width: 450px) {
		.button {
			font-size: 9pt;
		}
	}
</style>

<div>

	<header>
		<div class="nav-wrapper"><ul class="nav">
			<li><a class="button nav-first" href="//pokemonshowdown.com/"><img src="//pokemonshowdown.com/images/pokemonshowdownbeta.png" srcset="//pokemonshowdown.com/images/pokemonshowdownbeta.png 1x, //pokemonshowdown.com/images/pokemonshowdownbeta@2x.png 2x" alt="Pok&eacute;mon Showdown" width="146" height="44" /> Home</a></li>
			<li><a class="button" href="//pokemonshowdown.com/dex/">Pok&eacute;dex</a></li>
			<li><a class="button cur" href="/">Replays</a></li>
			<li><a class="button" href="//pokemonshowdown.com/ladder/">Ladder</a></li>
			<li><a class="button nav-last" href="//pokemonshowdown.com/forums/">Forum</a></li>
			<li><a class="button greenbutton nav-first nav-last" href="//play.pokemonshowdown.com/">Play</a></li>
		</ul></div>
	</header>

	<div class="main" id="main">

		<noscript><section class="section">You need to enable JavaScript to use this page; sorry!</section></noscript>

	</div>

</div>

<script defer nomodule src="//play.pokemonshowdown.com/js/lib/ps-polyfill.js"></script>
<script defer src="//play.pokemonshowdown.com/js/lib/preact.min.js"></script>

<script defer src="//play.pokemonshowdown.com/config/config.js?2bddbc15"></script>
<script defer src="//play.pokemonshowdown.com/js/lib/jquery-1.11.0.min.js"></script>
<script defer src="//play.pokemonshowdown.com/js/lib/html-sanitizer-minified.js"></script>
<script defer src="//play.pokemonshowdown.com/js/battle-sound.js"></script>
<script defer src="//play.pokemonshowdown.com/js/battledata.js?0.7209276989879541"></script>
<script defer src="//play.pokemonshowdown.com/data/pokedex-mini.js?0.6111056340867951"></script>
<script defer src="//play.pokemonshowdown.com/data/pokedex-mini-bw.js?0.3532142036491459"></script>
<script defer src="//play.pokemonshowdown.com/data/graphics.js?0.24223875632456182"></script>
<script defer src="//play.pokemonshowdown.com/data/pokedex.js?0.38839984266356864"></script>
<script defer src="//play.pokemonshowdown.com/data/moves.js?0.21866028504024015"></script>
<script defer src="//play.pokemonshowdown.com/data/abilities.js?0.2005157953846628"></script>
<script defer src="//play.pokemonshowdown.com/data/items.js?0.9894211263848525"></script>
<script defer src="//play.pokemonshowdown.com/data/teambuilder-tables.js?0.6008791140282215"></script>
<script defer src="//play.pokemonshowdown.com/js/battle-tooltips.js?0.7580118955022959"></script>
<script defer src="//play.pokemonshowdown.com/js/battle.js?0.6057722274234274"></script>

<script defer src="js/utils.js?e31f9a17"></script>
<script defer src="js/replays-battle.js?7008c182"></script>

<!-- don't scrape this data! just add .json or .log after the URL!
Full API docs: https://github.com/smogon/pokemon-showdown-client/blob/master/WEB-API.md -->
<script type="text/plain" class="log" id="replaylog-smogtours-gen3ou-797884">
|inactive|Battle timer is ON: inactive players will automatically lose when time's up.
|t:|1728777782
|gametype|singles
|player|p1|GoldThe1andOnly|elesa-masters|
|player|p2|Skarph☾eRiM|#scl4platoon2|
|teamsize|p1|6
|teamsize|p2|6
|gen|3
|tier|[Gen 3] OU
|rule|Sleep Clause Mod: Limit one foe put to sleep
|rule|Switch Priority Clause Mod: Faster Pokémon switch first
|rule|Species Clause: Limit one of each Pokémon
|rule|OHKO Clause: OHKO moves are banned
|rule|Evasion Items Clause: Evasion items are banned
|rule|Evasion Moves Clause: Evasion moves are banned
|rule|Endless Battle Clause: Forcing endless battles is banned
|rule|HP Percentage Mod: HP is shown in percentages
|rule|One Boost Passer Clause: Limit one Baton Passer that has a way to boost its stats
|rule|Freeze Clause Mod: Limit one foe frozen
|
|t:|1728777782
|start
|switch|p1a: Frieren Nesoberi|Metagross, shiny|100/100
|switch|p2a: Skarmory|Skarmory, F|100/100
|turn|1
|c|☆Skarph☾eRiM|hf
|c|☆Skarph☾eRiM|/log Skarph☾eRiM made the replay of this battle unlisted.
|raw|<div class="broadcast-red"><strong>Moderated chat was set to ☆!<\/strong><br />Only users of rank ☆ and higher can talk.<\/div>
|c|☆GoldThe1andOnly|u 2
|
|t:|1728777799
|move|p1a: Frieren Nesoberi|Meteor Mash|p2a: Skarmory
|-resisted|p2a: Skarmory
|-crit|p2a: Skarmory
|-damage|p2a: Skarmory|39/100
|move|p2a: Skarmory|Spikes|p1a: Frieren Nesoberi
|-sidestart|p1: GoldThe1andOnly|Spikes
|
|-heal|p2a: Skarmory|45/100|[from] item: Leftovers
|upkeep
|turn|2
|
|t:|1728777808
|move|p2a: Skarmory|Protect|p2a: Skarmory
|-singleturn|p2a: Skarmory|Protect
|move|p1a: Frieren Nesoberi|Meteor Mash|p2a: Skarmory
|-activate|p2a: Skarmory|Protect
|
|-heal|p2a: Skarmory|51/100|[from] item: Leftovers
|upkeep
|turn|3
|
|t:|1728777831
|switch|p2a: Magneton|Magneton|100/100
|move|p1a: Frieren Nesoberi|Meteor Mash|p2a: Magneton|[miss]
|-miss|p1a: Frieren Nesoberi|p2a: Magneton
|
|upkeep
|turn|4
|
|t:|1728777835
|move|p2a: Magneton|Thunderbolt|p1a: Frieren Nesoberi
|-damage|p1a: Frieren Nesoberi|38/100
|-status|p1a: Frieren Nesoberi|par
|cant|p1a: Frieren Nesoberi|par
|
|upkeep
|turn|5
|
|t:|1728777841
|move|p2a: Magneton|Substitute|p2a: Magneton
|-start|p2a: Magneton|Substitute
|-damage|p2a: Magneton|76/100
|move|p1a: Frieren Nesoberi|Meteor Mash|p2a: Magneton
|-resisted|p2a: Magneton
|-end|p2a: Magneton|Substitute
|
|upkeep
|turn|6
|
|t:|1728777843
|move|p2a: Magneton|Substitute|p2a: Magneton
|-start|p2a: Magneton|Substitute
|-damage|p2a: Magneton|51/100
|cant|p1a: Frieren Nesoberi|par
|
|upkeep
|turn|7
|
|t:|1728777847
|move|p2a: Magneton|Thunderbolt|p1a: Frieren Nesoberi
|-damage|p1a: Frieren Nesoberi|0 fnt
|faint|p1a: Frieren Nesoberi
|
|t:|1728777852
|switch|p1a: Can he do it?|Flygon, M|100/100
|
|upkeep
|turn|8
|
|t:|1728777856
|move|p1a: Can he do it?|Earthquake|p2a: Magneton
|-supereffective|p2a: Magneton
|-end|p2a: Magneton|Substitute
|move|p2a: Magneton|Toxic|p1a: Can he do it?|[miss]
|-miss|p2a: Magneton|p1a: Can he do it?
|
|upkeep
|turn|9
|
|t:|1728777867
|switch|p2a: Swampert|Swampert, F|100/100
|move|p1a: Can he do it?|Earthquake|p2a: Swampert
|-damage|p2a: Swampert|76/100
|
|-heal|p2a: Swampert|83/100|[from] item: Leftovers
|upkeep
|turn|10
|
|t:|1728777892
|switch|p1a: Clash Royale|Gengar, M|100/100
|move|p2a: Swampert|Ice Beam|p1a: Clash Royale
|-damage|p1a: Clash Royale|67/100
|
|-heal|p1a: Clash Royale|73/100|[from] item: Leftovers
|-heal|p2a: Swampert|89/100|[from] item: Leftovers
|upkeep
|turn|11
|inactive|Skarph☾eRiM has 270 seconds left.
|
|t:|1728777919
|switch|p2a: Blissey|Blissey, F|100/100
|move|p1a: Clash Royale|Hidden Power|p2a: Blissey
|-damage|p2a: Blissey|91/100
|
|-heal|p1a: Clash Royale|79/100|[from] item: Leftovers
|-heal|p2a: Blissey|97/100|[from] item: Leftovers
|upkeep
|turn|12
|inactive|GoldThe1andOnly has 270 seconds left.
|inactive|Skarph☾eRiM has 240 seconds left.
|inactive|GoldThe1andOnly has 240 seconds left.
|
|t:|1728777981
|switch|p1a: Gamer Posture|Tyranitar, M|100/100
|-damage|p1a: Gamer Posture|88/100|[from] Spikes
|-weather|Sandstorm|[from] ability: Sand Stream|[of] p1a: Gamer Posture
|move|p2a: Blissey|Thunder Wave|p1a: Gamer Posture
|-status|p1a: Gamer Posture|par
|
|-weather|Sandstorm|[upkeep]
|-damage|p2a: Blissey|91/100|[from] Sandstorm
|-heal|p2a: Blissey|97/100|[from] item: Leftovers
|-heal|p1a: Gamer Posture|94/100 par|[from] item: Leftovers
|upkeep
|turn|13
|
|t:|1728777995
|move|p2a: Blissey|Seismic Toss|p1a: Gamer Posture
|-damage|p1a: Gamer Posture|69/100 par
|move|p1a: Gamer Posture|Thunder Wave|p2a: Blissey
|-status|p2a: Blissey|par
|
|-weather|Sandstorm|[upkeep]
|-damage|p2a: Blissey|91/100 par|[from] Sandstorm
|-heal|p1a: Gamer Posture|76/100 par|[from] item: Leftovers
|-heal|p2a: Blissey|97/100 par|[from] item: Leftovers
|upkeep
|turn|14
|inactive|GoldThe1andOnly has 240 seconds left.
|inactive|Skarph☾eRiM has 210 seconds left.
|
|t:|1728778020
|cant|p1a: Gamer Posture|par
|move|p2a: Blissey|Seismic Toss|p1a: Gamer Posture
|-damage|p1a: Gamer Posture|51/100 par
|
|-weather|Sandstorm|[upkeep]
|-damage|p2a: Blissey|91/100 par|[from] Sandstorm
|-heal|p1a: Gamer Posture|57/100 par|[from] item: Leftovers
|-heal|p2a: Blissey|97/100 par|[from] item: Leftovers
|upkeep
|turn|15
|inactive|GoldThe1andOnly has 240 seconds left.
|inactive|Skarph☾eRiM has 210 seconds left.
|
|t:|1728778046
|switch|p1a: Can he do it?|Flygon, M|100/100
|-curestatus|p2a: Blissey|par|[from] ability: Natural Cure
|switch|p2a: Celebi|Celebi|100/100
|
|-weather|Sandstorm|[upkeep]
|-damage|p2a: Celebi|94/100|[from] Sandstorm
|-heal|p2a: Celebi|100/100|[from] item: Leftovers
|upkeep
|turn|16
|inactive|GoldThe1andOnly has 240 seconds left.
|
|t:|1728778054
|move|p2a: Celebi|Leech Seed|p1a: Can he do it?
|-start|p1a: Can he do it?|move: Leech Seed
|move|p1a: Can he do it?|Toxic|p2a: Celebi
|-status|p2a: Celebi|tox
|
|-weather|Sandstorm|[upkeep]
|-damage|p2a: Celebi|94/100 tox|[from] Sandstorm
|-heal|p2a: Celebi|100/100 tox|[from] item: Leftovers
|-damage|p2a: Celebi|94/100 tox|[from] psn
|-damage|p1a: Can he do it?|88/100|[from] Leech Seed|[of] p2a: Celebi
|-heal|p2a: Celebi|100/100 tox|[silent]
|upkeep
|turn|17
|
|t:|1728778061
|switch|p1a: Clash Royale|Gengar, M|79/100
|move|p2a: Celebi|Leech Seed|p1a: Clash Royale
|-start|p1a: Clash Royale|move: Leech Seed
|
|-weather|Sandstorm|[upkeep]
|-damage|p1a: Clash Royale|73/100|[from] Sandstorm
|-damage|p2a: Celebi|94/100 tox|[from] Sandstorm
|-heal|p1a: Clash Royale|79/100|[from] item: Leftovers
|-damage|p1a: Clash Royale|67/100|[from] Leech Seed|[of] p2a: Celebi
|-heal|p2a: Celebi|100/100 tox|[silent]
|-damage|p2a: Celebi|88/100 tox|[from] psn
|upkeep
|turn|18
|inactive|Skarph☾eRiM has 210 seconds left.
|
|t:|1728778089
|switch|p1a: Can he do it?|Flygon, M|88/100
|-curestatus|p2a: Celebi|tox|[from] ability: Natural Cure
|switch|p2a: Blissey|Blissey, F|97/100
|
|-weather|Sandstorm|[upkeep]
|-damage|p2a: Blissey|91/100|[from] Sandstorm
|-heal|p1a: Can he do it?|94/100|[from] item: Leftovers
|-heal|p2a: Blissey|97/100|[from] item: Leftovers
|upkeep
|turn|19
|
|t:|1728778100
|switch|p1a: Gamer Posture|Tyranitar, M|57/100 par
|-damage|p1a: Gamer Posture|45/100 par|[from] Spikes
|switch|p2a: Skarmory|Skarmory, F|51/100
|
|-weather|Sandstorm|[upkeep]
|-heal|p2a: Skarmory|57/100|[from] item: Leftovers
|-heal|p1a: Gamer Posture|51/100 par|[from] item: Leftovers
|upkeep
|turn|20
|
|t:|1728778116
|switch|p2a: Swampert|Swampert, F|89/100
|move|p1a: Gamer Posture|Fire Blast|p2a: Swampert|[miss]
|-miss|p1a: Gamer Posture|p2a: Swampert
|
|-weather|Sandstorm|[upkeep]
|-heal|p2a: Swampert|95/100|[from] item: Leftovers
|-heal|p1a: Gamer Posture|57/100 par|[from] item: Leftovers
|upkeep
|turn|21
|inactive|GoldThe1andOnly has 270 seconds left.
|inactive|GoldThe1andOnly has 240 seconds left.
|
|t:|1728778185
|switch|p1a: In a While|Suicune, shiny|100/100
|-damage|p1a: In a While|88/100|[from] Spikes
|move|p2a: Swampert|Earthquake|p1a: In a While
|-damage|p1a: In a While|57/100
|
|-weather|Sandstorm|[upkeep]
|-damage|p1a: In a While|51/100|[from] Sandstorm
|-heal|p1a: In a While|57/100|[from] item: Leftovers
|-heal|p2a: Swampert|100/100|[from] item: Leftovers
|upkeep
|turn|22
|inactive|Skarph☾eRiM has 180 seconds left.
|
|t:|1728778212
|switch|p2a: Celebi|Celebi|88/100
|move|p1a: In a While|Surf|p2a: Celebi
|-resisted|p2a: Celebi
|-damage|p2a: Celebi|72/100
|
|-weather|Sandstorm|[upkeep]
|-damage|p2a: Celebi|66/100|[from] Sandstorm
|-damage|p1a: In a While|51/100|[from] Sandstorm
|-heal|p2a: Celebi|72/100|[from] item: Leftovers
|-heal|p1a: In a While|57/100|[from] item: Leftovers
|upkeep
|turn|23
|inactive|Skarph☾eRiM has 180 seconds left.
|
|t:|1728778227
|switch|p1a: Can he do it?|Flygon, M|94/100
|move|p2a: Celebi|Recover|p2a: Celebi
|-heal|p2a: Celebi|100/100
|
|-weather|Sandstorm|[upkeep]
|-damage|p2a: Celebi|94/100|[from] Sandstorm
|-heal|p2a: Celebi|100/100|[from] item: Leftovers
|-heal|p1a: Can he do it?|99/100|[from] item: Leftovers
|upkeep
|turn|24
|
|t:|1728778232
|move|p2a: Celebi|Hidden Power|p1a: Can he do it?
|-damage|p1a: Can he do it?|74/100
|move|p1a: Can he do it?|Toxic|p2a: Celebi
|-status|p2a: Celebi|tox
|
|-weather|Sandstorm|[upkeep]
|-damage|p2a: Celebi|94/100 tox|[from] Sandstorm
|-heal|p2a: Celebi|100/100 tox|[from] item: Leftovers
|-damage|p2a: Celebi|94/100 tox|[from] psn
|-heal|p1a: Can he do it?|80/100|[from] item: Leftovers
|upkeep
|turn|25
|inactive|GoldThe1andOnly has 240 seconds left.
|inactive|Skarph☾eRiM has 180 seconds left.
|
|t:|1728778245
|-curestatus|p2a: Celebi|tox|[from] ability: Natural Cure
|switch|p2a: Swampert|Swampert, F|100/100
|switch|p1a: Gamer Posture|Tyranitar, M|57/100 par
|-damage|p1a: Gamer Posture|45/100 par|[from] Spikes
|
|-weather|Sandstorm|[upkeep]
|-heal|p1a: Gamer Posture|51/100 par|[from] item: Leftovers
|upkeep
|turn|26
|inactive|GoldThe1andOnly has 240 seconds left.
|inactive|Skarph☾eRiM has 180 seconds left.
|
|t:|1728778258
|switch|p1a: You:|Skarmory, F|100/100
|move|p2a: Swampert|Earthquake|p1a: You:
|-immune|p1a: You:
|
|-weather|Sandstorm|[upkeep]
|upkeep
|turn|27
|
|t:|1728778263
|switch|p1a: Can he do it?|Flygon, M|80/100
|switch|p2a: Magneton|Magneton|51/100
|
|-weather|Sandstorm|[upkeep]
|-heal|p1a: Can he do it?|86/100|[from] item: Leftovers
|upkeep
|turn|28
|
|t:|1728778271
|switch|p2a: Skarmory|Skarmory, F|57/100
|move|p1a: Can he do it?|Toxic|p2a: Skarmory
|-immune|p2a: Skarmory
|
|-weather|Sandstorm|[upkeep]
|-heal|p1a: Can he do it?|92/100|[from] item: Leftovers
|-heal|p2a: Skarmory|63/100|[from] item: Leftovers
|upkeep
|turn|29
|
|t:|1728778275
|switch|p1a: Clash Royale|Gengar, M|67/100
|move|p2a: Skarmory|Spikes|p1a: Clash Royale
|-sidestart|p1: GoldThe1andOnly|Spikes
|
|-weather|Sandstorm|[upkeep]
|-damage|p1a: Clash Royale|61/100|[from] Sandstorm
|-heal|p1a: Clash Royale|67/100|[from] item: Leftovers
|-heal|p2a: Skarmory|69/100|[from] item: Leftovers
|upkeep
|turn|30
|
|t:|1728778279
|move|p2a: Skarmory|Protect|p2a: Skarmory
|-singleturn|p2a: Skarmory|Protect
|move|p1a: Clash Royale|Thunderbolt|p2a: Skarmory
|-activate|p2a: Skarmory|Protect
|
|-weather|Sandstorm|[upkeep]
|-damage|p1a: Clash Royale|61/100|[from] Sandstorm
|-heal|p1a: Clash Royale|67/100|[from] item: Leftovers
|-heal|p2a: Skarmory|75/100|[from] item: Leftovers
|upkeep
|turn|31
|inactive|Skarph☾eRiM has 210 seconds left.
|
|t:|1728778311
|switch|p1a: Can he do it?|Flygon, M|92/100
|move|p2a: Skarmory|Drill Peck|p1a: Can he do it?
|-damage|p1a: Can he do it?|73/100
|
|-weather|Sandstorm|[upkeep]
|-heal|p1a: Can he do it?|79/100|[from] item: Leftovers
|-heal|p2a: Skarmory|81/100|[from] item: Leftovers
|upkeep
|turn|32
|
|t:|1728778316
|move|p1a: Can he do it?|Rock Slide|p2a: Skarmory
|-damage|p2a: Skarmory|67/100
|cant|p2a: Skarmory|flinch
|
|-weather|Sandstorm|[upkeep]
|-heal|p1a: Can he do it?|85/100|[from] item: Leftovers
|-heal|p2a: Skarmory|73/100|[from] item: Leftovers
|upkeep
|turn|33
|
|t:|1728778319
|switch|p1a: Clash Royale|Gengar, M|67/100
|move|p2a: Skarmory|Spikes|p1a: Clash Royale
|-sidestart|p1: GoldThe1andOnly|Spikes
|
|-weather|Sandstorm|[upkeep]
|-damage|p1a: Clash Royale|61/100|[from] Sandstorm
|-heal|p1a: Clash Royale|67/100|[from] item: Leftovers
|-heal|p2a: Skarmory|79/100|[from] item: Leftovers
|upkeep
|turn|34
|
|t:|1728778321
|move|p2a: Skarmory|Protect|p2a: Skarmory
|-singleturn|p2a: Skarmory|Protect
|move|p1a: Clash Royale|Thunderbolt|p2a: Skarmory
|-activate|p2a: Skarmory|Protect
|
|-weather|Sandstorm|[upkeep]
|-damage|p1a: Clash Royale|61/100|[from] Sandstorm
|-heal|p1a: Clash Royale|67/100|[from] item: Leftovers
|-heal|p2a: Skarmory|85/100|[from] item: Leftovers
|upkeep
|turn|35
|
|t:|1728778333
|move|p1a: Clash Royale|Thunderbolt|p2a: Skarmory
|-supereffective|p2a: Skarmory
|-damage|p2a: Skarmory|22/100
|move|p2a: Skarmory|Drill Peck|p1a: Clash Royale
|-damage|p1a: Clash Royale|22/100
|
|-weather|Sandstorm|[upkeep]
|-damage|p1a: Clash Royale|16/100|[from] Sandstorm
|-heal|p1a: Clash Royale|22/100|[from] item: Leftovers
|-heal|p2a: Skarmory|28/100|[from] item: Leftovers
|upkeep
|turn|36
|
|t:|1728778338
|move|p2a: Skarmory|Protect|p2a: Skarmory
|-singleturn|p2a: Skarmory|Protect
|move|p1a: Clash Royale|Thunderbolt|p2a: Skarmory
|-activate|p2a: Skarmory|Protect
|
|-weather|Sandstorm|[upkeep]
|-damage|p1a: Clash Royale|16/100|[from] Sandstorm
|-heal|p1a: Clash Royale|22/100|[from] item: Leftovers
|-heal|p2a: Skarmory|34/100|[from] item: Leftovers
|upkeep
|turn|37
|
|t:|1728778346
|switch|p2a: Blissey|Blissey, F|97/100
|move|p1a: Clash Royale|Thunderbolt|p2a: Blissey
|-damage|p2a: Blissey|84/100
|
|-weather|Sandstorm|[upkeep]
|-damage|p1a: Clash Royale|16/100|[from] Sandstorm
|-damage|p2a: Blissey|78/100|[from] Sandstorm
|-heal|p1a: Clash Royale|22/100|[from] item: Leftovers
|-heal|p2a: Blissey|84/100|[from] item: Leftovers
|upkeep
|turn|38
|
|t:|1728778355
|move|p1a: Clash Royale|Explosion|p2a: Blissey
|-damage|p2a: Blissey|26/100
|faint|p1a: Clash Royale
|
|t:|1728778361
|switch|p1a: Can he do it?|Flygon, M|85/100
|
|-weather|Sandstorm|[upkeep]
|-damage|p2a: Blissey|20/100|[from] Sandstorm
|-heal|p1a: Can he do it?|91/100|[from] item: Leftovers
|-heal|p2a: Blissey|26/100|[from] item: Leftovers
|upkeep
|turn|39
|
|t:|1728778369
|switch|p2a: Skarmory|Skarmory, F|34/100
|move|p1a: Can he do it?|Earthquake|p2a: Skarmory
|-immune|p2a: Skarmory
|
|-weather|Sandstorm|[upkeep]
|-heal|p1a: Can he do it?|97/100|[from] item: Leftovers
|-heal|p2a: Skarmory|40/100|[from] item: Leftovers
|upkeep
|turn|40
|inactive|Skarph☾eRiM has 270 seconds left.
|
|t:|1728778376
|move|p1a: Can he do it?|Rock Slide|p2a: Skarmory
|-damage|p2a: Skarmory|26/100
|cant|p2a: Skarmory|flinch
|
|-weather|Sandstorm|[upkeep]
|-heal|p1a: Can he do it?|100/100|[from] item: Leftovers
|-heal|p2a: Skarmory|32/100|[from] item: Leftovers
|upkeep
|turn|41
|
|t:|1728778380
|move|p2a: Skarmory|Protect|p2a: Skarmory
|-singleturn|p2a: Skarmory|Protect
|move|p1a: Can he do it?|Rock Slide|p2a: Skarmory|[miss]
|-miss|p1a: Can he do it?|p2a: Skarmory
|
|-weather|Sandstorm|[upkeep]
|-heal|p2a: Skarmory|38/100|[from] item: Leftovers
|upkeep
|turn|42
|
|t:|1728778382
|switch|p2a: Swampert|Swampert, F|100/100
|move|p1a: Can he do it?|Rock Slide|p2a: Swampert
|-resisted|p2a: Swampert
|-crit|p2a: Swampert
|-damage|p2a: Swampert|87/100
|
|-weather|Sandstorm|[upkeep]
|-heal|p2a: Swampert|93/100|[from] item: Leftovers
|upkeep
|turn|43
|
|t:|1728778387
|move|p1a: Can he do it?|Toxic|p2a: Swampert
|-status|p2a: Swampert|tox
|move|p2a: Swampert|Ice Beam|p1a: Can he do it?
|-supereffective|p1a: Can he do it?
|-damage|p1a: Can he do it?|7/100
|
|-weather|Sandstorm|[upkeep]
|-heal|p1a: Can he do it?|13/100|[from] item: Leftovers
|-heal|p2a: Swampert|99/100 tox|[from] item: Leftovers
|-damage|p2a: Swampert|93/100 tox|[from] psn
|upkeep
|turn|44
|
|t:|1728778405
|switch|p1a: You:|Skarmory, F|100/100
|switch|p2a: Celebi|Celebi|94/100
|
|-weather|Sandstorm|[upkeep]
|-damage|p2a: Celebi|88/100|[from] Sandstorm
|-heal|p2a: Celebi|94/100|[from] item: Leftovers
|upkeep
|turn|45
|
|t:|1728778409
|switch|p2a: Magneton|Magneton|51/100
|move|p1a: You:|Spikes|p2a: Magneton
|-sidestart|p2: Skarph☾eRiM|Spikes
|
|-weather|Sandstorm|[upkeep]
|upkeep
|turn|46
|
|t:|1728778413
|move|p2a: Magneton|Thunderbolt|p1a: You:
|-supereffective|p1a: You:
|-crit|p1a: You:
|-damage|p1a: You:|0 fnt
|faint|p1a: You:
|
|t:|1728778425
|switch|p1a: Can he do it?|Flygon, M|13/100
|
|-weather|Sandstorm|[upkeep]
|-heal|p1a: Can he do it?|19/100|[from] item: Leftovers
|upkeep
|turn|47
|
|t:|1728778436
|switch|p2a: Skarmory|Skarmory, F|38/100
|move|p1a: Can he do it?|Earthquake|p2a: Skarmory
|-immune|p2a: Skarmory
|
|-weather|Sandstorm|[upkeep]
|-heal|p1a: Can he do it?|25/100|[from] item: Leftovers
|-heal|p2a: Skarmory|44/100|[from] item: Leftovers
|upkeep
|turn|48
|
|t:|1728778438
|move|p1a: Can he do it?|Rock Slide|p2a: Skarmory
|-damage|p2a: Skarmory|31/100
|move|p2a: Skarmory|Drill Peck|p1a: Can he do it?
|-damage|p1a: Can he do it?|8/100
|
|-weather|Sandstorm|[upkeep]
|-heal|p1a: Can he do it?|14/100|[from] item: Leftovers
|-heal|p2a: Skarmory|37/100|[from] item: Leftovers
|upkeep
|turn|49
|
|t:|1728778445
|switch|p1a: In a While|Suicune, shiny|57/100
|-damage|p1a: In a While|32/100|[from] Spikes
|move|p2a: Skarmory|Drill Peck|p1a: In a While
|-damage|p1a: In a While|14/100
|
|-weather|Sandstorm|[upkeep]
|-damage|p1a: In a While|8/100|[from] Sandstorm
|-heal|p1a: In a While|14/100|[from] item: Leftovers
|-heal|p2a: Skarmory|43/100|[from] item: Leftovers
|upkeep
|turn|50
|
|t:|1728778450
|switch|p2a: Magneton|Magneton|51/100
|-damage|p2a: Magneton|38/100|[from] Spikes
|move|p1a: In a While|Rest|p1a: In a While
|-status|p1a: In a While|slp|[from] move: Rest
|-heal|p1a: In a While|100/100 slp|[silent]
|
|-weather|Sandstorm|[upkeep]
|-damage|p1a: In a While|94/100 slp|[from] Sandstorm
|-heal|p1a: In a While|100/100 slp|[from] item: Leftovers
|upkeep
|turn|51
|
|t:|1728778455
|switch|p1a: Can he do it?|Flygon, M|14/100
|move|p2a: Magneton|Thunderbolt|p1a: Can he do it?
|-immune|p1a: Can he do it?
|
|-weather|Sandstorm|[upkeep]
|-heal|p1a: Can he do it?|20/100|[from] item: Leftovers
|upkeep
|turn|52
|
|t:|1728778464
|switch|p2a: Skarmory|Skarmory, F|43/100
|move|p1a: Can he do it?|Rock Slide|p2a: Skarmory|[miss]
|-miss|p1a: Can he do it?|p2a: Skarmory
|
|-weather|Sandstorm|[upkeep]
|-heal|p1a: Can he do it?|26/100|[from] item: Leftovers
|-heal|p2a: Skarmory|49/100|[from] item: Leftovers
|upkeep
|turn|53
|
|t:|1728778469
|switch|p1a: Gamer Posture|Tyranitar, M|51/100 par
|-damage|p1a: Gamer Posture|26/100 par|[from] Spikes
|move|p2a: Skarmory|Drill Peck|p1a: Gamer Posture
|-resisted|p1a: Gamer Posture
|-damage|p1a: Gamer Posture|18/100 par
|
|-weather|Sandstorm|[upkeep]
|-heal|p2a: Skarmory|55/100|[from] item: Leftovers
|-heal|p1a: Gamer Posture|24/100 par|[from] item: Leftovers
|upkeep
|turn|54
|inactive|Skarph☾eRiM has 270 seconds left.
|
|t:|1728778502
|switch|p2a: Swampert|Swampert, F|93/100 tox
|-damage|p2a: Swampert|81/100 tox|[from] Spikes
|move|p1a: Gamer Posture|Fire Blast|p2a: Swampert
|-resisted|p2a: Swampert
|-damage|p2a: Swampert|65/100 tox
|
|-weather|Sandstorm|[upkeep]
|-heal|p2a: Swampert|71/100 tox|[from] item: Leftovers
|-damage|p2a: Swampert|65/100 tox|[from] psn
|-heal|p1a: Gamer Posture|30/100 par|[from] item: Leftovers
|upkeep
|turn|55
|
|t:|1728778516
|move|p2a: Swampert|Earthquake|p1a: Gamer Posture
|-supereffective|p1a: Gamer Posture
|-crit|p1a: Gamer Posture
|-damage|p1a: Gamer Posture|0 fnt
|faint|p1a: Gamer Posture
|
|t:|1728778528
|switch|p1a: In a While|Suicune, shiny|100/100 slp
|-damage|p1a: In a While|76/100 slp|[from] Spikes
|
|-weather|Sandstorm|[upkeep]
|-damage|p1a: In a While|70/100 slp|[from] Sandstorm
|-heal|p1a: In a While|76/100 slp|[from] item: Leftovers
|-heal|p2a: Swampert|71/100 tox|[from] item: Leftovers
|-damage|p2a: Swampert|58/100 tox|[from] psn
|upkeep
|turn|56
|
|t:|1728778534
|cant|p1a: In a While|slp
|move|p2a: Swampert|Earthquake|p1a: In a While
|-damage|p1a: In a While|43/100 slp
|
|-weather|Sandstorm|[upkeep]
|-damage|p1a: In a While|37/100 slp|[from] Sandstorm
|-heal|p1a: In a While|43/100 slp|[from] item: Leftovers
|-heal|p2a: Swampert|65/100 tox|[from] item: Leftovers
|-damage|p2a: Swampert|46/100 tox|[from] psn
|upkeep
|turn|57
|
|t:|1728778541
|cant|p1a: In a While|slp
|move|p2a: Swampert|Earthquake|p1a: In a While
|-damage|p1a: In a While|13/100 slp
|
|-weather|Sandstorm|[upkeep]
|-damage|p1a: In a While|7/100 slp|[from] Sandstorm
|-heal|p1a: In a While|13/100 slp|[from] item: Leftovers
|-heal|p2a: Swampert|52/100 tox|[from] item: Leftovers
|-damage|p2a: Swampert|27/100 tox|[from] psn
|upkeep
|turn|58
|
|t:|1728778544
|-curestatus|p1a: In a While|slp|[msg]
|move|p1a: In a While|Surf|p2a: Swampert
|-damage|p2a: Swampert|0 fnt
|faint|p2a: Swampert
|
|t:|1728778546
|switch|p2a: Aerodactyl|Aerodactyl, M|100/100
|
|-weather|Sandstorm|[upkeep]
|-damage|p1a: In a While|7/100|[from] Sandstorm
|-heal|p1a: In a While|13/100|[from] item: Leftovers
|upkeep
|turn|59
|
|t:|1728778550
|move|p2a: Aerodactyl|Double-Edge|p1a: In a While
|-crit|p1a: In a While
|-damage|p1a: In a While|0 fnt
|faint|p1a: In a While
|
|t:|1728778552
|switch|p1a: Can he do it?|Flygon, M|26/100
|
|-weather|Sandstorm|[upkeep]
|-heal|p1a: Can he do it?|32/100|[from] item: Leftovers
|upkeep
|turn|60
|c|☆GoldThe1andOnly|gg
|c|☆Skarph☾eRiM|gg
|
|t:|1728778558
|move|p2a: Aerodactyl|Double-Edge|p1a: Can he do it?
|-damage|p1a: Can he do it?|0 fnt
|faint|p1a: Can he do it?
|
|win|Skarph☾eRiM
|player|p2|
|player|p1|
|player|p1|GoldThe1andOnly|elesa-masters|

</script>
<script type="application/json" class="data" id="replaydata-smogtours-gen3ou-797884">
{"id":"smogtours-gen3ou-797884","format":"[Gen 3] OU","players":["GoldThe1andOnly","Skarph\u263eeRiM"],"uploadtime":1728778558,"views":91,"formatid":"gen3ou","rating":null,"private":1,"password":null}
</script>

<script defer src="js/replays.js?9d40a366"></script>
