<!DOCTYPE html>
<meta charset="utf-8" />
<meta name="viewport" content="width=device-width" />

<title>[Gen 3] OU: AutumnMint vs. Baptosta - Replays - Pok&eacute;mon Showdown!</title>

<meta name="description" content="Watch a replay of a Pok&eacute;mon battle between AutumnMint and Baptosta! Format: [Gen 3] OU; Date: Oct 25, 2024" />
<!--

Hey, you! Looking in the source for the replay log?

You can find them in JSON format, just add `.json` at the end of a replay URL.

https://replay.pokemonshowdown.com/gen7randomdoublesbattle-865046831.json

Or, if you only need the log itself, add `.log` instead:

https://replay.pokemonshowdown.com/gen7randomdoublesbattle-865046831.log

-->

<link rel="stylesheet" href="//pokemonshowdown.com/style/global.css?0.023195364461161105" />
<link rel="stylesheet" href="//play.pokemonshowdown.com/style/font-awesome.css?0.13261647063804238" />
<link rel="stylesheet" href="//play.pokemonshowdown.com/style/battle.css?0.8753245789963631" />
<link rel="stylesheet" href="//play.pokemonshowdown.com/style/utilichart.css?0.8627959624976733" />

<!-- Global site tag (gtag.js) - Google Analytics -->
<script async src="https://www.googletagmanager.com/gtag/js?id=UA-26211653-1"></script>
<script>
  window.dataLayer = window.dataLayer || [];
  function gtag(){dataLayer.push(arguments);}
  gtag('js', new Date());

  gtag('config', 'UA-26211653-1');
</script>
<!-- End Google Analytics -->
<!-- Venatus Ad Manager - Install in <HEAD> of page -->
	<script src="https://hb.vntsm.com/v3/live/ad-manager.min.js" type="text/javascript" data-site-id="642aba63ec9a7b11c3c9c1be" data-mode="scan" async></script>
<!-- / Venatus Ad Manager -->

<style>
	@media (max-width:820px) {
		.battle {
			margin: 0 auto;
		}
		.battle-log {
			margin: 7px auto 0;
			max-width: 640px;
			height: 300px;
			position: static;
		}
	}
	.optgroup {
		display: inline-block;
		line-height: 22px;
		font-size: 10pt;
	}
	.optgroup .button {
		height: 25px;
		padding-top: 0;
		padding-bottom: 0;
	}
	.optgroup button.button {
		padding-left: 12px;
		padding-right: 12px;
	}
	.linklist {
		list-style: none;
		margin: 0.5em 0;
		padding: 0;
	}
	.linklist li {
		padding: 2px 0;
	}
	.sidebar {
		float: left;
		width: 320px;
	}
	.bar-wrapper {
		max-width: 1100px;
		margin: 0 auto;
	}
	.bar-wrapper.has-sidebar {
		max-width: 1430px;
	}
	.mainbar {
		margin: 0;
		padding-right: 1px;
	}
	.mainbar.has-sidebar {
		margin-left: 330px;
	}
	@media (min-width: 1511px) {
		.sidebar {
			width: 400px;
		}
		.bar-wrapper.has-sidebar {
			max-width: 1510px;
		}
		.mainbar.has-sidebar {
			margin-left: 410px;
		}
	}
	.section.first-section {
		margin-top: 9px;
	}
	.blocklink small {
		white-space: normal;
	}
	.button {
		vertical-align: middle;
	}
	.replay-controls {
		padding-top: 10px;
	}
	.replay-controls h1 {
		font-size: 16pt;
		font-weight: normal;
		color: #CCC;
	}
	.pagelink {
		text-align: center;
	}
	.pagelink a {
		width: 150px;
	}
	.textbox, .button {
		font-size: 11pt;
		vertical-align: middle;
	}
	@media (max-width: 450px) {
		.button {
			font-size: 9pt;
		}
	}
</style>

<div>

	<header>
		<div class="nav-wrapper"><ul class="nav">
			<li><a class="button nav-first" href="//pokemonshowdown.com/"><img src="//pokemonshowdown.com/images/pokemonshowdownbeta.png" srcset="//pokemonshowdown.com/images/pokemonshowdownbeta.png 1x, //pokemonshowdown.com/images/pokemonshowdownbeta@2x.png 2x" alt="Pok&eacute;mon Showdown" width="146" height="44" /> Home</a></li>
			<li><a class="button" href="//pokemonshowdown.com/dex/">Pok&eacute;dex</a></li>
			<li><a class="button cur" href="/">Replays</a></li>
			<li><a class="button" href="//pokemonshowdown.com/ladder/">Ladder</a></li>
			<li><a class="button nav-last" href="//pokemonshowdown.com/forums/">Forum</a></li>
			<li><a class="button greenbutton nav-first nav-last" href="//play.pokemonshowdown.com/">Play</a></li>
		</ul></div>
	</header>

	<div class="main" id="main">

		<noscript><section class="section">You need to enable JavaScript to use this page; sorry!</section></noscript>

	</div>

</div>

<script defer nomodule src="//play.pokemonshowdown.com/js/lib/ps-polyfill.js"></script>
<script defer src="//play.pokemonshowdown.com/js/lib/preact.min.js"></script>

<script defer src="//play.pokemonshowdown.com/config/config.js?2bddbc15"></script>
<script defer src="//play.pokemonshowdown.com/js/lib/jquery-1.11.0.min.js"></script>
<script defer src="//play.pokemonshowdown.com/js/lib/html-sanitizer-minified.js"></script>
<script defer src="//play.pokemonshowdown.com/js/battle-sound.js"></script>
<script defer src="//play.pokemonshowdown.com/js/battledata.js?0.7209276989879541"></script>
<script defer src="//play.pokemonshowdown.com/data/pokedex-mini.js?0.6111056340867951"></script>
<script defer src="//play.pokemonshowdown.com/data/pokedex-mini-bw.js?0.3532142036491459"></script>
<script defer src="//play.pokemonshowdown.com/data/graphics.js?0.24223875632456182"></script>
<script defer src="//play.pokemonshowdown.com/data/pokedex.js?0.38839984266356864"></script>
<script defer src="//play.pokemonshowdown.com/data/moves.js?0.21866028504024015"></script>
<script defer src="//play.pokemonshowdown.com/data/abilities.js?0.2005157953846628"></script>
<script defer src="//play.pokemonshowdown.com/data/items.js?0.9894211263848525"></script>
<script defer src="//play.pokemonshowdown.com/data/teambuilder-tables.js?0.6008791140282215"></script>
<script defer src="//play.pokemonshowdown.com/js/battle-tooltips.js?0.7580118955022959"></script>
<script defer src="//play.pokemonshowdown.com/js/battle.js?0.6057722274234274"></script>

<script defer src="js/utils.js?e31f9a17"></script>
<script defer src="js/replays-battle.js?7008c182"></script>

<!-- don't scrape this data! just add .json or .log after the URL!
Full API docs: https://github.com/smogon/pokemon-showdown-client/blob/master/WEB-API.md -->
<script type="text/plain" class="log" id="replaylog-smogtours-gen3ou-801936">
|inactive|Battle timer is ON: inactive players will automatically lose when time's up.
|t:|1729891017
|gametype|singles
|player|p1|AutumnMint|riley|
|player|p2|Baptosta|101|
|teamsize|p1|6
|teamsize|p2|6
|gen|3
|tier|[Gen 3] OU
|rule|Sleep Clause Mod: Limit one foe put to sleep
|rule|Switch Priority Clause Mod: Faster Pokémon switch first
|rule|Species Clause: Limit one of each Pokémon
|rule|OHKO Clause: OHKO moves are banned
|rule|Evasion Items Clause: Evasion items are banned
|rule|Evasion Moves Clause: Evasion moves are banned
|rule|Endless Battle Clause: Forcing endless battles is banned
|rule|HP Percentage Mod: HP is shown in percentages
|rule|One Boost Passer Clause: Limit one Baton Passer that has a way to boost its stats
|rule|Freeze Clause Mod: Limit one foe frozen
|
|t:|1729891017
|start
|switch|p1a: Zapdos|Zapdos|100/100
|switch|p2a: Rexy|Tyranitar, F, shiny|100/100
|-weather|Sandstorm|[from] ability: Sand Stream|[of] p2a: Rexy
|turn|1
|
|t:|1729891025
|switch|p1a: Metagross|Metagross, shiny|100/100
|move|p2a: Rexy|Rock Slide|p1a: Metagross
|-resisted|p1a: Metagross
|-damage|p1a: Metagross|80/100
|
|-weather|Sandstorm|[upkeep]
|-heal|p1a: Metagross|86/100|[from] item: Leftovers
|upkeep
|turn|2
|
|t:|1729891032
|switch|p2a: Lagoon|Swampert, M|100/100
|move|p1a: Metagross|Meteor Mash|p2a: Lagoon
|-resisted|p2a: Lagoon
|-damage|p2a: Lagoon|78/100
|
|-weather|Sandstorm|[upkeep]
|-heal|p1a: Metagross|92/100|[from] item: Leftovers
|-heal|p2a: Lagoon|84/100|[from] item: Leftovers
|upkeep
|turn|3
|
|t:|1729891055
|move|p1a: Metagross|Psychic|p2a: Lagoon
|-damage|p2a: Lagoon|45/100
|move|p2a: Lagoon|Surf|p1a: Metagross
|-damage|p1a: Metagross|33/100
|
|-weather|Sandstorm|[upkeep]
|-heal|p1a: Metagross|39/100|[from] item: Leftovers
|-heal|p2a: Lagoon|51/100|[from] item: Leftovers
|upkeep
|turn|4
|
|t:|1729891067
|switch|p2a: Highway Star|Starmie, shiny|100/100
|move|p1a: Metagross|Psychic|p2a: Highway Star
|-resisted|p2a: Highway Star
|-damage|p2a: Highway Star|75/100
|
|-weather|Sandstorm|[upkeep]
|-damage|p2a: Highway Star|68/100|[from] Sandstorm
|-heal|p2a: Highway Star|75/100|[from] item: Leftovers
|-heal|p1a: Metagross|45/100|[from] item: Leftovers
|upkeep
|turn|5
|
|t:|1729891073
|switch|p1a: Parallax|Snorlax, F|100/100
|move|p2a: Highway Star|Thunder Wave|p1a: Parallax
|-status|p1a: Parallax|par
|
|-weather|Sandstorm|[upkeep]
|-damage|p2a: Highway Star|68/100|[from] Sandstorm
|-damage|p1a: Parallax|94/100 par|[from] Sandstorm
|-heal|p2a: Highway Star|75/100|[from] item: Leftovers
|-heal|p1a: Parallax|100/100 par|[from] item: Leftovers
|upkeep
|turn|6
|
|t:|1729891083
|switch|p2a: Rexy|Tyranitar, F, shiny|100/100
|move|p1a: Parallax|Body Slam|p2a: Rexy
|-resisted|p2a: Rexy
|-damage|p2a: Rexy|85/100
|
|-weather|Sandstorm|[upkeep]
|-damage|p1a: Parallax|94/100 par|[from] Sandstorm
|-heal|p2a: Rexy|91/100|[from] item: Leftovers
|-heal|p1a: Parallax|100/100 par|[from] item: Leftovers
|upkeep
|turn|7
|
|t:|1729891091
|-singleturn|p2a: Rexy|move: Focus Punch
|-singleturn|p1a: Parallax|move: Focus Punch
|move|p2a: Rexy|Focus Punch|p1a: Parallax
|-supereffective|p1a: Parallax
|-damage|p1a: Parallax|6/100 par
|move|p1a: Parallax|Focus Punch||[still]
|cant|p1a: Parallax|Focus Punch|Focus Punch
|
|-weather|Sandstorm|[upkeep]
|-damage|p1a: Parallax|0 fnt|[from] Sandstorm
|faint|p1a: Parallax
|-heal|p2a: Rexy|97/100|[from] item: Leftovers
|upkeep
|c|☆AutumnMint|lol
|c|☆Baptosta|lol
|c|☆AutumnMint|great minds
|c|☆Baptosta|haha
|
|t:|1729891104
|switch|p1a: Swampert|Swampert, M|100/100
|turn|8
|
|t:|1729891129
|switch|p2a: HootMan|Jirachi|100/100
|move|p1a: Swampert|Hydro Pump|p2a: HootMan
|-damage|p2a: HootMan|63/100
|
|-weather|Sandstorm|[upkeep]
|-heal|p2a: HootMan|69/100|[from] item: Leftovers
|upkeep
|turn|9
|
|t:|1729891135
|move|p2a: HootMan|Protect|p2a: HootMan
|-singleturn|p2a: HootMan|Protect
|move|p1a: Swampert|Earthquake|p2a: HootMan
|-activate|p2a: HootMan|Protect
|
|-weather|Sandstorm|[upkeep]
|-heal|p2a: HootMan|75/100|[from] item: Leftovers
|upkeep
|turn|10
|
|t:|1729891139
|switch|p2a: Thormium|Zapdos|100/100
|move|p1a: Swampert|Earthquake|p2a: Thormium
|-immune|p2a: Thormium
|
|-weather|Sandstorm|[upkeep]
|-damage|p2a: Thormium|94/100|[from] Sandstorm
|-heal|p2a: Thormium|100/100|[from] item: Leftovers
|upkeep
|turn|11
|
|t:|1729891152
|move|p2a: Thormium|Hidden Power|p1a: Swampert
|-supereffective|p1a: Swampert
|-damage|p1a: Swampert|11/100
|move|p1a: Swampert|Ice Beam|p2a: Thormium
|-supereffective|p2a: Thormium
|-damage|p2a: Thormium|62/100
|
|-weather|Sandstorm|[upkeep]
|-damage|p2a: Thormium|56/100|[from] Sandstorm
|-heal|p2a: Thormium|62/100|[from] item: Leftovers
|-heal|p1a: Swampert|17/100|[from] item: Leftovers
|upkeep
|turn|12
|
|t:|1729891166
|switch|p1a: Salamence|Salamence, M|100/100
|-ability|p1a: Salamence|Intimidate|boost
|-unboost|p2a: Thormium|atk|1
|move|p2a: Thormium|Baton Pass|p2a: Thormium
|
|t:|1729891177
|switch|p2a: Lagoon|Swampert, M|51/100|[from] Baton Pass
|
|-weather|Sandstorm|[upkeep]
|-damage|p1a: Salamence|94/100|[from] Sandstorm
|-heal|p1a: Salamence|100/100|[from] item: Leftovers
|-heal|p2a: Lagoon|57/100|[from] item: Leftovers
|upkeep
|turn|13
|
|t:|1729891180
|move|p1a: Salamence|Hidden Power|p2a: Lagoon
|-supereffective|p2a: Lagoon
|-damage|p2a: Lagoon|0 fnt
|faint|p2a: Lagoon
|
|t:|1729891191
|switch|p2a: Highway Star|Starmie, shiny|75/100
|
|-weather|Sandstorm|[upkeep]
|-damage|p2a: Highway Star|68/100|[from] Sandstorm
|-damage|p1a: Salamence|94/100|[from] Sandstorm
|-heal|p2a: Highway Star|75/100|[from] item: Leftovers
|-heal|p1a: Salamence|100/100|[from] item: Leftovers
|upkeep
|turn|14
|inactive|AutumnMint has 270 seconds left.
|
|t:|1729891222
|switch|p1a: Swampert|Swampert, M|17/100
|move|p2a: Highway Star|Thunder Wave|p1a: Swampert
|-immune|p1a: Swampert
|
|-weather|Sandstorm|[upkeep]
|-damage|p2a: Highway Star|68/100|[from] Sandstorm
|-heal|p2a: Highway Star|75/100|[from] item: Leftovers
|-heal|p1a: Swampert|23/100|[from] item: Leftovers
|upkeep
|turn|15
|
|t:|1729891231
|move|p2a: Highway Star|Surf|p1a: Swampert
|-damage|p1a: Swampert|0 fnt
|faint|p1a: Swampert
|
|t:|1729891239
|switch|p1a: Tyranitar|Tyranitar, F|100/100
|
|-weather|Sandstorm|[upkeep]
|-damage|p2a: Highway Star|68/100|[from] Sandstorm
|-heal|p2a: Highway Star|75/100|[from] item: Leftovers
|upkeep
|turn|16
|
|t:|1729891242
|move|p2a: Highway Star|Surf|p1a: Tyranitar
|-supereffective|p1a: Tyranitar
|-damage|p1a: Tyranitar|37/100
|move|p1a: Tyranitar|Dragon Dance|p1a: Tyranitar
|-boost|p1a: Tyranitar|atk|1
|-boost|p1a: Tyranitar|spe|1
|
|-weather|Sandstorm|[upkeep]
|-damage|p2a: Highway Star|68/100|[from] Sandstorm
|-heal|p2a: Highway Star|75/100|[from] item: Leftovers
|upkeep
|turn|17
|
|t:|1729891248
|move|p1a: Tyranitar|Hidden Power|p2a: Highway Star
|-supereffective|p2a: Highway Star
|-damage|p2a: Highway Star|0 fnt
|faint|p2a: Highway Star
|
|t:|1729891253
|switch|p2a: WellBug|Heracross, M|100/100
|
|-weather|Sandstorm|[upkeep]
|-damage|p2a: WellBug|95/100|[from] Sandstorm
|-heal|p2a: WellBug|100/100|[from] item: Leftovers
|upkeep
|turn|18
|
|t:|1729891260
|move|p1a: Tyranitar|Rock Slide|p2a: WellBug
|-damage|p2a: WellBug|12/100
|move|p2a: WellBug|Megahorn|p1a: Tyranitar
|-supereffective|p1a: Tyranitar
|-damage|p1a: Tyranitar|0 fnt
|faint|p1a: Tyranitar
|
|t:|1729891270
|switch|p1a: Zapdos|Zapdos|100/100
|
|-weather|Sandstorm|[upkeep]
|-damage|p1a: Zapdos|94/100|[from] Sandstorm
|-damage|p2a: WellBug|6/100|[from] Sandstorm
|-heal|p1a: Zapdos|100/100|[from] item: Leftovers
|-heal|p2a: WellBug|12/100|[from] item: Leftovers
|upkeep
|turn|19
|
|t:|1729891273
|move|p1a: Zapdos|Thunderbolt|p2a: WellBug
|-damage|p2a: WellBug|0 fnt
|faint|p2a: WellBug
|
|t:|1729891283
|switch|p2a: HootMan|Jirachi|75/100
|
|-weather|Sandstorm|[upkeep]
|-damage|p1a: Zapdos|94/100|[from] Sandstorm
|-heal|p1a: Zapdos|100/100|[from] item: Leftovers
|-heal|p2a: HootMan|81/100|[from] item: Leftovers
|upkeep
|turn|20
|
|t:|1729891288
|move|p1a: Zapdos|Thunder Wave|p2a: HootMan
|-status|p2a: HootMan|par
|cant|p2a: HootMan|par
|
|-weather|Sandstorm|[upkeep]
|-damage|p1a: Zapdos|94/100|[from] Sandstorm
|-heal|p1a: Zapdos|100/100|[from] item: Leftovers
|-heal|p2a: HootMan|87/100 par|[from] item: Leftovers
|upkeep
|turn|21
|
|t:|1729891293
|move|p1a: Zapdos|Thunderbolt|p2a: HootMan
|-damage|p2a: HootMan|50/100 par
|cant|p2a: HootMan|par
|
|-weather|Sandstorm|[upkeep]
|-damage|p1a: Zapdos|94/100|[from] Sandstorm
|-heal|p1a: Zapdos|100/100|[from] item: Leftovers
|-heal|p2a: HootMan|56/100 par|[from] item: Leftovers
|upkeep
|turn|22
|
|t:|1729891296
|move|p1a: Zapdos|Thunderbolt|p2a: HootMan
|-damage|p2a: HootMan|19/100 par
|cant|p2a: HootMan|par
|
|-weather|Sandstorm|[upkeep]
|-damage|p1a: Zapdos|94/100|[from] Sandstorm
|-heal|p1a: Zapdos|100/100|[from] item: Leftovers
|-heal|p2a: HootMan|25/100 par|[from] item: Leftovers
|upkeep
|turn|23
|
|t:|1729891302
|move|p1a: Zapdos|Thunderbolt|p2a: HootMan
|-crit|p2a: HootMan
|-damage|p2a: HootMan|0 fnt
|faint|p2a: HootMan
|c|☆AutumnMint|holy
|c|☆AutumnMint|sorry man
|
|t:|1729891305
|switch|p2a: Rexy|Tyranitar, F, shiny|97/100
|
|-weather|Sandstorm|[upkeep]
|-damage|p1a: Zapdos|94/100|[from] Sandstorm
|-heal|p1a: Zapdos|100/100|[from] item: Leftovers
|-heal|p2a: Rexy|100/100|[from] item: Leftovers
|upkeep
|turn|24
|
|t:|1729891309
|move|p1a: Zapdos|Thunder Wave|p2a: Rexy
|-status|p2a: Rexy|par
|move|p2a: Rexy|Rock Slide|p1a: Zapdos
|-supereffective|p1a: Zapdos
|-damage|p1a: Zapdos|5/100
|
|-weather|Sandstorm|[upkeep]
|-damage|p1a: Zapdos|0 fnt|[from] Sandstorm
|faint|p1a: Zapdos
|upkeep
|
|t:|1729891315
|switch|p1a: Metagross|Metagross, shiny|45/100
|turn|25
|
|t:|1729891321
|switch|p2a: Thormium|Zapdos|62/100
|move|p1a: Metagross|Meteor Mash|p2a: Thormium
|-resisted|p2a: Thormium
|-damage|p2a: Thormium|38/100
|-boost|p1a: Metagross|atk|1
|
|-weather|Sandstorm|[upkeep]
|-damage|p2a: Thormium|32/100|[from] Sandstorm
|-heal|p2a: Thormium|38/100|[from] item: Leftovers
|-heal|p1a: Metagross|51/100|[from] item: Leftovers
|upkeep
|turn|26
|
|t:|1729891327
|move|p2a: Thormium|Thunder Wave|p1a: Metagross
|-status|p1a: Metagross|par
|move|p1a: Metagross|Psychic|p2a: Thormium
|-damage|p2a: Thormium|10/100
|
|-weather|Sandstorm|[upkeep]
|-damage|p2a: Thormium|4/100|[from] Sandstorm
|-heal|p2a: Thormium|10/100|[from] item: Leftovers
|-heal|p1a: Metagross|57/100 par|[from] item: Leftovers
|upkeep
|turn|27
|
|t:|1729891337
|move|p2a: Thormium|Thunderbolt|p1a: Metagross
|-damage|p1a: Metagross|1/100 par
|move|p1a: Metagross|Hidden Power|p2a: Thormium
|-damage|p2a: Thormium|0 fnt
|faint|p2a: Thormium
|
|t:|1729891342
|switch|p2a: Rexy|Tyranitar, F, shiny|100/100 par
|
|-weather|Sandstorm|[upkeep]
|-heal|p1a: Metagross|7/100 par|[from] item: Leftovers
|upkeep
|turn|28
|
|t:|1729891345
|cant|p1a: Metagross|par
|move|p2a: Rexy|Earthquake|p1a: Metagross
|-supereffective|p1a: Metagross
|-damage|p1a: Metagross|0 fnt
|faint|p1a: Metagross
|
|t:|1729891347
|switch|p1a: Salamence|Salamence, M|100/100
|-ability|p1a: Salamence|Intimidate|boost
|-unboost|p2a: Rexy|atk|1
|
|-weather|Sandstorm|[upkeep]
|-damage|p1a: Salamence|94/100|[from] Sandstorm
|-heal|p1a: Salamence|100/100|[from] item: Leftovers
|upkeep
|turn|29
|
|t:|1729891350
|move|p1a: Salamence|Brick Break|p2a: Rexy
|-supereffective|p2a: Rexy
|-damage|p2a: Rexy|35/100 par
|move|p2a: Rexy|Rock Slide|p1a: Salamence
|-supereffective|p1a: Salamence
|-damage|p1a: Salamence|29/100
|
|-weather|Sandstorm|[upkeep]
|-damage|p1a: Salamence|23/100|[from] Sandstorm
|-heal|p1a: Salamence|29/100|[from] item: Leftovers
|-heal|p2a: Rexy|41/100 par|[from] item: Leftovers
|upkeep
|turn|30
|
|t:|1729891355
|move|p1a: Salamence|Brick Break|p2a: Rexy
|-supereffective|p2a: Rexy
|-damage|p2a: Rexy|0 fnt
|faint|p2a: Rexy
|
|win|AutumnMint

</script>
<script type="application/json" class="data" id="replaydata-smogtours-gen3ou-801936">
{"id":"smogtours-gen3ou-801936","format":"[Gen 3] OU","players":["AutumnMint","Baptosta"],"uploadtime":1729891355,"views":126,"formatid":"gen3ou","rating":null,"private":0,"password":null}
</script>

<script defer src="js/replays.js?9d40a366"></script>
