<!DOCTYPE html>
<meta charset="utf-8" />
<meta name="viewport" content="width=device-width" />

<title>[Gen 3] OU: denizzz vs. pokology2 - Replays - Pok&eacute;mon Showdown!</title>

<meta name="description" content="Watch a replay of a Pok&eacute;mon battle between denizzz and pokology2! Format: [Gen 3] OU; Date: Oct 22, 2024" />
<!--

Hey, you! Looking in the source for the replay log?

You can find them in JSON format, just add `.json` at the end of a replay URL.

https://replay.pokemonshowdown.com/gen7randomdoublesbattle-865046831.json

Or, if you only need the log itself, add `.log` instead:

https://replay.pokemonshowdown.com/gen7randomdoublesbattle-865046831.log

-->

<link rel="stylesheet" href="//pokemonshowdown.com/style/global.css?0.023195364461161105" />
<link rel="stylesheet" href="//play.pokemonshowdown.com/style/font-awesome.css?0.13261647063804238" />
<link rel="stylesheet" href="//play.pokemonshowdown.com/style/battle.css?0.8753245789963631" />
<link rel="stylesheet" href="//play.pokemonshowdown.com/style/utilichart.css?0.8627959624976733" />

<!-- Global site tag (gtag.js) - Google Analytics -->
<script async src="https://www.googletagmanager.com/gtag/js?id=UA-26211653-1"></script>
<script>
  window.dataLayer = window.dataLayer || [];
  function gtag(){dataLayer.push(arguments);}
  gtag('js', new Date());

  gtag('config', 'UA-26211653-1');
</script>
<!-- End Google Analytics -->
<!-- Venatus Ad Manager - Install in <HEAD> of page -->
	<script src="https://hb.vntsm.com/v3/live/ad-manager.min.js" type="text/javascript" data-site-id="642aba63ec9a7b11c3c9c1be" data-mode="scan" async></script>
<!-- / Venatus Ad Manager -->

<style>
	@media (max-width:820px) {
		.battle {
			margin: 0 auto;
		}
		.battle-log {
			margin: 7px auto 0;
			max-width: 640px;
			height: 300px;
			position: static;
		}
	}
	.optgroup {
		display: inline-block;
		line-height: 22px;
		font-size: 10pt;
	}
	.optgroup .button {
		height: 25px;
		padding-top: 0;
		padding-bottom: 0;
	}
	.optgroup button.button {
		padding-left: 12px;
		padding-right: 12px;
	}
	.linklist {
		list-style: none;
		margin: 0.5em 0;
		padding: 0;
	}
	.linklist li {
		padding: 2px 0;
	}
	.sidebar {
		float: left;
		width: 320px;
	}
	.bar-wrapper {
		max-width: 1100px;
		margin: 0 auto;
	}
	.bar-wrapper.has-sidebar {
		max-width: 1430px;
	}
	.mainbar {
		margin: 0;
		padding-right: 1px;
	}
	.mainbar.has-sidebar {
		margin-left: 330px;
	}
	@media (min-width: 1511px) {
		.sidebar {
			width: 400px;
		}
		.bar-wrapper.has-sidebar {
			max-width: 1510px;
		}
		.mainbar.has-sidebar {
			margin-left: 410px;
		}
	}
	.section.first-section {
		margin-top: 9px;
	}
	.blocklink small {
		white-space: normal;
	}
	.button {
		vertical-align: middle;
	}
	.replay-controls {
		padding-top: 10px;
	}
	.replay-controls h1 {
		font-size: 16pt;
		font-weight: normal;
		color: #CCC;
	}
	.pagelink {
		text-align: center;
	}
	.pagelink a {
		width: 150px;
	}
	.textbox, .button {
		font-size: 11pt;
		vertical-align: middle;
	}
	@media (max-width: 450px) {
		.button {
			font-size: 9pt;
		}
	}
</style>

<div>

	<header>
		<div class="nav-wrapper"><ul class="nav">
			<li><a class="button nav-first" href="//pokemonshowdown.com/"><img src="//pokemonshowdown.com/images/pokemonshowdownbeta.png" srcset="//pokemonshowdown.com/images/pokemonshowdownbeta.png 1x, //pokemonshowdown.com/images/pokemonshowdownbeta@2x.png 2x" alt="Pok&eacute;mon Showdown" width="146" height="44" /> Home</a></li>
			<li><a class="button" href="//pokemonshowdown.com/dex/">Pok&eacute;dex</a></li>
			<li><a class="button cur" href="/">Replays</a></li>
			<li><a class="button" href="//pokemonshowdown.com/ladder/">Ladder</a></li>
			<li><a class="button nav-last" href="//pokemonshowdown.com/forums/">Forum</a></li>
			<li><a class="button greenbutton nav-first nav-last" href="//play.pokemonshowdown.com/">Play</a></li>
		</ul></div>
	</header>

	<div class="main" id="main">

		<noscript><section class="section">You need to enable JavaScript to use this page; sorry!</section></noscript>

	</div>

</div>

<script defer nomodule src="//play.pokemonshowdown.com/js/lib/ps-polyfill.js"></script>
<script defer src="//play.pokemonshowdown.com/js/lib/preact.min.js"></script>

<script defer src="//play.pokemonshowdown.com/config/config.js?2bddbc15"></script>
<script defer src="//play.pokemonshowdown.com/js/lib/jquery-1.11.0.min.js"></script>
<script defer src="//play.pokemonshowdown.com/js/lib/html-sanitizer-minified.js"></script>
<script defer src="//play.pokemonshowdown.com/js/battle-sound.js"></script>
<script defer src="//play.pokemonshowdown.com/js/battledata.js?0.7209276989879541"></script>
<script defer src="//play.pokemonshowdown.com/data/pokedex-mini.js?0.6111056340867951"></script>
<script defer src="//play.pokemonshowdown.com/data/pokedex-mini-bw.js?0.3532142036491459"></script>
<script defer src="//play.pokemonshowdown.com/data/graphics.js?0.24223875632456182"></script>
<script defer src="//play.pokemonshowdown.com/data/pokedex.js?0.38839984266356864"></script>
<script defer src="//play.pokemonshowdown.com/data/moves.js?0.21866028504024015"></script>
<script defer src="//play.pokemonshowdown.com/data/abilities.js?0.2005157953846628"></script>
<script defer src="//play.pokemonshowdown.com/data/items.js?0.9894211263848525"></script>
<script defer src="//play.pokemonshowdown.com/data/teambuilder-tables.js?0.6008791140282215"></script>
<script defer src="//play.pokemonshowdown.com/js/battle-tooltips.js?0.7580118955022959"></script>
<script defer src="//play.pokemonshowdown.com/js/battle.js?0.6057722274234274"></script>

<script defer src="js/utils.js?e31f9a17"></script>
<script defer src="js/replays-battle.js?7008c182"></script>

<!-- don't scrape this data! just add .json or .log after the URL!
Full API docs: https://github.com/smogon/pokemon-showdown-client/blob/master/WEB-API.md -->
<script type="text/plain" class="log" id="replaylog-smogtours-gen3ou-801197">
|inactive|Battle timer is ON: inactive players will automatically lose when time's up.
|t:|1729610851
|gametype|singles
|player|p1|denizzz|1|
|player|p2|pokology2|169|
|teamsize|p1|6
|teamsize|p2|6
|gen|3
|tier|[Gen 3] OU
|rule|Sleep Clause Mod: Limit one foe put to sleep
|rule|Switch Priority Clause Mod: Faster Pokémon switch first
|rule|Species Clause: Limit one of each Pokémon
|rule|OHKO Clause: OHKO moves are banned
|rule|Evasion Items Clause: Evasion items are banned
|rule|Evasion Moves Clause: Evasion moves are banned
|rule|Endless Battle Clause: Forcing endless battles is banned
|rule|HP Percentage Mod: HP is shown in percentages
|rule|One Boost Passer Clause: Limit one Baton Passer that has a way to boost its stats
|rule|Freeze Clause Mod: Limit one foe frozen
|
|t:|1729610851
|start
|switch|p1a: Zapdos|Zapdos, shiny|100/100
|switch|p2a: Suicune|Suicune|100/100
|turn|1
|c|☆pokology2|gl hf :)
|c|☆denizzz|u2 :D
|inactive|pokology2 has 270 seconds left.
|
|t:|1729610883
|switch|p2a: Dugtrio|Dugtrio, M|100/100
|move|p1a: Zapdos|Thunderbolt|p2a: Dugtrio
|-immune|p2a: Dugtrio
|
|upkeep
|turn|2
|
|t:|1729610910
|switch|p2a: Forretress|Forretress, M|100/100
|switch|p1a: Skarmory|Skarmory, M|100/100
|
|upkeep
|turn|3
|
|t:|1729610916
|move|p1a: Skarmory|Spikes|p2a: Forretress
|-sidestart|p2: pokology2|Spikes
|move|p2a: Forretress|Spikes|p1a: Skarmory
|-sidestart|p1: denizzz|Spikes
|
|upkeep
|turn|4
|
|t:|1729610920
|switch|p1a: Armaldo|Armaldo, F, shiny|100/100
|-damage|p1a: Armaldo|88/100|[from] Spikes
|move|p2a: Forretress|Rapid Spin|p1a: Armaldo
|-resisted|p1a: Armaldo
|-damage|p1a: Armaldo|87/100
|-sideend|p2: pokology2|Spikes|[from] move: Rapid Spin|[of] p2a: Forretress
|
|-heal|p1a: Armaldo|93/100|[from] item: Leftovers
|upkeep
|turn|5
|
|t:|1729610934
|move|p1a: Armaldo|Knock Off|p2a: Forretress
|-resisted|p2a: Forretress
|-damage|p2a: Forretress|99/100
|-enditem|p2a: Forretress|Leftovers|[from] move: Knock Off|[of] p1a: Armaldo
|-hint|In Gens 3-4, Knock Off only makes the target's item unusable; it cannot obtain a new item.
|move|p2a: Forretress|Spikes|p1a: Armaldo
|-sidestart|p1: denizzz|Spikes
|
|-heal|p1a: Armaldo|99/100|[from] item: Leftovers
|upkeep
|turn|6
|
|t:|1729610947
|switch|p1a: Starmie|Starmie|100/100
|-damage|p1a: Starmie|84/100|[from] Spikes
|move|p2a: Forretress|Spikes|p1a: Starmie
|-sidestart|p1: denizzz|Spikes
|
|-heal|p1a: Starmie|90/100|[from] item: Leftovers
|upkeep
|turn|7
|
|t:|1729610958
|switch|p2a: Gengar|Gengar, M|100/100
|move|p1a: Starmie|Thunder Wave|p2a: Gengar
|-status|p2a: Gengar|par
|
|-heal|p1a: Starmie|96/100|[from] item: Leftovers
|upkeep
|turn|8
|
|t:|1729610971
|switch|p1a: Zapdos|Zapdos, shiny|100/100
|cant|p2a: Gengar|par
|
|upkeep
|turn|9
|
|t:|1729610977
|switch|p2a: Blissey|Blissey, F|100/100
|move|p1a: Zapdos|Thunderbolt|p2a: Blissey
|-damage|p2a: Blissey|86/100
|
|-heal|p2a: Blissey|92/100|[from] item: Leftovers
|upkeep
|turn|10
|
|t:|1729610983
|move|p1a: Zapdos|Thunderbolt|p2a: Blissey
|-damage|p2a: Blissey|77/100
|move|p2a: Blissey|Heal Bell|p2a: Blissey
|-activate|p2a: Blissey|move: Heal Bell
|-curestatus|p2: Gengar|par|[silent]
|
|-heal|p2a: Blissey|83/100|[from] item: Leftovers
|upkeep
|turn|11
|inactive|pokology2 has 270 seconds left.
|
|t:|1729611014
|switch|p1a: Skarmory|Skarmory, M|100/100
|switch|p2a: Houndoom|Houndoom, F|100/100
|
|upkeep
|turn|12
|
|t:|1729611023
|switch|p1a: Zapdos|Zapdos, shiny|100/100
|move|p2a: Houndoom|Flamethrower|p1a: Zapdos
|-damage|p1a: Zapdos|72/100
|
|-heal|p1a: Zapdos|78/100|[from] item: Leftovers
|upkeep
|turn|13
|inactive|pokology2 has 270 seconds left.
|
|t:|1729611042
|switch|p2a: Blissey|Blissey, F|83/100
|move|p1a: Zapdos|Thunderbolt|p2a: Blissey
|-damage|p2a: Blissey|69/100
|
|-heal|p1a: Zapdos|85/100|[from] item: Leftovers
|-heal|p2a: Blissey|75/100|[from] item: Leftovers
|upkeep
|turn|14
|
|t:|1729611058
|switch|p1a: Armaldo|Armaldo, F, shiny|99/100
|-damage|p1a: Armaldo|74/100|[from] Spikes
|move|p2a: Blissey|Toxic|p1a: Armaldo
|-status|p1a: Armaldo|tox
|
|-heal|p2a: Blissey|82/100|[from] item: Leftovers
|-heal|p1a: Armaldo|80/100 tox|[from] item: Leftovers
|-damage|p1a: Armaldo|74/100 tox|[from] psn
|upkeep
|turn|15
|
|t:|1729611070
|move|p2a: Blissey|Seismic Toss|p1a: Armaldo
|-damage|p1a: Armaldo|46/100 tox
|move|p1a: Armaldo|Knock Off|p2a: Blissey
|-damage|p2a: Blissey|80/100
|-enditem|p2a: Blissey|Leftovers|[from] move: Knock Off|[of] p1a: Armaldo
|
|-heal|p1a: Armaldo|52/100 tox|[from] item: Leftovers
|-damage|p1a: Armaldo|40/100 tox|[from] psn
|upkeep
|turn|16
|
|t:|1729611078
|switch|p2a: Dugtrio|Dugtrio, M|100/100
|move|p1a: Armaldo|Rest|p1a: Armaldo
|-status|p1a: Armaldo|slp|[from] move: Rest
|-heal|p1a: Armaldo|100/100 slp|[silent]
|
|upkeep
|turn|17
|
|t:|1729611082
|move|p2a: Dugtrio|Earthquake|p1a: Armaldo
|-damage|p1a: Armaldo|61/100 slp
|cant|p1a: Armaldo|slp
|
|-heal|p1a: Armaldo|67/100 slp|[from] item: Leftovers
|upkeep
|turn|18
|
|t:|1729611085
|move|p2a: Dugtrio|Earthquake|p1a: Armaldo
|-damage|p1a: Armaldo|25/100 slp
|cant|p1a: Armaldo|slp
|
|-heal|p1a: Armaldo|32/100 slp|[from] item: Leftovers
|upkeep
|turn|19
|
|t:|1729611090
|move|p2a: Dugtrio|Earthquake|p1a: Armaldo
|-damage|p1a: Armaldo|0 fnt
|faint|p1a: Armaldo
|
|t:|1729611092
|switch|p1a: Skarmory|Skarmory, M|100/100
|
|upkeep
|turn|20
|
|t:|1729611096
|switch|p2a: Forretress|Forretress, M|99/100
|move|p1a: Skarmory|Spikes|p2a: Forretress
|-sidestart|p2: pokology2|Spikes
|
|upkeep
|turn|21
|
|t:|1729611100
|switch|p1a: Starmie|Starmie|96/100
|-damage|p1a: Starmie|71/100|[from] Spikes
|move|p2a: Forretress|Rapid Spin|p1a: Starmie
|-damage|p1a: Starmie|66/100
|-sideend|p2: pokology2|Spikes|[from] move: Rapid Spin|[of] p2a: Forretress
|
|-heal|p1a: Starmie|72/100|[from] item: Leftovers
|upkeep
|turn|22
|
|t:|1729611110
|switch|p2a: Gengar|Gengar, M|100/100
|move|p1a: Starmie|Surf|p2a: Gengar
|-damage|p2a: Gengar|58/100
|
|-heal|p1a: Starmie|79/100|[from] item: Leftovers
|-heal|p2a: Gengar|65/100|[from] item: Leftovers
|upkeep
|turn|23
|
|t:|1729611117
|switch|p1a: Blissey|Blissey, F|100/100
|-damage|p1a: Blissey|76/100|[from] Spikes
|move|p2a: Gengar|Thunderbolt|p1a: Blissey
|-damage|p1a: Blissey|64/100
|-status|p1a: Blissey|par
|
|-heal|p2a: Gengar|71/100|[from] item: Leftovers
|-heal|p1a: Blissey|70/100 par|[from] item: Leftovers
|upkeep
|turn|24
|
|t:|1729611145
|switch|p2a: Suicune|Suicune|100/100
|move|p1a: Blissey|Ice Beam|p2a: Suicune
|-resisted|p2a: Suicune
|-damage|p2a: Suicune|91/100
|
|-heal|p2a: Suicune|97/100|[from] item: Leftovers
|-heal|p1a: Blissey|76/100 par|[from] item: Leftovers
|upkeep
|turn|25
|
|t:|1729611151
|move|p2a: Suicune|Calm Mind|p2a: Suicune
|-boost|p2a: Suicune|spa|1
|-boost|p2a: Suicune|spd|1
|move|p1a: Blissey|Toxic|p2a: Suicune|[miss]
|-miss|p1a: Blissey|p2a: Suicune
|
|-heal|p2a: Suicune|100/100|[from] item: Leftovers
|-heal|p1a: Blissey|82/100 par|[from] item: Leftovers
|upkeep
|turn|26
|
|t:|1729611161
|move|p2a: Suicune|Calm Mind|p2a: Suicune
|-boost|p2a: Suicune|spa|1
|-boost|p2a: Suicune|spd|1
|move|p1a: Blissey|Toxic|p2a: Suicune
|-status|p2a: Suicune|tox
|
|-damage|p2a: Suicune|94/100 tox|[from] psn
|-heal|p1a: Blissey|88/100 par|[from] item: Leftovers
|upkeep
|turn|27
|
|t:|1729611169
|move|p2a: Suicune|Calm Mind|p2a: Suicune
|-boost|p2a: Suicune|spa|1
|-boost|p2a: Suicune|spd|1
|move|p1a: Blissey|Aromatherapy|p1a: Blissey
|-cureteam|p1a: Blissey|[from] move: Aromatherapy
|
|-heal|p2a: Suicune|100/100 tox|[from] item: Leftovers
|-damage|p2a: Suicune|88/100 tox|[from] psn
|-heal|p1a: Blissey|94/100|[from] item: Leftovers
|upkeep
|turn|28
|
|t:|1729611175
|move|p1a: Blissey|Soft-Boiled|p1a: Blissey
|-heal|p1a: Blissey|100/100
|move|p2a: Suicune|Roar|p1a: Blissey
|drag|p1a: Skarmory|Skarmory, M|100/100
|
|-heal|p2a: Suicune|94/100 tox|[from] item: Leftovers
|-damage|p2a: Suicune|76/100 tox|[from] psn
|upkeep
|turn|29
|
|t:|1729611179
|move|p1a: Skarmory|Protect|p1a: Skarmory
|-singleturn|p1a: Skarmory|Protect
|move|p2a: Suicune|Surf|p1a: Skarmory
|-activate|p1a: Skarmory|Protect
|
|-heal|p2a: Suicune|82/100 tox|[from] item: Leftovers
|-damage|p2a: Suicune|57/100 tox|[from] psn
|upkeep
|turn|30
|
|t:|1729611182
|switch|p1a: Blissey|Blissey, F|100/100
|-damage|p1a: Blissey|76/100|[from] Spikes
|move|p2a: Suicune|Surf|p1a: Blissey
|-damage|p1a: Blissey|46/100
|
|-heal|p2a: Suicune|63/100 tox|[from] item: Leftovers
|-damage|p2a: Suicune|32/100 tox|[from] psn
|-heal|p1a: Blissey|52/100|[from] item: Leftovers
|upkeep
|turn|31
|
|t:|1729611188
|move|p2a: Suicune|Rest|p2a: Suicune
|-status|p2a: Suicune|slp|[from] move: Rest
|-heal|p2a: Suicune|100/100 slp|[silent]
|move|p1a: Blissey|Soft-Boiled|p1a: Blissey
|-heal|p1a: Blissey|100/100
|
|upkeep
|turn|32
|
|t:|1729611192
|switch|p1a: Starmie|Starmie|79/100
|-damage|p1a: Starmie|54/100|[from] Spikes
|cant|p2a: Suicune|slp
|
|-heal|p1a: Starmie|60/100|[from] item: Leftovers
|upkeep
|turn|33
|
|t:|1729611219
|switch|p2a: Houndoom|Houndoom, F|100/100
|move|p1a: Starmie|Rapid Spin|p2a: Houndoom
|-damage|p2a: Houndoom|94/100
|-sideend|p1: denizzz|Spikes|[from] move: Rapid Spin|[of] p1a: Starmie
|
|-heal|p1a: Starmie|66/100|[from] item: Leftovers
|-heal|p2a: Houndoom|99/100|[from] item: Leftovers
|upkeep
|turn|34
|inactive|pokology2 has 270 seconds left.
|inactive|pokology2 has 240 seconds left.
|
|t:|1729611281
|move|p1a: Starmie|Surf|p2a: Houndoom
|-supereffective|p2a: Houndoom
|-damage|p2a: Houndoom|2/100
|move|p2a: Houndoom|Crunch|p1a: Starmie
|-supereffective|p1a: Starmie
|-damage|p1a: Starmie|0 fnt
|faint|p1a: Starmie
|
|t:|1729611288
|switch|p1a: Zapdos|Zapdos, shiny|85/100
|
|-heal|p2a: Houndoom|8/100|[from] item: Leftovers
|-heal|p1a: Zapdos|91/100|[from] item: Leftovers
|upkeep
|turn|35
|
|t:|1729611292
|switch|p2a: Blissey|Blissey, F|80/100
|move|p1a: Zapdos|Thunderbolt|p2a: Blissey
|-damage|p2a: Blissey|66/100
|
|-heal|p1a: Zapdos|97/100|[from] item: Leftovers
|upkeep
|turn|36
|
|t:|1729611297
|switch|p1a: Skarmory|Skarmory, M|100/100
|move|p2a: Blissey|Soft-Boiled|p2a: Blissey
|-heal|p2a: Blissey|100/100
|
|upkeep
|turn|37
|
|t:|1729611300
|switch|p2a: Forretress|Forretress, M|99/100
|move|p1a: Skarmory|Spikes|p2a: Forretress
|-sidestart|p2: pokology2|Spikes
|
|upkeep
|turn|38
|
|t:|1729611303
|switch|p1a: Swampert|Swampert, M, shiny|100/100
|move|p2a: Forretress|Rapid Spin|p1a: Swampert
|-damage|p1a: Swampert|97/100
|-sideend|p2: pokology2|Spikes|[from] move: Rapid Spin|[of] p2a: Forretress
|
|-heal|p1a: Swampert|100/100|[from] item: Leftovers
|upkeep
|turn|39
|
|t:|1729611306
|switch|p2a: Suicune|Suicune|100/100 slp
|move|p1a: Swampert|Hydro Pump|p2a: Suicune|[miss]
|-miss|p1a: Swampert|p2a: Suicune
|
|upkeep
|turn|40
|
|t:|1729611311
|switch|p1a: Zapdos|Zapdos, shiny|97/100
|cant|p2a: Suicune|slp
|
|-heal|p1a: Zapdos|100/100|[from] item: Leftovers
|upkeep
|turn|41
|
|t:|1729611318
|switch|p1a: Skarmory|Skarmory, M|100/100
|switch|p2a: Blissey|Blissey, F|100/100
|
|upkeep
|turn|42
|
|t:|1729611321
|switch|p2a: Forretress|Forretress, M|99/100
|move|p1a: Skarmory|Spikes|p2a: Forretress
|-sidestart|p2: pokology2|Spikes
|
|upkeep
|turn|43
|
|t:|1729611324
|switch|p1a: Zapdos|Zapdos, shiny|100/100
|move|p2a: Forretress|Rapid Spin|p1a: Zapdos
|-damage|p1a: Zapdos|96/100
|-sideend|p2: pokology2|Spikes|[from] move: Rapid Spin|[of] p2a: Forretress
|
|-heal|p1a: Zapdos|100/100|[from] item: Leftovers
|upkeep
|turn|44
|
|t:|1729611327
|switch|p1a: Skarmory|Skarmory, M|100/100
|switch|p2a: Blissey|Blissey, F|100/100
|
|upkeep
|turn|45
|
|t:|1729611332
|switch|p1a: Zapdos|Zapdos, shiny|100/100
|switch|p2a: Forretress|Forretress, M|99/100
|
|upkeep
|turn|46
|
|t:|1729611336
|switch|p1a: Skarmory|Skarmory, M|100/100
|switch|p2a: Blissey|Blissey, F|100/100
|
|upkeep
|turn|47
|
|t:|1729611339
|switch|p1a: Zapdos|Zapdos, shiny|100/100
|switch|p2a: Forretress|Forretress, M|99/100
|
|upkeep
|turn|48
|
|t:|1729611343
|switch|p1a: Skarmory|Skarmory, M|100/100
|switch|p2a: Blissey|Blissey, F|100/100
|
|upkeep
|turn|49
|
|t:|1729611348
|switch|p1a: Zapdos|Zapdos, shiny|100/100
|switch|p2a: Forretress|Forretress, M|99/100
|
|upkeep
|turn|50
|
|t:|1729611352
|switch|p1a: Skarmory|Skarmory, M|100/100
|switch|p2a: Blissey|Blissey, F|100/100
|
|upkeep
|turn|51
|
|t:|1729611356
|switch|p2a: Forretress|Forretress, M|99/100
|move|p1a: Skarmory|Spikes|p2a: Forretress
|-sidestart|p2: pokology2|Spikes
|
|upkeep
|turn|52
|
|t:|1729611359
|switch|p1a: Zapdos|Zapdos, shiny|100/100
|move|p2a: Forretress|Rapid Spin|p1a: Zapdos
|-damage|p1a: Zapdos|96/100
|-sideend|p2: pokology2|Spikes|[from] move: Rapid Spin|[of] p2a: Forretress
|
|-heal|p1a: Zapdos|100/100|[from] item: Leftovers
|upkeep
|turn|53
|
|t:|1729611366
|switch|p2a: Blissey|Blissey, F|100/100
|move|p1a: Zapdos|Thunderbolt|p2a: Blissey
|-damage|p2a: Blissey|85/100
|
|upkeep
|turn|54
|
|t:|1729611374
|switch|p1a: Swampert|Swampert, M, shiny|100/100
|move|p2a: Blissey|Seismic Toss|p1a: Swampert
|-damage|p1a: Swampert|76/100
|
|-heal|p1a: Swampert|82/100|[from] item: Leftovers
|upkeep
|turn|55
|
|t:|1729611379
|switch|p2a: Suicune|Suicune|100/100 slp
|switch|p1a: Zapdos|Zapdos, shiny|100/100
|
|upkeep
|turn|56
|
|t:|1729611383
|switch|p1a: Skarmory|Skarmory, M|100/100
|switch|p2a: Blissey|Blissey, F|85/100
|
|upkeep
|turn|57
|
|t:|1729611386
|switch|p1a: Zapdos|Zapdos, shiny|100/100
|switch|p2a: Forretress|Forretress, M|99/100
|
|upkeep
|turn|58
|
|t:|1729611389
|switch|p1a: Skarmory|Skarmory, M|100/100
|move|p2a: Forretress|Spikes|p1a: Skarmory
|-sidestart|p1: denizzz|Spikes
|
|upkeep
|turn|59
|
|t:|1729611392
|switch|p1a: Zapdos|Zapdos, shiny|100/100
|move|p2a: Forretress|Spikes|p1a: Zapdos
|-sidestart|p1: denizzz|Spikes
|
|upkeep
|turn|60
|
|t:|1729611397
|switch|p1a: Skarmory|Skarmory, M|100/100
|switch|p2a: Blissey|Blissey, F|85/100
|
|upkeep
|turn|61
|
|t:|1729611399
|switch|p2a: Forretress|Forretress, M|99/100
|move|p1a: Skarmory|Spikes|p2a: Forretress
|-sidestart|p2: pokology2|Spikes
|
|upkeep
|turn|62
|
|t:|1729611403
|switch|p1a: Zapdos|Zapdos, shiny|100/100
|move|p2a: Forretress|Rapid Spin|p1a: Zapdos
|-damage|p1a: Zapdos|96/100
|-sideend|p2: pokology2|Spikes|[from] move: Rapid Spin|[of] p2a: Forretress
|
|-heal|p1a: Zapdos|100/100|[from] item: Leftovers
|upkeep
|turn|63
|
|t:|1729611407
|switch|p2a: Blissey|Blissey, F|85/100
|move|p1a: Zapdos|Thunderbolt|p2a: Blissey
|-damage|p2a: Blissey|71/100
|
|upkeep
|turn|64
|
|t:|1729611413
|switch|p1a: Skarmory|Skarmory, M|100/100
|move|p2a: Blissey|Seismic Toss|p1a: Skarmory
|-damage|p1a: Skarmory|71/100
|
|-heal|p1a: Skarmory|77/100|[from] item: Leftovers
|upkeep
|turn|65
|
|t:|1729611416
|switch|p2a: Forretress|Forretress, M|99/100
|move|p1a: Skarmory|Spikes|p2a: Forretress
|-sidestart|p2: pokology2|Spikes
|
|-heal|p1a: Skarmory|83/100|[from] item: Leftovers
|upkeep
|turn|66
|
|t:|1729611419
|move|p2a: Forretress|Rapid Spin|p1a: Skarmory
|-resisted|p1a: Skarmory
|-damage|p1a: Skarmory|81/100
|-sideend|p2: pokology2|Spikes|[from] move: Rapid Spin|[of] p2a: Forretress
|move|p1a: Skarmory|Roar|p2a: Forretress
|drag|p2a: Suicune|Suicune|100/100 slp
|
|-heal|p1a: Skarmory|87/100|[from] item: Leftovers
|upkeep
|turn|67
|
|t:|1729611425
|switch|p2a: Forretress|Forretress, M|99/100
|move|p1a: Skarmory|Spikes|p2a: Forretress
|-sidestart|p2: pokology2|Spikes
|
|-heal|p1a: Skarmory|93/100|[from] item: Leftovers
|upkeep
|turn|68
|
|t:|1729611429
|move|p2a: Forretress|Rapid Spin|p1a: Skarmory
|-resisted|p1a: Skarmory
|-damage|p1a: Skarmory|92/100
|-sideend|p2: pokology2|Spikes|[from] move: Rapid Spin|[of] p2a: Forretress
|move|p1a: Skarmory|Roar|p2a: Forretress
|drag|p2a: Suicune|Suicune|100/100 slp
|
|-heal|p1a: Skarmory|98/100|[from] item: Leftovers
|upkeep
|turn|69
|
|t:|1729611435
|switch|p2a: Forretress|Forretress, M|99/100
|switch|p1a: Zapdos|Zapdos, shiny|100/100
|
|upkeep
|turn|70
|
|t:|1729611439
|switch|p2a: Blissey|Blissey, F|71/100
|move|p1a: Zapdos|Thunderbolt|p2a: Blissey
|-damage|p2a: Blissey|55/100
|
|upkeep
|turn|71
|
|t:|1729611448
|switch|p1a: Skarmory|Skarmory, M|98/100
|move|p2a: Blissey|Soft-Boiled|p2a: Blissey
|-heal|p2a: Blissey|100/100
|
|-heal|p1a: Skarmory|100/100|[from] item: Leftovers
|upkeep
|turn|72
|
|t:|1729611452
|switch|p2a: Forretress|Forretress, M|99/100
|move|p1a: Skarmory|Spikes|p2a: Forretress
|-sidestart|p2: pokology2|Spikes
|
|upkeep
|turn|73
|
|t:|1729611458
|move|p2a: Forretress|Rapid Spin|p1a: Skarmory
|-resisted|p1a: Skarmory
|-damage|p1a: Skarmory|99/100
|-sideend|p2: pokology2|Spikes|[from] move: Rapid Spin|[of] p2a: Forretress
|move|p1a: Skarmory|Roar|p2a: Forretress
|drag|p2a: Dugtrio|Dugtrio, M|100/100
|
|-heal|p1a: Skarmory|100/100|[from] item: Leftovers
|upkeep
|turn|74
|
|t:|1729611467
|switch|p2a: Forretress|Forretress, M|99/100
|switch|p1a: Zapdos|Zapdos, shiny|100/100
|
|upkeep
|turn|75
|
|t:|1729611471
|switch|p2a: Blissey|Blissey, F|100/100
|move|p1a: Zapdos|Thunderbolt|p2a: Blissey
|-damage|p2a: Blissey|85/100
|-status|p2a: Blissey|par
|
|upkeep
|turn|76
|
|t:|1729611479
|switch|p1a: Swampert|Swampert, M, shiny|82/100
|-damage|p1a: Swampert|65/100|[from] Spikes
|cant|p2a: Blissey|par
|
|-heal|p1a: Swampert|71/100|[from] item: Leftovers
|upkeep
|turn|77
|
|t:|1729611484
|-curestatus|p2a: Blissey|par|[from] ability: Natural Cure
|switch|p2a: Suicune|Suicune|100/100 slp
|move|p1a: Swampert|Earthquake|p2a: Suicune
|-damage|p2a: Suicune|80/100 slp
|
|-heal|p2a: Suicune|86/100 slp|[from] item: Leftovers
|-heal|p1a: Swampert|78/100|[from] item: Leftovers
|upkeep
|turn|78
|
|t:|1729611493
|-curestatus|p2a: Suicune|slp|[msg]
|move|p2a: Suicune|Calm Mind|p2a: Suicune
|-boost|p2a: Suicune|spa|1
|-boost|p2a: Suicune|spd|1
|move|p1a: Swampert|Earthquake|p2a: Suicune
|-damage|p2a: Suicune|64/100
|
|-heal|p2a: Suicune|70/100|[from] item: Leftovers
|-heal|p1a: Swampert|84/100|[from] item: Leftovers
|upkeep
|turn|79
|c|☆denizzz|gg
|-message|denizzz forfeited.
|
|win|pokology2
|c|☆pokology2|gg

</script>
<script type="application/json" class="data" id="replaydata-smogtours-gen3ou-801197">
{"id":"smogtours-gen3ou-801197","format":"[Gen 3] OU","players":["denizzz","pokology2"],"uploadtime":1729611498,"views":102,"formatid":"gen3ou","rating":null,"private":0,"password":null}
</script>

<script defer src="js/replays.js?9d40a366"></script>
