<!DOCTYPE html>
<meta charset="utf-8" />
<meta name="viewport" content="width=device-width" />

<title>[Gen 3] OU: EatYourToast vs. T1W1B - Replays - Pok&eacute;mon Showdown!</title>

<meta name="description" content="Watch a replay of a Pok&eacute;mon battle between EatYourToast and T1W1B! Format: [Gen 3] OU; Date: Oct 17, 2024" />
<!--

Hey, you! Looking in the source for the replay log?

You can find them in JSON format, just add `.json` at the end of a replay URL.

https://replay.pokemonshowdown.com/gen7randomdoublesbattle-865046831.json

Or, if you only need the log itself, add `.log` instead:

https://replay.pokemonshowdown.com/gen7randomdoublesbattle-865046831.log

-->

<link rel="stylesheet" href="//pokemonshowdown.com/style/global.css?0.023195364461161105" />
<link rel="stylesheet" href="//play.pokemonshowdown.com/style/font-awesome.css?0.13261647063804238" />
<link rel="stylesheet" href="//play.pokemonshowdown.com/style/battle.css?0.8753245789963631" />
<link rel="stylesheet" href="//play.pokemonshowdown.com/style/utilichart.css?0.8627959624976733" />

<!-- Global site tag (gtag.js) - Google Analytics -->
<script async src="https://www.googletagmanager.com/gtag/js?id=UA-26211653-1"></script>
<script>
  window.dataLayer = window.dataLayer || [];
  function gtag(){dataLayer.push(arguments);}
  gtag('js', new Date());

  gtag('config', 'UA-26211653-1');
</script>
<!-- End Google Analytics -->
<!-- Venatus Ad Manager - Install in <HEAD> of page -->
	<script src="https://hb.vntsm.com/v3/live/ad-manager.min.js" type="text/javascript" data-site-id="642aba63ec9a7b11c3c9c1be" data-mode="scan" async></script>
<!-- / Venatus Ad Manager -->

<style>
	@media (max-width:820px) {
		.battle {
			margin: 0 auto;
		}
		.battle-log {
			margin: 7px auto 0;
			max-width: 640px;
			height: 300px;
			position: static;
		}
	}
	.optgroup {
		display: inline-block;
		line-height: 22px;
		font-size: 10pt;
	}
	.optgroup .button {
		height: 25px;
		padding-top: 0;
		padding-bottom: 0;
	}
	.optgroup button.button {
		padding-left: 12px;
		padding-right: 12px;
	}
	.linklist {
		list-style: none;
		margin: 0.5em 0;
		padding: 0;
	}
	.linklist li {
		padding: 2px 0;
	}
	.sidebar {
		float: left;
		width: 320px;
	}
	.bar-wrapper {
		max-width: 1100px;
		margin: 0 auto;
	}
	.bar-wrapper.has-sidebar {
		max-width: 1430px;
	}
	.mainbar {
		margin: 0;
		padding-right: 1px;
	}
	.mainbar.has-sidebar {
		margin-left: 330px;
	}
	@media (min-width: 1511px) {
		.sidebar {
			width: 400px;
		}
		.bar-wrapper.has-sidebar {
			max-width: 1510px;
		}
		.mainbar.has-sidebar {
			margin-left: 410px;
		}
	}
	.section.first-section {
		margin-top: 9px;
	}
	.blocklink small {
		white-space: normal;
	}
	.button {
		vertical-align: middle;
	}
	.replay-controls {
		padding-top: 10px;
	}
	.replay-controls h1 {
		font-size: 16pt;
		font-weight: normal;
		color: #CCC;
	}
	.pagelink {
		text-align: center;
	}
	.pagelink a {
		width: 150px;
	}
	.textbox, .button {
		font-size: 11pt;
		vertical-align: middle;
	}
	@media (max-width: 450px) {
		.button {
			font-size: 9pt;
		}
	}
</style>

<div>

	<header>
		<div class="nav-wrapper"><ul class="nav">
			<li><a class="button nav-first" href="//pokemonshowdown.com/"><img src="//pokemonshowdown.com/images/pokemonshowdownbeta.png" srcset="//pokemonshowdown.com/images/pokemonshowdownbeta.png 1x, //pokemonshowdown.com/images/pokemonshowdownbeta@2x.png 2x" alt="Pok&eacute;mon Showdown" width="146" height="44" /> Home</a></li>
			<li><a class="button" href="//pokemonshowdown.com/dex/">Pok&eacute;dex</a></li>
			<li><a class="button cur" href="/">Replays</a></li>
			<li><a class="button" href="//pokemonshowdown.com/ladder/">Ladder</a></li>
			<li><a class="button nav-last" href="//pokemonshowdown.com/forums/">Forum</a></li>
			<li><a class="button greenbutton nav-first nav-last" href="//play.pokemonshowdown.com/">Play</a></li>
		</ul></div>
	</header>

	<div class="main" id="main">

		<noscript><section class="section">You need to enable JavaScript to use this page; sorry!</section></noscript>

	</div>

</div>

<script defer nomodule src="//play.pokemonshowdown.com/js/lib/ps-polyfill.js"></script>
<script defer src="//play.pokemonshowdown.com/js/lib/preact.min.js"></script>

<script defer src="//play.pokemonshowdown.com/config/config.js?2bddbc15"></script>
<script defer src="//play.pokemonshowdown.com/js/lib/jquery-1.11.0.min.js"></script>
<script defer src="//play.pokemonshowdown.com/js/lib/html-sanitizer-minified.js"></script>
<script defer src="//play.pokemonshowdown.com/js/battle-sound.js"></script>
<script defer src="//play.pokemonshowdown.com/js/battledata.js?0.7209276989879541"></script>
<script defer src="//play.pokemonshowdown.com/data/pokedex-mini.js?0.6111056340867951"></script>
<script defer src="//play.pokemonshowdown.com/data/pokedex-mini-bw.js?0.3532142036491459"></script>
<script defer src="//play.pokemonshowdown.com/data/graphics.js?0.24223875632456182"></script>
<script defer src="//play.pokemonshowdown.com/data/pokedex.js?0.38839984266356864"></script>
<script defer src="//play.pokemonshowdown.com/data/moves.js?0.21866028504024015"></script>
<script defer src="//play.pokemonshowdown.com/data/abilities.js?0.2005157953846628"></script>
<script defer src="//play.pokemonshowdown.com/data/items.js?0.9894211263848525"></script>
<script defer src="//play.pokemonshowdown.com/data/teambuilder-tables.js?0.6008791140282215"></script>
<script defer src="//play.pokemonshowdown.com/js/battle-tooltips.js?0.7580118955022959"></script>
<script defer src="//play.pokemonshowdown.com/js/battle.js?0.6057722274234274"></script>

<script defer src="js/utils.js?e31f9a17"></script>
<script defer src="js/replays-battle.js?7008c182"></script>

<!-- don't scrape this data! just add .json or .log after the URL!
Full API docs: https://github.com/smogon/pokemon-showdown-client/blob/master/WEB-API.md -->
<script type="text/plain" class="log" id="replaylog-smogtours-gen3ou-799310">
|inactive|Battle timer is ON: inactive players will automatically lose when time's up.
|t:|1729189774
|gametype|singles
|player|p1|EatYourToast|2|
|player|p2|T1W1B|whitney|
|teamsize|p1|6
|teamsize|p2|6
|gen|3
|tier|[Gen 3] OU
|rule|Sleep Clause Mod: Limit one foe put to sleep
|rule|Switch Priority Clause Mod: Faster Pokémon switch first
|rule|Species Clause: Limit one of each Pokémon
|rule|OHKO Clause: OHKO moves are banned
|rule|Evasion Items Clause: Evasion items are banned
|rule|Evasion Moves Clause: Evasion moves are banned
|rule|Endless Battle Clause: Forcing endless battles is banned
|rule|HP Percentage Mod: HP is shown in percentages
|rule|One Boost Passer Clause: Limit one Baton Passer that has a way to boost its stats
|rule|Freeze Clause Mod: Limit one foe frozen
|
|t:|1729189774
|start
|switch|p1a: Captain Crunch|Tyranitar, M|100/100
|switch|p2a: Tyranitar|Tyranitar, F|100/100
|-weather|Sandstorm|[from] ability: Sand Stream|[of] p1a: Captain Crunch
|turn|1
|c|☆T1W1B|hf
|
|t:|1729189786
|switch|p1a: Life of the Party|Swampert, F|100/100
|switch|p2a: Skarmory|Skarmory, M|100/100
|
|-weather|Sandstorm|[upkeep]
|upkeep
|turn|2
|c|☆EatYourToast|no u
|
|t:|1729189799
|move|p2a: Skarmory|Spikes|p1a: Life of the Party
|-sidestart|p1: EatYourToast|Spikes
|move|p1a: Life of the Party|Surf|p2a: Skarmory
|-damage|p2a: Skarmory|73/100
|
|-weather|Sandstorm|[upkeep]
|-heal|p2a: Skarmory|79/100|[from] item: Leftovers
|upkeep
|turn|3
|
|t:|1729189812
|switch|p1a: Captain Crunch|Tyranitar, M|100/100
|-damage|p1a: Captain Crunch|88/100|[from] Spikes
|move|p2a: Skarmory|Protect||[still]
|-fail|p2a: Skarmory
|
|-weather|Sandstorm|[upkeep]
|-heal|p2a: Skarmory|85/100|[from] item: Leftovers
|upkeep
|turn|4
|
|t:|1729189824
|move|p2a: Skarmory|Protect|p2a: Skarmory
|-singleturn|p2a: Skarmory|Protect
|move|p1a: Captain Crunch|Flamethrower|p2a: Skarmory
|-activate|p2a: Skarmory|Protect
|
|-weather|Sandstorm|[upkeep]
|-heal|p2a: Skarmory|91/100|[from] item: Leftovers
|upkeep
|turn|5
|
|t:|1729189831
|move|p1a: Captain Crunch|Dragon Dance|p1a: Captain Crunch
|-boost|p1a: Captain Crunch|atk|1
|-boost|p1a: Captain Crunch|spe|1
|move|p2a: Skarmory|Roar|p1a: Captain Crunch
|drag|p1a: Dugdugdug|Dugtrio, M|100/100
|-damage|p1a: Dugdugdug|88/100|[from] Spikes
|
|-weather|Sandstorm|[upkeep]
|-heal|p2a: Skarmory|97/100|[from] item: Leftovers
|upkeep
|turn|6
|
|t:|1729189841
|switch|p1a: Captain Crunch|Tyranitar, M|88/100
|-damage|p1a: Captain Crunch|76/100|[from] Spikes
|move|p2a: Skarmory|Roar|p1a: Captain Crunch
|drag|p1a: The Guy.|Electrode|100/100
|-damage|p1a: The Guy.|88/100|[from] Spikes
|
|-weather|Sandstorm|[upkeep]
|-damage|p1a: The Guy.|82/100|[from] Sandstorm
|-heal|p1a: The Guy.|88/100|[from] item: Leftovers
|-heal|p2a: Skarmory|100/100|[from] item: Leftovers
|upkeep
|turn|7
|
|t:|1729189861
|switch|p1a: Captain Crunch|Tyranitar, M|76/100
|-damage|p1a: Captain Crunch|64/100|[from] Spikes
|switch|p2a: Lanturn|Lanturn, M, shiny|100/100
|
|-weather|Sandstorm|[upkeep]
|-damage|p2a: Lanturn|94/100|[from] Sandstorm
|-heal|p2a: Lanturn|100/100|[from] item: Leftovers
|upkeep
|turn|8
|inactive|EatYourToast has 270 seconds left.
|
|t:|1729189906
|switch|p1a: Life of the Party|Swampert, F|100/100
|-damage|p1a: Life of the Party|88/100|[from] Spikes
|move|p2a: Lanturn|Surf|p1a: Life of the Party
|-damage|p1a: Life of the Party|67/100
|
|-weather|Sandstorm|[upkeep]
|-damage|p2a: Lanturn|94/100|[from] Sandstorm
|-heal|p2a: Lanturn|100/100|[from] item: Leftovers
|-heal|p1a: Life of the Party|73/100|[from] item: Leftovers
|upkeep
|turn|9
|
|t:|1729189923
|switch|p2a: Skarmory|Skarmory, M|100/100
|switch|p1a: America's Dragon|Salamence, F|100/100
|-ability|p1a: America's Dragon|Intimidate|boost
|-unboost|p2a: Skarmory|atk|1
|
|-weather|Sandstorm|[upkeep]
|-damage|p1a: America's Dragon|94/100|[from] Sandstorm
|-heal|p1a: America's Dragon|100/100|[from] item: Leftovers
|upkeep
|turn|10
|inactive|EatYourToast has 240 seconds left.
|inactive|T1W1B has 270 seconds left.
|
|t:|1729189972
|switch|p2a: Flygon|Flygon, M|100/100
|move|p1a: America's Dragon|Dragon Claw|p2a: Flygon
|-supereffective|p2a: Flygon
|-damage|p2a: Flygon|13/100
|
|-weather|Sandstorm|[upkeep]
|-damage|p1a: America's Dragon|94/100|[from] Sandstorm
|-heal|p1a: America's Dragon|100/100|[from] item: Leftovers
|-heal|p2a: Flygon|19/100|[from] item: Leftovers
|upkeep
|turn|11
|inactive|EatYourToast has 240 seconds left.
|
|t:|1729189988
|move|p2a: Flygon|Protect|p2a: Flygon
|-singleturn|p2a: Flygon|Protect
|move|p1a: America's Dragon|Dragon Claw|p2a: Flygon
|-activate|p2a: Flygon|Protect
|
|-weather|Sandstorm|[upkeep]
|-damage|p1a: America's Dragon|94/100|[from] Sandstorm
|-heal|p1a: America's Dragon|100/100|[from] item: Leftovers
|-heal|p2a: Flygon|25/100|[from] item: Leftovers
|upkeep
|turn|12
|inactive|T1W1B has 270 seconds left.
|inactive|EatYourToast has 210 seconds left.
|inactive|T1W1B has 240 seconds left.
|
|t:|1729190035
|switch|p2a: Gengar|Gengar, M|100/100
|move|p1a: America's Dragon|Dragon Claw|p2a: Gengar
|-damage|p2a: Gengar|55/100
|
|-weather|Sandstorm|[upkeep]
|-damage|p1a: America's Dragon|94/100|[from] Sandstorm
|-damage|p2a: Gengar|49/100|[from] Sandstorm
|-heal|p1a: America's Dragon|100/100|[from] item: Leftovers
|-heal|p2a: Gengar|55/100|[from] item: Leftovers
|upkeep
|turn|13
|inactive|EatYourToast has 210 seconds left.
|
|t:|1729190054
|switch|p1a: Captain Crunch|Tyranitar, M|64/100
|-damage|p1a: Captain Crunch|51/100|[from] Spikes
|move|p2a: Gengar|Ice Punch|p1a: Captain Crunch
|-damage|p1a: Captain Crunch|28/100
|
|-weather|Sandstorm|[upkeep]
|-damage|p2a: Gengar|49/100|[from] Sandstorm
|-heal|p2a: Gengar|55/100|[from] item: Leftovers
|upkeep
|turn|14
|inactive|EatYourToast has 210 seconds left.
|
|t:|1729190068
|switch|p2a: Lanturn|Lanturn, M, shiny|100/100
|move|p1a: Captain Crunch|Dragon Dance|p1a: Captain Crunch
|-boost|p1a: Captain Crunch|atk|1
|-boost|p1a: Captain Crunch|spe|1
|
|-weather|Sandstorm|[upkeep]
|-damage|p2a: Lanturn|94/100|[from] Sandstorm
|-heal|p2a: Lanturn|100/100|[from] item: Leftovers
|upkeep
|turn|15
|inactive|EatYourToast has 210 seconds left.
|
|t:|1729190078
|move|p1a: Captain Crunch|Rock Slide|p2a: Lanturn
|-damage|p2a: Lanturn|65/100
|move|p2a: Lanturn|Surf|p1a: Captain Crunch
|-supereffective|p1a: Captain Crunch
|-damage|p1a: Captain Crunch|0 fnt
|faint|p1a: Captain Crunch
|
|t:|1729190085
|switch|p1a: Dugdugdug|Dugtrio, M|88/100
|-damage|p1a: Dugdugdug|76/100|[from] Spikes
|
|-weather|Sandstorm|[upkeep]
|-damage|p2a: Lanturn|59/100|[from] Sandstorm
|-heal|p2a: Lanturn|65/100|[from] item: Leftovers
|upkeep
|turn|16
|inactive|EatYourToast has 210 seconds left.
|
|t:|1729190096
|move|p1a: Dugdugdug|Earthquake|p2a: Lanturn
|-supereffective|p2a: Lanturn
|-damage|p2a: Lanturn|0 fnt
|faint|p2a: Lanturn
|inactive|T1W1B has 270 seconds left.
|
|t:|1729190126
|switch|p2a: Zapdos|Zapdos|100/100
|
|-weather|Sandstorm|[upkeep]
|-damage|p2a: Zapdos|94/100|[from] Sandstorm
|-heal|p2a: Zapdos|100/100|[from] item: Leftovers
|upkeep
|turn|17
|
|t:|1729190135
|move|p1a: Dugdugdug|Earthquake|p2a: Zapdos
|-immune|p2a: Zapdos
|move|p2a: Zapdos|Light Screen|p2a: Zapdos
|-sidestart|p2: T1W1B|Light Screen
|
|-weather|Sandstorm|[upkeep]
|-damage|p2a: Zapdos|94/100|[from] Sandstorm
|-heal|p2a: Zapdos|100/100|[from] item: Leftovers
|upkeep
|turn|18
|
|t:|1729190147
|switch|p2a: Flygon|Flygon, M|25/100
|move|p1a: Dugdugdug|Earthquake|p2a: Flygon
|-immune|p2a: Flygon
|
|-weather|Sandstorm|[upkeep]
|-heal|p2a: Flygon|31/100|[from] item: Leftovers
|upkeep
|turn|19
|
|t:|1729190154
|switch|p1a: Life of the Party|Swampert, F|73/100
|-damage|p1a: Life of the Party|60/100|[from] Spikes
|move|p2a: Flygon|Rock Slide|p1a: Life of the Party
|-resisted|p1a: Life of the Party
|-damage|p1a: Life of the Party|54/100
|
|-weather|Sandstorm|[upkeep]
|-heal|p2a: Flygon|37/100|[from] item: Leftovers
|-heal|p1a: Life of the Party|60/100|[from] item: Leftovers
|upkeep
|turn|20
|
|t:|1729190169
|switch|p1a: America's Dragon|Salamence, F|100/100
|-ability|p1a: America's Dragon|Intimidate|boost
|-unboost|p2a: Flygon|atk|1
|move|p2a: Flygon|Protect||[still]
|-fail|p2a: Flygon
|
|-weather|Sandstorm|[upkeep]
|-damage|p1a: America's Dragon|94/100|[from] Sandstorm
|-heal|p1a: America's Dragon|100/100|[from] item: Leftovers
|-heal|p2a: Flygon|43/100|[from] item: Leftovers
|upkeep
|turn|21
|inactive|EatYourToast has 210 seconds left.
|
|t:|1729190210
|switch|p2a: Tyranitar|Tyranitar, F|100/100
|move|p1a: America's Dragon|Dragon Claw|p2a: Tyranitar
|-damage|p2a: Tyranitar|84/100
|
|-sideend|p2: T1W1B|Light Screen
|-weather|Sandstorm|[upkeep]
|-damage|p1a: America's Dragon|94/100|[from] Sandstorm
|-heal|p1a: America's Dragon|100/100|[from] item: Leftovers
|-heal|p2a: Tyranitar|91/100|[from] item: Leftovers
|upkeep
|turn|22
|
|t:|1729190219
|-singleturn|p2a: Tyranitar|move: Focus Punch
|move|p1a: America's Dragon|Hydro Pump|p2a: Tyranitar
|-supereffective|p2a: Tyranitar
|-damage|p2a: Tyranitar|33/100
|move|p2a: Tyranitar|Focus Punch||[still]
|cant|p2a: Tyranitar|Focus Punch|Focus Punch
|
|-weather|Sandstorm|[upkeep]
|-damage|p1a: America's Dragon|94/100|[from] Sandstorm
|-heal|p1a: America's Dragon|100/100|[from] item: Leftovers
|-heal|p2a: Tyranitar|39/100|[from] item: Leftovers
|upkeep
|turn|23
|
|t:|1729190243
|move|p1a: America's Dragon|Hydro Pump|p2a: Tyranitar
|-supereffective|p2a: Tyranitar
|-damage|p2a: Tyranitar|0 fnt
|faint|p2a: Tyranitar
|
|t:|1729190245
|switch|p2a: Gengar|Gengar, M|55/100
|
|-weather|Sandstorm|[upkeep]
|-damage|p1a: America's Dragon|94/100|[from] Sandstorm
|-damage|p2a: Gengar|49/100|[from] Sandstorm
|-heal|p1a: America's Dragon|100/100|[from] item: Leftovers
|-heal|p2a: Gengar|55/100|[from] item: Leftovers
|upkeep
|turn|24
|
|t:|1729190253
|switch|p1a: The Guy.|Electrode|88/100
|-damage|p1a: The Guy.|76/100|[from] Spikes
|move|p2a: Gengar|Ice Punch|p1a: The Guy.
|-damage|p1a: The Guy.|46/100
|
|-weather|Sandstorm|[upkeep]
|-damage|p1a: The Guy.|40/100|[from] Sandstorm
|-damage|p2a: Gengar|49/100|[from] Sandstorm
|-heal|p1a: The Guy.|46/100|[from] item: Leftovers
|-heal|p2a: Gengar|55/100|[from] item: Leftovers
|upkeep
|turn|25
|
|t:|1729190264
|switch|p2a: Flygon|Flygon, M|43/100
|move|p1a: The Guy.|Substitute|p1a: The Guy.
|-start|p1a: The Guy.|Substitute
|-damage|p1a: The Guy.|21/100
|
|-weather|Sandstorm|[upkeep]
|-damage|p1a: The Guy.|15/100|[from] Sandstorm
|-heal|p1a: The Guy.|21/100|[from] item: Leftovers
|-heal|p2a: Flygon|49/100|[from] item: Leftovers
|upkeep
|turn|26
|
|t:|1729190274
|move|p2a: Flygon|Protect|p2a: Flygon
|-singleturn|p2a: Flygon|Protect
|move|p1a: The Guy.|Hidden Power|p2a: Flygon
|-activate|p2a: Flygon|Protect
|
|-weather|Sandstorm|[upkeep]
|-damage|p1a: The Guy.|15/100|[from] Sandstorm
|-heal|p1a: The Guy.|21/100|[from] item: Leftovers
|-heal|p2a: Flygon|55/100|[from] item: Leftovers
|upkeep
|turn|27
|inactive|EatYourToast has 210 seconds left.
|
|t:|1729190285
|switch|p2a: Zapdos|Zapdos|100/100
|move|p1a: The Guy.|Hidden Power|p2a: Zapdos
|-resisted|p2a: Zapdos
|-damage|p2a: Zapdos|93/100
|
|-weather|Sandstorm|[upkeep]
|-damage|p1a: The Guy.|15/100|[from] Sandstorm
|-damage|p2a: Zapdos|87/100|[from] Sandstorm
|-heal|p1a: The Guy.|21/100|[from] item: Leftovers
|-heal|p2a: Zapdos|93/100|[from] item: Leftovers
|upkeep
|turn|28
|inactive|EatYourToast has 210 seconds left.
|
|t:|1729190297
|move|p1a: The Guy.|Thunder Wave|p2a: Zapdos
|-status|p2a: Zapdos|par
|move|p2a: Zapdos|Light Screen|p2a: Zapdos
|-sidestart|p2: T1W1B|Light Screen
|
|-weather|Sandstorm|[upkeep]
|-damage|p1a: The Guy.|15/100|[from] Sandstorm
|-damage|p2a: Zapdos|87/100 par|[from] Sandstorm
|-heal|p1a: The Guy.|21/100|[from] item: Leftovers
|-heal|p2a: Zapdos|93/100 par|[from] item: Leftovers
|upkeep
|turn|29
|inactive|EatYourToast has 210 seconds left.
|
|t:|1729190307
|move|p1a: The Guy.|Thunderbolt|p2a: Zapdos
|-damage|p2a: Zapdos|78/100 par
|move|p2a: Zapdos|Thunderbolt|p1a: The Guy.
|-resisted|p1a: The Guy.
|-crit|p1a: The Guy.
|-end|p1a: The Guy.|Substitute
|
|-weather|Sandstorm|[upkeep]
|-damage|p1a: The Guy.|15/100|[from] Sandstorm
|-damage|p2a: Zapdos|72/100 par|[from] Sandstorm
|-heal|p1a: The Guy.|21/100|[from] item: Leftovers
|-heal|p2a: Zapdos|78/100 par|[from] item: Leftovers
|upkeep
|turn|30
|inactive|EatYourToast has 210 seconds left.
|
|t:|1729190319
|move|p1a: The Guy.|Thunderbolt|p2a: Zapdos
|-damage|p2a: Zapdos|64/100 par
|cant|p2a: Zapdos|par
|
|-weather|Sandstorm|[upkeep]
|-damage|p1a: The Guy.|15/100|[from] Sandstorm
|-damage|p2a: Zapdos|58/100 par|[from] Sandstorm
|-heal|p1a: The Guy.|21/100|[from] item: Leftovers
|-heal|p2a: Zapdos|64/100 par|[from] item: Leftovers
|upkeep
|turn|31
|
|t:|1729190328
|move|p1a: The Guy.|Thunderbolt|p2a: Zapdos
|-damage|p2a: Zapdos|48/100 par
|move|p2a: Zapdos|Rest|p2a: Zapdos
|-status|p2a: Zapdos|slp|[from] move: Rest
|-heal|p2a: Zapdos|100/100 slp|[silent]
|
|-weather|Sandstorm|[upkeep]
|-damage|p1a: The Guy.|15/100|[from] Sandstorm
|-damage|p2a: Zapdos|94/100 slp|[from] Sandstorm
|-heal|p1a: The Guy.|21/100|[from] item: Leftovers
|-heal|p2a: Zapdos|100/100 slp|[from] item: Leftovers
|upkeep
|turn|32
|inactive|EatYourToast has 210 seconds left.
|
|t:|1729190345
|move|p1a: The Guy.|Thunderbolt|p2a: Zapdos
|-damage|p2a: Zapdos|85/100 slp
|cant|p2a: Zapdos|slp
|
|-sideend|p2: T1W1B|Light Screen
|-weather|Sandstorm|[upkeep]
|-damage|p1a: The Guy.|15/100|[from] Sandstorm
|-damage|p2a: Zapdos|79/100 slp|[from] Sandstorm
|-heal|p1a: The Guy.|21/100|[from] item: Leftovers
|-heal|p2a: Zapdos|85/100 slp|[from] item: Leftovers
|upkeep
|turn|33
|
|t:|1729190354
|move|p1a: The Guy.|Thunderbolt|p2a: Zapdos
|-crit|p2a: Zapdos
|-damage|p2a: Zapdos|25/100 slp
|cant|p2a: Zapdos|slp
|
|-weather|Sandstorm|[upkeep]
|-damage|p1a: The Guy.|15/100|[from] Sandstorm
|-damage|p2a: Zapdos|19/100 slp|[from] Sandstorm
|-heal|p1a: The Guy.|21/100|[from] item: Leftovers
|-heal|p2a: Zapdos|25/100 slp|[from] item: Leftovers
|upkeep
|turn|34
|
|t:|1729190364
|move|p1a: The Guy.|Thunderbolt|p2a: Zapdos
|-damage|p2a: Zapdos|0 fnt
|faint|p2a: Zapdos
|
|t:|1729190373
|switch|p2a: Flygon|Flygon, M|55/100
|
|-weather|Sandstorm|[upkeep]
|-damage|p1a: The Guy.|15/100|[from] Sandstorm
|-heal|p1a: The Guy.|21/100|[from] item: Leftovers
|-heal|p2a: Flygon|61/100|[from] item: Leftovers
|upkeep
|turn|35
|
|t:|1729190379
|move|p2a: Flygon|Protect|p2a: Flygon
|-singleturn|p2a: Flygon|Protect
|move|p1a: The Guy.|Hidden Power|p2a: Flygon
|-activate|p2a: Flygon|Protect
|
|-weather|Sandstorm|[upkeep]
|-damage|p1a: The Guy.|15/100|[from] Sandstorm
|-heal|p1a: The Guy.|21/100|[from] item: Leftovers
|-heal|p2a: Flygon|67/100|[from] item: Leftovers
|upkeep
|turn|36
|
|t:|1729190388
|move|p1a: The Guy.|Hidden Power|p2a: Flygon
|-damage|p2a: Flygon|47/100
|move|p2a: Flygon|Earthquake|p1a: The Guy.
|-supereffective|p1a: The Guy.
|-damage|p1a: The Guy.|0 fnt
|faint|p1a: The Guy.
|
|t:|1729190396
|switch|p1a: America's Dragon|Salamence, F|100/100
|-ability|p1a: America's Dragon|Intimidate|boost
|-unboost|p2a: Flygon|atk|1
|
|-weather|Sandstorm|[upkeep]
|-damage|p1a: America's Dragon|94/100|[from] Sandstorm
|-heal|p1a: America's Dragon|100/100|[from] item: Leftovers
|-heal|p2a: Flygon|53/100|[from] item: Leftovers
|upkeep
|turn|37
|inactive|EatYourToast has 240 seconds left.
|
|t:|1729190406
|move|p2a: Flygon|Protect|p2a: Flygon
|-singleturn|p2a: Flygon|Protect
|move|p1a: America's Dragon|Dragon Claw|p2a: Flygon
|-activate|p2a: Flygon|Protect
|
|-weather|Sandstorm|[upkeep]
|-damage|p1a: America's Dragon|94/100|[from] Sandstorm
|-heal|p1a: America's Dragon|100/100|[from] item: Leftovers
|-heal|p2a: Flygon|59/100|[from] item: Leftovers
|upkeep
|turn|38
|inactive|EatYourToast has 240 seconds left.
|inactive|T1W1B has 270 seconds left.
|
|t:|1729190445
|switch|p2a: Skarmory|Skarmory, M|100/100
|move|p1a: America's Dragon|Dragon Claw|p2a: Skarmory
|-resisted|p2a: Skarmory
|-damage|p2a: Skarmory|83/100
|
|-weather|Sandstorm|[upkeep]
|-damage|p1a: America's Dragon|94/100|[from] Sandstorm
|-heal|p1a: America's Dragon|100/100|[from] item: Leftovers
|-heal|p2a: Skarmory|89/100|[from] item: Leftovers
|upkeep
|turn|39
|inactive|T1W1B has 270 seconds left.
|
|t:|1729190455
|move|p2a: Skarmory|Protect|p2a: Skarmory
|-singleturn|p2a: Skarmory|Protect
|move|p1a: America's Dragon|Fire Blast|p2a: Skarmory
|-activate|p2a: Skarmory|Protect
|
|-weather|Sandstorm|[upkeep]
|-damage|p1a: America's Dragon|94/100|[from] Sandstorm
|-heal|p1a: America's Dragon|100/100|[from] item: Leftovers
|-heal|p2a: Skarmory|95/100|[from] item: Leftovers
|upkeep
|turn|40
|
|t:|1729190464
|switch|p2a: Gengar|Gengar, M|55/100
|move|p1a: America's Dragon|Fire Blast|p2a: Gengar
|-damage|p2a: Gengar|10/100
|
|-weather|Sandstorm|[upkeep]
|-damage|p1a: America's Dragon|94/100|[from] Sandstorm
|-damage|p2a: Gengar|4/100|[from] Sandstorm
|-heal|p1a: America's Dragon|100/100|[from] item: Leftovers
|-heal|p2a: Gengar|10/100|[from] item: Leftovers
|upkeep
|turn|41
|inactive|EatYourToast has 240 seconds left.
|
|t:|1729190485
|move|p1a: America's Dragon|Dragon Claw|p2a: Gengar
|-damage|p2a: Gengar|0 fnt
|faint|p2a: Gengar
|
|t:|1729190489
|switch|p2a: Skarmory|Skarmory, M|95/100
|
|-weather|Sandstorm|[upkeep]
|-damage|p1a: America's Dragon|94/100|[from] Sandstorm
|-heal|p1a: America's Dragon|100/100|[from] item: Leftovers
|-heal|p2a: Skarmory|100/100|[from] item: Leftovers
|upkeep
|turn|42
|
|t:|1729190496
|move|p1a: America's Dragon|Fire Blast|p2a: Skarmory
|-supereffective|p2a: Skarmory
|-damage|p2a: Skarmory|35/100
|move|p2a: Skarmory|Drill Peck|p1a: America's Dragon
|-damage|p1a: America's Dragon|73/100
|
|-weather|Sandstorm|[upkeep]
|-damage|p1a: America's Dragon|67/100|[from] Sandstorm
|-heal|p1a: America's Dragon|73/100|[from] item: Leftovers
|-heal|p2a: Skarmory|41/100|[from] item: Leftovers
|upkeep
|turn|43
|
|t:|1729190506
|move|p2a: Skarmory|Protect|p2a: Skarmory
|-singleturn|p2a: Skarmory|Protect
|move|p1a: America's Dragon|Fire Blast|p2a: Skarmory
|-activate|p2a: Skarmory|Protect
|
|-weather|Sandstorm|[upkeep]
|-damage|p1a: America's Dragon|67/100|[from] Sandstorm
|-heal|p1a: America's Dragon|73/100|[from] item: Leftovers
|-heal|p2a: Skarmory|47/100|[from] item: Leftovers
|upkeep
|turn|44
|
|t:|1729190514
|move|p1a: America's Dragon|Fire Blast|p2a: Skarmory
|-supereffective|p2a: Skarmory
|-damage|p2a: Skarmory|0 fnt
|faint|p2a: Skarmory
|
|t:|1729190516
|switch|p2a: Flygon|Flygon, M|59/100
|
|-weather|Sandstorm|[upkeep]
|-damage|p1a: America's Dragon|67/100|[from] Sandstorm
|-heal|p1a: America's Dragon|73/100|[from] item: Leftovers
|-heal|p2a: Flygon|65/100|[from] item: Leftovers
|upkeep
|turn|45
|inactive|EatYourToast has 270 seconds left.
|
|t:|1729190524
|move|p2a: Flygon|Protect|p2a: Flygon
|-singleturn|p2a: Flygon|Protect
|move|p1a: America's Dragon|Dragon Claw|p2a: Flygon
|-activate|p2a: Flygon|Protect
|
|-weather|Sandstorm|[upkeep]
|-damage|p1a: America's Dragon|67/100|[from] Sandstorm
|-heal|p1a: America's Dragon|73/100|[from] item: Leftovers
|-heal|p2a: Flygon|71/100|[from] item: Leftovers
|upkeep
|turn|46
|
|t:|1729190533
|move|p2a: Flygon|Protect||[still]
|-fail|p2a: Flygon
|move|p1a: America's Dragon|Dragon Claw|p2a: Flygon
|-supereffective|p2a: Flygon
|-damage|p2a: Flygon|0 fnt
|faint|p2a: Flygon
|
|win|EatYourToast
|c|☆EatYourToast|gg
|c|☆T1W1B|gg

</script>
<script type="application/json" class="data" id="replaydata-smogtours-gen3ou-799310">
{"id":"smogtours-gen3ou-799310","format":"[Gen 3] OU","players":["EatYourToast","T1W1B"],"uploadtime":1729190533,"views":78,"formatid":"gen3ou","rating":null,"private":0,"password":null}
</script>

<script defer src="js/replays.js?9d40a366"></script>
