<!DOCTYPE html>
<meta charset="utf-8" />
<meta name="viewport" content="width=device-width" />

<title>[Gen 3] OU: jlev vs. Voyager - Replays - Pok&eacute;mon Showdown!</title>

<meta name="description" content="Watch a replay of a Pok&eacute;mon battle between jlev and Voyager! Format: [Gen 3] OU; Date: Oct 22, 2024" />
<!--

Hey, you! Looking in the source for the replay log?

You can find them in JSON format, just add `.json` at the end of a replay URL.

https://replay.pokemonshowdown.com/gen7randomdoublesbattle-865046831.json

Or, if you only need the log itself, add `.log` instead:

https://replay.pokemonshowdown.com/gen7randomdoublesbattle-865046831.log

-->

<link rel="stylesheet" href="//pokemonshowdown.com/style/global.css?0.767286132409787" />
<link rel="stylesheet" href="//play.pokemonshowdown.com/style/font-awesome.css?0.9266228007934947" />
<link rel="stylesheet" href="//play.pokemonshowdown.com/style/battle.css?0.7924700842790926" />
<link rel="stylesheet" href="//play.pokemonshowdown.com/style/utilichart.css?0.8777417872839479" />

<!-- Global site tag (gtag.js) - Google Analytics -->
<script async src="https://www.googletagmanager.com/gtag/js?id=UA-26211653-1"></script>
<script>
  window.dataLayer = window.dataLayer || [];
  function gtag(){dataLayer.push(arguments);}
  gtag('js', new Date());

  gtag('config', 'UA-26211653-1');
</script>
<!-- End Google Analytics -->
<!-- Venatus Ad Manager - Install in <HEAD> of page -->
	<script src="https://hb.vntsm.com/v3/live/ad-manager.min.js" type="text/javascript" data-site-id="642aba63ec9a7b11c3c9c1be" data-mode="scan" async></script>
<!-- / Venatus Ad Manager -->

<style>
	@media (max-width:820px) {
		.battle {
			margin: 0 auto;
		}
		.battle-log {
			margin: 7px auto 0;
			max-width: 640px;
			height: 300px;
			position: static;
		}
	}
	.optgroup {
		display: inline-block;
		line-height: 22px;
		font-size: 10pt;
	}
	.optgroup .button {
		height: 25px;
		padding-top: 0;
		padding-bottom: 0;
	}
	.optgroup button.button {
		padding-left: 12px;
		padding-right: 12px;
	}
	.linklist {
		list-style: none;
		margin: 0.5em 0;
		padding: 0;
	}
	.linklist li {
		padding: 2px 0;
	}
	.sidebar {
		float: left;
		width: 320px;
	}
	.bar-wrapper {
		max-width: 1100px;
		margin: 0 auto;
	}
	.bar-wrapper.has-sidebar {
		max-width: 1430px;
	}
	.mainbar {
		margin: 0;
		padding-right: 1px;
	}
	.mainbar.has-sidebar {
		margin-left: 330px;
	}
	@media (min-width: 1511px) {
		.sidebar {
			width: 400px;
		}
		.bar-wrapper.has-sidebar {
			max-width: 1510px;
		}
		.mainbar.has-sidebar {
			margin-left: 410px;
		}
	}
	.section.first-section {
		margin-top: 9px;
	}
	.blocklink small {
		white-space: normal;
	}
	.button {
		vertical-align: middle;
	}
	.replay-controls {
		padding-top: 10px;
	}
	.replay-controls h1 {
		font-size: 16pt;
		font-weight: normal;
		color: #CCC;
	}
	.pagelink {
		text-align: center;
	}
	.pagelink a {
		width: 150px;
	}
	.textbox, .button {
		font-size: 11pt;
		vertical-align: middle;
	}
	@media (max-width: 450px) {
		.button {
			font-size: 9pt;
		}
	}
</style>

<div>

	<header>
		<div class="nav-wrapper"><ul class="nav">
			<li><a class="button nav-first" href="//pokemonshowdown.com/"><img src="//pokemonshowdown.com/images/pokemonshowdownbeta.png" srcset="//pokemonshowdown.com/images/pokemonshowdownbeta.png 1x, //pokemonshowdown.com/images/pokemonshowdownbeta@2x.png 2x" alt="Pok&eacute;mon Showdown" width="146" height="44" /> Home</a></li>
			<li><a class="button" href="//pokemonshowdown.com/dex/">Pok&eacute;dex</a></li>
			<li><a class="button cur" href="/">Replays</a></li>
			<li><a class="button" href="//pokemonshowdown.com/ladder/">Ladder</a></li>
			<li><a class="button nav-last" href="//pokemonshowdown.com/forums/">Forum</a></li>
			<li><a class="button greenbutton nav-first nav-last" href="//play.pokemonshowdown.com/">Play</a></li>
		</ul></div>
	</header>

	<div class="main" id="main">

		<noscript><section class="section">You need to enable JavaScript to use this page; sorry!</section></noscript>

	</div>

</div>

<script defer nomodule src="//play.pokemonshowdown.com/js/lib/ps-polyfill.js"></script>
<script defer src="//play.pokemonshowdown.com/js/lib/preact.min.js"></script>

<script defer src="//play.pokemonshowdown.com/config/config.js?6dec07f6"></script>
<script defer src="//play.pokemonshowdown.com/js/lib/jquery-1.11.0.min.js"></script>
<script defer src="//play.pokemonshowdown.com/js/lib/html-sanitizer-minified.js"></script>
<script defer src="//play.pokemonshowdown.com/js/battle-sound.js"></script>
<script defer src="//play.pokemonshowdown.com/js/battledata.js?0.6315294753075389"></script>
<script defer src="//play.pokemonshowdown.com/data/pokedex-mini.js?0.7603743185311358"></script>
<script defer src="//play.pokemonshowdown.com/data/pokedex-mini-bw.js?0.030888842834281283"></script>
<script defer src="//play.pokemonshowdown.com/data/graphics.js?0.05593094747507488"></script>
<script defer src="//play.pokemonshowdown.com/data/pokedex.js?0.47064822249611904"></script>
<script defer src="//play.pokemonshowdown.com/data/moves.js?0.8583693120512459"></script>
<script defer src="//play.pokemonshowdown.com/data/abilities.js?0.16017181182386842"></script>
<script defer src="//play.pokemonshowdown.com/data/items.js?0.4163379185673943"></script>
<script defer src="//play.pokemonshowdown.com/data/teambuilder-tables.js?0.31075597372830477"></script>
<script defer src="//play.pokemonshowdown.com/js/battle-tooltips.js?0.6536193500708172"></script>
<script defer src="//play.pokemonshowdown.com/js/battle.js?0.1916591943277901"></script>

<script defer src="js/utils.js?e31f9a17"></script>
<script defer src="js/replays-battle.js?7008c182"></script>

<!-- don't scrape this data! just add .json or .log after the URL!
Full API docs: https://github.com/smogon/pokemon-showdown-client/blob/master/WEB-API.md -->
<script type="text/plain" class="log" id="replaylog-smogtours-gen3ou-801179">
|inactive|Battle timer is ON: inactive players will automatically lose when time's up.
|t:|1729595045
|gametype|singles
|player|p1|jlev|101|
|player|p2|Voyager|acetrainerf-gen2|
|teamsize|p1|6
|teamsize|p2|6
|gen|3
|tier|[Gen 3] OU
|rule|Sleep Clause Mod: Limit one foe put to sleep
|rule|Switch Priority Clause Mod: Faster Pokémon switch first
|rule|Species Clause: Limit one of each Pokémon
|rule|OHKO Clause: OHKO moves are banned
|rule|Evasion Items Clause: Evasion items are banned
|rule|Evasion Moves Clause: Evasion moves are banned
|rule|Endless Battle Clause: Forcing endless battles is banned
|rule|HP Percentage Mod: HP is shown in percentages
|rule|One Boost Passer Clause: Limit one Baton Passer that has a way to boost its stats
|rule|Freeze Clause Mod: Limit one foe frozen
|
|t:|1729595045
|start
|switch|p1a: Sipple|Dugtrio, F|100/100
|switch|p2a: Tyranitar|Tyranitar, M|100/100
|-weather|Sandstorm|[from] ability: Sand Stream|[of] p2a: Tyranitar
|turn|1
|
|t:|1729595057
|move|p1a: Sipple|Earthquake|p2a: Tyranitar
|-supereffective|p2a: Tyranitar
|-damage|p2a: Tyranitar|2/100
|move|p2a: Tyranitar|Crunch|p1a: Sipple
|-damage|p1a: Sipple|27/100
|
|-weather|Sandstorm|[upkeep]
|-heal|p2a: Tyranitar|8/100|[from] item: Leftovers
|upkeep
|turn|2
|
|t:|1729595065
|move|p1a: Sipple|Earthquake|p2a: Tyranitar
|-supereffective|p2a: Tyranitar
|-damage|p2a: Tyranitar|0 fnt
|faint|p2a: Tyranitar
|
|t:|1729595068
|switch|p2a: Zapdos|Zapdos|100/100
|
|-weather|Sandstorm|[upkeep]
|-damage|p2a: Zapdos|94/100|[from] Sandstorm
|-heal|p2a: Zapdos|100/100|[from] item: Leftovers
|upkeep
|turn|3
|
|t:|1729595077
|switch|p1a: Plumptuous|Blissey, F|100/100
|move|p2a: Zapdos|Toxic|p1a: Plumptuous
|-status|p1a: Plumptuous|tox
|
|-weather|Sandstorm|[upkeep]
|-damage|p2a: Zapdos|94/100|[from] Sandstorm
|-damage|p1a: Plumptuous|94/100 tox|[from] Sandstorm
|-heal|p2a: Zapdos|100/100|[from] item: Leftovers
|-heal|p1a: Plumptuous|100/100 tox|[from] item: Leftovers
|-damage|p1a: Plumptuous|94/100 tox|[from] psn
|upkeep
|turn|4
|
|t:|1729595085
|switch|p2a: Forretress|Forretress, F|100/100
|move|p1a: Plumptuous|Rain Dance|p1a: Plumptuous
|-weather|RainDance
|
|-weather|RainDance|[upkeep]
|-heal|p1a: Plumptuous|100/100 tox|[from] item: Leftovers
|-damage|p1a: Plumptuous|88/100 tox|[from] psn
|upkeep
|turn|5
|
|t:|1729595107
|-curestatus|p1a: Plumptuous|tox|[from] ability: Natural Cure
|switch|p1a: Sumpfberdt|Skarmory, M|100/100
|move|p2a: Forretress|Spikes|p1a: Sumpfberdt
|-sidestart|p1: jlev|Spikes
|
|-weather|RainDance|[upkeep]
|upkeep
|turn|6
|inactive|Voyager has 270 seconds left.
|inactive|Voyager has 240 seconds left.
|inactive|Voyager has 210 seconds left.
|inactive|Voyager has 180 seconds left.
|
|t:|1729595248
|move|p1a: Sumpfberdt|Spikes|p2a: Forretress
|-sidestart|p2: Voyager|Spikes
|move|p2a: Forretress|Spikes|p1a: Sumpfberdt
|-sidestart|p1: jlev|Spikes
|
|-weather|RainDance|[upkeep]
|upkeep
|turn|7
|
|t:|1729595268
|switch|p1a: Danny|Claydol|100/100
|move|p2a: Forretress|Rapid Spin|p1a: Danny
|-damage|p1a: Danny|97/100
|-sideend|p2: Voyager|Spikes|[from] move: Rapid Spin|[of] p2a: Forretress
|
|-weather|RainDance|[upkeep]
|-heal|p1a: Danny|100/100|[from] item: Leftovers
|upkeep
|turn|8
|
|t:|1729595274
|move|p1a: Danny|Rapid Spin|p2a: Forretress
|-resisted|p2a: Forretress
|-damage|p2a: Forretress|99/100
|-sideend|p1: jlev|Spikes|[from] move: Rapid Spin|[of] p1a: Danny
|move|p2a: Forretress|Hidden Power|p1a: Danny
|-supereffective|p1a: Danny
|-damage|p1a: Danny|69/100
|
|-weather|none
|-heal|p1a: Danny|75/100|[from] item: Leftovers
|-heal|p2a: Forretress|100/100|[from] item: Leftovers
|upkeep
|turn|9
|inactive|Voyager has 180 seconds left.
|inactive|jlev has 270 seconds left.
|
|t:|1729595316
|switch|p1a: Dusclops|Dusclops, M|100/100
|move|p2a: Forretress|Hidden Power|p1a: Dusclops
|-resisted|p1a: Dusclops
|-damage|p1a: Dusclops|89/100
|
|-heal|p1a: Dusclops|95/100|[from] item: Leftovers
|upkeep
|turn|10
|
|t:|1729595324
|switch|p2a: Blissey|Blissey, F|100/100
|move|p1a: Dusclops|Will-O-Wisp|p2a: Blissey
|-status|p2a: Blissey|brn
|
|-damage|p2a: Blissey|88/100 brn|[from] brn
|-heal|p1a: Dusclops|100/100|[from] item: Leftovers
|upkeep
|turn|11
|inactive|jlev has 240 seconds left.
|
|t:|1729595350
|switch|p1a: Sumpfberdt|Skarmory, M|100/100
|move|p2a: Blissey|Thunder Wave|p1a: Sumpfberdt
|-status|p1a: Sumpfberdt|par
|
|-heal|p2a: Blissey|94/100 brn|[from] item: Leftovers
|-damage|p2a: Blissey|82/100 brn|[from] brn
|upkeep
|turn|12
|
|t:|1729595356
|-curestatus|p2a: Blissey|brn|[from] ability: Natural Cure
|switch|p2a: Forretress|Forretress, F|100/100
|cant|p1a: Sumpfberdt|par
|
|upkeep
|turn|13
|inactive|jlev has 240 seconds left.
|
|t:|1729595372
|move|p2a: Forretress|Spikes|p1a: Sumpfberdt
|-sidestart|p1: jlev|Spikes
|cant|p1a: Sumpfberdt|par
|
|upkeep
|turn|14
|
|t:|1729595380
|switch|p2a: Zapdos|Zapdos|100/100
|move|p1a: Sumpfberdt|Thief|p2a: Zapdos
|-damage|p2a: Zapdos|96/100
|-enditem|p2a: Zapdos|Leftovers|[silent]|[from] move: Thief|[of] p1a: Sumpfberdt
|-item|p1a: Sumpfberdt|Leftovers|[from] move: Thief|[of] p2a: Zapdos
|
|upkeep
|turn|15
|
|t:|1729595399
|switch|p1a: Plumptuous|Blissey, F|88/100
|-damage|p1a: Plumptuous|76/100|[from] Spikes
|move|p2a: Zapdos|Toxic|p1a: Plumptuous|[miss]
|-miss|p2a: Zapdos|p1a: Plumptuous
|
|-heal|p1a: Plumptuous|82/100|[from] item: Leftovers
|upkeep
|turn|16
|
|t:|1729595409
|switch|p2a: Armaldo|Armaldo, F|100/100
|move|p1a: Plumptuous|Seismic Toss|p2a: Armaldo
|-damage|p2a: Armaldo|72/100
|
|-heal|p2a: Armaldo|78/100|[from] item: Leftovers
|-heal|p1a: Plumptuous|88/100|[from] item: Leftovers
|upkeep
|turn|17
|inactive|jlev has 240 seconds left.
|
|t:|1729595426
|switch|p1a: Sumpfberdt|Skarmory, M|100/100 par
|move|p2a: Armaldo|Knock Off|p1a: Sumpfberdt
|-resisted|p1a: Sumpfberdt
|-damage|p1a: Sumpfberdt|99/100 par
|-enditem|p1a: Sumpfberdt|Leftovers|[from] move: Knock Off|[of] p2a: Armaldo
|-hint|In Gens 3-4, Knock Off only makes the target's item unusable; it cannot obtain a new item.
|
|-heal|p2a: Armaldo|85/100|[from] item: Leftovers
|upkeep
|turn|18
|c|☆jlev|what a journey for those leftovers
|inactive|jlev has 240 seconds left.
|
|t:|1729595444
|switch|p2a: Zapdos|Zapdos|96/100
|move|p1a: Sumpfberdt|Spikes|p2a: Zapdos
|-sidestart|p2: Voyager|Spikes
|
|upkeep
|turn|19
|inactive|jlev has 240 seconds left.
|
|t:|1729595450
|switch|p1a: Plumptuous|Blissey, F|88/100
|-damage|p1a: Plumptuous|76/100|[from] Spikes
|move|p2a: Zapdos|Toxic|p1a: Plumptuous
|-status|p1a: Plumptuous|tox
|
|-heal|p1a: Plumptuous|82/100 tox|[from] item: Leftovers
|-damage|p1a: Plumptuous|76/100 tox|[from] psn
|upkeep
|turn|20
|
|t:|1729595459
|move|p2a: Zapdos|Protect|p2a: Zapdos
|-singleturn|p2a: Zapdos|Protect
|move|p1a: Plumptuous|Seismic Toss|p2a: Zapdos
|-activate|p2a: Zapdos|Protect
|
|-heal|p1a: Plumptuous|82/100 tox|[from] item: Leftovers
|-damage|p1a: Plumptuous|69/100 tox|[from] psn
|upkeep
|turn|21
|
|t:|1729595467
|switch|p2a: Armaldo|Armaldo, F|85/100
|-damage|p2a: Armaldo|72/100|[from] Spikes
|move|p1a: Plumptuous|Soft-Boiled|p1a: Plumptuous
|-heal|p1a: Plumptuous|100/100 tox
|
|-heal|p2a: Armaldo|78/100|[from] item: Leftovers
|-damage|p1a: Plumptuous|82/100 tox|[from] psn
|upkeep
|turn|22
|inactive|jlev has 240 seconds left.
|
|t:|1729595487
|-curestatus|p1a: Plumptuous|tox|[from] ability: Natural Cure
|switch|p1a: Sumpfberdt|Skarmory, M|99/100 par
|move|p2a: Armaldo|Rock Slide|p1a: Sumpfberdt|[miss]
|-miss|p2a: Armaldo|p1a: Sumpfberdt
|
|-heal|p2a: Armaldo|85/100|[from] item: Leftovers
|upkeep
|turn|23
|inactive|jlev has 240 seconds left.
|
|t:|1729595510
|move|p2a: Armaldo|Rock Slide|p1a: Sumpfberdt
|-damage|p1a: Sumpfberdt|75/100 par
|move|p1a: Sumpfberdt|Roar|p2a: Armaldo
|drag|p2a: Swampert|Swampert, M|100/100
|-damage|p2a: Swampert|88/100|[from] Spikes
|
|-heal|p2a: Swampert|94/100|[from] item: Leftovers
|upkeep
|turn|24
|
|t:|1729595524
|switch|p2a: Forretress|Forretress, F|100/100
|-damage|p2a: Forretress|88/100|[from] Spikes
|cant|p1a: Sumpfberdt|par
|
|-heal|p2a: Forretress|94/100|[from] item: Leftovers
|upkeep
|turn|25
|inactive|jlev has 210 seconds left.
|inactive|jlev has 180 seconds left.
|
|t:|1729595589
|switch|p2a: Zapdos|Zapdos|96/100
|move|p1a: Sumpfberdt|Spikes|p2a: Zapdos
|-sidestart|p2: Voyager|Spikes
|
|upkeep
|turn|26
|
|t:|1729595597
|switch|p2a: Armaldo|Armaldo, F|85/100
|-damage|p2a: Armaldo|68/100|[from] Spikes
|switch|p1a: Plumptuous|Blissey, F|82/100
|-damage|p1a: Plumptuous|70/100|[from] Spikes
|
|-heal|p2a: Armaldo|74/100|[from] item: Leftovers
|-heal|p1a: Plumptuous|76/100|[from] item: Leftovers
|upkeep
|turn|27
|inactive|jlev has 180 seconds left.
|
|t:|1729595612
|switch|p1a: Dusclops|Dusclops, M|100/100
|-damage|p1a: Dusclops|88/100|[from] Spikes
|move|p2a: Armaldo|Rock Slide|p1a: Dusclops
|-crit|p1a: Dusclops
|-damage|p1a: Dusclops|28/100
|
|-heal|p2a: Armaldo|80/100|[from] item: Leftovers
|-heal|p1a: Dusclops|34/100|[from] item: Leftovers
|upkeep
|turn|28
|inactive|Voyager has 270 seconds left.
|inactive|Voyager has 240 seconds left.
|
|t:|1729595677
|switch|p2a: Blissey|Blissey, F|82/100
|-damage|p2a: Blissey|65/100|[from] Spikes
|move|p1a: Dusclops|Pain Split|p2a: Blissey
|-sethp|p2a: Blissey|40/100|[from] move: Pain Split|[silent]
|-sethp|p1a: Dusclops|94/100|[from] move: Pain Split
|
|-heal|p2a: Blissey|46/100|[from] item: Leftovers
|-heal|p1a: Dusclops|99/100|[from] item: Leftovers
|upkeep
|turn|29
|inactive|jlev has 180 seconds left.
|
|t:|1729595700
|switch|p1a: Danny|Claydol|75/100
|move|p2a: Blissey|Soft-Boiled|p2a: Blissey
|-heal|p2a: Blissey|96/100
|
|-heal|p2a: Blissey|100/100|[from] item: Leftovers
|-heal|p1a: Danny|81/100|[from] item: Leftovers
|upkeep
|turn|30
|inactive|jlev has 180 seconds left.
|
|t:|1729595719
|switch|p2a: Armaldo|Armaldo, F|80/100
|-damage|p2a: Armaldo|64/100|[from] Spikes
|move|p1a: Danny|Rapid Spin|p2a: Armaldo
|-resisted|p2a: Armaldo
|-damage|p2a: Armaldo|62/100
|-sideend|p1: jlev|Spikes|[from] move: Rapid Spin|[of] p1a: Danny
|
|-heal|p1a: Danny|87/100|[from] item: Leftovers
|-heal|p2a: Armaldo|68/100|[from] item: Leftovers
|upkeep
|turn|31
|inactive|jlev has 180 seconds left.
|
|t:|1729595730
|switch|p1a: Dusclops|Dusclops, M|99/100
|move|p2a: Armaldo|Knock Off|p1a: Dusclops
|-supereffective|p1a: Dusclops
|-crit|p1a: Dusclops
|-damage|p1a: Dusclops|87/100
|-enditem|p1a: Dusclops|Leftovers|[from] move: Knock Off|[of] p2a: Armaldo
|
|-heal|p2a: Armaldo|75/100|[from] item: Leftovers
|upkeep
|turn|32
|inactive|jlev has 180 seconds left.
|
|t:|1729595747
|switch|p2a: Blissey|Blissey, F|100/100
|-damage|p2a: Blissey|84/100|[from] Spikes
|move|p1a: Dusclops|Will-O-Wisp|p2a: Blissey
|-status|p2a: Blissey|brn
|
|-heal|p2a: Blissey|90/100 brn|[from] item: Leftovers
|-damage|p2a: Blissey|78/100 brn|[from] brn
|upkeep
|turn|33
|inactive|jlev has 180 seconds left.
|
|t:|1729595773
|switch|p1a: Danny|Claydol|87/100
|move|p2a: Blissey|Thunder Wave|p1a: Danny
|-immune|p1a: Danny
|
|-heal|p2a: Blissey|84/100 brn|[from] item: Leftovers
|-damage|p2a: Blissey|71/100 brn|[from] brn
|-heal|p1a: Danny|93/100|[from] item: Leftovers
|upkeep
|turn|34
|
|t:|1729595787
|move|p2a: Blissey|Soft-Boiled|p2a: Blissey
|-heal|p2a: Blissey|100/100 brn
|move|p1a: Danny|Earthquake|p2a: Blissey
|-damage|p2a: Blissey|77/100 brn
|
|-heal|p2a: Blissey|83/100 brn|[from] item: Leftovers
|-damage|p2a: Blissey|71/100 brn|[from] brn
|-heal|p1a: Danny|99/100|[from] item: Leftovers
|upkeep
|turn|35
|
|t:|1729595802
|move|p1a: Danny|Psychic|p2a: Blissey
|-damage|p2a: Blissey|62/100 brn
|-unboost|p2a: Blissey|spd|1
|move|p2a: Blissey|Counter|p1a: Danny
|
|-heal|p2a: Blissey|68/100 brn|[from] item: Leftovers
|-damage|p2a: Blissey|56/100 brn|[from] brn
|-heal|p1a: Danny|100/100|[from] item: Leftovers
|upkeep
|turn|36
|inactive|jlev has 150 seconds left.
|
|t:|1729595850
|move|p2a: Blissey|Soft-Boiled|p2a: Blissey
|-heal|p2a: Blissey|100/100 brn
|move|p1a: Danny|Explosion|p2a: Blissey
|-crit|p2a: Blissey
|-damage|p2a: Blissey|0 fnt
|faint|p1a: Danny
|faint|p2a: Blissey
|inactive|jlev has 120 seconds left.
|
|t:|1729595893
|switch|p2a: Zapdos|Zapdos|96/100
|switch|p1a: Sipple|Dugtrio, F|27/100
|
|upkeep
|turn|37
|
|t:|1729595897
|switch|p1a: Plumptuous|Blissey, F|76/100
|move|p2a: Zapdos|Protect||[still]
|-fail|p2a: Zapdos
|
|-heal|p1a: Plumptuous|82/100|[from] item: Leftovers
|upkeep
|turn|38
|
|t:|1729595905
|switch|p2a: Forretress|Forretress, F|94/100
|-damage|p2a: Forretress|78/100|[from] Spikes
|move|p1a: Plumptuous|Seismic Toss|p2a: Forretress
|-damage|p2a: Forretress|49/100
|
|-heal|p1a: Plumptuous|88/100|[from] item: Leftovers
|-heal|p2a: Forretress|56/100|[from] item: Leftovers
|upkeep
|turn|39
|
|t:|1729595916
|switch|p1a: Dusclops|Dusclops, M|87/100
|move|p2a: Forretress|Spikes|p1a: Dusclops
|-sidestart|p1: jlev|Spikes
|
|-heal|p2a: Forretress|62/100|[from] item: Leftovers
|upkeep
|turn|40
|
|t:|1729595924
|move|p2a: Forretress|Spikes|p1a: Dusclops
|-sidestart|p1: jlev|Spikes
|move|p1a: Dusclops|Will-O-Wisp|p2a: Forretress
|-status|p2a: Forretress|brn
|
|-heal|p2a: Forretress|68/100 brn|[from] item: Leftovers
|-damage|p2a: Forretress|56/100 brn|[from] brn
|upkeep
|turn|41
|inactive|jlev has 120 seconds left.
|
|t:|1729595937
|move|p2a: Forretress|Spikes|p1a: Dusclops
|-sidestart|p1: jlev|Spikes
|move|p1a: Dusclops|Shadow Ball|p2a: Forretress
|-resisted|p2a: Forretress
|-damage|p2a: Forretress|47/100 brn
|
|-heal|p2a: Forretress|53/100 brn|[from] item: Leftovers
|-damage|p2a: Forretress|41/100 brn|[from] brn
|upkeep
|turn|42
|inactive|jlev has 120 seconds left.
|
|t:|1729595946
|switch|p2a: Zapdos|Zapdos|96/100
|move|p1a: Dusclops|Shadow Ball|p2a: Zapdos
|-damage|p2a: Zapdos|70/100
|-unboost|p2a: Zapdos|spd|1
|
|upkeep
|turn|43
|inactive|jlev has 120 seconds left.
|
|t:|1729595979
|move|p2a: Zapdos|Thunderbolt|p1a: Dusclops
|-damage|p1a: Dusclops|50/100
|-status|p1a: Dusclops|par
|move|p1a: Dusclops|Will-O-Wisp|p2a: Zapdos|[miss]
|-miss|p1a: Dusclops|p2a: Zapdos
|
|upkeep
|turn|44
|
|t:|1729595988
|move|p2a: Zapdos|Thunderbolt|p1a: Dusclops
|-damage|p1a: Dusclops|11/100 par
|move|p1a: Dusclops|Pain Split|p2a: Zapdos
|-sethp|p2a: Zapdos|40/100|[from] move: Pain Split|[silent]
|-sethp|p1a: Dusclops|45/100 par|[from] move: Pain Split
|
|upkeep
|turn|45
|inactive|jlev has 90 seconds left.
|
|t:|1729596042
|move|p2a: Zapdos|Thunderbolt|p1a: Dusclops
|-damage|p1a: Dusclops|3/100 par
|move|p1a: Dusclops|Shadow Ball|p2a: Zapdos
|-damage|p2a: Zapdos|13/100
|
|upkeep
|turn|46
|
|t:|1729596052
|switch|p1a: Plumptuous|Blissey, F|88/100
|-damage|p1a: Plumptuous|63/100|[from] Spikes
|move|p2a: Zapdos|Hidden Power|p1a: Plumptuous
|-damage|p1a: Plumptuous|54/100
|
|-heal|p1a: Plumptuous|60/100|[from] item: Leftovers
|upkeep
|turn|47
|
|t:|1729596066
|switch|p2a: Armaldo|Armaldo, F|75/100
|-damage|p2a: Armaldo|58/100|[from] Spikes
|move|p1a: Plumptuous|Soft-Boiled|p1a: Plumptuous
|-heal|p1a: Plumptuous|100/100
|
|-heal|p2a: Armaldo|64/100|[from] item: Leftovers
|upkeep
|turn|48
|inactive|jlev has 60 seconds left.
|
|t:|1729596103
|switch|p1a: Dusclops|Dusclops, M|3/100 par
|-damage|p1a: Dusclops|0 fnt|[from] Spikes
|faint|p1a: Dusclops
|
|t:|1729596108
|switch|p1a: Sumptuous|Suicune|100/100
|-damage|p1a: Sumptuous|76/100|[from] Spikes
|
|-heal|p1a: Sumptuous|82/100|[from] item: Leftovers
|-heal|p2a: Armaldo|70/100|[from] item: Leftovers
|upkeep
|turn|49
|inactive|jlev has 30 seconds left.
|
|t:|1729596130
|move|p1a: Sumptuous|Surf|p2a: Armaldo
|-supereffective|p2a: Armaldo
|-damage|p2a: Armaldo|15/100
|move|p2a: Armaldo|Knock Off|p1a: Sumptuous
|-damage|p1a: Sumptuous|80/100
|-enditem|p1a: Sumptuous|Leftovers|[from] move: Knock Off|[of] p2a: Armaldo
|
|-heal|p2a: Armaldo|21/100|[from] item: Leftovers
|upkeep
|turn|50
|
|t:|1729596138
|move|p1a: Sumptuous|Surf|p2a: Armaldo
|-supereffective|p2a: Armaldo
|-damage|p2a: Armaldo|0 fnt
|faint|p2a: Armaldo
|
|t:|1729596139
|switch|p2a: Zapdos|Zapdos|13/100
|
|upkeep
|turn|51
|inactive|jlev has 30 seconds left.
|
|t:|1729596163
|move|p2a: Zapdos|Thunderbolt|p1a: Sumptuous
|-supereffective|p1a: Sumptuous
|-damage|p1a: Sumptuous|4/100
|move|p1a: Sumptuous|Surf|p2a: Zapdos
|-damage|p2a: Zapdos|0 fnt
|faint|p2a: Zapdos
|
|t:|1729596170
|switch|p2a: Swampert|Swampert, M|94/100
|-damage|p2a: Swampert|78/100|[from] Spikes
|
|-heal|p2a: Swampert|84/100|[from] item: Leftovers
|upkeep
|turn|52
|inactive|jlev has 30 seconds left.
|
|t:|1729596194
|move|p1a: Sumptuous|Rest|p1a: Sumptuous
|-status|p1a: Sumptuous|slp|[from] move: Rest
|-heal|p1a: Sumptuous|100/100 slp|[silent]
|move|p2a: Swampert|Roar|p1a: Sumptuous
|drag|p1a: Sumpfberdt|Skarmory, M|75/100 par
|
|-heal|p2a: Swampert|90/100|[from] item: Leftovers
|upkeep
|turn|53
|inactive|jlev has 30 seconds left.
|
|t:|1729596208
|move|p2a: Swampert|Surf|p1a: Sumpfberdt
|-damage|p1a: Sumpfberdt|44/100 par
|move|p1a: Sumpfberdt|Toxic|p2a: Swampert|[miss]
|-miss|p1a: Sumpfberdt|p2a: Swampert
|
|-heal|p2a: Swampert|96/100|[from] item: Leftovers
|upkeep
|turn|54
|inactive|jlev has 30 seconds left.
|
|t:|1729596216
|move|p2a: Swampert|Surf|p1a: Sumpfberdt
|-damage|p1a: Sumpfberdt|14/100 par
|move|p1a: Sumpfberdt|Toxic|p2a: Swampert
|-status|p2a: Swampert|tox
|
|-heal|p2a: Swampert|100/100 tox|[from] item: Leftovers
|-damage|p2a: Swampert|94/100 tox|[from] psn
|upkeep
|turn|55
|
|t:|1729596223
|move|p2a: Swampert|Surf|p1a: Sumpfberdt
|-damage|p1a: Sumpfberdt|0 fnt
|faint|p1a: Sumpfberdt
|inactive|jlev has 30 seconds left.
|
|t:|1729596234
|switch|p1a: Plumptuous|Blissey, F|100/100
|-damage|p1a: Plumptuous|76/100|[from] Spikes
|
|-heal|p2a: Swampert|100/100 tox|[from] item: Leftovers
|-damage|p2a: Swampert|88/100 tox|[from] psn
|-heal|p1a: Plumptuous|82/100|[from] item: Leftovers
|upkeep
|turn|56
|
|t:|1729596240
|move|p2a: Swampert|Toxic|p1a: Plumptuous
|-status|p1a: Plumptuous|tox
|move|p1a: Plumptuous|Aromatherapy|p1a: Plumptuous
|-cureteam|p1a: Plumptuous|[from] move: Aromatherapy
|
|-heal|p2a: Swampert|94/100 tox|[from] item: Leftovers
|-damage|p2a: Swampert|76/100 tox|[from] psn
|-heal|p1a: Plumptuous|88/100|[from] item: Leftovers
|upkeep
|turn|57
|-message|Voyager forfeited.
|
|win|jlev

</script>
<script type="application/json" class="data" id="replaydata-smogtours-gen3ou-801179">
{"id":"smogtours-gen3ou-801179","format":"[Gen 3] OU","players":["jlev","Voyager"],"uploadtime":1729596246,"views":165,"formatid":"gen3ou","rating":null,"private":0,"password":null}
</script>

<script defer src="js/replays.js?9d40a366"></script>
