<!DOCTYPE html>
<meta charset="utf-8" />
<meta name="viewport" content="width=device-width" />

<title>[Gen 3] OU: ali.gnome vs. cisconduct - Replays - Pok&eacute;mon Showdown!</title>

<meta name="description" content="Watch a replay of a Pok&eacute;mon battle between ali.gnome and cisconduct! Format: [Gen 3] OU; Date: Oct 3, 2024" />
<!--

Hey, you! Looking in the source for the replay log?

You can find them in JSON format, just add `.json` at the end of a replay URL.

https://replay.pokemonshowdown.com/gen7randomdoublesbattle-865046831.json

Or, if you only need the log itself, add `.log` instead:

https://replay.pokemonshowdown.com/gen7randomdoublesbattle-865046831.log

-->

<link rel="stylesheet" href="//pokemonshowdown.com/style/global.css?0.023195364461161105" />
<link rel="stylesheet" href="//play.pokemonshowdown.com/style/font-awesome.css?0.13261647063804238" />
<link rel="stylesheet" href="//play.pokemonshowdown.com/style/battle.css?0.8753245789963631" />
<link rel="stylesheet" href="//play.pokemonshowdown.com/style/utilichart.css?0.8627959624976733" />

<!-- Global site tag (gtag.js) - Google Analytics -->
<script async src="https://www.googletagmanager.com/gtag/js?id=UA-26211653-1"></script>
<script>
  window.dataLayer = window.dataLayer || [];
  function gtag(){dataLayer.push(arguments);}
  gtag('js', new Date());

  gtag('config', 'UA-26211653-1');
</script>
<!-- End Google Analytics -->
<!-- Venatus Ad Manager - Install in <HEAD> of page -->
	<script src="https://hb.vntsm.com/v3/live/ad-manager.min.js" type="text/javascript" data-site-id="642aba63ec9a7b11c3c9c1be" data-mode="scan" async></script>
<!-- / Venatus Ad Manager -->

<style>
	@media (max-width:820px) {
		.battle {
			margin: 0 auto;
		}
		.battle-log {
			margin: 7px auto 0;
			max-width: 640px;
			height: 300px;
			position: static;
		}
	}
	.optgroup {
		display: inline-block;
		line-height: 22px;
		font-size: 10pt;
	}
	.optgroup .button {
		height: 25px;
		padding-top: 0;
		padding-bottom: 0;
	}
	.optgroup button.button {
		padding-left: 12px;
		padding-right: 12px;
	}
	.linklist {
		list-style: none;
		margin: 0.5em 0;
		padding: 0;
	}
	.linklist li {
		padding: 2px 0;
	}
	.sidebar {
		float: left;
		width: 320px;
	}
	.bar-wrapper {
		max-width: 1100px;
		margin: 0 auto;
	}
	.bar-wrapper.has-sidebar {
		max-width: 1430px;
	}
	.mainbar {
		margin: 0;
		padding-right: 1px;
	}
	.mainbar.has-sidebar {
		margin-left: 330px;
	}
	@media (min-width: 1511px) {
		.sidebar {
			width: 400px;
		}
		.bar-wrapper.has-sidebar {
			max-width: 1510px;
		}
		.mainbar.has-sidebar {
			margin-left: 410px;
		}
	}
	.section.first-section {
		margin-top: 9px;
	}
	.blocklink small {
		white-space: normal;
	}
	.button {
		vertical-align: middle;
	}
	.replay-controls {
		padding-top: 10px;
	}
	.replay-controls h1 {
		font-size: 16pt;
		font-weight: normal;
		color: #CCC;
	}
	.pagelink {
		text-align: center;
	}
	.pagelink a {
		width: 150px;
	}
	.textbox, .button {
		font-size: 11pt;
		vertical-align: middle;
	}
	@media (max-width: 450px) {
		.button {
			font-size: 9pt;
		}
	}
</style>

<div>

	<header>
		<div class="nav-wrapper"><ul class="nav">
			<li><a class="button nav-first" href="//pokemonshowdown.com/"><img src="//pokemonshowdown.com/images/pokemonshowdownbeta.png" srcset="//pokemonshowdown.com/images/pokemonshowdownbeta.png 1x, //pokemonshowdown.com/images/pokemonshowdownbeta@2x.png 2x" alt="Pok&eacute;mon Showdown" width="146" height="44" /> Home</a></li>
			<li><a class="button" href="//pokemonshowdown.com/dex/">Pok&eacute;dex</a></li>
			<li><a class="button cur" href="/">Replays</a></li>
			<li><a class="button" href="//pokemonshowdown.com/ladder/">Ladder</a></li>
			<li><a class="button nav-last" href="//pokemonshowdown.com/forums/">Forum</a></li>
			<li><a class="button greenbutton nav-first nav-last" href="//play.pokemonshowdown.com/">Play</a></li>
		</ul></div>
	</header>

	<div class="main" id="main">

		<noscript><section class="section">You need to enable JavaScript to use this page; sorry!</section></noscript>

	</div>

</div>

<script defer nomodule src="//play.pokemonshowdown.com/js/lib/ps-polyfill.js"></script>
<script defer src="//play.pokemonshowdown.com/js/lib/preact.min.js"></script>

<script defer src="//play.pokemonshowdown.com/config/config.js?2bddbc15"></script>
<script defer src="//play.pokemonshowdown.com/js/lib/jquery-1.11.0.min.js"></script>
<script defer src="//play.pokemonshowdown.com/js/lib/html-sanitizer-minified.js"></script>
<script defer src="//play.pokemonshowdown.com/js/battle-sound.js"></script>
<script defer src="//play.pokemonshowdown.com/js/battledata.js?0.7209276989879541"></script>
<script defer src="//play.pokemonshowdown.com/data/pokedex-mini.js?0.6111056340867951"></script>
<script defer src="//play.pokemonshowdown.com/data/pokedex-mini-bw.js?0.3532142036491459"></script>
<script defer src="//play.pokemonshowdown.com/data/graphics.js?0.24223875632456182"></script>
<script defer src="//play.pokemonshowdown.com/data/pokedex.js?0.38839984266356864"></script>
<script defer src="//play.pokemonshowdown.com/data/moves.js?0.21866028504024015"></script>
<script defer src="//play.pokemonshowdown.com/data/abilities.js?0.2005157953846628"></script>
<script defer src="//play.pokemonshowdown.com/data/items.js?0.9894211263848525"></script>
<script defer src="//play.pokemonshowdown.com/data/teambuilder-tables.js?0.6008791140282215"></script>
<script defer src="//play.pokemonshowdown.com/js/battle-tooltips.js?0.7580118955022959"></script>
<script defer src="//play.pokemonshowdown.com/js/battle.js?0.6057722274234274"></script>

<script defer src="js/utils.js?e31f9a17"></script>
<script defer src="js/replays-battle.js?7008c182"></script>

<!-- don't scrape this data! just add .json or .log after the URL!
Full API docs: https://github.com/smogon/pokemon-showdown-client/blob/master/WEB-API.md -->
<script type="text/plain" class="log" id="replaylog-smogtours-gen3ou-794329">
|inactive|Battle timer is ON: inactive players will automatically lose when time's up.
|t:|1727983623
|gametype|singles
|player|p1|ali.gnome|1|
|player|p2|cisconduct|1|
|teamsize|p1|6
|teamsize|p2|6
|gen|3
|tier|[Gen 3] OU
|rule|Sleep Clause Mod: Limit one foe put to sleep
|rule|Switch Priority Clause Mod: Faster Pokémon switch first
|rule|Species Clause: Limit one of each Pokémon
|rule|OHKO Clause: OHKO moves are banned
|rule|Evasion Items Clause: Evasion items are banned
|rule|Evasion Moves Clause: Evasion moves are banned
|rule|Endless Battle Clause: Forcing endless battles is banned
|rule|HP Percentage Mod: HP is shown in percentages
|rule|One Boost Passer Clause: Limit one Baton Passer that has a way to boost its stats
|rule|Freeze Clause Mod: Limit one foe frozen
|
|t:|1727983623
|start
|switch|p1a: Tyranitar|Tyranitar, F|100/100
|switch|p2a: Tyranitar|Tyranitar, F|100/100
|-weather|Sandstorm|[from] ability: Sand Stream|[of] p1a: Tyranitar
|turn|1
|c|☆cisconduct|last match was so unlucky i hope this ones a little more fair
|c|☆ali.gnome|it was a real pity
|inactive|cisconduct has 270 seconds left.
|c|☆ali.gnome|really fancied my odds lmao
|
|t:|1727983665
|move|p1a: Tyranitar|Brick Break|p2a: Tyranitar
|-supereffective|p2a: Tyranitar
|-damage|p2a: Tyranitar|32/100
|move|p2a: Tyranitar|Earthquake|p1a: Tyranitar
|-supereffective|p1a: Tyranitar
|-damage|p1a: Tyranitar|23/100
|
|-weather|Sandstorm|[upkeep]
|-heal|p2a: Tyranitar|38/100|[from] item: Leftovers
|upkeep
|turn|2
|
|t:|1727983681
|switch|p2a: Swampert|Swampert, F|100/100
|move|p1a: Tyranitar|Brick Break|p2a: Swampert
|-damage|p2a: Swampert|85/100
|
|-weather|Sandstorm|[upkeep]
|-heal|p2a: Swampert|91/100|[from] item: Leftovers
|upkeep
|turn|3
|
|t:|1727983688
|move|p1a: Tyranitar|Hidden Power|p2a: Swampert
|-supereffective|p2a: Swampert
|-damage|p2a: Swampert|21/100
|move|p2a: Swampert|Surf|p1a: Tyranitar
|-supereffective|p1a: Tyranitar
|-damage|p1a: Tyranitar|0 fnt
|faint|p1a: Tyranitar
|
|t:|1727983694
|switch|p1a: Salamence|Salamence, F|100/100
|-ability|p1a: Salamence|Intimidate|boost
|-unboost|p2a: Swampert|atk|1
|
|-weather|Sandstorm|[upkeep]
|-damage|p1a: Salamence|94/100|[from] Sandstorm
|-heal|p1a: Salamence|100/100|[from] item: Leftovers
|-heal|p2a: Swampert|27/100|[from] item: Leftovers
|upkeep
|turn|4
|
|t:|1727983701
|move|p2a: Swampert|Protect|p2a: Swampert
|-singleturn|p2a: Swampert|Protect
|move|p1a: Salamence|Dragon Claw|p2a: Swampert
|-activate|p2a: Swampert|Protect
|
|-weather|Sandstorm|[upkeep]
|-damage|p1a: Salamence|94/100|[from] Sandstorm
|-heal|p1a: Salamence|100/100|[from] item: Leftovers
|-heal|p2a: Swampert|34/100|[from] item: Leftovers
|upkeep
|turn|5
|
|t:|1727983721
|move|p1a: Salamence|Dragon Claw|p2a: Swampert
|-damage|p2a: Swampert|0 fnt
|faint|p2a: Swampert
|
|t:|1727983727
|switch|p2a: Zapdos|Zapdos|100/100
|
|-weather|Sandstorm|[upkeep]
|-damage|p1a: Salamence|94/100|[from] Sandstorm
|-damage|p2a: Zapdos|94/100|[from] Sandstorm
|-heal|p1a: Salamence|100/100|[from] item: Leftovers
|-heal|p2a: Zapdos|100/100|[from] item: Leftovers
|upkeep
|turn|6
|
|t:|1727983734
|switch|p1a: Blissey|Blissey, F|100/100
|move|p2a: Zapdos|Hidden Power|p1a: Blissey
|-damage|p1a: Blissey|91/100
|
|-weather|Sandstorm|[upkeep]
|-damage|p2a: Zapdos|94/100|[from] Sandstorm
|-damage|p1a: Blissey|85/100|[from] Sandstorm
|-heal|p2a: Zapdos|100/100|[from] item: Leftovers
|-heal|p1a: Blissey|91/100|[from] item: Leftovers
|upkeep
|turn|7
|
|t:|1727983750
|move|p2a: Zapdos|Toxic|p1a: Blissey
|-status|p1a: Blissey|tox
|move|p1a: Blissey|Thunder Wave|p2a: Zapdos
|-status|p2a: Zapdos|par
|
|-weather|Sandstorm|[upkeep]
|-damage|p1a: Blissey|85/100 tox|[from] Sandstorm
|-damage|p2a: Zapdos|94/100 par|[from] Sandstorm
|-heal|p1a: Blissey|91/100 tox|[from] item: Leftovers
|-damage|p1a: Blissey|85/100 tox|[from] psn
|-heal|p2a: Zapdos|100/100 par|[from] item: Leftovers
|upkeep
|turn|8
|
|t:|1727983765
|move|p1a: Blissey|Ice Beam|p2a: Zapdos
|-supereffective|p2a: Zapdos
|-damage|p2a: Zapdos|49/100 par
|move|p2a: Zapdos|Thunderbolt|p1a: Blissey
|-damage|p1a: Blissey|65/100 tox
|
|-weather|Sandstorm|[upkeep]
|-damage|p1a: Blissey|59/100 tox|[from] Sandstorm
|-damage|p2a: Zapdos|43/100 par|[from] Sandstorm
|-heal|p1a: Blissey|65/100 tox|[from] item: Leftovers
|-damage|p1a: Blissey|53/100 tox|[from] psn
|-heal|p2a: Zapdos|49/100 par|[from] item: Leftovers
|upkeep
|turn|9
|
|t:|1727983780
|-curestatus|p1a: Blissey|tox|[from] ability: Natural Cure
|switch|p1a: Claydol|Claydol, shiny|100/100
|switch|p2a: Aerodactyl|Aerodactyl, M|100/100
|
|-weather|Sandstorm|[upkeep]
|upkeep
|turn|10
|
|t:|1727983793
|move|p2a: Aerodactyl|Hidden Power|p1a: Claydol
|-supereffective|p1a: Claydol
|-damage|p1a: Claydol|40/100
|move|p1a: Claydol|Psychic|p2a: Aerodactyl
|-damage|p2a: Aerodactyl|71/100
|
|-weather|Sandstorm|[upkeep]
|-heal|p1a: Claydol|46/100|[from] item: Leftovers
|upkeep
|turn|11
|
|t:|1727983801
|switch|p1a: Skarmory|Skarmory, F, shiny|100/100
|move|p2a: Aerodactyl|Hidden Power|p1a: Skarmory
|-resisted|p1a: Skarmory
|-damage|p1a: Skarmory|95/100
|
|-weather|Sandstorm|[upkeep]
|-heal|p1a: Skarmory|100/100|[from] item: Leftovers
|upkeep
|turn|12
|
|t:|1727983819
|switch|p2a: Skarmory|Skarmory, M|100/100
|move|p1a: Skarmory|Spikes|p2a: Skarmory
|-sidestart|p2: cisconduct|Spikes
|
|-weather|Sandstorm|[upkeep]
|upkeep
|turn|13
|
|t:|1727983826
|move|p2a: Skarmory|Spikes|p1a: Skarmory
|-sidestart|p1: ali.gnome|Spikes
|move|p1a: Skarmory|Spikes|p2a: Skarmory
|-sidestart|p2: cisconduct|Spikes
|
|-weather|Sandstorm|[upkeep]
|upkeep
|turn|14
|
|t:|1727983831
|move|p2a: Skarmory|Spikes|p1a: Skarmory
|-sidestart|p1: ali.gnome|Spikes
|move|p1a: Skarmory|Spikes|p2a: Skarmory
|-sidestart|p2: cisconduct|Spikes
|
|-weather|Sandstorm|[upkeep]
|upkeep
|turn|15
|
|t:|1727983836
|switch|p1a: Claydol|Claydol, shiny|46/100
|move|p2a: Skarmory|Spikes|p1a: Claydol
|-sidestart|p1: ali.gnome|Spikes
|
|-weather|Sandstorm|[upkeep]
|-heal|p1a: Claydol|52/100|[from] item: Leftovers
|upkeep
|turn|16
|
|t:|1727983843
|switch|p2a: Gengar|Gengar, F|100/100
|move|p1a: Claydol|Psychic|p2a: Gengar
|-supereffective|p2a: Gengar
|-damage|p2a: Gengar|46/100
|-unboost|p2a: Gengar|spd|1
|
|-weather|Sandstorm|[upkeep]
|-damage|p2a: Gengar|40/100|[from] Sandstorm
|-heal|p2a: Gengar|46/100|[from] item: Leftovers
|-heal|p1a: Claydol|59/100|[from] item: Leftovers
|upkeep
|turn|17
|c|☆cisconduct|nice prediction
|
|t:|1727983854
|move|p2a: Gengar|Giga Drain|p1a: Claydol
|-supereffective|p1a: Claydol
|-damage|p1a: Claydol|24/100
|-heal|p2a: Gengar|66/100|[from] drain|[of] p1a: Claydol
|move|p1a: Claydol|Psychic|p2a: Gengar
|-supereffective|p2a: Gengar
|-damage|p2a: Gengar|0 fnt
|faint|p2a: Gengar
|
|t:|1727983866
|switch|p2a: Aerodactyl|Aerodactyl, M|71/100
|
|-weather|Sandstorm|[upkeep]
|-heal|p1a: Claydol|30/100|[from] item: Leftovers
|upkeep
|turn|18
|c|☆ali.gnome|ngl it was the midground
|c|☆ali.gnome|if you dont go gar im happy to psychic into skarm
|
|t:|1727983890
|switch|p1a: Skarmory|Skarmory, F, shiny|100/100
|move|p2a: Aerodactyl|Rock Slide|p1a: Skarmory
|-damage|p1a: Skarmory|62/100
|
|-weather|Sandstorm|[upkeep]
|-heal|p1a: Skarmory|68/100|[from] item: Leftovers
|upkeep
|turn|19
|c|☆cisconduct|i was gonna protect anticpating a spin lol
|c|☆ali.gnome|thats fine too
|inactive|ali.gnome has 270 seconds left.
|
|t:|1727983924
|switch|p1a: Claydol|Claydol, shiny|30/100
|move|p2a: Aerodactyl|Rock Slide|p1a: Claydol
|-resisted|p1a: Claydol
|-damage|p1a: Claydol|6/100
|
|-weather|Sandstorm|[upkeep]
|-heal|p1a: Claydol|12/100|[from] item: Leftovers
|upkeep
|turn|20
|inactive|ali.gnome has 240 seconds left.
|
|t:|1727983967
|switch|p1a: Metagross|Metagross|100/100
|-damage|p1a: Metagross|76/100|[from] Spikes
|move|p2a: Aerodactyl|Rock Slide|p1a: Metagross
|-resisted|p1a: Metagross
|-damage|p1a: Metagross|56/100
|
|-weather|Sandstorm|[upkeep]
|upkeep
|turn|21
|inactive|cisconduct has 270 seconds left.
|
|t:|1727984004
|switch|p2a: Skarmory|Skarmory, M|100/100
|move|p1a: Metagross|Meteor Mash|p2a: Skarmory
|-resisted|p2a: Skarmory
|-damage|p2a: Skarmory|77/100
|
|-weather|Sandstorm|[upkeep]
|-heal|p2a: Skarmory|83/100|[from] item: Leftovers
|upkeep
|turn|22
|inactive|cisconduct has 270 seconds left.
|
|t:|1727984018
|switch|p1a: Claydol|Claydol, shiny|12/100
|move|p2a: Skarmory|Roar|p1a: Claydol
|drag|p1a: Skarmory|Skarmory, F, shiny|68/100
|
|-weather|Sandstorm|[upkeep]
|-heal|p2a: Skarmory|89/100|[from] item: Leftovers
|-heal|p1a: Skarmory|74/100|[from] item: Leftovers
|upkeep
|turn|23
|inactive|cisconduct has 270 seconds left.
|
|t:|1727984029
|move|p2a: Skarmory|Drill Peck|p1a: Skarmory
|-resisted|p1a: Skarmory
|-damage|p1a: Skarmory|65/100
|move|p1a: Skarmory|Roar|p2a: Skarmory
|drag|p2a: Zapdos|Zapdos|49/100 par
|
|-weather|Sandstorm|[upkeep]
|-damage|p2a: Zapdos|43/100 par|[from] Sandstorm
|-heal|p1a: Skarmory|71/100|[from] item: Leftovers
|-heal|p2a: Zapdos|49/100 par|[from] item: Leftovers
|upkeep
|turn|24
|inactive|cisconduct has 270 seconds left.
|
|t:|1727984039
|move|p1a: Skarmory|Protect|p1a: Skarmory
|-singleturn|p1a: Skarmory|Protect
|cant|p2a: Zapdos|par
|
|-weather|Sandstorm|[upkeep]
|-damage|p2a: Zapdos|43/100 par|[from] Sandstorm
|-heal|p1a: Skarmory|77/100|[from] item: Leftovers
|-heal|p2a: Zapdos|49/100 par|[from] item: Leftovers
|upkeep
|turn|25
|inactive|cisconduct has 270 seconds left.
|
|t:|1727984054
|switch|p1a: Blissey|Blissey, F|53/100
|-damage|p1a: Blissey|28/100|[from] Spikes
|move|p2a: Zapdos|Thunderbolt|p1a: Blissey
|-damage|p1a: Blissey|8/100
|
|-weather|Sandstorm|[upkeep]
|-damage|p1a: Blissey|2/100|[from] Sandstorm
|-damage|p2a: Zapdos|43/100 par|[from] Sandstorm
|-heal|p1a: Blissey|8/100|[from] item: Leftovers
|-heal|p2a: Zapdos|49/100 par|[from] item: Leftovers
|upkeep
|turn|26
|inactive|cisconduct has 270 seconds left.
|
|t:|1727984064
|move|p1a: Blissey|Ice Beam|p2a: Zapdos
|-supereffective|p2a: Zapdos
|-damage|p2a: Zapdos|4/100 par
|move|p2a: Zapdos|Hidden Power|p1a: Blissey
|-damage|p1a: Blissey|0 fnt
|faint|p1a: Blissey
|
|t:|1727984067
|switch|p1a: Claydol|Claydol, shiny|12/100
|
|-weather|Sandstorm|[upkeep]
|-damage|p2a: Zapdos|0 fnt|[from] Sandstorm
|faint|p2a: Zapdos
|-heal|p1a: Claydol|18/100|[from] item: Leftovers
|upkeep
|c|☆ali.gnome|SAND
|c|☆ali.gnome|piss
|inactive|cisconduct has 270 seconds left.
|
|t:|1727984079
|switch|p2a: Aerodactyl|Aerodactyl, M|71/100
|turn|27
|
|t:|1727984093
|switch|p1a: Skarmory|Skarmory, F, shiny|77/100
|move|p2a: Aerodactyl|Rock Slide|p1a: Skarmory
|-damage|p1a: Skarmory|40/100
|
|-weather|Sandstorm|[upkeep]
|-heal|p1a: Skarmory|46/100|[from] item: Leftovers
|upkeep
|turn|28
|
|t:|1727984101
|move|p2a: Aerodactyl|Rock Slide|p1a: Skarmory
|-damage|p1a: Skarmory|11/100
|move|p1a: Skarmory|Toxic|p2a: Aerodactyl
|-status|p2a: Aerodactyl|tox
|
|-weather|Sandstorm|[upkeep]
|-damage|p2a: Aerodactyl|65/100 tox|[from] psn
|-heal|p1a: Skarmory|17/100|[from] item: Leftovers
|upkeep
|turn|29
|
|t:|1727984110
|switch|p2a: Skarmory|Skarmory, M|89/100
|move|p1a: Skarmory|Protect||[still]
|-fail|p1a: Skarmory
|
|-weather|Sandstorm|[upkeep]
|-heal|p2a: Skarmory|95/100|[from] item: Leftovers
|-heal|p1a: Skarmory|23/100|[from] item: Leftovers
|upkeep
|turn|30
|
|t:|1727984120
|move|p1a: Skarmory|Protect|p1a: Skarmory
|-singleturn|p1a: Skarmory|Protect
|move|p2a: Skarmory|Drill Peck|p1a: Skarmory
|-activate|p1a: Skarmory|Protect
|
|-weather|Sandstorm|[upkeep]
|-heal|p2a: Skarmory|100/100|[from] item: Leftovers
|-heal|p1a: Skarmory|29/100|[from] item: Leftovers
|upkeep
|turn|31
|
|t:|1727984128
|move|p2a: Skarmory|Drill Peck|p1a: Skarmory
|-resisted|p1a: Skarmory
|-damage|p1a: Skarmory|20/100
|move|p1a: Skarmory|Roar|p2a: Skarmory
|drag|p2a: Aerodactyl|Aerodactyl, M|65/100 tox
|
|-weather|Sandstorm|[upkeep]
|-damage|p2a: Aerodactyl|59/100 tox|[from] psn
|-heal|p1a: Skarmory|26/100|[from] item: Leftovers
|upkeep
|turn|32
|
|t:|1727984137
|move|p1a: Skarmory|Protect|p1a: Skarmory
|-singleturn|p1a: Skarmory|Protect
|move|p2a: Aerodactyl|Rock Slide|p1a: Skarmory
|-activate|p1a: Skarmory|Protect
|
|-weather|Sandstorm|[upkeep]
|-damage|p2a: Aerodactyl|47/100 tox|[from] psn
|-heal|p1a: Skarmory|32/100|[from] item: Leftovers
|upkeep
|turn|33
|
|t:|1727984166
|switch|p1a: Claydol|Claydol, shiny|18/100
|move|p2a: Aerodactyl|Rock Slide|p1a: Claydol
|-resisted|p1a: Claydol
|-damage|p1a: Claydol|0 fnt
|faint|p1a: Claydol
|
|t:|1727984168
|switch|p1a: Skarmory|Skarmory, F, shiny|32/100
|
|-weather|Sandstorm|[upkeep]
|-damage|p2a: Aerodactyl|29/100 tox|[from] psn
|-heal|p1a: Skarmory|38/100|[from] item: Leftovers
|upkeep
|turn|34
|
|t:|1727984183
|move|p1a: Skarmory|Protect|p1a: Skarmory
|-singleturn|p1a: Skarmory|Protect
|move|p2a: Aerodactyl|Rock Slide|p1a: Skarmory
|-activate|p1a: Skarmory|Protect
|
|-weather|Sandstorm|[upkeep]
|-damage|p2a: Aerodactyl|5/100 tox|[from] psn
|-heal|p1a: Skarmory|44/100|[from] item: Leftovers
|upkeep
|turn|35
|
|t:|1727984191
|move|p1a: Skarmory|Protect||[still]
|-fail|p1a: Skarmory
|move|p2a: Aerodactyl|Rock Slide|p1a: Skarmory|[miss]
|-miss|p2a: Aerodactyl|p1a: Skarmory
|
|-weather|Sandstorm|[upkeep]
|-damage|p2a: Aerodactyl|0 fnt|[from] psn
|faint|p2a: Aerodactyl
|-heal|p1a: Skarmory|50/100|[from] item: Leftovers
|upkeep
|c|☆cisconduct|dang
|
|t:|1727984217
|switch|p2a: Skarmory|Skarmory, M|100/100
|turn|36
|
|t:|1727984223
|move|p1a: Skarmory|Protect|p1a: Skarmory
|-singleturn|p1a: Skarmory|Protect
|move|p2a: Skarmory|Roar|p1a: Skarmory
|-activate|p1a: Skarmory|Protect
|
|-weather|Sandstorm|[upkeep]
|-heal|p1a: Skarmory|56/100|[from] item: Leftovers
|upkeep
|turn|37
|
|t:|1727984231
|switch|p2a: Tyranitar|Tyranitar, F|38/100
|-damage|p2a: Tyranitar|13/100|[from] Spikes
|move|p1a: Skarmory|Roar|p2a: Tyranitar
|drag|p2a: Skarmory|Skarmory, M|100/100
|
|-weather|Sandstorm|[upkeep]
|-heal|p1a: Skarmory|62/100|[from] item: Leftovers
|upkeep
|turn|38
|c|☆cisconduct|ggs'
|c|☆ali.gnome|ggs
|c|☆cisconduct|how do i forfeit without exiting
|c|☆ali.gnome|uuh
|c|☆ali.gnome|not sure
|c|☆cisconduct|ok ill just exit 
|inactive|cisconduct has 270 seconds left.
|c|☆ali.gnome|i think you just click a box
|c|☆cisconduct|save the replay
|c|☆ali.gnome|and it stays
|c|☆ali.gnome|ok
|inactive|ali.gnome has 270 seconds left.
|-message|cisconduct forfeited.
|
|win|ali.gnome
|c|☆ali.gnome|yee

</script>
<script type="application/json" class="data" id="replaydata-smogtours-gen3ou-794329">
{"id":"smogtours-gen3ou-794329","format":"[Gen 3] OU","players":["ali.gnome","cisconduct"],"uploadtime":1727984278,"views":104,"formatid":"gen3ou","rating":null,"private":0,"password":null}
</script>

<script defer src="js/replays.js?9d40a366"></script>
