<!DOCTYPE html>
<meta charset="utf-8" />
<meta name="viewport" content="width=device-width" />

<title>[Gen 3] OU: Caloominum vs. Sificon~ - Replays - Pok&eacute;mon Showdown!</title>

<meta name="description" content="Watch a replay of a Pok&eacute;mon battle between Caloominum and Sificon~! Format: [Gen 3] OU; Date: Nov 17, 2024" />
<!--

Hey, you! Looking in the source for the replay log?

You can find them in JSON format, just add `.json` at the end of a replay URL.

https://replay.pokemonshowdown.com/gen7randomdoublesbattle-865046831.json

Or, if you only need the log itself, add `.log` instead:

https://replay.pokemonshowdown.com/gen7randomdoublesbattle-865046831.log

-->

<link rel="stylesheet" href="//pokemonshowdown.com/style/global.css?0.767286132409787" />
<link rel="stylesheet" href="//play.pokemonshowdown.com/style/font-awesome.css?0.9266228007934947" />
<link rel="stylesheet" href="//play.pokemonshowdown.com/style/battle.css?0.7924700842790926" />
<link rel="stylesheet" href="//play.pokemonshowdown.com/style/utilichart.css?0.8777417872839479" />

<!-- Global site tag (gtag.js) - Google Analytics -->
<script async src="https://www.googletagmanager.com/gtag/js?id=UA-26211653-1"></script>
<script>
  window.dataLayer = window.dataLayer || [];
  function gtag(){dataLayer.push(arguments);}
  gtag('js', new Date());

  gtag('config', 'UA-26211653-1');
</script>
<!-- End Google Analytics -->
<!-- Venatus Ad Manager - Install in <HEAD> of page -->
	<script src="https://hb.vntsm.com/v3/live/ad-manager.min.js" type="text/javascript" data-site-id="642aba63ec9a7b11c3c9c1be" data-mode="scan" async></script>
<!-- / Venatus Ad Manager -->

<style>
	@media (max-width:820px) {
		.battle {
			margin: 0 auto;
		}
		.battle-log {
			margin: 7px auto 0;
			max-width: 640px;
			height: 300px;
			position: static;
		}
	}
	.optgroup {
		display: inline-block;
		line-height: 22px;
		font-size: 10pt;
	}
	.optgroup .button {
		height: 25px;
		padding-top: 0;
		padding-bottom: 0;
	}
	.optgroup button.button {
		padding-left: 12px;
		padding-right: 12px;
	}
	.linklist {
		list-style: none;
		margin: 0.5em 0;
		padding: 0;
	}
	.linklist li {
		padding: 2px 0;
	}
	.sidebar {
		float: left;
		width: 320px;
	}
	.bar-wrapper {
		max-width: 1100px;
		margin: 0 auto;
	}
	.bar-wrapper.has-sidebar {
		max-width: 1430px;
	}
	.mainbar {
		margin: 0;
		padding-right: 1px;
	}
	.mainbar.has-sidebar {
		margin-left: 330px;
	}
	@media (min-width: 1511px) {
		.sidebar {
			width: 400px;
		}
		.bar-wrapper.has-sidebar {
			max-width: 1510px;
		}
		.mainbar.has-sidebar {
			margin-left: 410px;
		}
	}
	.section.first-section {
		margin-top: 9px;
	}
	.blocklink small {
		white-space: normal;
	}
	.button {
		vertical-align: middle;
	}
	.replay-controls {
		padding-top: 10px;
	}
	.replay-controls h1 {
		font-size: 16pt;
		font-weight: normal;
		color: #CCC;
	}
	.pagelink {
		text-align: center;
	}
	.pagelink a {
		width: 150px;
	}
	.textbox, .button {
		font-size: 11pt;
		vertical-align: middle;
	}
	@media (max-width: 450px) {
		.button {
			font-size: 9pt;
		}
	}
</style>

<div>

	<header>
		<div class="nav-wrapper"><ul class="nav">
			<li><a class="button nav-first" href="//pokemonshowdown.com/"><img src="//pokemonshowdown.com/images/pokemonshowdownbeta.png" srcset="//pokemonshowdown.com/images/pokemonshowdownbeta.png 1x, //pokemonshowdown.com/images/pokemonshowdownbeta@2x.png 2x" alt="Pok&eacute;mon Showdown" width="146" height="44" /> Home</a></li>
			<li><a class="button" href="//pokemonshowdown.com/dex/">Pok&eacute;dex</a></li>
			<li><a class="button cur" href="/">Replays</a></li>
			<li><a class="button" href="//pokemonshowdown.com/ladder/">Ladder</a></li>
			<li><a class="button nav-last" href="//pokemonshowdown.com/forums/">Forum</a></li>
			<li><a class="button greenbutton nav-first nav-last" href="//play.pokemonshowdown.com/">Play</a></li>
		</ul></div>
	</header>

	<div class="main" id="main">

		<noscript><section class="section">You need to enable JavaScript to use this page; sorry!</section></noscript>

	</div>

</div>

<script defer nomodule src="//play.pokemonshowdown.com/js/lib/ps-polyfill.js"></script>
<script defer src="//play.pokemonshowdown.com/js/lib/preact.min.js"></script>

<script defer src="//play.pokemonshowdown.com/config/config.js?6dec07f6"></script>
<script defer src="//play.pokemonshowdown.com/js/lib/jquery-1.11.0.min.js"></script>
<script defer src="//play.pokemonshowdown.com/js/lib/html-sanitizer-minified.js"></script>
<script defer src="//play.pokemonshowdown.com/js/battle-sound.js"></script>
<script defer src="//play.pokemonshowdown.com/js/battledata.js?0.6315294753075389"></script>
<script defer src="//play.pokemonshowdown.com/data/pokedex-mini.js?0.7603743185311358"></script>
<script defer src="//play.pokemonshowdown.com/data/pokedex-mini-bw.js?0.030888842834281283"></script>
<script defer src="//play.pokemonshowdown.com/data/graphics.js?0.05593094747507488"></script>
<script defer src="//play.pokemonshowdown.com/data/pokedex.js?0.47064822249611904"></script>
<script defer src="//play.pokemonshowdown.com/data/moves.js?0.8583693120512459"></script>
<script defer src="//play.pokemonshowdown.com/data/abilities.js?0.16017181182386842"></script>
<script defer src="//play.pokemonshowdown.com/data/items.js?0.4163379185673943"></script>
<script defer src="//play.pokemonshowdown.com/data/teambuilder-tables.js?0.31075597372830477"></script>
<script defer src="//play.pokemonshowdown.com/js/battle-tooltips.js?0.6536193500708172"></script>
<script defer src="//play.pokemonshowdown.com/js/battle.js?0.1916591943277901"></script>

<script defer src="js/utils.js?e31f9a17"></script>
<script defer src="js/replays-battle.js?7008c182"></script>

<!-- don't scrape this data! just add .json or .log after the URL!
Full API docs: https://github.com/smogon/pokemon-showdown-client/blob/master/WEB-API.md -->
<script type="text/plain" class="log" id="replaylog-smogtours-gen3ou-806945">
|inactive|Battle timer is ON: inactive players will automatically lose when time's up.
|t:|1731883019
|gametype|singles
|player|p1|Caloominum|#advpliii|
|player|p2|Sificon~|#sificon|
|teamsize|p1|6
|teamsize|p2|6
|gen|3
|tier|[Gen 3] OU
|rule|Sleep Clause Mod: Limit one foe put to sleep
|rule|Switch Priority Clause Mod: Faster Pokémon switch first
|rule|Species Clause: Limit one of each Pokémon
|rule|OHKO Clause: OHKO moves are banned
|rule|Evasion Items Clause: Evasion items are banned
|rule|Evasion Moves Clause: Evasion moves are banned
|rule|Endless Battle Clause: Forcing endless battles is banned
|rule|HP Percentage Mod: HP is shown in percentages
|rule|One Boost Passer Clause: Limit one Baton Passer that has a way to boost its stats
|rule|Freeze Clause Mod: Limit one foe frozen
|
|t:|1731883019
|start
|switch|p1a: Skarmory|Skarmory, M|100/100
|switch|p2a: Dugtrio|Dugtrio, F|100/100
|turn|1
|inactive|Sificon~ also wants the timer to be on.
|c|☆Caloominum|glhf
|c|☆Sificon~|u2
|
|t:|1731883032
|switch|p2a: Forretress|Forretress, F|100/100
|move|p1a: Skarmory|Spikes|p2a: Forretress
|-sidestart|p2: Sificon~|Spikes
|
|upkeep
|turn|2
|
|t:|1731883037
|move|p2a: Forretress|Spikes|p1a: Skarmory
|-sidestart|p1: Caloominum|Spikes
|move|p1a: Skarmory|Roar|p2a: Forretress
|drag|p2a: Dugtrio|Dugtrio, F|100/100
|-damage|p2a: Dugtrio|88/100|[from] Spikes
|
|upkeep
|turn|3
|
|t:|1731883044
|switch|p2a: Forretress|Forretress, F|100/100
|-damage|p2a: Forretress|88/100|[from] Spikes
|move|p1a: Skarmory|Roar|p2a: Forretress
|drag|p2a: Dugtrio|Dugtrio, F|88/100
|-damage|p2a: Dugtrio|76/100|[from] Spikes
|
|upkeep
|turn|4
|
|t:|1731883048
|switch|p2a: Forretress|Forretress, F|88/100
|-damage|p2a: Forretress|76/100|[from] Spikes
|move|p1a: Skarmory|Roar|p2a: Forretress
|drag|p2a: Dugtrio|Dugtrio, F|76/100
|-damage|p2a: Dugtrio|64/100|[from] Spikes
|
|upkeep
|turn|5
|c|☆Sificon~|can we stop that
|c|☆Sificon~|LOL
|
|t:|1731883057
|switch|p2a: Claydol|Claydol|100/100
|move|p1a: Skarmory|Roar|p2a: Claydol
|drag|p2a: Forretress|Forretress, F|76/100
|-damage|p2a: Forretress|63/100|[from] Spikes
|
|-heal|p2a: Forretress|69/100|[from] item: Leftovers
|upkeep
|turn|6
|
|t:|1731883061
|move|p1a: Skarmory|Drill Peck|p2a: Forretress
|-damage|p2a: Forretress|53/100
|move|p2a: Forretress|Rapid Spin|p1a: Skarmory
|-resisted|p1a: Skarmory
|-damage|p1a: Skarmory|99/100
|-sideend|p2: Sificon~|Spikes|[from] move: Rapid Spin|[of] p2a: Forretress
|
|-heal|p1a: Skarmory|100/100|[from] item: Leftovers
|-heal|p2a: Forretress|59/100|[from] item: Leftovers
|upkeep
|turn|7
|
|t:|1731883065
|move|p1a: Skarmory|Drill Peck|p2a: Forretress
|-damage|p2a: Forretress|43/100
|move|p2a: Forretress|Zap Cannon|p1a: Skarmory|[miss]
|-miss|p2a: Forretress|p1a: Skarmory
|
|-heal|p2a: Forretress|49/100|[from] item: Leftovers
|upkeep
|turn|8
|
|t:|1731883074
|switch|p1a: Swampert|Swampert, M|100/100
|-damage|p1a: Swampert|88/100|[from] Spikes
|move|p2a: Forretress|Zap Cannon|p1a: Swampert
|-immune|p1a: Swampert
|
|-heal|p1a: Swampert|94/100|[from] item: Leftovers
|-heal|p2a: Forretress|55/100|[from] item: Leftovers
|upkeep
|turn|9
|
|t:|1731883101
|move|p1a: Swampert|Hydro Pump|p2a: Forretress
|-crit|p2a: Forretress
|-damage|p2a: Forretress|0 fnt
|faint|p2a: Forretress
|
|t:|1731883109
|switch|p2a: Suicune|Suicune|100/100
|
|-heal|p1a: Swampert|100/100|[from] item: Leftovers
|upkeep
|turn|10
|
|t:|1731883113
|switch|p1a: Blissey|Blissey, F|100/100
|-damage|p1a: Blissey|88/100|[from] Spikes
|move|p2a: Suicune|Surf|p1a: Blissey
|-damage|p1a: Blissey|76/100
|
|-heal|p1a: Blissey|82/100|[from] item: Leftovers
|upkeep
|turn|11
|
|t:|1731883127
|move|p2a: Suicune|Calm Mind|p2a: Suicune
|-boost|p2a: Suicune|spa|1
|-boost|p2a: Suicune|spd|1
|move|p1a: Blissey|Toxic|p2a: Suicune
|-status|p2a: Suicune|tox
|
|-damage|p2a: Suicune|94/100 tox|[from] psn
|-heal|p1a: Blissey|88/100|[from] item: Leftovers
|upkeep
|turn|12
|
|t:|1731883133
|switch|p1a: Skarmory|Skarmory, M|100/100
|move|p2a: Suicune|Calm Mind|p2a: Suicune
|-boost|p2a: Suicune|spa|1
|-boost|p2a: Suicune|spd|1
|
|-heal|p2a: Suicune|100/100 tox|[from] item: Leftovers
|-damage|p2a: Suicune|88/100 tox|[from] psn
|upkeep
|turn|13
|
|t:|1731883136
|move|p1a: Skarmory|Protect|p1a: Skarmory
|-singleturn|p1a: Skarmory|Protect
|move|p2a: Suicune|Surf|p1a: Skarmory
|-activate|p1a: Skarmory|Protect
|
|-heal|p2a: Suicune|94/100 tox|[from] item: Leftovers
|-damage|p2a: Suicune|76/100 tox|[from] psn
|upkeep
|turn|14
|
|t:|1731883138
|switch|p1a: Blissey|Blissey, F|88/100
|-damage|p1a: Blissey|76/100|[from] Spikes
|move|p2a: Suicune|Surf|p1a: Blissey
|-damage|p1a: Blissey|51/100
|
|-heal|p2a: Suicune|82/100 tox|[from] item: Leftovers
|-damage|p2a: Suicune|57/100 tox|[from] psn
|-heal|p1a: Blissey|57/100|[from] item: Leftovers
|upkeep
|turn|15
|
|t:|1731883144
|switch|p1a: Skarmory|Skarmory, M|100/100
|move|p2a: Suicune|Rest|p2a: Suicune
|-status|p2a: Suicune|slp|[from] move: Rest
|-heal|p2a: Suicune|100/100 slp|[silent]
|
|upkeep
|turn|16
|
|t:|1731883147
|cant|p2a: Suicune|slp
|move|p1a: Skarmory|Spikes|p2a: Suicune
|-sidestart|p2: Sificon~|Spikes
|
|upkeep
|turn|17
|
|t:|1731883149
|cant|p2a: Suicune|slp
|move|p1a: Skarmory|Roar|p2a: Suicune
|drag|p2a: Claydol|Claydol|100/100
|
|upkeep
|turn|18
|
|t:|1731883152
|move|p2a: Claydol|Rapid Spin|p1a: Skarmory
|-resisted|p1a: Skarmory
|-damage|p1a: Skarmory|99/100
|-sideend|p2: Sificon~|Spikes|[from] move: Rapid Spin|[of] p2a: Claydol
|move|p1a: Skarmory|Drill Peck|p2a: Claydol
|-damage|p2a: Claydol|78/100
|
|-heal|p2a: Claydol|84/100|[from] item: Leftovers
|-heal|p1a: Skarmory|100/100|[from] item: Leftovers
|upkeep
|turn|19
|
|t:|1731883157
|move|p2a: Claydol|Psychic|p1a: Skarmory
|-resisted|p1a: Skarmory
|-damage|p1a: Skarmory|91/100
|move|p1a: Skarmory|Drill Peck|p2a: Claydol
|-damage|p2a: Claydol|62/100
|
|-heal|p2a: Claydol|68/100|[from] item: Leftovers
|-heal|p1a: Skarmory|97/100|[from] item: Leftovers
|upkeep
|turn|20
|
|t:|1731883161
|move|p2a: Claydol|Psychic|p1a: Skarmory
|-resisted|p1a: Skarmory
|-damage|p1a: Skarmory|87/100
|move|p1a: Skarmory|Spikes|p2a: Claydol
|-sidestart|p2: Sificon~|Spikes
|
|-heal|p2a: Claydol|74/100|[from] item: Leftovers
|-heal|p1a: Skarmory|93/100|[from] item: Leftovers
|upkeep
|turn|21
|
|t:|1731883164
|move|p2a: Claydol|Rapid Spin|p1a: Skarmory
|-resisted|p1a: Skarmory
|-damage|p1a: Skarmory|91/100
|-sideend|p2: Sificon~|Spikes|[from] move: Rapid Spin|[of] p2a: Claydol
|move|p1a: Skarmory|Drill Peck|p2a: Claydol
|-damage|p2a: Claydol|50/100
|
|-heal|p2a: Claydol|57/100|[from] item: Leftovers
|-heal|p1a: Skarmory|97/100|[from] item: Leftovers
|upkeep
|turn|22
|
|t:|1731883168
|switch|p2a: Suicune|Suicune|100/100 slp
|move|p1a: Skarmory|Drill Peck|p2a: Suicune
|-damage|p2a: Suicune|87/100 slp
|
|-heal|p2a: Suicune|93/100 slp|[from] item: Leftovers
|-heal|p1a: Skarmory|100/100|[from] item: Leftovers
|upkeep
|turn|23
|
|t:|1731883170
|-curestatus|p2a: Suicune|slp|[msg]
|move|p2a: Suicune|Surf|p1a: Skarmory
|-crit|p1a: Skarmory
|-damage|p1a: Skarmory|49/100
|move|p1a: Skarmory|Spikes|p2a: Suicune
|-sidestart|p2: Sificon~|Spikes
|
|-heal|p2a: Suicune|99/100|[from] item: Leftovers
|-heal|p1a: Skarmory|55/100|[from] item: Leftovers
|upkeep
|turn|24
|
|t:|1731883174
|move|p2a: Suicune|Calm Mind|p2a: Suicune
|-boost|p2a: Suicune|spa|1
|-boost|p2a: Suicune|spd|1
|move|p1a: Skarmory|Roar|p2a: Suicune
|drag|p2a: Dugtrio|Dugtrio, F|64/100
|-damage|p2a: Dugtrio|51/100|[from] Spikes
|
|-heal|p1a: Skarmory|61/100|[from] item: Leftovers
|upkeep
|turn|25
|
|t:|1731883178
|switch|p2a: Suicune|Suicune|99/100
|-damage|p2a: Suicune|87/100|[from] Spikes
|move|p1a: Skarmory|Drill Peck|p2a: Suicune
|-damage|p2a: Suicune|73/100
|
|-heal|p2a: Suicune|80/100|[from] item: Leftovers
|-heal|p1a: Skarmory|67/100|[from] item: Leftovers
|upkeep
|turn|26
|
|t:|1731883181
|move|p2a: Suicune|Calm Mind|p2a: Suicune
|-boost|p2a: Suicune|spa|1
|-boost|p2a: Suicune|spd|1
|move|p1a: Skarmory|Roar|p2a: Suicune
|drag|p2a: Claydol|Claydol|57/100
|
|-heal|p2a: Claydol|63/100|[from] item: Leftovers
|-heal|p1a: Skarmory|73/100|[from] item: Leftovers
|upkeep
|turn|27
|
|t:|1731883183
|move|p2a: Claydol|Rapid Spin|p1a: Skarmory
|-resisted|p1a: Skarmory
|-damage|p1a: Skarmory|71/100
|-sideend|p2: Sificon~|Spikes|[from] move: Rapid Spin|[of] p2a: Claydol
|move|p1a: Skarmory|Drill Peck|p2a: Claydol
|-damage|p2a: Claydol|40/100
|
|-heal|p2a: Claydol|46/100|[from] item: Leftovers
|-heal|p1a: Skarmory|77/100|[from] item: Leftovers
|upkeep
|turn|28
|
|t:|1731883187
|switch|p2a: Suicune|Suicune|80/100
|move|p1a: Skarmory|Spikes|p2a: Suicune
|-sidestart|p2: Sificon~|Spikes
|
|-heal|p2a: Suicune|86/100|[from] item: Leftovers
|-heal|p1a: Skarmory|83/100|[from] item: Leftovers
|upkeep
|turn|29
|
|t:|1731883189
|move|p2a: Suicune|Surf|p1a: Skarmory
|-damage|p1a: Skarmory|53/100
|move|p1a: Skarmory|Roar|p2a: Suicune
|drag|p2a: Snorlax|Snorlax, M|100/100
|-damage|p2a: Snorlax|88/100|[from] Spikes
|
|-heal|p1a: Skarmory|59/100|[from] item: Leftovers
|-heal|p2a: Snorlax|94/100|[from] item: Leftovers
|upkeep
|turn|30
|
|t:|1731883199
|switch|p2a: Claydol|Claydol|46/100
|move|p1a: Skarmory|Protect||[still]
|-fail|p1a: Skarmory
|
|-heal|p2a: Claydol|52/100|[from] item: Leftovers
|-heal|p1a: Skarmory|65/100|[from] item: Leftovers
|upkeep
|turn|31
|
|t:|1731883201
|move|p2a: Claydol|Rapid Spin|p1a: Skarmory
|-resisted|p1a: Skarmory
|-damage|p1a: Skarmory|64/100
|-sideend|p2: Sificon~|Spikes|[from] move: Rapid Spin|[of] p2a: Claydol
|move|p1a: Skarmory|Drill Peck|p2a: Claydol
|-damage|p2a: Claydol|30/100
|
|-heal|p2a: Claydol|37/100|[from] item: Leftovers
|-heal|p1a: Skarmory|70/100|[from] item: Leftovers
|upkeep
|turn|32
|
|t:|1731883208
|switch|p2a: Suicune|Suicune|86/100
|move|p1a: Skarmory|Spikes|p2a: Suicune
|-sidestart|p2: Sificon~|Spikes
|
|-heal|p2a: Suicune|92/100|[from] item: Leftovers
|-heal|p1a: Skarmory|76/100|[from] item: Leftovers
|upkeep
|turn|33
|
|t:|1731883212
|switch|p1a: Blissey|Blissey, F|57/100
|-damage|p1a: Blissey|44/100|[from] Spikes
|move|p2a: Suicune|Surf|p1a: Blissey
|-damage|p1a: Blissey|32/100
|
|-heal|p2a: Suicune|98/100|[from] item: Leftovers
|-heal|p1a: Blissey|38/100|[from] item: Leftovers
|upkeep
|turn|34
|
|t:|1731883219
|switch|p2a: Dugtrio|Dugtrio, F|51/100
|-damage|p2a: Dugtrio|39/100|[from] Spikes
|move|p1a: Blissey|Soft-Boiled|p1a: Blissey
|-heal|p1a: Blissey|88/100
|
|-heal|p1a: Blissey|95/100|[from] item: Leftovers
|upkeep
|turn|35
|
|t:|1731883221
|move|p2a: Dugtrio|Earthquake|p1a: Blissey
|-damage|p1a: Blissey|32/100
|move|p1a: Blissey|Ice Beam|p2a: Dugtrio
|-supereffective|p2a: Dugtrio
|-damage|p2a: Dugtrio|0 fnt
|faint|p2a: Dugtrio
|
|t:|1731883224
|switch|p2a: Claydol|Claydol|37/100
|
|-heal|p2a: Claydol|43/100|[from] item: Leftovers
|-heal|p1a: Blissey|38/100|[from] item: Leftovers
|upkeep
|turn|36
|
|t:|1731883230
|switch|p1a: Skarmory|Skarmory, M|76/100
|move|p2a: Claydol|Rapid Spin|p1a: Skarmory
|-resisted|p1a: Skarmory
|-damage|p1a: Skarmory|74/100
|-sideend|p2: Sificon~|Spikes|[from] move: Rapid Spin|[of] p2a: Claydol
|
|-heal|p2a: Claydol|49/100|[from] item: Leftovers
|-heal|p1a: Skarmory|80/100|[from] item: Leftovers
|upkeep
|turn|37
|
|t:|1731883240
|switch|p2a: Suicune|Suicune|98/100
|move|p1a: Skarmory|Drill Peck|p2a: Suicune
|-damage|p2a: Suicune|85/100
|
|-heal|p2a: Suicune|91/100|[from] item: Leftovers
|-heal|p1a: Skarmory|86/100|[from] item: Leftovers
|upkeep
|turn|38
|
|t:|1731883242
|move|p2a: Suicune|Surf|p1a: Skarmory
|-damage|p1a: Skarmory|58/100
|move|p1a: Skarmory|Spikes|p2a: Suicune
|-sidestart|p2: Sificon~|Spikes
|
|-heal|p2a: Suicune|97/100|[from] item: Leftovers
|-heal|p1a: Skarmory|64/100|[from] item: Leftovers
|upkeep
|turn|39
|
|t:|1731883245
|move|p2a: Suicune|Surf|p1a: Skarmory
|-damage|p1a: Skarmory|35/100
|move|p1a: Skarmory|Roar|p2a: Suicune
|drag|p2a: Snorlax|Snorlax, M|94/100
|-damage|p2a: Snorlax|82/100|[from] Spikes
|
|-heal|p1a: Skarmory|41/100|[from] item: Leftovers
|-heal|p2a: Snorlax|88/100|[from] item: Leftovers
|upkeep
|turn|40
|
|t:|1731883248
|switch|p1a: Tyranitar|Tyranitar, M|100/100
|-damage|p1a: Tyranitar|88/100|[from] Spikes
|-weather|Sandstorm|[from] ability: Sand Stream|[of] p1a: Tyranitar
|switch|p2a: Suicune|Suicune|97/100
|-damage|p2a: Suicune|85/100|[from] Spikes
|
|-weather|Sandstorm|[upkeep]
|-damage|p2a: Suicune|79/100|[from] Sandstorm
|-heal|p2a: Suicune|85/100|[from] item: Leftovers
|-heal|p1a: Tyranitar|94/100|[from] item: Leftovers
|upkeep
|turn|41
|
|t:|1731883253
|switch|p1a: Salamence|Salamence, M|100/100
|-ability|p1a: Salamence|Intimidate|boost
|-unboost|p2a: Suicune|atk|1
|move|p2a: Suicune|Surf|p1a: Salamence
|-resisted|p1a: Salamence
|-damage|p1a: Salamence|81/100
|
|-weather|Sandstorm|[upkeep]
|-damage|p1a: Salamence|75/100|[from] Sandstorm
|-damage|p2a: Suicune|79/100|[from] Sandstorm
|-heal|p1a: Salamence|81/100|[from] item: Leftovers
|-heal|p2a: Suicune|85/100|[from] item: Leftovers
|upkeep
|turn|42
|
|t:|1731883263
|switch|p2a: Blissey|Blissey, F|100/100
|-damage|p2a: Blissey|88/100|[from] Spikes
|move|p1a: Salamence|Hidden Power|p2a: Blissey
|-damage|p2a: Blissey|79/100
|
|-weather|Sandstorm|[upkeep]
|-damage|p1a: Salamence|75/100|[from] Sandstorm
|-damage|p2a: Blissey|72/100|[from] Sandstorm
|-heal|p1a: Salamence|81/100|[from] item: Leftovers
|-heal|p2a: Blissey|79/100|[from] item: Leftovers
|upkeep
|turn|43
|
|t:|1731883272
|switch|p1a: Tyranitar|Tyranitar, M|94/100
|-damage|p1a: Tyranitar|82/100|[from] Spikes
|move|p2a: Blissey|Thunder Wave|p1a: Tyranitar
|-status|p1a: Tyranitar|par
|
|-weather|Sandstorm|[upkeep]
|-damage|p2a: Blissey|72/100|[from] Sandstorm
|-heal|p2a: Blissey|79/100|[from] item: Leftovers
|-heal|p1a: Tyranitar|88/100 par|[from] item: Leftovers
|upkeep
|turn|44
|
|t:|1731883276
|-singleturn|p1a: Tyranitar|move: Focus Punch
|switch|p2a: Claydol|Claydol|49/100
|cant|p1a: Tyranitar|par
|
|-weather|Sandstorm|[upkeep]
|-heal|p2a: Claydol|55/100|[from] item: Leftovers
|-heal|p1a: Tyranitar|94/100 par|[from] item: Leftovers
|upkeep
|turn|45
|
|t:|1731883281
|move|p2a: Claydol|Rapid Spin|p1a: Tyranitar
|-resisted|p1a: Tyranitar
|-damage|p1a: Tyranitar|92/100 par
|-sideend|p2: Sificon~|Spikes|[from] move: Rapid Spin|[of] p2a: Claydol
|move|p1a: Tyranitar|Hidden Power|p2a: Claydol
|-supereffective|p2a: Claydol
|-damage|p2a: Claydol|0 fnt
|faint|p2a: Claydol
|
|t:|1731883293
|switch|p2a: Suicune|Suicune|85/100
|
|-weather|Sandstorm|[upkeep]
|-damage|p2a: Suicune|79/100|[from] Sandstorm
|-heal|p2a: Suicune|85/100|[from] item: Leftovers
|-heal|p1a: Tyranitar|99/100 par|[from] item: Leftovers
|upkeep
|turn|46
|
|t:|1731883307
|switch|p1a: Swampert|Swampert, M|100/100
|-damage|p1a: Swampert|88/100|[from] Spikes
|move|p2a: Suicune|Surf|p1a: Swampert
|-damage|p1a: Swampert|58/100
|
|-weather|Sandstorm|[upkeep]
|-damage|p2a: Suicune|79/100|[from] Sandstorm
|-heal|p2a: Suicune|85/100|[from] item: Leftovers
|-heal|p1a: Swampert|64/100|[from] item: Leftovers
|upkeep
|turn|47
|
|t:|1731883310
|move|p2a: Suicune|Calm Mind|p2a: Suicune
|-boost|p2a: Suicune|spa|1
|-boost|p2a: Suicune|spd|1
|move|p1a: Swampert|Earthquake|p2a: Suicune
|-damage|p2a: Suicune|65/100
|
|-weather|Sandstorm|[upkeep]
|-damage|p2a: Suicune|59/100|[from] Sandstorm
|-heal|p2a: Suicune|65/100|[from] item: Leftovers
|-heal|p1a: Swampert|70/100|[from] item: Leftovers
|upkeep
|turn|48
|
|t:|1731883312
|move|p2a: Suicune|Surf|p1a: Swampert
|-damage|p1a: Swampert|28/100
|move|p1a: Swampert|Earthquake|p2a: Suicune
|-damage|p2a: Suicune|44/100
|
|-weather|Sandstorm|[upkeep]
|-damage|p2a: Suicune|38/100|[from] Sandstorm
|-heal|p2a: Suicune|44/100|[from] item: Leftovers
|-heal|p1a: Swampert|34/100|[from] item: Leftovers
|upkeep
|turn|49
|
|t:|1731883318
|move|p2a: Suicune|Surf|p1a: Swampert
|-damage|p1a: Swampert|0 fnt
|faint|p1a: Swampert
|
|t:|1731883325
|switch|p1a: Aerodactyl|Aerodactyl, F|100/100
|
|-weather|Sandstorm|[upkeep]
|-damage|p2a: Suicune|38/100|[from] Sandstorm
|-heal|p2a: Suicune|44/100|[from] item: Leftovers
|upkeep
|turn|50
|
|t:|1731883329
|move|p1a: Aerodactyl|Double-Edge|p2a: Suicune
|-damage|p2a: Suicune|15/100
|move|p2a: Suicune|Surf|p1a: Aerodactyl
|-supereffective|p1a: Aerodactyl
|-damage|p1a: Aerodactyl|0 fnt
|faint|p1a: Aerodactyl
|
|t:|1731883334
|switch|p1a: Salamence|Salamence, M|81/100
|-ability|p1a: Salamence|Intimidate|boost
|-unboost|p2a: Suicune|atk|1
|
|-weather|Sandstorm|[upkeep]
|-damage|p1a: Salamence|75/100|[from] Sandstorm
|-damage|p2a: Suicune|9/100|[from] Sandstorm
|-heal|p1a: Salamence|81/100|[from] item: Leftovers
|-heal|p2a: Suicune|15/100|[from] item: Leftovers
|upkeep
|turn|51
|
|t:|1731883352
|switch|p2a: Blissey|Blissey, F|79/100
|move|p1a: Salamence|Brick Break|p2a: Blissey
|-supereffective|p2a: Blissey
|-damage|p2a: Blissey|28/100
|
|-weather|Sandstorm|[upkeep]
|-damage|p1a: Salamence|75/100|[from] Sandstorm
|-damage|p2a: Blissey|22/100|[from] Sandstorm
|-heal|p1a: Salamence|81/100|[from] item: Leftovers
|-heal|p2a: Blissey|28/100|[from] item: Leftovers
|upkeep
|turn|52
|
|t:|1731883356
|move|p1a: Salamence|Brick Break|p2a: Blissey
|-supereffective|p2a: Blissey
|-damage|p2a: Blissey|0 fnt
|faint|p2a: Blissey
|
|t:|1731883357
|switch|p2a: Snorlax|Snorlax, M|88/100
|
|-weather|Sandstorm|[upkeep]
|-damage|p1a: Salamence|75/100|[from] Sandstorm
|-damage|p2a: Snorlax|82/100|[from] Sandstorm
|-heal|p1a: Salamence|81/100|[from] item: Leftovers
|-heal|p2a: Snorlax|88/100|[from] item: Leftovers
|upkeep
|turn|53
|
|t:|1731883359
|switch|p1a: Skarmory|Skarmory, M|41/100
|move|p2a: Snorlax|Curse|p2a: Snorlax
|-unboost|p2a: Snorlax|spe|1
|-boost|p2a: Snorlax|atk|1
|-boost|p2a: Snorlax|def|1
|
|-weather|Sandstorm|[upkeep]
|-damage|p2a: Snorlax|82/100|[from] Sandstorm
|-heal|p1a: Skarmory|47/100|[from] item: Leftovers
|-heal|p2a: Snorlax|88/100|[from] item: Leftovers
|upkeep
|turn|54
|
|t:|1731883368
|move|p1a: Skarmory|Drill Peck|p2a: Snorlax
|-damage|p2a: Snorlax|76/100
|move|p2a: Snorlax|Return|p1a: Skarmory
|-resisted|p1a: Skarmory
|-damage|p1a: Skarmory|24/100
|
|-weather|Sandstorm|[upkeep]
|-damage|p2a: Snorlax|70/100|[from] Sandstorm
|-heal|p1a: Skarmory|30/100|[from] item: Leftovers
|-heal|p2a: Snorlax|76/100|[from] item: Leftovers
|upkeep
|turn|55
|
|t:|1731883371
|move|p1a: Skarmory|Spikes|p2a: Snorlax
|-sidestart|p2: Sificon~|Spikes
|move|p2a: Snorlax|Curse|p2a: Snorlax
|-unboost|p2a: Snorlax|spe|1
|-boost|p2a: Snorlax|atk|1
|-boost|p2a: Snorlax|def|1
|
|-weather|Sandstorm|[upkeep]
|-damage|p2a: Snorlax|70/100|[from] Sandstorm
|-heal|p1a: Skarmory|36/100|[from] item: Leftovers
|-heal|p2a: Snorlax|76/100|[from] item: Leftovers
|upkeep
|turn|56
|
|t:|1731883374
|move|p1a: Skarmory|Protect|p1a: Skarmory
|-singleturn|p1a: Skarmory|Protect
|move|p2a: Snorlax|Return|p1a: Skarmory
|-activate|p1a: Skarmory|Protect
|
|-weather|Sandstorm|[upkeep]
|-damage|p2a: Snorlax|70/100|[from] Sandstorm
|-heal|p1a: Skarmory|42/100|[from] item: Leftovers
|-heal|p2a: Snorlax|76/100|[from] item: Leftovers
|upkeep
|turn|57
|
|t:|1731883387
|switch|p1a: Salamence|Salamence, M|81/100
|-ability|p1a: Salamence|Intimidate|boost
|-unboost|p2a: Snorlax|atk|1
|move|p2a: Snorlax|Return|p1a: Salamence
|-damage|p1a: Salamence|0 fnt
|faint|p1a: Salamence
|
|t:|1731883390
|switch|p1a: Tyranitar|Tyranitar, M|99/100 par
|-damage|p1a: Tyranitar|86/100 par|[from] Spikes
|
|-weather|Sandstorm|[upkeep]
|-damage|p2a: Snorlax|70/100|[from] Sandstorm
|-heal|p2a: Snorlax|76/100|[from] item: Leftovers
|-heal|p1a: Tyranitar|92/100 par|[from] item: Leftovers
|upkeep
|turn|58
|
|t:|1731883399
|move|p2a: Snorlax|Return|p1a: Tyranitar
|-resisted|p1a: Tyranitar
|-damage|p1a: Tyranitar|67/100 par
|move|p1a: Tyranitar|Rock Slide|p2a: Snorlax
|-damage|p2a: Snorlax|58/100
|
|-weather|Sandstorm|[upkeep]
|-damage|p2a: Snorlax|52/100|[from] Sandstorm
|-heal|p2a: Snorlax|58/100|[from] item: Leftovers
|-heal|p1a: Tyranitar|74/100 par|[from] item: Leftovers
|upkeep
|turn|59
|
|t:|1731883405
|move|p2a: Snorlax|Return|p1a: Tyranitar
|-resisted|p1a: Tyranitar
|-damage|p1a: Tyranitar|47/100 par
|move|p1a: Tyranitar|Rock Slide|p2a: Snorlax
|-damage|p2a: Snorlax|40/100
|
|-weather|Sandstorm|[upkeep]
|-damage|p2a: Snorlax|33/100|[from] Sandstorm
|-heal|p2a: Snorlax|40/100|[from] item: Leftovers
|-heal|p1a: Tyranitar|54/100 par|[from] item: Leftovers
|upkeep
|turn|60
|
|t:|1731883411
|move|p2a: Snorlax|Return|p1a: Tyranitar
|-resisted|p1a: Tyranitar
|-damage|p1a: Tyranitar|28/100 par
|cant|p1a: Tyranitar|par
|
|-weather|Sandstorm|[upkeep]
|-damage|p2a: Snorlax|33/100|[from] Sandstorm
|-heal|p2a: Snorlax|40/100|[from] item: Leftovers
|-heal|p1a: Tyranitar|34/100 par|[from] item: Leftovers
|upkeep
|turn|61
|
|t:|1731883415
|move|p2a: Snorlax|Return|p1a: Tyranitar
|-resisted|p1a: Tyranitar
|-damage|p1a: Tyranitar|8/100 par
|move|p1a: Tyranitar|Rock Slide|p2a: Snorlax
|-damage|p2a: Snorlax|23/100
|
|-weather|Sandstorm|[upkeep]
|-damage|p2a: Snorlax|17/100|[from] Sandstorm
|-heal|p2a: Snorlax|23/100|[from] item: Leftovers
|-heal|p1a: Tyranitar|14/100 par|[from] item: Leftovers
|upkeep
|turn|62
|
|t:|1731883421
|move|p2a: Snorlax|Return|p1a: Tyranitar
|-resisted|p1a: Tyranitar
|-damage|p1a: Tyranitar|0 fnt
|faint|p1a: Tyranitar
|
|t:|1731883423
|switch|p1a: Skarmory|Skarmory, M|42/100
|
|-weather|Sandstorm|[upkeep]
|-damage|p2a: Snorlax|17/100|[from] Sandstorm
|-heal|p1a: Skarmory|48/100|[from] item: Leftovers
|-heal|p2a: Snorlax|23/100|[from] item: Leftovers
|upkeep
|turn|63
|
|t:|1731883426
|move|p1a: Skarmory|Drill Peck|p2a: Snorlax
|-damage|p2a: Snorlax|14/100
|move|p2a: Snorlax|Rest|p2a: Snorlax
|-status|p2a: Snorlax|slp|[from] move: Rest
|-heal|p2a: Snorlax|100/100 slp|[silent]
|
|-weather|Sandstorm|[upkeep]
|-damage|p2a: Snorlax|94/100 slp|[from] Sandstorm
|-heal|p1a: Skarmory|53/100|[from] item: Leftovers
|-heal|p2a: Snorlax|100/100 slp|[from] item: Leftovers
|upkeep
|turn|64
|
|t:|1731883433
|move|p1a: Skarmory|Spikes|p2a: Snorlax
|-sidestart|p2: Sificon~|Spikes
|cant|p2a: Snorlax|slp
|
|-weather|Sandstorm|[upkeep]
|-damage|p2a: Snorlax|94/100 slp|[from] Sandstorm
|-heal|p1a: Skarmory|59/100|[from] item: Leftovers
|-heal|p2a: Snorlax|100/100 slp|[from] item: Leftovers
|upkeep
|turn|65
|c|☆Caloominum|hmm
|
|t:|1731883452
|move|p1a: Skarmory|Spikes|p2a: Snorlax
|-sidestart|p2: Sificon~|Spikes
|cant|p2a: Snorlax|slp
|
|-weather|Sandstorm|[upkeep]
|-damage|p2a: Snorlax|94/100 slp|[from] Sandstorm
|-heal|p1a: Skarmory|65/100|[from] item: Leftovers
|-heal|p2a: Snorlax|100/100 slp|[from] item: Leftovers
|upkeep
|turn|66
|c|☆Caloominum|I might have thrown 
|c|☆Caloominum|just a little 
|
|t:|1731883462
|move|p1a: Skarmory|Protect|p1a: Skarmory
|-singleturn|p1a: Skarmory|Protect
|-curestatus|p2a: Snorlax|slp|[msg]
|move|p2a: Snorlax|Curse|p2a: Snorlax
|-unboost|p2a: Snorlax|spe|1
|-boost|p2a: Snorlax|atk|1
|-boost|p2a: Snorlax|def|1
|
|-weather|Sandstorm|[upkeep]
|-damage|p2a: Snorlax|94/100|[from] Sandstorm
|-heal|p1a: Skarmory|71/100|[from] item: Leftovers
|-heal|p2a: Snorlax|100/100|[from] item: Leftovers
|upkeep
|turn|67
|
|t:|1731883473
|move|p2a: Snorlax|Curse|p2a: Snorlax
|-unboost|p2a: Snorlax|spe|1
|-boost|p2a: Snorlax|atk|1
|-boost|p2a: Snorlax|def|1
|move|p1a: Skarmory|Roar|p2a: Snorlax
|drag|p2a: Suicune|Suicune|15/100
|-damage|p2a: Suicune|0 fnt|[from] Spikes
|faint|p2a: Suicune
|
|t:|1731883475
|switch|p2a: Snorlax|Snorlax, M|100/100
|-damage|p2a: Snorlax|76/100|[from] Spikes
|
|-weather|Sandstorm|[upkeep]
|-damage|p2a: Snorlax|69/100|[from] Sandstorm
|-heal|p1a: Skarmory|77/100|[from] item: Leftovers
|-heal|p2a: Snorlax|76/100|[from] item: Leftovers
|upkeep
|turn|68
|
|t:|1731883478
|switch|p1a: Blissey|Blissey, F|38/100
|-damage|p1a: Blissey|26/100|[from] Spikes
|move|p2a: Snorlax|Curse|p2a: Snorlax
|-unboost|p2a: Snorlax|spe|1
|-boost|p2a: Snorlax|atk|1
|-boost|p2a: Snorlax|def|1
|
|-weather|Sandstorm|[upkeep]
|-damage|p1a: Blissey|20/100|[from] Sandstorm
|-damage|p2a: Snorlax|69/100|[from] Sandstorm
|-heal|p1a: Blissey|26/100|[from] item: Leftovers
|-heal|p2a: Snorlax|76/100|[from] item: Leftovers
|upkeep
|turn|69
|
|t:|1731883480
|move|p1a: Blissey|Ice Beam|p2a: Snorlax
|-damage|p2a: Snorlax|62/100
|move|p2a: Snorlax|Return|p1a: Blissey
|-damage|p1a: Blissey|0 fnt
|faint|p1a: Blissey
|
|t:|1731883484
|switch|p1a: Skarmory|Skarmory, M|77/100
|
|-weather|Sandstorm|[upkeep]
|-damage|p2a: Snorlax|56/100|[from] Sandstorm
|-heal|p1a: Skarmory|83/100|[from] item: Leftovers
|-heal|p2a: Snorlax|62/100|[from] item: Leftovers
|upkeep
|turn|70
|
|t:|1731883487
|move|p1a: Skarmory|Drill Peck|p2a: Snorlax
|-damage|p2a: Snorlax|49/100
|move|p2a: Snorlax|Curse|p2a: Snorlax
|-unboost|p2a: Snorlax|spe|1
|-boost|p2a: Snorlax|atk|1
|-boost|p2a: Snorlax|def|1
|
|-weather|Sandstorm|[upkeep]
|-damage|p2a: Snorlax|42/100|[from] Sandstorm
|-heal|p1a: Skarmory|89/100|[from] item: Leftovers
|-heal|p2a: Snorlax|49/100|[from] item: Leftovers
|upkeep
|turn|71
|
|t:|1731883501
|move|p1a: Skarmory|Drill Peck|p2a: Snorlax
|-damage|p2a: Snorlax|39/100
|move|p2a: Snorlax|Rest|p2a: Snorlax
|-status|p2a: Snorlax|slp|[from] move: Rest
|-heal|p2a: Snorlax|100/100 slp|[silent]
|
|-weather|Sandstorm|[upkeep]
|-damage|p2a: Snorlax|94/100 slp|[from] Sandstorm
|-heal|p1a: Skarmory|95/100|[from] item: Leftovers
|-heal|p2a: Snorlax|100/100 slp|[from] item: Leftovers
|upkeep
|turn|72
|
|t:|1731883505
|move|p1a: Skarmory|Drill Peck|p2a: Snorlax
|-damage|p2a: Snorlax|91/100 slp
|cant|p2a: Snorlax|slp
|
|-weather|Sandstorm|[upkeep]
|-damage|p2a: Snorlax|85/100 slp|[from] Sandstorm
|-heal|p1a: Skarmory|100/100|[from] item: Leftovers
|-heal|p2a: Snorlax|91/100 slp|[from] item: Leftovers
|upkeep
|turn|73
|
|t:|1731883507
|move|p1a: Skarmory|Drill Peck|p2a: Snorlax
|-damage|p2a: Snorlax|82/100 slp
|cant|p2a: Snorlax|slp
|
|-weather|Sandstorm|[upkeep]
|-damage|p2a: Snorlax|76/100 slp|[from] Sandstorm
|-heal|p2a: Snorlax|82/100 slp|[from] item: Leftovers
|upkeep
|turn|74
|
|t:|1731883509
|move|p1a: Skarmory|Drill Peck|p2a: Snorlax
|-crit|p2a: Snorlax
|-damage|p2a: Snorlax|41/100 slp
|-curestatus|p2a: Snorlax|slp|[msg]
|move|p2a: Snorlax|Curse|p2a: Snorlax
|-unboost|p2a: Snorlax|spe|1
|-boost|p2a: Snorlax|atk|1
|-boost|p2a: Snorlax|def|1
|
|-weather|Sandstorm|[upkeep]
|-damage|p2a: Snorlax|35/100|[from] Sandstorm
|-heal|p2a: Snorlax|41/100|[from] item: Leftovers
|upkeep
|turn|75
|
|t:|1731883518
|move|p1a: Skarmory|Drill Peck|p2a: Snorlax
|-damage|p2a: Snorlax|34/100
|move|p2a: Snorlax|Rest|p2a: Snorlax
|-status|p2a: Snorlax|slp|[from] move: Rest
|-heal|p2a: Snorlax|100/100 slp|[silent]
|
|-weather|Sandstorm|[upkeep]
|-damage|p2a: Snorlax|94/100 slp|[from] Sandstorm
|-heal|p2a: Snorlax|100/100 slp|[from] item: Leftovers
|upkeep
|turn|76
|
|t:|1731883521
|move|p1a: Skarmory|Drill Peck|p2a: Snorlax
|-damage|p2a: Snorlax|92/100 slp
|cant|p2a: Snorlax|slp
|
|-weather|Sandstorm|[upkeep]
|-damage|p2a: Snorlax|86/100 slp|[from] Sandstorm
|-heal|p2a: Snorlax|92/100 slp|[from] item: Leftovers
|upkeep
|turn|77
|
|t:|1731883524
|move|p1a: Skarmory|Drill Peck|p2a: Snorlax
|-damage|p2a: Snorlax|84/100 slp
|cant|p2a: Snorlax|slp
|
|-weather|Sandstorm|[upkeep]
|-damage|p2a: Snorlax|78/100 slp|[from] Sandstorm
|-heal|p2a: Snorlax|84/100 slp|[from] item: Leftovers
|upkeep
|turn|78
|
|t:|1731883527
|move|p1a: Skarmory|Drill Peck|p2a: Snorlax
|-damage|p2a: Snorlax|76/100 slp
|-curestatus|p2a: Snorlax|slp|[msg]
|move|p2a: Snorlax|Curse|p2a: Snorlax
|-unboost|p2a: Snorlax|spe|1
|-boost|p2a: Snorlax|atk|1
|-boost|p2a: Snorlax|def|1
|
|-weather|Sandstorm|[upkeep]
|-damage|p2a: Snorlax|70/100|[from] Sandstorm
|-heal|p2a: Snorlax|76/100|[from] item: Leftovers
|upkeep
|turn|79
|
|t:|1731883529
|move|p1a: Skarmory|Drill Peck|p2a: Snorlax
|-damage|p2a: Snorlax|70/100
|move|p2a: Snorlax|Curse|p2a: Snorlax
|-unboost|p2a: Snorlax|spe|1
|-boost|p2a: Snorlax|atk|1
|-boost|p2a: Snorlax|def|1
|
|-weather|Sandstorm|[upkeep]
|-damage|p2a: Snorlax|64/100|[from] Sandstorm
|-heal|p2a: Snorlax|70/100|[from] item: Leftovers
|upkeep
|turn|80
|
|t:|1731883533
|move|p1a: Skarmory|Drill Peck|p2a: Snorlax
|-damage|p2a: Snorlax|64/100
|move|p2a: Snorlax|Curse|p2a: Snorlax
|-unboost|p2a: Snorlax|spe|1
|-boost|p2a: Snorlax|atk|1
|-boost|p2a: Snorlax|def|1
|
|-weather|Sandstorm|[upkeep]
|-damage|p2a: Snorlax|58/100|[from] Sandstorm
|-heal|p2a: Snorlax|64/100|[from] item: Leftovers
|upkeep
|turn|81
|
|t:|1731883539
|move|p1a: Skarmory|Protect|p1a: Skarmory
|-singleturn|p1a: Skarmory|Protect
|move|p2a: Snorlax|Return|p1a: Skarmory
|-activate|p1a: Skarmory|Protect
|
|-weather|Sandstorm|[upkeep]
|-damage|p2a: Snorlax|58/100|[from] Sandstorm
|-heal|p2a: Snorlax|64/100|[from] item: Leftovers
|upkeep
|turn|82
|
|t:|1731883543
|move|p1a: Skarmory|Drill Peck|p2a: Snorlax
|-damage|p2a: Snorlax|59/100
|move|p2a: Snorlax|Return|p1a: Skarmory
|-resisted|p1a: Skarmory
|-damage|p1a: Skarmory|36/100
|
|-weather|Sandstorm|[upkeep]
|-damage|p2a: Snorlax|53/100|[from] Sandstorm
|-heal|p1a: Skarmory|42/100|[from] item: Leftovers
|-heal|p2a: Snorlax|59/100|[from] item: Leftovers
|upkeep
|turn|83
|
|t:|1731883548
|move|p1a: Skarmory|Protect|p1a: Skarmory
|-singleturn|p1a: Skarmory|Protect
|move|p2a: Snorlax|Return|p1a: Skarmory
|-activate|p1a: Skarmory|Protect
|
|-weather|Sandstorm|[upkeep]
|-damage|p2a: Snorlax|53/100|[from] Sandstorm
|-heal|p1a: Skarmory|48/100|[from] item: Leftovers
|-heal|p2a: Snorlax|59/100|[from] item: Leftovers
|upkeep
|turn|84
|
|t:|1731883549
|move|p1a: Skarmory|Protect||[still]
|-fail|p1a: Skarmory
|move|p2a: Snorlax|Return|p1a: Skarmory
|-resisted|p1a: Skarmory
|-damage|p1a: Skarmory|0 fnt
|faint|p1a: Skarmory
|
|win|Sificon~
|c|☆Sificon~|gg
|c|☆Caloominum|gg

</script>
<script type="application/json" class="data" id="replaydata-smogtours-gen3ou-806945">
{"id":"smogtours-gen3ou-806945","format":"[Gen 3] OU","players":["Caloominum","Sificon~"],"uploadtime":1731883549,"views":18,"formatid":"gen3ou","rating":null,"private":0,"password":null}
</script>

<script defer src="js/replays.js?9d40a366"></script>
