<!DOCTYPE html>
<meta charset="utf-8" />
<meta name="viewport" content="width=device-width" />

<title>[Gen 3] OU: halux vs. Peppeppeia - Replays - Pok&eacute;mon Showdown!</title>

<meta name="description" content="Watch a replay of a Pok&eacute;mon battle between halux and Peppeppeia! Format: [Gen 3] OU; Date: Oct 5, 2024" />
<!--

Hey, you! Looking in the source for the replay log?

You can find them in JSON format, just add `.json` at the end of a replay URL.

https://replay.pokemonshowdown.com/gen7randomdoublesbattle-865046831.json

Or, if you only need the log itself, add `.log` instead:

https://replay.pokemonshowdown.com/gen7randomdoublesbattle-865046831.log

-->

<link rel="stylesheet" href="//pokemonshowdown.com/style/global.css?0.023195364461161105" />
<link rel="stylesheet" href="//play.pokemonshowdown.com/style/font-awesome.css?0.13261647063804238" />
<link rel="stylesheet" href="//play.pokemonshowdown.com/style/battle.css?0.8753245789963631" />
<link rel="stylesheet" href="//play.pokemonshowdown.com/style/utilichart.css?0.8627959624976733" />

<!-- Global site tag (gtag.js) - Google Analytics -->
<script async src="https://www.googletagmanager.com/gtag/js?id=UA-26211653-1"></script>
<script>
  window.dataLayer = window.dataLayer || [];
  function gtag(){dataLayer.push(arguments);}
  gtag('js', new Date());

  gtag('config', 'UA-26211653-1');
</script>
<!-- End Google Analytics -->
<!-- Venatus Ad Manager - Install in <HEAD> of page -->
	<script src="https://hb.vntsm.com/v3/live/ad-manager.min.js" type="text/javascript" data-site-id="642aba63ec9a7b11c3c9c1be" data-mode="scan" async></script>
<!-- / Venatus Ad Manager -->

<style>
	@media (max-width:820px) {
		.battle {
			margin: 0 auto;
		}
		.battle-log {
			margin: 7px auto 0;
			max-width: 640px;
			height: 300px;
			position: static;
		}
	}
	.optgroup {
		display: inline-block;
		line-height: 22px;
		font-size: 10pt;
	}
	.optgroup .button {
		height: 25px;
		padding-top: 0;
		padding-bottom: 0;
	}
	.optgroup button.button {
		padding-left: 12px;
		padding-right: 12px;
	}
	.linklist {
		list-style: none;
		margin: 0.5em 0;
		padding: 0;
	}
	.linklist li {
		padding: 2px 0;
	}
	.sidebar {
		float: left;
		width: 320px;
	}
	.bar-wrapper {
		max-width: 1100px;
		margin: 0 auto;
	}
	.bar-wrapper.has-sidebar {
		max-width: 1430px;
	}
	.mainbar {
		margin: 0;
		padding-right: 1px;
	}
	.mainbar.has-sidebar {
		margin-left: 330px;
	}
	@media (min-width: 1511px) {
		.sidebar {
			width: 400px;
		}
		.bar-wrapper.has-sidebar {
			max-width: 1510px;
		}
		.mainbar.has-sidebar {
			margin-left: 410px;
		}
	}
	.section.first-section {
		margin-top: 9px;
	}
	.blocklink small {
		white-space: normal;
	}
	.button {
		vertical-align: middle;
	}
	.replay-controls {
		padding-top: 10px;
	}
	.replay-controls h1 {
		font-size: 16pt;
		font-weight: normal;
		color: #CCC;
	}
	.pagelink {
		text-align: center;
	}
	.pagelink a {
		width: 150px;
	}
	.textbox, .button {
		font-size: 11pt;
		vertical-align: middle;
	}
	@media (max-width: 450px) {
		.button {
			font-size: 9pt;
		}
	}
</style>

<div>

	<header>
		<div class="nav-wrapper"><ul class="nav">
			<li><a class="button nav-first" href="//pokemonshowdown.com/"><img src="//pokemonshowdown.com/images/pokemonshowdownbeta.png" srcset="//pokemonshowdown.com/images/pokemonshowdownbeta.png 1x, //pokemonshowdown.com/images/pokemonshowdownbeta@2x.png 2x" alt="Pok&eacute;mon Showdown" width="146" height="44" /> Home</a></li>
			<li><a class="button" href="//pokemonshowdown.com/dex/">Pok&eacute;dex</a></li>
			<li><a class="button cur" href="/">Replays</a></li>
			<li><a class="button" href="//pokemonshowdown.com/ladder/">Ladder</a></li>
			<li><a class="button nav-last" href="//pokemonshowdown.com/forums/">Forum</a></li>
			<li><a class="button greenbutton nav-first nav-last" href="//play.pokemonshowdown.com/">Play</a></li>
		</ul></div>
	</header>

	<div class="main" id="main">

		<noscript><section class="section">You need to enable JavaScript to use this page; sorry!</section></noscript>

	</div>

</div>

<script defer nomodule src="//play.pokemonshowdown.com/js/lib/ps-polyfill.js"></script>
<script defer src="//play.pokemonshowdown.com/js/lib/preact.min.js"></script>

<script defer src="//play.pokemonshowdown.com/config/config.js?2bddbc15"></script>
<script defer src="//play.pokemonshowdown.com/js/lib/jquery-1.11.0.min.js"></script>
<script defer src="//play.pokemonshowdown.com/js/lib/html-sanitizer-minified.js"></script>
<script defer src="//play.pokemonshowdown.com/js/battle-sound.js"></script>
<script defer src="//play.pokemonshowdown.com/js/battledata.js?0.7209276989879541"></script>
<script defer src="//play.pokemonshowdown.com/data/pokedex-mini.js?0.6111056340867951"></script>
<script defer src="//play.pokemonshowdown.com/data/pokedex-mini-bw.js?0.3532142036491459"></script>
<script defer src="//play.pokemonshowdown.com/data/graphics.js?0.24223875632456182"></script>
<script defer src="//play.pokemonshowdown.com/data/pokedex.js?0.38839984266356864"></script>
<script defer src="//play.pokemonshowdown.com/data/moves.js?0.21866028504024015"></script>
<script defer src="//play.pokemonshowdown.com/data/abilities.js?0.2005157953846628"></script>
<script defer src="//play.pokemonshowdown.com/data/items.js?0.9894211263848525"></script>
<script defer src="//play.pokemonshowdown.com/data/teambuilder-tables.js?0.6008791140282215"></script>
<script defer src="//play.pokemonshowdown.com/js/battle-tooltips.js?0.7580118955022959"></script>
<script defer src="//play.pokemonshowdown.com/js/battle.js?0.6057722274234274"></script>

<script defer src="js/utils.js?e31f9a17"></script>
<script defer src="js/replays-battle.js?7008c182"></script>

<!-- don't scrape this data! just add .json or .log after the URL!
Full API docs: https://github.com/smogon/pokemon-showdown-client/blob/master/WEB-API.md -->
<script type="text/plain" class="log" id="replaylog-smogtours-gen3ou-795246">
|inactive|Battle timer is ON: inactive players will automatically lose when time's up.
|t:|1728167906
|gametype|singles
|player|p1|halux|wattson|
|player|p2|Peppeppeia|acetrainerf-gen4|
|teamsize|p1|6
|teamsize|p2|6
|gen|3
|tier|[Gen 3] OU
|rule|Sleep Clause Mod: Limit one foe put to sleep
|rule|Switch Priority Clause Mod: Faster Pokémon switch first
|rule|Species Clause: Limit one of each Pokémon
|rule|OHKO Clause: OHKO moves are banned
|rule|Evasion Items Clause: Evasion items are banned
|rule|Evasion Moves Clause: Evasion moves are banned
|rule|Endless Battle Clause: Forcing endless battles is banned
|rule|HP Percentage Mod: HP is shown in percentages
|rule|One Boost Passer Clause: Limit one Baton Passer that has a way to boost its stats
|rule|Freeze Clause Mod: Limit one foe frozen
|
|t:|1728167906
|start
|switch|p1a: Salamence|Salamence, F|100/100
|switch|p2a: Metagross|Metagross|100/100
|-ability|p1a: Salamence|Intimidate|boost
|-fail|p2a: Metagross|unboost|[from] ability: Clear Body|[of] p2a: Metagross
|turn|1
|
|t:|1728167929
|move|p1a: Salamence|Fire Blast|p2a: Metagross
|-supereffective|p2a: Metagross
|-damage|p2a: Metagross|13/100
|move|p2a: Metagross|Meteor Mash|p1a: Salamence
|-damage|p1a: Salamence|32/100
|
|-heal|p1a: Salamence|38/100|[from] item: Leftovers
|upkeep
|turn|2
|
|t:|1728167941
|switch|p2a: Snorlax|Snorlax, F|100/100
|move|p1a: Salamence|Dragon Claw|p2a: Snorlax
|-damage|p2a: Snorlax|78/100
|
|-heal|p1a: Salamence|44/100|[from] item: Leftovers
|-heal|p2a: Snorlax|84/100|[from] item: Leftovers
|upkeep
|turn|3
|
|t:|1728167953
|switch|p1a: Tyranitar|Tyranitar, F|100/100
|-weather|Sandstorm|[from] ability: Sand Stream|[of] p1a: Tyranitar
|move|p2a: Snorlax|Shadow Ball|p1a: Tyranitar
|-resisted|p1a: Tyranitar
|-damage|p1a: Tyranitar|91/100
|
|-weather|Sandstorm|[upkeep]
|-damage|p2a: Snorlax|78/100|[from] Sandstorm
|-heal|p1a: Tyranitar|97/100|[from] item: Leftovers
|-heal|p2a: Snorlax|84/100|[from] item: Leftovers
|upkeep
|turn|4
|
|t:|1728167965
|move|p1a: Tyranitar|Crunch|p2a: Snorlax
|-damage|p2a: Snorlax|63/100
|move|p2a: Snorlax|Earthquake|p1a: Tyranitar
|-supereffective|p1a: Tyranitar
|-damage|p1a: Tyranitar|55/100
|
|-weather|Sandstorm|[upkeep]
|-damage|p2a: Snorlax|57/100|[from] Sandstorm
|-heal|p1a: Tyranitar|61/100|[from] item: Leftovers
|-heal|p2a: Snorlax|63/100|[from] item: Leftovers
|upkeep
|turn|5
|
|t:|1728167974
|switch|p1a: Forretress|Forretress, M|100/100
|move|p2a: Snorlax|Curse|p2a: Snorlax
|-unboost|p2a: Snorlax|spe|1
|-boost|p2a: Snorlax|atk|1
|-boost|p2a: Snorlax|def|1
|
|-weather|Sandstorm|[upkeep]
|-damage|p2a: Snorlax|57/100|[from] Sandstorm
|-heal|p2a: Snorlax|63/100|[from] item: Leftovers
|upkeep
|turn|6
|
|t:|1728167988
|move|p1a: Forretress|Spikes|p2a: Snorlax
|-sidestart|p2: Peppeppeia|Spikes
|move|p2a: Snorlax|Earthquake|p1a: Forretress
|-damage|p1a: Forretress|72/100
|
|-weather|Sandstorm|[upkeep]
|-damage|p2a: Snorlax|57/100|[from] Sandstorm
|-heal|p1a: Forretress|78/100|[from] item: Leftovers
|-heal|p2a: Snorlax|63/100|[from] item: Leftovers
|upkeep
|turn|7
|
|t:|1728168014
|switch|p1a: Salamence|Salamence, F|44/100
|-ability|p1a: Salamence|Intimidate|boost
|-unboost|p2a: Snorlax|atk|1
|move|p2a: Snorlax|Curse|p2a: Snorlax
|-unboost|p2a: Snorlax|spe|1
|-boost|p2a: Snorlax|atk|1
|-boost|p2a: Snorlax|def|1
|
|-weather|Sandstorm|[upkeep]
|-damage|p1a: Salamence|38/100|[from] Sandstorm
|-damage|p2a: Snorlax|57/100|[from] Sandstorm
|-heal|p1a: Salamence|44/100|[from] item: Leftovers
|-heal|p2a: Snorlax|63/100|[from] item: Leftovers
|upkeep
|turn|8
|inactive|halux has 270 seconds left.
|
|t:|1728168034
|switch|p1a: Tyranitar|Tyranitar, F|61/100
|move|p2a: Snorlax|Shadow Ball|p1a: Tyranitar
|-resisted|p1a: Tyranitar
|-damage|p1a: Tyranitar|49/100
|
|-weather|Sandstorm|[upkeep]
|-damage|p2a: Snorlax|57/100|[from] Sandstorm
|-heal|p1a: Tyranitar|55/100|[from] item: Leftovers
|-heal|p2a: Snorlax|63/100|[from] item: Leftovers
|upkeep
|turn|9
|inactive|halux has 270 seconds left.
|
|t:|1728168046
|move|p2a: Snorlax|Earthquake|p1a: Tyranitar
|-supereffective|p1a: Tyranitar
|-damage|p1a: Tyranitar|0 fnt
|faint|p1a: Tyranitar
|inactive|halux has 270 seconds left.
|
|t:|1728168063
|switch|p1a: Blissey|Blissey, F|100/100
|
|-weather|Sandstorm|[upkeep]
|-damage|p1a: Blissey|94/100|[from] Sandstorm
|-damage|p2a: Snorlax|57/100|[from] Sandstorm
|-heal|p1a: Blissey|100/100|[from] item: Leftovers
|-heal|p2a: Snorlax|63/100|[from] item: Leftovers
|upkeep
|turn|10
|
|t:|1728168078
|move|p2a: Snorlax|Earthquake|p1a: Blissey
|-damage|p1a: Blissey|65/100
|move|p1a: Blissey|Counter|p2a: Snorlax
|-damage|p2a: Snorlax|0 fnt
|faint|p2a: Snorlax
|inactive|Peppeppeia has 270 seconds left.
|
|t:|1728168100
|switch|p2a: Aerodactyl|Aerodactyl, M|100/100
|
|-weather|Sandstorm|[upkeep]
|-damage|p1a: Blissey|59/100|[from] Sandstorm
|-heal|p1a: Blissey|65/100|[from] item: Leftovers
|upkeep
|turn|11
|inactive|halux has 270 seconds left.
|inactive|Peppeppeia has 270 seconds left.
|
|t:|1728168111
|switch|p2a: Claydol|Claydol|100/100
|switch|p1a: Forretress|Forretress, M|78/100
|
|-weather|Sandstorm|[upkeep]
|-heal|p1a: Forretress|84/100|[from] item: Leftovers
|upkeep
|turn|12
|inactive|halux has 270 seconds left.
|inactive|Peppeppeia has 270 seconds left.
|
|t:|1728168124
|switch|p1a: Salamence|Salamence, F|44/100
|-ability|p1a: Salamence|Intimidate|boost
|-unboost|p2a: Claydol|atk|1
|move|p2a: Claydol|Rapid Spin|p1a: Salamence
|-damage|p1a: Salamence|39/100
|-sideend|p2: Peppeppeia|Spikes|[from] move: Rapid Spin|[of] p2a: Claydol
|
|-weather|Sandstorm|[upkeep]
|-damage|p1a: Salamence|33/100|[from] Sandstorm
|-heal|p1a: Salamence|39/100|[from] item: Leftovers
|upkeep
|turn|13
|inactive|Peppeppeia has 270 seconds left.
|
|t:|1728168144
|switch|p2a: Starmie|Starmie|100/100
|move|p1a: Salamence|Dragon Claw|p2a: Starmie
|-damage|p2a: Starmie|55/100
|
|-weather|Sandstorm|[upkeep]
|-damage|p1a: Salamence|33/100|[from] Sandstorm
|-damage|p2a: Starmie|48/100|[from] Sandstorm
|-heal|p1a: Salamence|39/100|[from] item: Leftovers
|-heal|p2a: Starmie|55/100|[from] item: Leftovers
|upkeep
|turn|14
|inactive|Peppeppeia has 270 seconds left.
|
|t:|1728168155
|switch|p1a: Jirachi|Jirachi|100/100
|move|p2a: Starmie|Recover|p2a: Starmie
|-heal|p2a: Starmie|100/100
|
|-weather|Sandstorm|[upkeep]
|-damage|p2a: Starmie|94/100|[from] Sandstorm
|-heal|p2a: Starmie|100/100|[from] item: Leftovers
|upkeep
|turn|15
|inactive|Peppeppeia has 270 seconds left.
|
|t:|1728168168
|move|p2a: Starmie|Surf|p1a: Jirachi
|-damage|p1a: Jirachi|62/100
|move|p1a: Jirachi|Toxic|p2a: Starmie
|-status|p2a: Starmie|tox
|
|-weather|Sandstorm|[upkeep]
|-damage|p2a: Starmie|94/100 tox|[from] Sandstorm
|-heal|p2a: Starmie|100/100 tox|[from] item: Leftovers
|-damage|p2a: Starmie|94/100 tox|[from] psn
|-heal|p1a: Jirachi|69/100|[from] item: Leftovers
|upkeep
|turn|16
|
|t:|1728168177
|move|p2a: Starmie|Surf|p1a: Jirachi
|-damage|p1a: Jirachi|27/100
|move|p1a: Jirachi|Wish|p1a: Jirachi
|
|-weather|Sandstorm|[upkeep]
|-damage|p2a: Starmie|88/100 tox|[from] Sandstorm
|-heal|p2a: Starmie|94/100 tox|[from] item: Leftovers
|-damage|p2a: Starmie|82/100 tox|[from] psn
|-heal|p1a: Jirachi|34/100|[from] item: Leftovers
|upkeep
|turn|17
|
|t:|1728168188
|move|p1a: Jirachi|Protect|p1a: Jirachi
|-singleturn|p1a: Jirachi|Protect
|move|p2a: Starmie|Thunderbolt|p1a: Jirachi
|-activate|p1a: Jirachi|Protect
|
|-heal|p1a: Jirachi|84/100|[from] move: Wish|[wisher] Jirachi
|-weather|Sandstorm|[upkeep]
|-damage|p2a: Starmie|76/100 tox|[from] Sandstorm
|-heal|p2a: Starmie|82/100 tox|[from] item: Leftovers
|-damage|p2a: Starmie|63/100 tox|[from] psn
|-heal|p1a: Jirachi|90/100|[from] item: Leftovers
|upkeep
|turn|18
|inactive|Peppeppeia has 270 seconds left.
|
|t:|1728168208
|move|p2a: Starmie|Recover|p2a: Starmie
|-heal|p2a: Starmie|100/100 tox
|move|p1a: Jirachi|Toxic|p2a: Starmie|[miss]
|-miss|p1a: Jirachi|p2a: Starmie
|
|-weather|Sandstorm|[upkeep]
|-damage|p2a: Starmie|94/100 tox|[from] Sandstorm
|-heal|p2a: Starmie|100/100 tox|[from] item: Leftovers
|-damage|p2a: Starmie|76/100 tox|[from] psn
|-heal|p1a: Jirachi|96/100|[from] item: Leftovers
|upkeep
|turn|19
|
|t:|1728168217
|-curestatus|p2a: Starmie|tox|[from] ability: Natural Cure
|switch|p2a: Metagross|Metagross|13/100
|move|p1a: Jirachi|Wish|p1a: Jirachi
|
|-weather|Sandstorm|[upkeep]
|-heal|p1a: Jirachi|100/100|[from] item: Leftovers
|upkeep
|turn|20
|inactive|Peppeppeia has 270 seconds left.
|
|t:|1728168237
|move|p1a: Jirachi|Fire Punch|p2a: Metagross
|-supereffective|p2a: Metagross
|-damage|p2a: Metagross|0 fnt
|faint|p2a: Metagross
|
|t:|1728168243
|switch|p2a: Aerodactyl|Aerodactyl, M|100/100
|
|-weather|Sandstorm|[upkeep]
|upkeep
|turn|21
|inactive|Peppeppeia has 270 seconds left.
|
|t:|1728168253
|move|p1a: Jirachi|Protect|p1a: Jirachi
|-singleturn|p1a: Jirachi|Protect
|move|p2a: Aerodactyl|Rock Slide|p1a: Jirachi
|-activate|p1a: Jirachi|Protect
|
|-weather|Sandstorm|[upkeep]
|upkeep
|turn|22
|inactive|Peppeppeia has 270 seconds left.
|
|t:|1728168261
|switch|p2a: Starmie|Starmie|76/100
|move|p1a: Jirachi|Toxic|p2a: Starmie
|-status|p2a: Starmie|tox
|
|-weather|Sandstorm|[upkeep]
|-damage|p2a: Starmie|70/100 tox|[from] Sandstorm
|-heal|p2a: Starmie|76/100 tox|[from] item: Leftovers
|-damage|p2a: Starmie|70/100 tox|[from] psn
|upkeep
|turn|23
|
|t:|1728168268
|move|p2a: Starmie|Surf|p1a: Jirachi
|-damage|p1a: Jirachi|61/100
|move|p1a: Jirachi|Wish|p1a: Jirachi
|
|-weather|Sandstorm|[upkeep]
|-damage|p2a: Starmie|63/100 tox|[from] Sandstorm
|-heal|p2a: Starmie|70/100 tox|[from] item: Leftovers
|-damage|p2a: Starmie|57/100 tox|[from] psn
|-heal|p1a: Jirachi|67/100|[from] item: Leftovers
|upkeep
|turn|24
|
|t:|1728168276
|move|p2a: Starmie|Recover|p2a: Starmie
|-heal|p2a: Starmie|100/100 tox
|move|p1a: Jirachi|Fire Punch|p2a: Starmie
|-resisted|p2a: Starmie
|-damage|p2a: Starmie|90/100 tox
|
|-heal|p1a: Jirachi|100/100|[from] move: Wish|[wisher] Jirachi
|-weather|Sandstorm|[upkeep]
|-damage|p2a: Starmie|84/100 tox|[from] Sandstorm
|-heal|p2a: Starmie|90/100 tox|[from] item: Leftovers
|-damage|p2a: Starmie|71/100 tox|[from] psn
|upkeep
|turn|25
|inactive|Peppeppeia has 270 seconds left.
|
|t:|1728168315
|-curestatus|p2a: Starmie|tox|[from] ability: Natural Cure
|switch|p2a: Claydol|Claydol|100/100
|move|p1a: Jirachi|Wish|p1a: Jirachi
|
|-weather|Sandstorm|[upkeep]
|upkeep
|turn|26
|inactive|Peppeppeia has 270 seconds left.
|
|t:|1728168327
|switch|p2a: Starmie|Starmie|71/100
|move|p1a: Jirachi|Toxic|p2a: Starmie
|-status|p2a: Starmie|tox
|
|-weather|Sandstorm|[upkeep]
|-damage|p2a: Starmie|65/100 tox|[from] Sandstorm
|-heal|p2a: Starmie|71/100 tox|[from] item: Leftovers
|-damage|p2a: Starmie|65/100 tox|[from] psn
|upkeep
|turn|27
|
|t:|1728168334
|move|p2a: Starmie|Recover|p2a: Starmie
|-heal|p2a: Starmie|100/100 tox
|move|p1a: Jirachi|Fire Punch|p2a: Starmie
|-resisted|p2a: Starmie
|-damage|p2a: Starmie|91/100 tox
|
|-weather|Sandstorm|[upkeep]
|-damage|p2a: Starmie|84/100 tox|[from] Sandstorm
|-heal|p2a: Starmie|91/100 tox|[from] item: Leftovers
|-damage|p2a: Starmie|78/100 tox|[from] psn
|upkeep
|turn|28
|
|t:|1728168341
|move|p2a: Starmie|Surf|p1a: Jirachi
|-damage|p1a: Jirachi|59/100
|move|p1a: Jirachi|Wish|p1a: Jirachi
|
|-weather|Sandstorm|[upkeep]
|-damage|p2a: Starmie|72/100 tox|[from] Sandstorm
|-heal|p2a: Starmie|78/100 tox|[from] item: Leftovers
|-damage|p2a: Starmie|60/100 tox|[from] psn
|-heal|p1a: Jirachi|66/100|[from] item: Leftovers
|upkeep
|turn|29
|
|t:|1728168351
|-curestatus|p2a: Starmie|tox|[from] ability: Natural Cure
|switch|p2a: Claydol|Claydol|100/100
|move|p1a: Jirachi|Toxic|p2a: Claydol
|-status|p2a: Claydol|tox
|
|-heal|p1a: Jirachi|100/100|[from] move: Wish|[wisher] Jirachi
|-weather|Sandstorm|[upkeep]
|-damage|p2a: Claydol|94/100 tox|[from] psn
|upkeep
|turn|30
|
|t:|1728168365
|switch|p1a: Salamence|Salamence, F|39/100
|-ability|p1a: Salamence|Intimidate|boost
|-unboost|p2a: Claydol|atk|1
|switch|p2a: Tyranitar|Tyranitar, F|100/100
|
|-weather|Sandstorm|[upkeep]
|-damage|p1a: Salamence|33/100|[from] Sandstorm
|-heal|p1a: Salamence|39/100|[from] item: Leftovers
|upkeep
|turn|31
|
|t:|1728168381
|move|p1a: Salamence|Brick Break|p2a: Tyranitar
|-supereffective|p2a: Tyranitar
|-damage|p2a: Tyranitar|31/100
|move|p2a: Tyranitar|Ice Beam|p1a: Salamence
|-supereffective|p1a: Salamence
|-crit|p1a: Salamence
|-damage|p1a: Salamence|0 fnt
|faint|p1a: Salamence
|
|t:|1728168387
|switch|p1a: Aerodactyl|Aerodactyl, F|100/100
|
|-weather|Sandstorm|[upkeep]
|-heal|p2a: Tyranitar|37/100|[from] item: Leftovers
|upkeep
|turn|32
|
|t:|1728168400
|switch|p2a: Claydol|Claydol|94/100 tox
|move|p1a: Aerodactyl|Earthquake|p2a: Claydol
|-immune|p2a: Claydol
|
|-weather|Sandstorm|[upkeep]
|-damage|p2a: Claydol|88/100 tox|[from] psn
|upkeep
|turn|33
|
|t:|1728168417
|switch|p1a: Forretress|Forretress, M|84/100
|switch|p2a: Aerodactyl|Aerodactyl, M|100/100
|
|-weather|Sandstorm|[upkeep]
|-heal|p1a: Forretress|90/100|[from] item: Leftovers
|upkeep
|turn|34
|
|t:|1728168427
|move|p2a: Aerodactyl|Rock Slide|p1a: Forretress
|-damage|p1a: Forretress|53/100
|move|p1a: Forretress|Spikes|p2a: Aerodactyl
|-sidestart|p2: Peppeppeia|Spikes
|
|-weather|Sandstorm|[upkeep]
|-heal|p1a: Forretress|59/100|[from] item: Leftovers
|upkeep
|turn|35
|
|t:|1728168436
|switch|p1a: Jirachi|Jirachi|100/100
|move|p2a: Aerodactyl|Rock Slide|p1a: Jirachi
|-resisted|p1a: Jirachi
|-damage|p1a: Jirachi|84/100
|
|-weather|Sandstorm|[upkeep]
|-heal|p1a: Jirachi|90/100|[from] item: Leftovers
|upkeep
|turn|36
|
|t:|1728168457
|switch|p2a: Starmie|Starmie|60/100
|-damage|p2a: Starmie|47/100|[from] Spikes
|switch|p1a: Aerodactyl|Aerodactyl, F|100/100
|
|-weather|Sandstorm|[upkeep]
|-damage|p2a: Starmie|41/100|[from] Sandstorm
|-heal|p2a: Starmie|47/100|[from] item: Leftovers
|upkeep
|turn|37
|
|t:|1728168473
|switch|p2a: Claydol|Claydol|88/100 tox
|move|p1a: Aerodactyl|Double-Edge|p2a: Claydol
|-damage|p2a: Claydol|34/100 tox
|
|-weather|Sandstorm|[upkeep]
|-damage|p2a: Claydol|28/100 tox|[from] psn
|upkeep
|turn|38
|
|t:|1728168481
|move|p1a: Aerodactyl|Double-Edge|p2a: Claydol
|-damage|p2a: Claydol|0 fnt
|faint|p2a: Claydol
|
|t:|1728168484
|switch|p2a: Aerodactyl|Aerodactyl, M|100/100
|
|-weather|Sandstorm|[upkeep]
|upkeep
|turn|39
|
|t:|1728168492
|switch|p1a: Jirachi|Jirachi|90/100
|move|p2a: Aerodactyl|Rock Slide|p1a: Jirachi
|-resisted|p1a: Jirachi
|-damage|p1a: Jirachi|75/100
|
|-weather|Sandstorm|[upkeep]
|-heal|p1a: Jirachi|81/100|[from] item: Leftovers
|upkeep
|turn|40
|
|t:|1728168500
|switch|p2a: Starmie|Starmie|47/100
|-damage|p2a: Starmie|35/100|[from] Spikes
|move|p1a: Jirachi|Toxic|p2a: Starmie
|-status|p2a: Starmie|tox
|
|-weather|Sandstorm|[upkeep]
|-damage|p2a: Starmie|29/100 tox|[from] Sandstorm
|-heal|p2a: Starmie|35/100 tox|[from] item: Leftovers
|-damage|p2a: Starmie|29/100 tox|[from] psn
|-heal|p1a: Jirachi|87/100|[from] item: Leftovers
|upkeep
|turn|41
|
|t:|1728168510
|switch|p1a: Blissey|Blissey, F|65/100
|move|p2a: Starmie|Recover|p2a: Starmie
|-heal|p2a: Starmie|79/100 tox
|
|-weather|Sandstorm|[upkeep]
|-damage|p2a: Starmie|73/100 tox|[from] Sandstorm
|-damage|p1a: Blissey|59/100|[from] Sandstorm
|-heal|p2a: Starmie|79/100 tox|[from] item: Leftovers
|-damage|p2a: Starmie|67/100 tox|[from] psn
|-heal|p1a: Blissey|65/100|[from] item: Leftovers
|upkeep
|turn|42
|
|t:|1728168519
|-curestatus|p2a: Starmie|tox|[from] ability: Natural Cure
|switch|p2a: Aerodactyl|Aerodactyl, M|100/100
|move|p1a: Blissey|Thunder Wave|p2a: Aerodactyl
|-status|p2a: Aerodactyl|par
|
|-weather|Sandstorm|[upkeep]
|-damage|p1a: Blissey|59/100|[from] Sandstorm
|-heal|p1a: Blissey|65/100|[from] item: Leftovers
|upkeep
|turn|43
|
|t:|1728168532
|move|p1a: Blissey|Soft-Boiled|p1a: Blissey
|-heal|p1a: Blissey|100/100
|move|p2a: Aerodactyl|Earthquake|p1a: Blissey
|-damage|p1a: Blissey|61/100
|
|-weather|Sandstorm|[upkeep]
|-damage|p1a: Blissey|55/100|[from] Sandstorm
|-heal|p1a: Blissey|61/100|[from] item: Leftovers
|upkeep
|turn|44
|
|t:|1728168545
|switch|p1a: Aerodactyl|Aerodactyl, F|100/100
|switch|p2a: Starmie|Starmie|67/100
|-damage|p2a: Starmie|54/100|[from] Spikes
|
|-weather|Sandstorm|[upkeep]
|-damage|p2a: Starmie|48/100|[from] Sandstorm
|-heal|p2a: Starmie|54/100|[from] item: Leftovers
|upkeep
|turn|45
|
|t:|1728168554
|move|p1a: Aerodactyl|Double-Edge|p2a: Starmie
|-damage|p2a: Starmie|0 fnt
|faint|p2a: Starmie
|
|t:|1728168561
|switch|p2a: Tyranitar|Tyranitar, F|37/100
|-damage|p2a: Tyranitar|25/100|[from] Spikes
|
|-weather|Sandstorm|[upkeep]
|-heal|p2a: Tyranitar|31/100|[from] item: Leftovers
|upkeep
|turn|46
|
|t:|1728168572
|switch|p1a: Blissey|Blissey, F|61/100
|move|p2a: Tyranitar|Ice Beam|p1a: Blissey
|-damage|p1a: Blissey|51/100
|
|-weather|Sandstorm|[upkeep]
|-damage|p1a: Blissey|45/100|[from] Sandstorm
|-heal|p2a: Tyranitar|37/100|[from] item: Leftovers
|-heal|p1a: Blissey|51/100|[from] item: Leftovers
|upkeep
|turn|47
|
|t:|1728168581
|move|p2a: Tyranitar|Thunder Wave|p1a: Blissey
|-status|p1a: Blissey|par
|move|p1a: Blissey|Seismic Toss|p2a: Tyranitar
|-damage|p2a: Tyranitar|13/100
|
|-weather|Sandstorm|[upkeep]
|-damage|p1a: Blissey|45/100 par|[from] Sandstorm
|-heal|p2a: Tyranitar|19/100|[from] item: Leftovers
|-heal|p1a: Blissey|51/100 par|[from] item: Leftovers
|upkeep
|turn|48
|
|t:|1728168594
|move|p2a: Tyranitar|Flamethrower|p1a: Blissey
|-damage|p1a: Blissey|39/100 par
|move|p1a: Blissey|Seismic Toss|p2a: Tyranitar
|-damage|p2a: Tyranitar|0 fnt
|faint|p2a: Tyranitar
|
|t:|1728168599
|switch|p2a: Aerodactyl|Aerodactyl, M|100/100 par
|
|-weather|Sandstorm|[upkeep]
|-damage|p1a: Blissey|33/100 par|[from] Sandstorm
|-heal|p1a: Blissey|39/100 par|[from] item: Leftovers
|upkeep
|turn|49
|
|t:|1728168605
|move|p2a: Aerodactyl|Double-Edge|p1a: Blissey
|-damage|p1a: Blissey|0 fnt
|faint|p1a: Blissey
|
|t:|1728168609
|switch|p1a: Aerodactyl|Aerodactyl, F|100/100
|
|-weather|Sandstorm|[upkeep]
|upkeep
|turn|50
|
|t:|1728168615
|move|p1a: Aerodactyl|Rock Slide|p2a: Aerodactyl
|-supereffective|p2a: Aerodactyl
|-damage|p2a: Aerodactyl|0 fnt
|faint|p2a: Aerodactyl
|
|win|halux
|c|☆halux|gg
|c|☆Peppeppeia|gg
|player|p2|

</script>
<script type="application/json" class="data" id="replaydata-smogtours-gen3ou-795246">
{"id":"smogtours-gen3ou-795246","format":"[Gen 3] OU","players":["halux","Peppeppeia"],"uploadtime":1728168615,"views":99,"formatid":"gen3ou","rating":null,"private":0,"password":null}
</script>

<script defer src="js/replays.js?9d40a366"></script>
