<!DOCTYPE html>
<meta charset="utf-8" />
<meta name="viewport" content="width=device-width" />

<title>[Gen 3] OU: BL0X vs. 13ased - Replays - Pok&eacute;mon Showdown!</title>

<meta name="description" content="Watch a replay of a Pok&eacute;mon battle between BL0X and 13ased! Format: [Gen 3] OU; Date: Oct 3, 2024" />
<!--

Hey, you! Looking in the source for the replay log?

You can find them in JSON format, just add `.json` at the end of a replay URL.

https://replay.pokemonshowdown.com/gen7randomdoublesbattle-865046831.json

Or, if you only need the log itself, add `.log` instead:

https://replay.pokemonshowdown.com/gen7randomdoublesbattle-865046831.log

-->

<link rel="stylesheet" href="//pokemonshowdown.com/style/global.css?0.023195364461161105" />
<link rel="stylesheet" href="//play.pokemonshowdown.com/style/font-awesome.css?0.13261647063804238" />
<link rel="stylesheet" href="//play.pokemonshowdown.com/style/battle.css?0.8753245789963631" />
<link rel="stylesheet" href="//play.pokemonshowdown.com/style/utilichart.css?0.8627959624976733" />

<!-- Global site tag (gtag.js) - Google Analytics -->
<script async src="https://www.googletagmanager.com/gtag/js?id=UA-26211653-1"></script>
<script>
  window.dataLayer = window.dataLayer || [];
  function gtag(){dataLayer.push(arguments);}
  gtag('js', new Date());

  gtag('config', 'UA-26211653-1');
</script>
<!-- End Google Analytics -->
<!-- Venatus Ad Manager - Install in <HEAD> of page -->
	<script src="https://hb.vntsm.com/v3/live/ad-manager.min.js" type="text/javascript" data-site-id="642aba63ec9a7b11c3c9c1be" data-mode="scan" async></script>
<!-- / Venatus Ad Manager -->

<style>
	@media (max-width:820px) {
		.battle {
			margin: 0 auto;
		}
		.battle-log {
			margin: 7px auto 0;
			max-width: 640px;
			height: 300px;
			position: static;
		}
	}
	.optgroup {
		display: inline-block;
		line-height: 22px;
		font-size: 10pt;
	}
	.optgroup .button {
		height: 25px;
		padding-top: 0;
		padding-bottom: 0;
	}
	.optgroup button.button {
		padding-left: 12px;
		padding-right: 12px;
	}
	.linklist {
		list-style: none;
		margin: 0.5em 0;
		padding: 0;
	}
	.linklist li {
		padding: 2px 0;
	}
	.sidebar {
		float: left;
		width: 320px;
	}
	.bar-wrapper {
		max-width: 1100px;
		margin: 0 auto;
	}
	.bar-wrapper.has-sidebar {
		max-width: 1430px;
	}
	.mainbar {
		margin: 0;
		padding-right: 1px;
	}
	.mainbar.has-sidebar {
		margin-left: 330px;
	}
	@media (min-width: 1511px) {
		.sidebar {
			width: 400px;
		}
		.bar-wrapper.has-sidebar {
			max-width: 1510px;
		}
		.mainbar.has-sidebar {
			margin-left: 410px;
		}
	}
	.section.first-section {
		margin-top: 9px;
	}
	.blocklink small {
		white-space: normal;
	}
	.button {
		vertical-align: middle;
	}
	.replay-controls {
		padding-top: 10px;
	}
	.replay-controls h1 {
		font-size: 16pt;
		font-weight: normal;
		color: #CCC;
	}
	.pagelink {
		text-align: center;
	}
	.pagelink a {
		width: 150px;
	}
	.textbox, .button {
		font-size: 11pt;
		vertical-align: middle;
	}
	@media (max-width: 450px) {
		.button {
			font-size: 9pt;
		}
	}
</style>

<div>

	<header>
		<div class="nav-wrapper"><ul class="nav">
			<li><a class="button nav-first" href="//pokemonshowdown.com/"><img src="//pokemonshowdown.com/images/pokemonshowdownbeta.png" srcset="//pokemonshowdown.com/images/pokemonshowdownbeta.png 1x, //pokemonshowdown.com/images/pokemonshowdownbeta@2x.png 2x" alt="Pok&eacute;mon Showdown" width="146" height="44" /> Home</a></li>
			<li><a class="button" href="//pokemonshowdown.com/dex/">Pok&eacute;dex</a></li>
			<li><a class="button cur" href="/">Replays</a></li>
			<li><a class="button" href="//pokemonshowdown.com/ladder/">Ladder</a></li>
			<li><a class="button nav-last" href="//pokemonshowdown.com/forums/">Forum</a></li>
			<li><a class="button greenbutton nav-first nav-last" href="//play.pokemonshowdown.com/">Play</a></li>
		</ul></div>
	</header>

	<div class="main" id="main">

		<noscript><section class="section">You need to enable JavaScript to use this page; sorry!</section></noscript>

	</div>

</div>

<script defer nomodule src="//play.pokemonshowdown.com/js/lib/ps-polyfill.js"></script>
<script defer src="//play.pokemonshowdown.com/js/lib/preact.min.js"></script>

<script defer src="//play.pokemonshowdown.com/config/config.js?2bddbc15"></script>
<script defer src="//play.pokemonshowdown.com/js/lib/jquery-1.11.0.min.js"></script>
<script defer src="//play.pokemonshowdown.com/js/lib/html-sanitizer-minified.js"></script>
<script defer src="//play.pokemonshowdown.com/js/battle-sound.js"></script>
<script defer src="//play.pokemonshowdown.com/js/battledata.js?0.7209276989879541"></script>
<script defer src="//play.pokemonshowdown.com/data/pokedex-mini.js?0.6111056340867951"></script>
<script defer src="//play.pokemonshowdown.com/data/pokedex-mini-bw.js?0.3532142036491459"></script>
<script defer src="//play.pokemonshowdown.com/data/graphics.js?0.24223875632456182"></script>
<script defer src="//play.pokemonshowdown.com/data/pokedex.js?0.38839984266356864"></script>
<script defer src="//play.pokemonshowdown.com/data/moves.js?0.21866028504024015"></script>
<script defer src="//play.pokemonshowdown.com/data/abilities.js?0.2005157953846628"></script>
<script defer src="//play.pokemonshowdown.com/data/items.js?0.9894211263848525"></script>
<script defer src="//play.pokemonshowdown.com/data/teambuilder-tables.js?0.6008791140282215"></script>
<script defer src="//play.pokemonshowdown.com/js/battle-tooltips.js?0.7580118955022959"></script>
<script defer src="//play.pokemonshowdown.com/js/battle.js?0.6057722274234274"></script>

<script defer src="js/utils.js?e31f9a17"></script>
<script defer src="js/replays-battle.js?7008c182"></script>

<!-- don't scrape this data! just add .json or .log after the URL!
Full API docs: https://github.com/smogon/pokemon-showdown-client/blob/master/WEB-API.md -->
<script type="text/plain" class="log" id="replaylog-smogtours-gen3ou-794392">
|inactive|Battle timer is ON: inactive players will automatically lose when time's up.
|t:|1727990254
|gametype|singles
|player|p1|BL0X|koga|
|player|p2|13ased|ltsurge|
|teamsize|p1|6
|teamsize|p2|6
|gen|3
|tier|[Gen 3] OU
|rule|Sleep Clause Mod: Limit one foe put to sleep
|rule|Switch Priority Clause Mod: Faster Pokémon switch first
|rule|Species Clause: Limit one of each Pokémon
|rule|OHKO Clause: OHKO moves are banned
|rule|Evasion Items Clause: Evasion items are banned
|rule|Evasion Moves Clause: Evasion moves are banned
|rule|Endless Battle Clause: Forcing endless battles is banned
|rule|HP Percentage Mod: HP is shown in percentages
|rule|One Boost Passer Clause: Limit one Baton Passer that has a way to boost its stats
|rule|Freeze Clause Mod: Limit one foe frozen
|
|t:|1727990254
|start
|switch|p1a: Zapdos|Zapdos|100/100
|switch|p2a: Salamence|Salamence, M|100/100
|-ability|p2a: Salamence|Intimidate|boost
|-unboost|p1a: Zapdos|atk|1
|turn|1
|inactive|BL0X also wants the timer to be on.
|
|t:|1727990265
|switch|p2a: Blissey|Blissey, F|100/100
|move|p1a: Zapdos|Toxic|p2a: Blissey|[miss]
|-miss|p1a: Zapdos|p2a: Blissey
|
|upkeep
|turn|2
|
|t:|1727990271
|switch|p1a: Metagross|Metagross|100/100
|move|p2a: Blissey|Ice Beam|p1a: Metagross
|-resisted|p1a: Metagross
|-damage|p1a: Metagross|87/100
|
|-heal|p1a: Metagross|93/100|[from] item: Leftovers
|upkeep
|turn|3
|
|t:|1727990277
|switch|p2a: Metagross|Metagross|100/100
|move|p1a: Metagross|Meteor Mash|p2a: Metagross
|-resisted|p2a: Metagross
|-damage|p2a: Metagross|82/100
|
|-heal|p1a: Metagross|99/100|[from] item: Leftovers
|upkeep
|turn|4
|
|t:|1727990284
|switch|p1a: Skarmory|Skarmory, M|100/100
|move|p2a: Metagross|Earthquake|p1a: Skarmory
|-immune|p1a: Skarmory
|
|upkeep
|turn|5
|
|t:|1727990288
|move|p2a: Metagross|Meteor Mash|p1a: Skarmory
|-resisted|p1a: Skarmory
|-damage|p1a: Skarmory|76/100
|move|p1a: Skarmory|Spikes|p2a: Metagross
|-sidestart|p2: 13ased|Spikes
|
|-heal|p1a: Skarmory|82/100|[from] item: Leftovers
|upkeep
|turn|6
|
|t:|1727990292
|move|p1a: Skarmory|Protect|p1a: Skarmory
|-singleturn|p1a: Skarmory|Protect
|move|p2a: Metagross|Meteor Mash|p1a: Skarmory
|-activate|p1a: Skarmory|Protect
|
|-heal|p1a: Skarmory|88/100|[from] item: Leftovers
|upkeep
|turn|7
|
|t:|1727990293
|move|p2a: Metagross|Meteor Mash|p1a: Skarmory
|-resisted|p1a: Skarmory
|-damage|p1a: Skarmory|65/100
|move|p1a: Skarmory|Whirlwind|p2a: Metagross
|drag|p2a: Blissey|Blissey, F|100/100
|-damage|p2a: Blissey|88/100|[from] Spikes
|
|-heal|p1a: Skarmory|71/100|[from] item: Leftovers
|-heal|p2a: Blissey|94/100|[from] item: Leftovers
|upkeep
|turn|8
|
|t:|1727990299
|switch|p1a: Metagross|Metagross|99/100
|move|p2a: Blissey|Thunderbolt|p1a: Metagross
|-damage|p1a: Metagross|71/100
|
|-heal|p1a: Metagross|77/100|[from] item: Leftovers
|-heal|p2a: Blissey|99/100|[from] item: Leftovers
|upkeep
|turn|9
|
|t:|1727990309
|switch|p2a: Suicune|Suicune|100/100
|-damage|p2a: Suicune|88/100|[from] Spikes
|move|p1a: Metagross|Meteor Mash|p2a: Suicune
|-resisted|p2a: Suicune
|-crit|p2a: Suicune
|-damage|p2a: Suicune|64/100
|-boost|p1a: Metagross|atk|1
|
|-heal|p2a: Suicune|70/100|[from] item: Leftovers
|-heal|p1a: Metagross|83/100|[from] item: Leftovers
|upkeep
|turn|10
|
|t:|1727990316
|switch|p1a: Blissey|Blissey, F|100/100
|move|p2a: Suicune|Surf|p1a: Blissey
|-damage|p1a: Blissey|88/100
|
|-heal|p2a: Suicune|76/100|[from] item: Leftovers
|-heal|p1a: Blissey|94/100|[from] item: Leftovers
|upkeep
|turn|11
|
|t:|1727990326
|switch|p2a: Claydol|Claydol|100/100
|move|p1a: Blissey|Thunderbolt|p2a: Claydol
|-immune|p2a: Claydol
|
|-heal|p1a: Blissey|99/100|[from] item: Leftovers
|upkeep
|turn|12
|
|t:|1727990334
|switch|p2a: Salamence|Salamence, M|100/100
|-ability|p2a: Salamence|Intimidate|boost
|-unboost|p1a: Blissey|atk|1
|move|p1a: Blissey|Ice Beam|p2a: Salamence
|-supereffective|p2a: Salamence
|-damage|p2a: Salamence|0 fnt
|faint|p2a: Salamence
|
|t:|1727990340
|switch|p2a: Metagross|Metagross|82/100
|-damage|p2a: Metagross|70/100|[from] Spikes
|
|-heal|p1a: Blissey|100/100|[from] item: Leftovers
|upkeep
|turn|13
|
|t:|1727990345
|switch|p1a: Skarmory|Skarmory, M|71/100
|move|p2a: Metagross|Meteor Mash|p1a: Skarmory
|-resisted|p1a: Skarmory
|-damage|p1a: Skarmory|51/100
|
|-heal|p1a: Skarmory|57/100|[from] item: Leftovers
|upkeep
|turn|14
|
|t:|1727990349
|move|p1a: Skarmory|Protect|p1a: Skarmory
|-singleturn|p1a: Skarmory|Protect
|move|p2a: Metagross|Agility|p2a: Metagross
|-boost|p2a: Metagross|spe|2
|
|-heal|p1a: Skarmory|63/100|[from] item: Leftovers
|upkeep
|turn|15
|
|t:|1727990352
|move|p2a: Metagross|Meteor Mash|p1a: Skarmory
|-resisted|p1a: Skarmory
|-damage|p1a: Skarmory|42/100
|move|p1a: Skarmory|Whirlwind|p2a: Metagross
|drag|p2a: Suicune|Suicune|76/100
|-damage|p2a: Suicune|64/100|[from] Spikes
|
|-heal|p2a: Suicune|70/100|[from] item: Leftovers
|-heal|p1a: Skarmory|48/100|[from] item: Leftovers
|upkeep
|turn|16
|
|t:|1727990357
|switch|p1a: Blissey|Blissey, F|100/100
|move|p2a: Suicune|Surf|p1a: Blissey
|-damage|p1a: Blissey|88/100
|
|-heal|p2a: Suicune|76/100|[from] item: Leftovers
|-heal|p1a: Blissey|94/100|[from] item: Leftovers
|upkeep
|turn|17
|
|t:|1727990367
|switch|p2a: Snorlax|Snorlax, M|100/100
|-damage|p2a: Snorlax|88/100|[from] Spikes
|move|p1a: Blissey|Sing|p2a: Snorlax
|-status|p2a: Snorlax|slp|[from] move: Sing
|
|-heal|p1a: Blissey|100/100|[from] item: Leftovers
|-heal|p2a: Snorlax|94/100 slp|[from] item: Leftovers
|upkeep
|turn|18
|
|t:|1727990371
|switch|p1a: Metagross|Metagross|83/100
|switch|p2a: Metagross|Metagross|70/100
|-damage|p2a: Metagross|58/100|[from] Spikes
|
|-heal|p1a: Metagross|90/100|[from] item: Leftovers
|upkeep
|turn|19
|
|t:|1727990376
|switch|p1a: Skarmory|Skarmory, M|48/100
|move|p2a: Metagross|Earthquake|p1a: Skarmory
|-immune|p1a: Skarmory
|
|-heal|p1a: Skarmory|54/100|[from] item: Leftovers
|upkeep
|turn|20
|
|t:|1727990380
|move|p1a: Skarmory|Protect|p1a: Skarmory
|-singleturn|p1a: Skarmory|Protect
|move|p2a: Metagross|Meteor Mash|p1a: Skarmory
|-activate|p1a: Skarmory|Protect
|
|-heal|p1a: Skarmory|60/100|[from] item: Leftovers
|upkeep
|turn|21
|
|t:|1727990382
|move|p2a: Metagross|Explosion|p1a: Skarmory
|-resisted|p1a: Skarmory
|-damage|p1a: Skarmory|0 fnt
|faint|p2a: Metagross
|faint|p1a: Skarmory
|
|t:|1727990391
|switch|p2a: Blissey|Blissey, F|99/100
|switch|p1a: Gengar|Gengar, F|100/100
|-damage|p2a: Blissey|88/100|[from] Spikes
|
|-heal|p2a: Blissey|94/100|[from] item: Leftovers
|upkeep
|turn|22
|
|t:|1727990395
|switch|p1a: Metagross|Metagross|90/100
|move|p2a: Blissey|Thunderbolt|p1a: Metagross
|-damage|p1a: Metagross|64/100
|
|-heal|p1a: Metagross|71/100|[from] item: Leftovers
|-heal|p2a: Blissey|99/100|[from] item: Leftovers
|upkeep
|turn|23
|
|t:|1727990400
|switch|p2a: Suicune|Suicune|76/100
|-damage|p2a: Suicune|64/100|[from] Spikes
|move|p1a: Metagross|Meteor Mash|p2a: Suicune
|-resisted|p2a: Suicune
|-crit|p2a: Suicune
|-damage|p2a: Suicune|39/100
|
|-heal|p2a: Suicune|45/100|[from] item: Leftovers
|-heal|p1a: Metagross|77/100|[from] item: Leftovers
|upkeep
|turn|24
|
|t:|1727990403
|move|p2a: Suicune|Surf|p1a: Metagross
|-damage|p1a: Metagross|42/100
|move|p1a: Metagross|Psychic|p2a: Suicune
|-damage|p2a: Suicune|15/100
|
|-heal|p2a: Suicune|22/100|[from] item: Leftovers
|-heal|p1a: Metagross|48/100|[from] item: Leftovers
|upkeep
|turn|25
|
|t:|1727990409
|switch|p1a: Blissey|Blissey, F|100/100
|move|p2a: Suicune|Surf|p1a: Blissey
|-damage|p1a: Blissey|89/100
|
|-heal|p2a: Suicune|28/100|[from] item: Leftovers
|-heal|p1a: Blissey|95/100|[from] item: Leftovers
|upkeep
|turn|26
|
|t:|1727990413
|move|p2a: Suicune|Rest|p2a: Suicune
|-status|p2a: Suicune|slp|[from] move: Rest
|-heal|p2a: Suicune|100/100 slp|[silent]
|move|p1a: Blissey|Thunderbolt|p2a: Suicune
|-supereffective|p2a: Suicune
|-damage|p2a: Suicune|66/100 slp
|
|-heal|p2a: Suicune|72/100 slp|[from] item: Leftovers
|-heal|p1a: Blissey|100/100|[from] item: Leftovers
|upkeep
|turn|27
|
|t:|1727990414
|switch|p2a: Blissey|Blissey, F|99/100
|-damage|p2a: Blissey|88/100|[from] Spikes
|move|p1a: Blissey|Thunderbolt|p2a: Blissey
|-crit|p2a: Blissey
|-damage|p2a: Blissey|71/100
|
|-heal|p2a: Blissey|77/100|[from] item: Leftovers
|upkeep
|turn|28
|
|t:|1727990427
|switch|p1a: Zapdos|Zapdos|100/100
|move|p2a: Blissey|Heal Bell|p2a: Blissey
|-activate|p2a: Blissey|move: Heal Bell
|-curestatus|p2: Suicune|slp|[silent]
|-curestatus|p2: Snorlax|slp|[silent]
|
|-heal|p2a: Blissey|84/100|[from] item: Leftovers
|upkeep
|turn|29
|
|t:|1727990432
|move|p1a: Zapdos|Toxic|p2a: Blissey
|-status|p2a: Blissey|tox
|move|p2a: Blissey|Ice Beam|p1a: Zapdos
|-supereffective|p1a: Zapdos
|-damage|p1a: Zapdos|64/100
|
|-heal|p1a: Zapdos|70/100|[from] item: Leftovers
|-heal|p2a: Blissey|90/100 tox|[from] item: Leftovers
|-damage|p2a: Blissey|84/100 tox|[from] psn
|upkeep
|turn|30
|
|t:|1727990436
|-curestatus|p2a: Blissey|tox|[from] ability: Natural Cure
|switch|p2a: Claydol|Claydol|100/100
|move|p1a: Zapdos|Toxic|p2a: Claydol
|-status|p2a: Claydol|tox
|
|-heal|p1a: Zapdos|76/100|[from] item: Leftovers
|-damage|p2a: Claydol|94/100 tox|[from] psn
|upkeep
|turn|31
|
|t:|1727990442
|switch|p1a: Gengar|Gengar, F|100/100
|move|p2a: Claydol|Rapid Spin|p1a: Gengar
|-immune|p1a: Gengar
|
|-heal|p2a: Claydol|100/100 tox|[from] item: Leftovers
|-damage|p2a: Claydol|88/100 tox|[from] psn
|upkeep
|turn|32
|
|t:|1727990445
|move|p1a: Gengar|Ice Punch|p2a: Claydol
|-supereffective|p2a: Claydol
|-damage|p2a: Claydol|50/100 tox
|move|p2a: Claydol|Psychic|p1a: Gengar
|-supereffective|p1a: Gengar
|-damage|p1a: Gengar|45/100
|
|-heal|p1a: Gengar|52/100|[from] item: Leftovers
|-heal|p2a: Claydol|56/100 tox|[from] item: Leftovers
|-damage|p2a: Claydol|37/100 tox|[from] psn
|upkeep
|turn|33
|
|t:|1727990448
|switch|p2a: Blissey|Blissey, F|84/100
|-damage|p2a: Blissey|71/100|[from] Spikes
|move|p1a: Gengar|Ice Punch|p2a: Blissey
|-damage|p2a: Blissey|63/100
|
|-heal|p1a: Gengar|58/100|[from] item: Leftovers
|-heal|p2a: Blissey|69/100|[from] item: Leftovers
|upkeep
|turn|34
|
|t:|1727990455
|switch|p1a: Dugtrio|Dugtrio, F|100/100
|move|p2a: Blissey|Thunderbolt|p1a: Dugtrio
|-immune|p1a: Dugtrio
|
|-heal|p2a: Blissey|75/100|[from] item: Leftovers
|upkeep
|turn|35
|
|t:|1727990458
|move|p1a: Dugtrio|Earthquake|p2a: Blissey
|-damage|p2a: Blissey|13/100
|move|p2a: Blissey|Ice Beam|p1a: Dugtrio
|-supereffective|p1a: Dugtrio
|-damage|p1a: Dugtrio|0 fnt
|faint|p1a: Dugtrio
|
|t:|1727990464
|switch|p1a: Metagross|Metagross|48/100
|
|-heal|p1a: Metagross|54/100|[from] item: Leftovers
|-heal|p2a: Blissey|19/100|[from] item: Leftovers
|upkeep
|turn|36
|
|t:|1727990473
|switch|p2a: Suicune|Suicune|72/100
|-damage|p2a: Suicune|59/100|[from] Spikes
|move|p1a: Metagross|Psychic|p2a: Suicune
|-damage|p2a: Suicune|31/100
|
|-heal|p2a: Suicune|37/100|[from] item: Leftovers
|-heal|p1a: Metagross|60/100|[from] item: Leftovers
|upkeep
|turn|37
|
|t:|1727990478
|switch|p1a: Zapdos|Zapdos|76/100
|move|p2a: Suicune|Surf|p1a: Zapdos
|-damage|p1a: Zapdos|52/100
|
|-heal|p1a: Zapdos|58/100|[from] item: Leftovers
|-heal|p2a: Suicune|43/100|[from] item: Leftovers
|upkeep
|turn|38
|
|t:|1727990481
|switch|p2a: Claydol|Claydol|37/100 tox
|move|p1a: Zapdos|Thunderbolt|p2a: Claydol
|-immune|p2a: Claydol
|
|-heal|p1a: Zapdos|64/100|[from] item: Leftovers
|-heal|p2a: Claydol|43/100 tox|[from] item: Leftovers
|-damage|p2a: Claydol|37/100 tox|[from] psn
|upkeep
|turn|39
|
|t:|1727990486
|switch|p1a: Gengar|Gengar, F|58/100
|switch|p2a: Snorlax|Snorlax, M|94/100
|-damage|p2a: Snorlax|82/100|[from] Spikes
|
|-heal|p1a: Gengar|64/100|[from] item: Leftovers
|-heal|p2a: Snorlax|88/100|[from] item: Leftovers
|upkeep
|turn|40
|
|t:|1727990491
|move|p1a: Gengar|Will-O-Wisp|p2a: Snorlax
|-status|p2a: Snorlax|brn
|move|p2a: Snorlax|Shadow Ball|p1a: Gengar
|-supereffective|p1a: Gengar
|-damage|p1a: Gengar|28/100
|
|-heal|p1a: Gengar|34/100|[from] item: Leftovers
|-heal|p2a: Snorlax|94/100 brn|[from] item: Leftovers
|-damage|p2a: Snorlax|82/100 brn|[from] brn
|upkeep
|turn|41
|
|t:|1727990497
|switch|p1a: Zapdos|Zapdos|64/100
|move|p2a: Snorlax|Shadow Ball|p1a: Zapdos
|-damage|p1a: Zapdos|51/100
|
|-heal|p1a: Zapdos|57/100|[from] item: Leftovers
|-heal|p2a: Snorlax|88/100 brn|[from] item: Leftovers
|-damage|p2a: Snorlax|76/100 brn|[from] brn
|upkeep
|turn|42
|
|t:|1727990502
|move|p2a: Snorlax|Body Slam|p1a: Zapdos
|-damage|p1a: Zapdos|35/100
|move|p1a: Zapdos|Roar|p2a: Snorlax
|drag|p2a: Suicune|Suicune|43/100
|-damage|p2a: Suicune|31/100|[from] Spikes
|
|-heal|p1a: Zapdos|41/100|[from] item: Leftovers
|-heal|p2a: Suicune|37/100|[from] item: Leftovers
|upkeep
|turn|43
|
|t:|1727990506
|move|p1a: Zapdos|Thunderbolt|p2a: Suicune
|-supereffective|p2a: Suicune
|-damage|p2a: Suicune|0 fnt
|faint|p2a: Suicune
|
|t:|1727990511
|switch|p2a: Claydol|Claydol|37/100 tox
|
|-heal|p1a: Zapdos|47/100|[from] item: Leftovers
|-heal|p2a: Claydol|43/100 tox|[from] item: Leftovers
|-damage|p2a: Claydol|37/100 tox|[from] psn
|upkeep
|turn|44
|
|t:|1727990516
|switch|p1a: Blissey|Blissey, F|100/100
|move|p2a: Claydol|Explosion|p1a: Blissey
|-damage|p1a: Blissey|0 fnt
|faint|p2a: Claydol
|faint|p1a: Blissey
|
|t:|1727990521
|switch|p2a: Snorlax|Snorlax, M|76/100 brn
|switch|p1a: Metagross|Metagross|60/100
|-damage|p2a: Snorlax|63/100 brn|[from] Spikes
|
|-heal|p1a: Metagross|66/100|[from] item: Leftovers
|-heal|p2a: Snorlax|70/100 brn|[from] item: Leftovers
|-damage|p2a: Snorlax|57/100 brn|[from] brn
|upkeep
|turn|45
|
|t:|1727990525
|move|p1a: Metagross|Meteor Mash|p2a: Snorlax
|-damage|p2a: Snorlax|23/100 brn
|move|p2a: Snorlax|Self-Destruct|p1a: Metagross
|-resisted|p1a: Metagross
|-damage|p1a: Metagross|30/100
|faint|p2a: Snorlax
|
|t:|1727990527
|switch|p2a: Blissey|Blissey, F|19/100
|-damage|p2a: Blissey|7/100|[from] Spikes
|
|-heal|p1a: Metagross|36/100|[from] item: Leftovers
|-heal|p2a: Blissey|13/100|[from] item: Leftovers
|upkeep
|turn|46
|
|t:|1727990529
|move|p1a: Metagross|Explosion|p2a: Blissey
|-damage|p2a: Blissey|0 fnt
|faint|p1a: Metagross
|faint|p2a: Blissey
|
|win|BL0X
|c|☆BL0X|ggs
|c|☆13ased|Gg

</script>
<script type="application/json" class="data" id="replaydata-smogtours-gen3ou-794392">
{"id":"smogtours-gen3ou-794392","format":"[Gen 3] OU","players":["BL0X","13ased"],"uploadtime":1727990529,"views":95,"formatid":"gen3ou","rating":null,"private":0,"password":null}
</script>

<script defer src="js/replays.js?9d40a366"></script>
