<!DOCTYPE html>
<meta charset="utf-8" />
<meta name="viewport" content="width=device-width" />

<title>[Gen 3] OU: leoperi99 vs. Just_Leonardo - Replays - Pok&eacute;mon Showdown!</title>

<meta name="description" content="Watch a replay of a Pok&eacute;mon battle between leoperi99 and Just_Leonardo! Format: [Gen 3] OU; Date: Oct 8, 2024" />
<!--

Hey, you! Looking in the source for the replay log?

You can find them in JSON format, just add `.json` at the end of a replay URL.

https://replay.pokemonshowdown.com/gen7randomdoublesbattle-865046831.json

Or, if you only need the log itself, add `.log` instead:

https://replay.pokemonshowdown.com/gen7randomdoublesbattle-865046831.log

-->

<link rel="stylesheet" href="//pokemonshowdown.com/style/global.css?0.767286132409787" />
<link rel="stylesheet" href="//play.pokemonshowdown.com/style/font-awesome.css?0.9266228007934947" />
<link rel="stylesheet" href="//play.pokemonshowdown.com/style/battle.css?0.7924700842790926" />
<link rel="stylesheet" href="//play.pokemonshowdown.com/style/utilichart.css?0.8777417872839479" />

<!-- Global site tag (gtag.js) - Google Analytics -->
<script async src="https://www.googletagmanager.com/gtag/js?id=UA-26211653-1"></script>
<script>
  window.dataLayer = window.dataLayer || [];
  function gtag(){dataLayer.push(arguments);}
  gtag('js', new Date());

  gtag('config', 'UA-26211653-1');
</script>
<!-- End Google Analytics -->
<!-- Venatus Ad Manager - Install in <HEAD> of page -->
	<script src="https://hb.vntsm.com/v3/live/ad-manager.min.js" type="text/javascript" data-site-id="642aba63ec9a7b11c3c9c1be" data-mode="scan" async></script>
<!-- / Venatus Ad Manager -->

<style>
	@media (max-width:820px) {
		.battle {
			margin: 0 auto;
		}
		.battle-log {
			margin: 7px auto 0;
			max-width: 640px;
			height: 300px;
			position: static;
		}
	}
	.optgroup {
		display: inline-block;
		line-height: 22px;
		font-size: 10pt;
	}
	.optgroup .button {
		height: 25px;
		padding-top: 0;
		padding-bottom: 0;
	}
	.optgroup button.button {
		padding-left: 12px;
		padding-right: 12px;
	}
	.linklist {
		list-style: none;
		margin: 0.5em 0;
		padding: 0;
	}
	.linklist li {
		padding: 2px 0;
	}
	.sidebar {
		float: left;
		width: 320px;
	}
	.bar-wrapper {
		max-width: 1100px;
		margin: 0 auto;
	}
	.bar-wrapper.has-sidebar {
		max-width: 1430px;
	}
	.mainbar {
		margin: 0;
		padding-right: 1px;
	}
	.mainbar.has-sidebar {
		margin-left: 330px;
	}
	@media (min-width: 1511px) {
		.sidebar {
			width: 400px;
		}
		.bar-wrapper.has-sidebar {
			max-width: 1510px;
		}
		.mainbar.has-sidebar {
			margin-left: 410px;
		}
	}
	.section.first-section {
		margin-top: 9px;
	}
	.blocklink small {
		white-space: normal;
	}
	.button {
		vertical-align: middle;
	}
	.replay-controls {
		padding-top: 10px;
	}
	.replay-controls h1 {
		font-size: 16pt;
		font-weight: normal;
		color: #CCC;
	}
	.pagelink {
		text-align: center;
	}
	.pagelink a {
		width: 150px;
	}
	.textbox, .button {
		font-size: 11pt;
		vertical-align: middle;
	}
	@media (max-width: 450px) {
		.button {
			font-size: 9pt;
		}
	}
</style>

<div>

	<header>
		<div class="nav-wrapper"><ul class="nav">
			<li><a class="button nav-first" href="//pokemonshowdown.com/"><img src="//pokemonshowdown.com/images/pokemonshowdownbeta.png" srcset="//pokemonshowdown.com/images/pokemonshowdownbeta.png 1x, //pokemonshowdown.com/images/pokemonshowdownbeta@2x.png 2x" alt="Pok&eacute;mon Showdown" width="146" height="44" /> Home</a></li>
			<li><a class="button" href="//pokemonshowdown.com/dex/">Pok&eacute;dex</a></li>
			<li><a class="button cur" href="/">Replays</a></li>
			<li><a class="button" href="//pokemonshowdown.com/ladder/">Ladder</a></li>
			<li><a class="button nav-last" href="//pokemonshowdown.com/forums/">Forum</a></li>
			<li><a class="button greenbutton nav-first nav-last" href="//play.pokemonshowdown.com/">Play</a></li>
		</ul></div>
	</header>

	<div class="main" id="main">

		<noscript><section class="section">You need to enable JavaScript to use this page; sorry!</section></noscript>

	</div>

</div>

<script defer nomodule src="//play.pokemonshowdown.com/js/lib/ps-polyfill.js"></script>
<script defer src="//play.pokemonshowdown.com/js/lib/preact.min.js"></script>

<script defer src="//play.pokemonshowdown.com/config/config.js?6dec07f6"></script>
<script defer src="//play.pokemonshowdown.com/js/lib/jquery-1.11.0.min.js"></script>
<script defer src="//play.pokemonshowdown.com/js/lib/html-sanitizer-minified.js"></script>
<script defer src="//play.pokemonshowdown.com/js/battle-sound.js"></script>
<script defer src="//play.pokemonshowdown.com/js/battledata.js?0.6315294753075389"></script>
<script defer src="//play.pokemonshowdown.com/data/pokedex-mini.js?0.7603743185311358"></script>
<script defer src="//play.pokemonshowdown.com/data/pokedex-mini-bw.js?0.030888842834281283"></script>
<script defer src="//play.pokemonshowdown.com/data/graphics.js?0.05593094747507488"></script>
<script defer src="//play.pokemonshowdown.com/data/pokedex.js?0.47064822249611904"></script>
<script defer src="//play.pokemonshowdown.com/data/moves.js?0.8583693120512459"></script>
<script defer src="//play.pokemonshowdown.com/data/abilities.js?0.16017181182386842"></script>
<script defer src="//play.pokemonshowdown.com/data/items.js?0.4163379185673943"></script>
<script defer src="//play.pokemonshowdown.com/data/teambuilder-tables.js?0.31075597372830477"></script>
<script defer src="//play.pokemonshowdown.com/js/battle-tooltips.js?0.6536193500708172"></script>
<script defer src="//play.pokemonshowdown.com/js/battle.js?0.1916591943277901"></script>

<script defer src="js/utils.js?e31f9a17"></script>
<script defer src="js/replays-battle.js?7008c182"></script>

<!-- don't scrape this data! just add .json or .log after the URL!
Full API docs: https://github.com/smogon/pokemon-showdown-client/blob/master/WEB-API.md -->
<script type="text/plain" class="log" id="replaylog-smogtours-gen3ou-796421">
|inactive|Battle timer is ON: inactive players will automatically lose when time's up.
|t:|1728410505
|gametype|singles
|player|p1|leoperi99|hala|
|player|p2|Just_Leonardo|hiker-gen4|
|teamsize|p1|6
|teamsize|p2|6
|gen|3
|tier|[Gen 3] OU
|rule|Sleep Clause Mod: Limit one foe put to sleep
|rule|Switch Priority Clause Mod: Faster Pokémon switch first
|rule|Species Clause: Limit one of each Pokémon
|rule|OHKO Clause: OHKO moves are banned
|rule|Evasion Items Clause: Evasion items are banned
|rule|Evasion Moves Clause: Evasion moves are banned
|rule|Endless Battle Clause: Forcing endless battles is banned
|rule|HP Percentage Mod: HP is shown in percentages
|rule|One Boost Passer Clause: Limit one Baton Passer that has a way to boost its stats
|rule|Freeze Clause Mod: Limit one foe frozen
|
|t:|1728410505
|start
|switch|p1a: Tyranitar|Tyranitar, F|100/100
|switch|p2a: V|Skarmory, F|100/100
|-weather|Sandstorm|[from] ability: Sand Stream|[of] p1a: Tyranitar
|turn|1
|c|☆leoperi99|alr let me link
|c|☆Just_Leonardo|Yep
|c|☆Just_Leonardo|Hf
|inactive|Just_Leonardo has 270 seconds left.
|c|☆leoperi99|u2
|
|t:|1728410548
|switch|p1a: Skarmory|Skarmory, F|100/100
|move|p2a: V|Spikes|p1a: Skarmory
|-sidestart|p1: leoperi99|Spikes
|
|-weather|Sandstorm|[upkeep]
|upkeep
|turn|2
|
|t:|1728410563
|switch|p2a: Stella|Starmie|100/100
|move|p1a: Skarmory|Taunt|p2a: Stella
|-start|p2a: Stella|move: Taunt
|
|-weather|Sandstorm|[upkeep]
|-damage|p2a: Stella|94/100|[from] Sandstorm
|-heal|p2a: Stella|100/100|[from] item: Leftovers
|upkeep
|turn|3
|
|t:|1728410571
|switch|p1a: Blissey|Blissey, F|100/100
|-damage|p1a: Blissey|88/100|[from] Spikes
|move|p2a: Stella|Surf|p1a: Blissey
|-damage|p1a: Blissey|75/100
|
|-weather|Sandstorm|[upkeep]
|-damage|p2a: Stella|94/100|[from] Sandstorm
|-damage|p1a: Blissey|69/100|[from] Sandstorm
|-heal|p2a: Stella|100/100|[from] item: Leftovers
|-end|p2a: Stella|move: Taunt|[silent]
|-heal|p1a: Blissey|75/100|[from] item: Leftovers
|upkeep
|turn|4
|
|t:|1728410579
|switch|p2a: Joy|Blissey, F|100/100
|move|p1a: Blissey|Ice Beam|p2a: Joy
|-crit|p2a: Joy
|-damage|p2a: Joy|83/100
|
|-weather|Sandstorm|[upkeep]
|-damage|p2a: Joy|77/100|[from] Sandstorm
|-damage|p1a: Blissey|69/100|[from] Sandstorm
|-heal|p2a: Joy|83/100|[from] item: Leftovers
|-heal|p1a: Blissey|75/100|[from] item: Leftovers
|upkeep
|turn|5
|
|t:|1728410584
|move|p2a: Joy|Thunder Wave|p1a: Blissey
|-status|p1a: Blissey|par
|cant|p1a: Blissey|par
|
|-weather|Sandstorm|[upkeep]
|-damage|p2a: Joy|77/100|[from] Sandstorm
|-damage|p1a: Blissey|69/100 par|[from] Sandstorm
|-heal|p2a: Joy|83/100|[from] item: Leftovers
|-heal|p1a: Blissey|75/100 par|[from] item: Leftovers
|upkeep
|turn|6
|
|t:|1728410588
|move|p2a: Joy|Thunder Wave|p1a: Blissey
|-fail|p1a: Blissey|par
|move|p1a: Blissey|Toxic|p2a: Joy
|-status|p2a: Joy|tox
|
|-weather|Sandstorm|[upkeep]
|-damage|p2a: Joy|77/100 tox|[from] Sandstorm
|-damage|p1a: Blissey|69/100 par|[from] Sandstorm
|-heal|p2a: Joy|83/100 tox|[from] item: Leftovers
|-damage|p2a: Joy|77/100 tox|[from] psn
|-heal|p1a: Blissey|75/100 par|[from] item: Leftovers
|upkeep
|turn|7
|
|t:|1728410595
|-curestatus|p2a: Joy|tox|[from] ability: Natural Cure
|switch|p2a: Stella|Starmie|100/100
|move|p1a: Blissey|Soft-Boiled|p1a: Blissey
|-heal|p1a: Blissey|100/100 par
|
|-weather|Sandstorm|[upkeep]
|-damage|p2a: Stella|94/100|[from] Sandstorm
|-damage|p1a: Blissey|94/100 par|[from] Sandstorm
|-heal|p2a: Stella|100/100|[from] item: Leftovers
|-heal|p1a: Blissey|100/100 par|[from] item: Leftovers
|upkeep
|turn|8
|
|t:|1728410599
|switch|p2a: Joy|Blissey, F|77/100
|move|p1a: Blissey|Toxic|p2a: Joy
|-status|p2a: Joy|tox
|
|-weather|Sandstorm|[upkeep]
|-damage|p2a: Joy|71/100 tox|[from] Sandstorm
|-damage|p1a: Blissey|94/100 par|[from] Sandstorm
|-heal|p2a: Joy|77/100 tox|[from] item: Leftovers
|-damage|p2a: Joy|71/100 tox|[from] psn
|-heal|p1a: Blissey|100/100 par|[from] item: Leftovers
|upkeep
|turn|9
|
|t:|1728410610
|-curestatus|p1a: Blissey|par|[from] ability: Natural Cure
|switch|p1a: Swampert|Swampert, F|100/100
|-damage|p1a: Swampert|88/100|[from] Spikes
|move|p2a: Joy|Soft-Boiled|p2a: Joy
|-heal|p2a: Joy|100/100 tox
|
|-weather|Sandstorm|[upkeep]
|-damage|p2a: Joy|94/100 tox|[from] Sandstorm
|-heal|p2a: Joy|100/100 tox|[from] item: Leftovers
|-damage|p2a: Joy|88/100 tox|[from] psn
|-heal|p1a: Swampert|94/100|[from] item: Leftovers
|upkeep
|turn|10
|
|t:|1728410615
|-curestatus|p2a: Joy|tox|[from] ability: Natural Cure
|switch|p2a: pkLeech(seed)|Celebi|100/100
|move|p1a: Swampert|Hydro Pump|p2a: pkLeech(seed)
|-resisted|p2a: pkLeech(seed)
|-damage|p2a: pkLeech(seed)|85/100
|
|-weather|Sandstorm|[upkeep]
|-damage|p2a: pkLeech(seed)|79/100|[from] Sandstorm
|-heal|p2a: pkLeech(seed)|85/100|[from] item: Leftovers
|-heal|p1a: Swampert|100/100|[from] item: Leftovers
|upkeep
|turn|11
|
|t:|1728410622
|switch|p1a: Skarmory|Skarmory, F|100/100
|move|p2a: pkLeech(seed)|Leech Seed|p1a: Skarmory
|-start|p1a: Skarmory|move: Leech Seed
|
|-weather|Sandstorm|[upkeep]
|-damage|p2a: pkLeech(seed)|79/100|[from] Sandstorm
|-heal|p2a: pkLeech(seed)|85/100|[from] item: Leftovers
|-damage|p1a: Skarmory|88/100|[from] Leech Seed|[of] p2a: pkLeech(seed)
|-heal|p2a: pkLeech(seed)|95/100|[silent]
|upkeep
|turn|12
|
|t:|1728410631
|switch|p2a: Stella|Starmie|100/100
|move|p1a: Skarmory|Spikes|p2a: Stella
|-sidestart|p2: Just_Leonardo|Spikes
|
|-weather|Sandstorm|[upkeep]
|-damage|p2a: Stella|94/100|[from] Sandstorm
|-heal|p2a: Stella|100/100|[from] item: Leftovers
|-heal|p1a: Skarmory|94/100|[from] item: Leftovers
|-damage|p1a: Skarmory|82/100|[from] Leech Seed|[of] p2a: Stella
|upkeep
|turn|13
|
|t:|1728410635
|switch|p1a: Blissey|Blissey, F|100/100
|-damage|p1a: Blissey|88/100|[from] Spikes
|move|p2a: Stella|Rapid Spin|p1a: Blissey
|-damage|p1a: Blissey|85/100
|-sideend|p2: Just_Leonardo|Spikes|[from] move: Rapid Spin|[of] p2a: Stella
|
|-weather|Sandstorm|[upkeep]
|-damage|p2a: Stella|94/100|[from] Sandstorm
|-damage|p1a: Blissey|79/100|[from] Sandstorm
|-heal|p2a: Stella|100/100|[from] item: Leftovers
|-heal|p1a: Blissey|85/100|[from] item: Leftovers
|upkeep
|turn|14
|
|t:|1728410650
|move|p2a: Stella|Thunder Wave|p1a: Blissey
|-status|p1a: Blissey|par
|move|p1a: Blissey|Seismic Toss|p2a: Stella
|-damage|p2a: Stella|70/100
|
|-weather|Sandstorm|[upkeep]
|-damage|p2a: Stella|63/100|[from] Sandstorm
|-damage|p1a: Blissey|79/100 par|[from] Sandstorm
|-heal|p2a: Stella|70/100|[from] item: Leftovers
|-heal|p1a: Blissey|85/100 par|[from] item: Leftovers
|upkeep
|turn|15
|
|t:|1728410658
|move|p2a: Stella|Recover|p2a: Stella
|-heal|p2a: Stella|100/100
|move|p1a: Blissey|Seismic Toss|p2a: Stella
|-damage|p2a: Stella|70/100
|
|-weather|Sandstorm|[upkeep]
|-damage|p2a: Stella|63/100|[from] Sandstorm
|-damage|p1a: Blissey|79/100 par|[from] Sandstorm
|-heal|p2a: Stella|70/100|[from] item: Leftovers
|-heal|p1a: Blissey|85/100 par|[from] item: Leftovers
|upkeep
|turn|16
|
|t:|1728410663
|move|p2a: Stella|Recover|p2a: Stella
|-heal|p2a: Stella|100/100
|move|p1a: Blissey|Toxic|p2a: Stella
|-status|p2a: Stella|tox
|
|-weather|Sandstorm|[upkeep]
|-damage|p2a: Stella|94/100 tox|[from] Sandstorm
|-damage|p1a: Blissey|79/100 par|[from] Sandstorm
|-heal|p2a: Stella|100/100 tox|[from] item: Leftovers
|-damage|p2a: Stella|94/100 tox|[from] psn
|-heal|p1a: Blissey|85/100 par|[from] item: Leftovers
|upkeep
|turn|17
|
|t:|1728410668
|-curestatus|p2a: Stella|tox|[from] ability: Natural Cure
|switch|p2a: Joy|Blissey, F|88/100
|move|p1a: Blissey|Seismic Toss|p2a: Joy
|-damage|p2a: Joy|73/100
|
|-weather|Sandstorm|[upkeep]
|-damage|p2a: Joy|67/100|[from] Sandstorm
|-damage|p1a: Blissey|79/100 par|[from] Sandstorm
|-heal|p2a: Joy|73/100|[from] item: Leftovers
|-heal|p1a: Blissey|85/100 par|[from] item: Leftovers
|upkeep
|turn|18
|
|t:|1728410680
|-curestatus|p1a: Blissey|par|[from] ability: Natural Cure
|switch|p1a: Skarmory|Skarmory, F|82/100
|move|p2a: Joy|Thunder Wave|p1a: Skarmory
|-status|p1a: Skarmory|par
|
|-weather|Sandstorm|[upkeep]
|-damage|p2a: Joy|67/100|[from] Sandstorm
|-heal|p2a: Joy|73/100|[from] item: Leftovers
|-heal|p1a: Skarmory|88/100 par|[from] item: Leftovers
|upkeep
|turn|19
|
|t:|1728410685
|switch|p2a: Stella|Starmie|94/100
|move|p1a: Skarmory|Spikes|p2a: Stella
|-sidestart|p2: Just_Leonardo|Spikes
|
|-weather|Sandstorm|[upkeep]
|-damage|p2a: Stella|88/100|[from] Sandstorm
|-heal|p2a: Stella|94/100|[from] item: Leftovers
|-heal|p1a: Skarmory|94/100 par|[from] item: Leftovers
|upkeep
|turn|20
|
|t:|1728410688
|move|p2a: Stella|Rapid Spin|p1a: Skarmory
|-resisted|p1a: Skarmory
|-damage|p1a: Skarmory|93/100 par
|-sideend|p2: Just_Leonardo|Spikes|[from] move: Rapid Spin|[of] p2a: Stella
|cant|p1a: Skarmory|par
|
|-weather|Sandstorm|[upkeep]
|-damage|p2a: Stella|88/100|[from] Sandstorm
|-heal|p2a: Stella|94/100|[from] item: Leftovers
|-heal|p1a: Skarmory|99/100 par|[from] item: Leftovers
|upkeep
|turn|21
|
|t:|1728410691
|switch|p1a: Blissey|Blissey, F|85/100
|-damage|p1a: Blissey|73/100|[from] Spikes
|move|p2a: Stella|Surf|p1a: Blissey
|-damage|p1a: Blissey|58/100
|
|-weather|Sandstorm|[upkeep]
|-damage|p2a: Stella|88/100|[from] Sandstorm
|-damage|p1a: Blissey|52/100|[from] Sandstorm
|-heal|p2a: Stella|94/100|[from] item: Leftovers
|-heal|p1a: Blissey|58/100|[from] item: Leftovers
|upkeep
|turn|22
|
|t:|1728410699
|switch|p2a: V|Skarmory, F|100/100
|move|p1a: Blissey|Soft-Boiled|p1a: Blissey
|-heal|p1a: Blissey|100/100
|
|-weather|Sandstorm|[upkeep]
|-damage|p1a: Blissey|94/100|[from] Sandstorm
|-heal|p1a: Blissey|100/100|[from] item: Leftovers
|upkeep
|turn|23
|
|t:|1728410707
|move|p2a: V|Spikes|p1a: Blissey
|-sidestart|p1: leoperi99|Spikes
|move|p1a: Blissey|Ice Beam|p2a: V
|-damage|p2a: V|80/100
|
|-weather|Sandstorm|[upkeep]
|-damage|p1a: Blissey|94/100|[from] Sandstorm
|-heal|p2a: V|86/100|[from] item: Leftovers
|-heal|p1a: Blissey|100/100|[from] item: Leftovers
|upkeep
|turn|24
|
|t:|1728410716
|move|p2a: V|Spikes|p1a: Blissey
|-sidestart|p1: leoperi99|Spikes
|move|p1a: Blissey|Ice Beam|p2a: V
|-damage|p2a: V|64/100
|
|-weather|Sandstorm|[upkeep]
|-damage|p1a: Blissey|94/100|[from] Sandstorm
|-heal|p2a: V|70/100|[from] item: Leftovers
|-heal|p1a: Blissey|100/100|[from] item: Leftovers
|upkeep
|turn|25
|
|t:|1728410721
|move|p2a: V|Protect|p2a: V
|-singleturn|p2a: V|Protect
|move|p1a: Blissey|Ice Beam|p2a: V
|-activate|p2a: V|Protect
|
|-weather|Sandstorm|[upkeep]
|-damage|p1a: Blissey|94/100|[from] Sandstorm
|-heal|p2a: V|76/100|[from] item: Leftovers
|-heal|p1a: Blissey|100/100|[from] item: Leftovers
|upkeep
|turn|26
|
|t:|1728410725
|switch|p2a: Joy|Blissey, F|73/100
|switch|p1a: Moltres|Moltres|100/100
|
|-weather|Sandstorm|[upkeep]
|-damage|p1a: Moltres|94/100|[from] Sandstorm
|-damage|p2a: Joy|67/100|[from] Sandstorm
|-heal|p1a: Moltres|100/100|[from] item: Leftovers
|-heal|p2a: Joy|73/100|[from] item: Leftovers
|upkeep
|turn|27
|
|t:|1728410728
|switch|p1a: Skarmory|Skarmory, F|99/100 par
|move|p2a: Joy|Soft-Boiled|p2a: Joy
|-heal|p2a: Joy|100/100
|
|-weather|Sandstorm|[upkeep]
|-damage|p2a: Joy|94/100|[from] Sandstorm
|-heal|p2a: Joy|100/100|[from] item: Leftovers
|-heal|p1a: Skarmory|100/100 par|[from] item: Leftovers
|upkeep
|turn|28
|
|t:|1728410732
|switch|p2a: Stella|Starmie|94/100
|move|p1a: Skarmory|Toxic|p2a: Stella
|-status|p2a: Stella|tox
|
|-weather|Sandstorm|[upkeep]
|-damage|p2a: Stella|88/100 tox|[from] Sandstorm
|-heal|p2a: Stella|94/100 tox|[from] item: Leftovers
|-damage|p2a: Stella|88/100 tox|[from] psn
|upkeep
|turn|29
|
|t:|1728410743
|switch|p1a: Blissey|Blissey, F|100/100
|-damage|p1a: Blissey|76/100|[from] Spikes
|move|p2a: Stella|Surf|p1a: Blissey
|-damage|p1a: Blissey|62/100
|
|-weather|Sandstorm|[upkeep]
|-damage|p2a: Stella|82/100 tox|[from] Sandstorm
|-damage|p1a: Blissey|56/100|[from] Sandstorm
|-heal|p2a: Stella|88/100 tox|[from] item: Leftovers
|-damage|p2a: Stella|76/100 tox|[from] psn
|-heal|p1a: Blissey|62/100|[from] item: Leftovers
|upkeep
|turn|30
|
|t:|1728410746
|-curestatus|p2a: Stella|tox|[from] ability: Natural Cure
|switch|p2a: Joy|Blissey, F|100/100
|move|p1a: Blissey|Soft-Boiled|p1a: Blissey
|-heal|p1a: Blissey|100/100
|
|-weather|Sandstorm|[upkeep]
|-damage|p2a: Joy|94/100|[from] Sandstorm
|-damage|p1a: Blissey|94/100|[from] Sandstorm
|-heal|p2a: Joy|100/100|[from] item: Leftovers
|-heal|p1a: Blissey|100/100|[from] item: Leftovers
|upkeep
|turn|31
|
|t:|1728410753
|move|p2a: Joy|Thunder Wave|p1a: Blissey
|-status|p1a: Blissey|par
|move|p1a: Blissey|Toxic|p2a: Joy
|-status|p2a: Joy|tox
|
|-weather|Sandstorm|[upkeep]
|-damage|p2a: Joy|94/100 tox|[from] Sandstorm
|-damage|p1a: Blissey|94/100 par|[from] Sandstorm
|-heal|p2a: Joy|100/100 tox|[from] item: Leftovers
|-damage|p2a: Joy|94/100 tox|[from] psn
|-heal|p1a: Blissey|100/100 par|[from] item: Leftovers
|upkeep
|turn|32
|
|t:|1728410760
|move|p2a: Joy|Seismic Toss|p1a: Blissey
|-damage|p1a: Blissey|85/100 par
|move|p1a: Blissey|Seismic Toss|p2a: Joy
|-damage|p2a: Joy|79/100 tox
|
|-weather|Sandstorm|[upkeep]
|-damage|p2a: Joy|73/100 tox|[from] Sandstorm
|-damage|p1a: Blissey|79/100 par|[from] Sandstorm
|-heal|p2a: Joy|79/100 tox|[from] item: Leftovers
|-damage|p2a: Joy|67/100 tox|[from] psn
|-heal|p1a: Blissey|85/100 par|[from] item: Leftovers
|upkeep
|turn|33
|
|t:|1728410764
|-curestatus|p1a: Blissey|par|[from] ability: Natural Cure
|switch|p1a: Aerodactyl|Aerodactyl, F|100/100
|move|p2a: Joy|Soft-Boiled|p2a: Joy
|-heal|p2a: Joy|100/100 tox
|
|-weather|Sandstorm|[upkeep]
|-damage|p2a: Joy|94/100 tox|[from] Sandstorm
|-heal|p2a: Joy|100/100 tox|[from] item: Leftovers
|-damage|p2a: Joy|82/100 tox|[from] psn
|upkeep
|turn|34
|
|t:|1728410776
|-curestatus|p2a: Joy|tox|[from] ability: Natural Cure
|switch|p2a: Cogito|Metagross, shiny|100/100
|move|p1a: Aerodactyl|Rock Slide|p2a: Cogito
|-resisted|p2a: Cogito
|-damage|p2a: Cogito|82/100
|
|-weather|Sandstorm|[upkeep]
|-heal|p2a: Cogito|88/100|[from] item: Leftovers
|upkeep
|turn|35
|
|t:|1728410787
|switch|p1a: Swampert|Swampert, F|100/100
|-damage|p1a: Swampert|76/100|[from] Spikes
|move|p2a: Cogito|Meteor Mash|p1a: Swampert
|-resisted|p1a: Swampert
|-damage|p1a: Swampert|56/100
|
|-weather|Sandstorm|[upkeep]
|-heal|p2a: Cogito|94/100|[from] item: Leftovers
|-heal|p1a: Swampert|62/100|[from] item: Leftovers
|upkeep
|turn|36
|
|t:|1728410797
|move|p2a: Cogito|Protect|p2a: Cogito
|-singleturn|p2a: Cogito|Protect
|move|p1a: Swampert|Ice Beam|p2a: Cogito
|-activate|p2a: Cogito|Protect
|
|-weather|Sandstorm|[upkeep]
|-heal|p2a: Cogito|99/100|[from] item: Leftovers
|-heal|p1a: Swampert|68/100|[from] item: Leftovers
|upkeep
|turn|37
|
|t:|1728410804
|switch|p2a: V|Skarmory, F|76/100
|move|p1a: Swampert|Protect||[still]
|-fail|p1a: Swampert
|
|-weather|Sandstorm|[upkeep]
|-heal|p2a: V|82/100|[from] item: Leftovers
|-heal|p1a: Swampert|75/100|[from] item: Leftovers
|upkeep
|turn|38
|
|t:|1728410812
|move|p1a: Swampert|Protect|p1a: Swampert
|-singleturn|p1a: Swampert|Protect
|move|p2a: V|Roar|p1a: Swampert
|-activate|p1a: Swampert|Protect
|
|-weather|Sandstorm|[upkeep]
|-heal|p2a: V|88/100|[from] item: Leftovers
|-heal|p1a: Swampert|81/100|[from] item: Leftovers
|upkeep
|turn|39
|
|t:|1728410818
|switch|p2a: pkLeech(seed)|Celebi|95/100
|move|p1a: Swampert|Protect||[still]
|-fail|p1a: Swampert
|
|-weather|Sandstorm|[upkeep]
|-damage|p2a: pkLeech(seed)|89/100|[from] Sandstorm
|-heal|p2a: pkLeech(seed)|95/100|[from] item: Leftovers
|-heal|p1a: Swampert|87/100|[from] item: Leftovers
|upkeep
|turn|40
|
|t:|1728410825
|switch|p1a: Skarmory|Skarmory, F|100/100 par
|move|p2a: pkLeech(seed)|Leech Seed|p1a: Skarmory
|-start|p1a: Skarmory|move: Leech Seed
|
|-weather|Sandstorm|[upkeep]
|-damage|p2a: pkLeech(seed)|89/100|[from] Sandstorm
|-heal|p2a: pkLeech(seed)|95/100|[from] item: Leftovers
|-damage|p1a: Skarmory|88/100 par|[from] Leech Seed|[of] p2a: pkLeech(seed)
|-heal|p2a: pkLeech(seed)|100/100|[silent]
|upkeep
|turn|41
|
|t:|1728410839
|switch|p2a: Stella|Starmie|76/100
|switch|p1a: Aerodactyl|Aerodactyl, F|100/100
|
|-weather|Sandstorm|[upkeep]
|-damage|p2a: Stella|70/100|[from] Sandstorm
|-heal|p2a: Stella|76/100|[from] item: Leftovers
|upkeep
|turn|42
|
|t:|1728410862
|switch|p2a: V|Skarmory, F|88/100
|move|p1a: Aerodactyl|Double-Edge|p2a: V
|-resisted|p2a: V
|-damage|p2a: V|67/100
|
|-weather|Sandstorm|[upkeep]
|-heal|p2a: V|73/100|[from] item: Leftovers
|upkeep
|turn|43
|
|t:|1728410887
|switch|p1a: Skarmory|Skarmory, F|88/100 par
|move|p2a: V|Roar|p1a: Skarmory
|drag|p1a: Moltres|Moltres|100/100
|
|-weather|Sandstorm|[upkeep]
|-damage|p1a: Moltres|94/100|[from] Sandstorm
|-heal|p1a: Moltres|100/100|[from] item: Leftovers
|-heal|p2a: V|79/100|[from] item: Leftovers
|upkeep
|turn|44
|
|t:|1728410892
|move|p2a: V|Protect|p2a: V
|-singleturn|p2a: V|Protect
|move|p1a: Moltres|Will-O-Wisp|p2a: V
|-activate|p2a: V|Protect
|
|-weather|Sandstorm|[upkeep]
|-damage|p1a: Moltres|94/100|[from] Sandstorm
|-heal|p1a: Moltres|100/100|[from] item: Leftovers
|-heal|p2a: V|85/100|[from] item: Leftovers
|upkeep
|turn|45
|
|t:|1728410899
|switch|p2a: Joy|Blissey, F|82/100
|move|p1a: Moltres|Will-O-Wisp|p2a: Joy
|-status|p2a: Joy|brn
|
|-weather|Sandstorm|[upkeep]
|-damage|p1a: Moltres|94/100|[from] Sandstorm
|-damage|p2a: Joy|76/100 brn|[from] Sandstorm
|-heal|p1a: Moltres|100/100|[from] item: Leftovers
|-heal|p2a: Joy|82/100 brn|[from] item: Leftovers
|-damage|p2a: Joy|70/100 brn|[from] brn
|upkeep
|turn|46
|
|t:|1728410904
|switch|p1a: Skarmory|Skarmory, F|88/100 par
|-curestatus|p2a: Joy|brn|[from] ability: Natural Cure
|switch|p2a: Stella|Starmie|76/100
|
|-weather|Sandstorm|[upkeep]
|-damage|p2a: Stella|70/100|[from] Sandstorm
|-heal|p2a: Stella|76/100|[from] item: Leftovers
|-heal|p1a: Skarmory|94/100 par|[from] item: Leftovers
|upkeep
|turn|47
|
|t:|1728410908
|switch|p1a: Blissey|Blissey, F|85/100
|-damage|p1a: Blissey|60/100|[from] Spikes
|move|p2a: Stella|Recover|p2a: Stella
|-heal|p2a: Stella|100/100
|
|-weather|Sandstorm|[upkeep]
|-damage|p2a: Stella|94/100|[from] Sandstorm
|-damage|p1a: Blissey|54/100|[from] Sandstorm
|-heal|p2a: Stella|100/100|[from] item: Leftovers
|-heal|p1a: Blissey|60/100|[from] item: Leftovers
|upkeep
|turn|48
|
|t:|1728410912
|switch|p2a: Cogito|Metagross, shiny|99/100
|move|p1a: Blissey|Soft-Boiled|p1a: Blissey
|-heal|p1a: Blissey|100/100
|
|-weather|Sandstorm|[upkeep]
|-damage|p1a: Blissey|94/100|[from] Sandstorm
|-heal|p2a: Cogito|100/100|[from] item: Leftovers
|-heal|p1a: Blissey|100/100|[from] item: Leftovers
|upkeep
|turn|49
|
|t:|1728410922
|switch|p2a: Drake|Salamence, M|100/100
|-ability|p2a: Drake|Intimidate|boost
|-unboost|p1a: Blissey|atk|1
|switch|p1a: Skarmory|Skarmory, F|94/100 par
|
|-weather|Sandstorm|[upkeep]
|-damage|p2a: Drake|94/100|[from] Sandstorm
|-heal|p2a: Drake|100/100|[from] item: Leftovers
|-heal|p1a: Skarmory|99/100 par|[from] item: Leftovers
|upkeep
|turn|50
|
|t:|1728410925
|move|p2a: Drake|Fire Blast|p1a: Skarmory
|-supereffective|p1a: Skarmory
|-damage|p1a: Skarmory|12/100 par
|move|p1a: Skarmory|Toxic|p2a: Drake
|-status|p2a: Drake|tox
|
|-weather|Sandstorm|[upkeep]
|-damage|p2a: Drake|94/100 tox|[from] Sandstorm
|-heal|p2a: Drake|100/100 tox|[from] item: Leftovers
|-damage|p2a: Drake|94/100 tox|[from] psn
|-heal|p1a: Skarmory|18/100 par|[from] item: Leftovers
|upkeep
|turn|51
|
|t:|1728410937
|switch|p1a: Aerodactyl|Aerodactyl, F|100/100
|move|p2a: Drake|Dragon Claw|p1a: Aerodactyl
|-damage|p1a: Aerodactyl|45/100
|
|-weather|Sandstorm|[upkeep]
|-damage|p2a: Drake|88/100 tox|[from] Sandstorm
|-heal|p2a: Drake|94/100 tox|[from] item: Leftovers
|-damage|p2a: Drake|82/100 tox|[from] psn
|upkeep
|turn|52
|
|t:|1728410955
|switch|p2a: V|Skarmory, F|85/100
|move|p1a: Aerodactyl|Rock Slide|p2a: V
|-damage|p2a: V|45/100
|
|-weather|Sandstorm|[upkeep]
|-heal|p2a: V|51/100|[from] item: Leftovers
|upkeep
|turn|53
|
|t:|1728410960
|move|p2a: V|Protect|p2a: V
|-singleturn|p2a: V|Protect
|move|p1a: Aerodactyl|Rock Slide|p2a: V
|-activate|p2a: V|Protect
|
|-weather|Sandstorm|[upkeep]
|-heal|p2a: V|57/100|[from] item: Leftovers
|upkeep
|turn|54
|
|t:|1728410964
|switch|p1a: Skarmory|Skarmory, F|18/100 par
|switch|p2a: Cogito|Metagross, shiny|100/100
|
|-weather|Sandstorm|[upkeep]
|-heal|p1a: Skarmory|24/100 par|[from] item: Leftovers
|upkeep
|turn|55
|
|t:|1728410967
|move|p2a: Cogito|Meteor Mash|p1a: Skarmory
|-resisted|p1a: Skarmory
|-damage|p1a: Skarmory|3/100 par
|cant|p1a: Skarmory|par
|
|-weather|Sandstorm|[upkeep]
|-heal|p1a: Skarmory|9/100 par|[from] item: Leftovers
|upkeep
|turn|56
|
|t:|1728410973
|switch|p1a: Moltres|Moltres|100/100
|move|p2a: Cogito|Meteor Mash|p1a: Moltres
|-resisted|p1a: Moltres
|-damage|p1a: Moltres|71/100
|
|-weather|Sandstorm|[upkeep]
|-damage|p1a: Moltres|64/100|[from] Sandstorm
|-heal|p1a: Moltres|71/100|[from] item: Leftovers
|upkeep
|turn|57
|
|t:|1728410980
|switch|p2a: Stella|Starmie|100/100
|move|p1a: Moltres|Overheat|p2a: Stella
|-resisted|p2a: Stella
|-damage|p2a: Stella|56/100
|-unboost|p1a: Moltres|spa|2
|
|-weather|Sandstorm|[upkeep]
|-damage|p2a: Stella|50/100|[from] Sandstorm
|-damage|p1a: Moltres|64/100|[from] Sandstorm
|-heal|p2a: Stella|56/100|[from] item: Leftovers
|-heal|p1a: Moltres|71/100|[from] item: Leftovers
|upkeep
|turn|58
|
|t:|1728410986
|switch|p1a: Blissey|Blissey, F|100/100
|-damage|p1a: Blissey|76/100|[from] Spikes
|move|p2a: Stella|Recover|p2a: Stella
|-heal|p2a: Stella|100/100
|
|-weather|Sandstorm|[upkeep]
|-damage|p2a: Stella|94/100|[from] Sandstorm
|-damage|p1a: Blissey|69/100|[from] Sandstorm
|-heal|p2a: Stella|100/100|[from] item: Leftovers
|-heal|p1a: Blissey|76/100|[from] item: Leftovers
|upkeep
|turn|59
|
|t:|1728411007
|switch|p2a: pkLeech(seed)|Celebi|100/100
|move|p1a: Blissey|Toxic|p2a: pkLeech(seed)
|-status|p2a: pkLeech(seed)|tox
|
|-weather|Sandstorm|[upkeep]
|-damage|p2a: pkLeech(seed)|94/100 tox|[from] Sandstorm
|-damage|p1a: Blissey|69/100|[from] Sandstorm
|-heal|p2a: pkLeech(seed)|100/100 tox|[from] item: Leftovers
|-damage|p2a: pkLeech(seed)|94/100 tox|[from] psn
|-heal|p1a: Blissey|76/100|[from] item: Leftovers
|upkeep
|turn|60
|
|t:|1728411013
|-curestatus|p2a: pkLeech(seed)|tox|[from] ability: Natural Cure
|switch|p2a: Joy|Blissey, F|70/100
|switch|p1a: Skarmory|Skarmory, F|9/100 par
|
|-weather|Sandstorm|[upkeep]
|-damage|p2a: Joy|63/100|[from] Sandstorm
|-heal|p2a: Joy|70/100|[from] item: Leftovers
|-heal|p1a: Skarmory|15/100 par|[from] item: Leftovers
|upkeep
|turn|61
|
|t:|1728411018
|switch|p1a: Blissey|Blissey, F|76/100
|-damage|p1a: Blissey|51/100|[from] Spikes
|move|p2a: Joy|Seismic Toss|p1a: Blissey
|-damage|p1a: Blissey|35/100
|
|-weather|Sandstorm|[upkeep]
|-damage|p2a: Joy|63/100|[from] Sandstorm
|-damage|p1a: Blissey|29/100|[from] Sandstorm
|-heal|p2a: Joy|70/100|[from] item: Leftovers
|-heal|p1a: Blissey|35/100|[from] item: Leftovers
|upkeep
|turn|62
|
|t:|1728411024
|move|p2a: Joy|Soft-Boiled|p2a: Joy
|-heal|p2a: Joy|100/100
|move|p1a: Blissey|Soft-Boiled|p1a: Blissey
|-heal|p1a: Blissey|85/100
|
|-weather|Sandstorm|[upkeep]
|-damage|p2a: Joy|94/100|[from] Sandstorm
|-damage|p1a: Blissey|79/100|[from] Sandstorm
|-heal|p2a: Joy|100/100|[from] item: Leftovers
|-heal|p1a: Blissey|85/100|[from] item: Leftovers
|upkeep
|turn|63
|
|t:|1728411033
|move|p2a: Joy|Wish|p2a: Joy
|move|p1a: Blissey|Ice Beam|p2a: Joy
|-damage|p2a: Joy|91/100
|
|-weather|Sandstorm|[upkeep]
|-damage|p2a: Joy|85/100|[from] Sandstorm
|-damage|p1a: Blissey|79/100|[from] Sandstorm
|-heal|p2a: Joy|91/100|[from] item: Leftovers
|-heal|p1a: Blissey|85/100|[from] item: Leftovers
|upkeep
|turn|64
|
|t:|1728411041
|switch|p2a: V|Skarmory, F|57/100
|switch|p1a: Moltres|Moltres|71/100
|
|-heal|p2a: V|100/100|[from] move: Wish|[wisher] Joy
|-weather|Sandstorm|[upkeep]
|-damage|p1a: Moltres|64/100|[from] Sandstorm
|-heal|p1a: Moltres|71/100|[from] item: Leftovers
|upkeep
|turn|65
|
|t:|1728411046
|switch|p2a: Joy|Blissey, F|91/100
|move|p1a: Moltres|Will-O-Wisp|p2a: Joy
|-status|p2a: Joy|brn
|
|-weather|Sandstorm|[upkeep]
|-damage|p1a: Moltres|64/100|[from] Sandstorm
|-damage|p2a: Joy|85/100 brn|[from] Sandstorm
|-heal|p1a: Moltres|71/100|[from] item: Leftovers
|-heal|p2a: Joy|91/100 brn|[from] item: Leftovers
|-damage|p2a: Joy|79/100 brn|[from] brn
|upkeep
|turn|66
|
|t:|1728411053
|switch|p1a: Skarmory|Skarmory, F|15/100 par
|move|p2a: Joy|Seismic Toss|p1a: Skarmory
|-damage|p1a: Skarmory|0 fnt
|faint|p1a: Skarmory
|
|t:|1728411058
|switch|p1a: Tyranitar|Tyranitar, F|100/100
|-damage|p1a: Tyranitar|76/100|[from] Spikes
|
|-weather|Sandstorm|[upkeep]
|-damage|p2a: Joy|73/100 brn|[from] Sandstorm
|-heal|p1a: Tyranitar|82/100|[from] item: Leftovers
|-heal|p2a: Joy|79/100 brn|[from] item: Leftovers
|-damage|p2a: Joy|66/100 brn|[from] brn
|upkeep
|turn|67
|
|t:|1728411080
|-curestatus|p2a: Joy|brn|[from] ability: Natural Cure
|switch|p2a: V|Skarmory, F|100/100
|move|p1a: Tyranitar|Dragon Dance|p1a: Tyranitar
|-boost|p1a: Tyranitar|atk|1
|-boost|p1a: Tyranitar|spe|1
|
|-weather|Sandstorm|[upkeep]
|-heal|p1a: Tyranitar|88/100|[from] item: Leftovers
|upkeep
|turn|68
|
|t:|1728411086
|move|p1a: Tyranitar|Rock Slide|p2a: V
|-damage|p2a: V|61/100
|move|p2a: V|Roar|p1a: Tyranitar
|drag|p1a: Moltres|Moltres|71/100
|
|-weather|Sandstorm|[upkeep]
|-damage|p1a: Moltres|64/100|[from] Sandstorm
|-heal|p1a: Moltres|71/100|[from] item: Leftovers
|-heal|p2a: V|67/100|[from] item: Leftovers
|upkeep
|turn|69
|
|t:|1728411091
|move|p2a: V|Protect|p2a: V
|-singleturn|p2a: V|Protect
|move|p1a: Moltres|Will-O-Wisp|p2a: V
|-activate|p2a: V|Protect
|
|-weather|Sandstorm|[upkeep]
|-damage|p1a: Moltres|64/100|[from] Sandstorm
|-heal|p1a: Moltres|71/100|[from] item: Leftovers
|-heal|p2a: V|73/100|[from] item: Leftovers
|upkeep
|turn|70
|
|t:|1728411103
|switch|p2a: Stella|Starmie|100/100
|move|p1a: Moltres|Will-O-Wisp|p2a: Stella|[miss]
|-miss|p1a: Moltres|p2a: Stella
|
|-weather|Sandstorm|[upkeep]
|-damage|p2a: Stella|94/100|[from] Sandstorm
|-damage|p1a: Moltres|64/100|[from] Sandstorm
|-heal|p2a: Stella|100/100|[from] item: Leftovers
|-heal|p1a: Moltres|71/100|[from] item: Leftovers
|upkeep
|turn|71
|
|t:|1728411110
|switch|p1a: Blissey|Blissey, F|85/100
|-damage|p1a: Blissey|60/100|[from] Spikes
|move|p2a: Stella|Thunder Wave|p1a: Blissey
|-status|p1a: Blissey|par
|
|-weather|Sandstorm|[upkeep]
|-damage|p2a: Stella|94/100|[from] Sandstorm
|-damage|p1a: Blissey|54/100 par|[from] Sandstorm
|-heal|p2a: Stella|100/100|[from] item: Leftovers
|-heal|p1a: Blissey|60/100 par|[from] item: Leftovers
|upkeep
|turn|72
|
|t:|1728411113
|switch|p2a: Cogito|Metagross, shiny|100/100
|move|p1a: Blissey|Toxic|p2a: Cogito
|-immune|p2a: Cogito
|
|-weather|Sandstorm|[upkeep]
|-damage|p1a: Blissey|54/100 par|[from] Sandstorm
|-heal|p1a: Blissey|60/100 par|[from] item: Leftovers
|upkeep
|turn|73
|
|t:|1728411117
|-curestatus|p1a: Blissey|par|[from] ability: Natural Cure
|switch|p1a: Moltres|Moltres|71/100
|move|p2a: Cogito|Meteor Mash|p1a: Moltres
|-resisted|p1a: Moltres
|-damage|p1a: Moltres|41/100
|
|-weather|Sandstorm|[upkeep]
|-damage|p1a: Moltres|35/100|[from] Sandstorm
|-heal|p1a: Moltres|41/100|[from] item: Leftovers
|upkeep
|turn|74
|
|t:|1728411128
|switch|p2a: Drake|Salamence, M|82/100 tox
|-ability|p2a: Drake|Intimidate|boost
|-unboost|p1a: Moltres|atk|1
|move|p1a: Moltres|Will-O-Wisp||[still]
|-fail|p1a: Moltres
|
|-weather|Sandstorm|[upkeep]
|-damage|p1a: Moltres|35/100|[from] Sandstorm
|-damage|p2a: Drake|76/100 tox|[from] Sandstorm
|-heal|p1a: Moltres|41/100|[from] item: Leftovers
|-heal|p2a: Drake|82/100 tox|[from] item: Leftovers
|-damage|p2a: Drake|76/100 tox|[from] psn
|upkeep
|turn|75
|
|t:|1728411134
|switch|p1a: Swampert|Swampert, F|87/100
|-damage|p1a: Swampert|62/100|[from] Spikes
|move|p2a: Drake|Dragon Claw|p1a: Swampert
|-damage|p1a: Swampert|27/100
|
|-weather|Sandstorm|[upkeep]
|-damage|p2a: Drake|70/100 tox|[from] Sandstorm
|-heal|p2a: Drake|76/100 tox|[from] item: Leftovers
|-damage|p2a: Drake|64/100 tox|[from] psn
|-heal|p1a: Swampert|33/100|[from] item: Leftovers
|upkeep
|turn|76
|
|t:|1728411142
|move|p1a: Swampert|Protect|p1a: Swampert
|-singleturn|p1a: Swampert|Protect
|move|p2a: Drake|Hidden Power|p1a: Swampert
|-activate|p1a: Swampert|Protect
|
|-weather|Sandstorm|[upkeep]
|-damage|p2a: Drake|58/100 tox|[from] Sandstorm
|-heal|p2a: Drake|64/100 tox|[from] item: Leftovers
|-damage|p2a: Drake|46/100 tox|[from] psn
|-heal|p1a: Swampert|39/100|[from] item: Leftovers
|upkeep
|turn|77
|
|t:|1728411151
|switch|p2a: V|Skarmory, F|73/100
|switch|p1a: Moltres|Moltres|41/100
|
|-weather|Sandstorm|[upkeep]
|-damage|p1a: Moltres|35/100|[from] Sandstorm
|-heal|p1a: Moltres|41/100|[from] item: Leftovers
|-heal|p2a: V|79/100|[from] item: Leftovers
|upkeep
|turn|78
|
|t:|1728411155
|move|p2a: V|Protect|p2a: V
|-singleturn|p2a: V|Protect
|move|p1a: Moltres|Flamethrower|p2a: V
|-activate|p2a: V|Protect
|
|-weather|Sandstorm|[upkeep]
|-damage|p1a: Moltres|35/100|[from] Sandstorm
|-heal|p1a: Moltres|41/100|[from] item: Leftovers
|-heal|p2a: V|85/100|[from] item: Leftovers
|upkeep
|turn|79
|
|t:|1728411164
|switch|p2a: Joy|Blissey, F|66/100
|move|p1a: Moltres|Hidden Power|p2a: Joy
|-damage|p2a: Joy|56/100
|
|-weather|Sandstorm|[upkeep]
|-damage|p1a: Moltres|35/100|[from] Sandstorm
|-damage|p2a: Joy|50/100|[from] Sandstorm
|-heal|p1a: Moltres|41/100|[from] item: Leftovers
|-heal|p2a: Joy|56/100|[from] item: Leftovers
|upkeep
|turn|80
|
|t:|1728411166
|move|p1a: Moltres|Will-O-Wisp|p2a: Joy
|-status|p2a: Joy|brn
|move|p2a: Joy|Soft-Boiled|p2a: Joy
|-heal|p2a: Joy|100/100 brn
|
|-weather|Sandstorm|[upkeep]
|-damage|p1a: Moltres|35/100|[from] Sandstorm
|-damage|p2a: Joy|94/100 brn|[from] Sandstorm
|-heal|p1a: Moltres|41/100|[from] item: Leftovers
|-heal|p2a: Joy|100/100 brn|[from] item: Leftovers
|-damage|p2a: Joy|88/100 brn|[from] brn
|upkeep
|turn|81
|
|t:|1728411172
|switch|p1a: Blissey|Blissey, F|60/100
|-damage|p1a: Blissey|36/100|[from] Spikes
|move|p2a: Joy|Thunder Wave|p1a: Blissey
|-status|p1a: Blissey|par
|
|-weather|Sandstorm|[upkeep]
|-damage|p2a: Joy|82/100 brn|[from] Sandstorm
|-damage|p1a: Blissey|29/100 par|[from] Sandstorm
|-heal|p2a: Joy|88/100 brn|[from] item: Leftovers
|-damage|p2a: Joy|76/100 brn|[from] brn
|-heal|p1a: Blissey|36/100 par|[from] item: Leftovers
|upkeep
|turn|82
|
|t:|1728411175
|-curestatus|p2a: Joy|brn|[from] ability: Natural Cure
|switch|p2a: Cogito|Metagross, shiny|100/100
|move|p1a: Blissey|Soft-Boiled|p1a: Blissey
|-heal|p1a: Blissey|85/100 par
|
|-weather|Sandstorm|[upkeep]
|-damage|p1a: Blissey|79/100 par|[from] Sandstorm
|-heal|p1a: Blissey|85/100 par|[from] item: Leftovers
|upkeep
|turn|83
|
|t:|1728411179
|-curestatus|p1a: Blissey|par|[from] ability: Natural Cure
|switch|p1a: Moltres|Moltres|41/100
|move|p2a: Cogito|Meteor Mash|p1a: Moltres
|-resisted|p1a: Moltres
|-damage|p1a: Moltres|7/100
|
|-weather|Sandstorm|[upkeep]
|-damage|p1a: Moltres|1/100|[from] Sandstorm
|-heal|p1a: Moltres|7/100|[from] item: Leftovers
|upkeep
|turn|84
|c|☆Just_Leonardo|Cogito, you failed me
|inactive|Just_Leonardo has 270 seconds left.
|
|t:|1728411212
|switch|p2a: Stella|Starmie|100/100
|move|p1a: Moltres|Will-O-Wisp|p2a: Stella|[miss]
|-miss|p1a: Moltres|p2a: Stella
|
|-weather|Sandstorm|[upkeep]
|-damage|p2a: Stella|94/100|[from] Sandstorm
|-damage|p1a: Moltres|1/100|[from] Sandstorm
|-heal|p2a: Stella|100/100|[from] item: Leftovers
|-heal|p1a: Moltres|7/100|[from] item: Leftovers
|upkeep
|turn|85
|
|t:|1728411216
|switch|p1a: Blissey|Blissey, F|85/100
|-damage|p1a: Blissey|61/100|[from] Spikes
|move|p2a: Stella|Surf|p1a: Blissey
|-damage|p1a: Blissey|47/100
|
|-weather|Sandstorm|[upkeep]
|-damage|p2a: Stella|94/100|[from] Sandstorm
|-damage|p1a: Blissey|41/100|[from] Sandstorm
|-heal|p2a: Stella|100/100|[from] item: Leftovers
|-heal|p1a: Blissey|47/100|[from] item: Leftovers
|upkeep
|turn|86
|
|t:|1728411227
|switch|p2a: Cogito|Metagross, shiny|100/100
|switch|p1a: Moltres|Moltres|7/100
|
|-weather|Sandstorm|[upkeep]
|-damage|p1a: Moltres|1/100|[from] Sandstorm
|-heal|p1a: Moltres|7/100|[from] item: Leftovers
|upkeep
|turn|87
|
|t:|1728411231
|switch|p2a: Joy|Blissey, F|76/100
|move|p1a: Moltres|Overheat|p2a: Joy
|-damage|p2a: Joy|47/100
|-unboost|p1a: Moltres|spa|2
|
|-weather|Sandstorm|[upkeep]
|-damage|p1a: Moltres|1/100|[from] Sandstorm
|-damage|p2a: Joy|41/100|[from] Sandstorm
|-heal|p1a: Moltres|7/100|[from] item: Leftovers
|-heal|p2a: Joy|47/100|[from] item: Leftovers
|upkeep
|turn|88
|
|t:|1728411236
|switch|p1a: Blissey|Blissey, F|47/100
|-damage|p1a: Blissey|22/100|[from] Spikes
|move|p2a: Joy|Thunder Wave|p1a: Blissey
|-status|p1a: Blissey|par
|
|-weather|Sandstorm|[upkeep]
|-damage|p2a: Joy|41/100|[from] Sandstorm
|-damage|p1a: Blissey|16/100 par|[from] Sandstorm
|-heal|p2a: Joy|47/100|[from] item: Leftovers
|-heal|p1a: Blissey|22/100 par|[from] item: Leftovers
|upkeep
|turn|89
|
|t:|1728411251
|move|p2a: Joy|Soft-Boiled|p2a: Joy
|-heal|p2a: Joy|97/100
|move|p1a: Blissey|Soft-Boiled|p1a: Blissey
|-heal|p1a: Blissey|72/100 par
|
|-weather|Sandstorm|[upkeep]
|-damage|p2a: Joy|91/100|[from] Sandstorm
|-damage|p1a: Blissey|66/100 par|[from] Sandstorm
|-heal|p2a: Joy|97/100|[from] item: Leftovers
|-heal|p1a: Blissey|72/100 par|[from] item: Leftovers
|upkeep
|turn|90
|
|t:|1728411256
|move|p2a: Joy|Seismic Toss|p1a: Blissey
|-damage|p1a: Blissey|57/100 par
|move|p1a: Blissey|Seismic Toss|p2a: Joy
|-damage|p2a: Joy|81/100
|
|-weather|Sandstorm|[upkeep]
|-damage|p2a: Joy|75/100|[from] Sandstorm
|-damage|p1a: Blissey|50/100 par|[from] Sandstorm
|-heal|p2a: Joy|81/100|[from] item: Leftovers
|-heal|p1a: Blissey|57/100 par|[from] item: Leftovers
|upkeep
|turn|91
|
|t:|1728411259
|switch|p2a: Cogito|Metagross, shiny|100/100
|move|p1a: Blissey|Soft-Boiled|p1a: Blissey
|-heal|p1a: Blissey|100/100 par
|
|-weather|Sandstorm|[upkeep]
|-damage|p1a: Blissey|94/100 par|[from] Sandstorm
|-heal|p1a: Blissey|100/100 par|[from] item: Leftovers
|upkeep
|turn|92
|
|t:|1728411265
|-curestatus|p1a: Blissey|par|[from] ability: Natural Cure
|switch|p1a: Swampert|Swampert, F|39/100
|-damage|p1a: Swampert|15/100|[from] Spikes
|move|p2a: Cogito|Meteor Mash|p1a: Swampert
|-resisted|p1a: Swampert
|-crit|p1a: Swampert
|-damage|p1a: Swampert|0 fnt
|faint|p1a: Swampert
|
|t:|1728411267
|switch|p1a: Moltres|Moltres|7/100
|
|-weather|Sandstorm|[upkeep]
|-damage|p1a: Moltres|1/100|[from] Sandstorm
|-heal|p1a: Moltres|7/100|[from] item: Leftovers
|upkeep
|turn|93
|
|t:|1728411280
|switch|p2a: Joy|Blissey, F|81/100
|move|p1a: Moltres|Will-O-Wisp|p2a: Joy
|-status|p2a: Joy|brn
|
|-weather|Sandstorm|[upkeep]
|-damage|p1a: Moltres|1/100|[from] Sandstorm
|-damage|p2a: Joy|75/100 brn|[from] Sandstorm
|-heal|p1a: Moltres|7/100|[from] item: Leftovers
|-heal|p2a: Joy|81/100 brn|[from] item: Leftovers
|-damage|p2a: Joy|69/100 brn|[from] brn
|upkeep
|turn|94
|
|t:|1728411290
|switch|p1a: Aerodactyl|Aerodactyl, F|45/100
|move|p2a: Joy|Soft-Boiled|p2a: Joy
|-heal|p2a: Joy|100/100 brn
|
|-weather|Sandstorm|[upkeep]
|-damage|p2a: Joy|94/100 brn|[from] Sandstorm
|-heal|p2a: Joy|100/100 brn|[from] item: Leftovers
|-damage|p2a: Joy|88/100 brn|[from] brn
|upkeep
|turn|95
|
|t:|1728411297
|-curestatus|p2a: Joy|brn|[from] ability: Natural Cure
|switch|p2a: V|Skarmory, F|85/100
|move|p1a: Aerodactyl|Earthquake|p2a: V
|-immune|p2a: V
|
|-weather|Sandstorm|[upkeep]
|-heal|p2a: V|91/100|[from] item: Leftovers
|upkeep
|turn|96
|
|t:|1728411306
|switch|p1a: Moltres|Moltres|7/100
|move|p2a: V|Drill Peck|p1a: Moltres
|-damage|p1a: Moltres|0 fnt
|faint|p1a: Moltres
|
|t:|1728411309
|switch|p1a: Tyranitar|Tyranitar, F|88/100
|-damage|p1a: Tyranitar|63/100|[from] Spikes
|
|-weather|Sandstorm|[upkeep]
|-heal|p1a: Tyranitar|69/100|[from] item: Leftovers
|-heal|p2a: V|97/100|[from] item: Leftovers
|upkeep
|turn|97
|
|t:|1728411315
|move|p1a: Tyranitar|Dragon Dance|p1a: Tyranitar
|-boost|p1a: Tyranitar|atk|1
|-boost|p1a: Tyranitar|spe|1
|move|p2a: V|Roar|p1a: Tyranitar
|drag|p1a: Blissey|Blissey, F|100/100
|-damage|p1a: Blissey|76/100|[from] Spikes
|
|-weather|Sandstorm|[upkeep]
|-damage|p1a: Blissey|69/100|[from] Sandstorm
|-heal|p2a: V|100/100|[from] item: Leftovers
|-heal|p1a: Blissey|76/100|[from] item: Leftovers
|upkeep
|turn|98
|
|t:|1728411320
|switch|p2a: Cogito|Metagross, shiny|100/100
|move|p1a: Blissey|Ice Beam|p2a: Cogito
|-resisted|p2a: Cogito
|-damage|p2a: Cogito|88/100
|
|-weather|Sandstorm|[upkeep]
|-damage|p1a: Blissey|69/100|[from] Sandstorm
|-heal|p2a: Cogito|94/100|[from] item: Leftovers
|-heal|p1a: Blissey|76/100|[from] item: Leftovers
|upkeep
|turn|99
|
|t:|1728411327
|move|p2a: Cogito|Meteor Mash|p1a: Blissey
|-damage|p1a: Blissey|20/100
|move|p1a: Blissey|Soft-Boiled|p1a: Blissey
|-heal|p1a: Blissey|70/100
|
|-weather|Sandstorm|[upkeep]
|-damage|p1a: Blissey|63/100|[from] Sandstorm
|-heal|p2a: Cogito|99/100|[from] item: Leftovers
|-heal|p1a: Blissey|70/100|[from] item: Leftovers
|upkeep
|turn|100
|
|t:|1728411339
|move|p2a: Cogito|Meteor Mash|p1a: Blissey
|-damage|p1a: Blissey|16/100
|move|p1a: Blissey|Soft-Boiled|p1a: Blissey
|-heal|p1a: Blissey|66/100
|
|-weather|Sandstorm|[upkeep]
|-damage|p1a: Blissey|60/100|[from] Sandstorm
|-heal|p2a: Cogito|100/100|[from] item: Leftovers
|-heal|p1a: Blissey|66/100|[from] item: Leftovers
|upkeep
|turn|101
|
|t:|1728411346
|switch|p2a: pkLeech(seed)|Celebi|94/100
|move|p1a: Blissey|Soft-Boiled|p1a: Blissey
|-heal|p1a: Blissey|100/100
|
|-weather|Sandstorm|[upkeep]
|-damage|p2a: pkLeech(seed)|88/100|[from] Sandstorm
|-damage|p1a: Blissey|94/100|[from] Sandstorm
|-heal|p2a: pkLeech(seed)|94/100|[from] item: Leftovers
|-heal|p1a: Blissey|100/100|[from] item: Leftovers
|upkeep
|turn|102
|
|t:|1728411349
|move|p2a: pkLeech(seed)|Leech Seed|p1a: Blissey
|-start|p1a: Blissey|move: Leech Seed
|move|p1a: Blissey|Ice Beam|p2a: pkLeech(seed)
|-supereffective|p2a: pkLeech(seed)
|-damage|p2a: pkLeech(seed)|57/100
|-status|p2a: pkLeech(seed)|frz
|
|-weather|Sandstorm|[upkeep]
|-damage|p2a: pkLeech(seed)|50/100 frz|[from] Sandstorm
|-damage|p1a: Blissey|94/100|[from] Sandstorm
|-heal|p2a: pkLeech(seed)|57/100 frz|[from] item: Leftovers
|-heal|p1a: Blissey|100/100|[from] item: Leftovers
|-damage|p1a: Blissey|88/100|[from] Leech Seed|[of] p2a: pkLeech(seed)
|-heal|p2a: pkLeech(seed)|77/100 frz|[silent]
|upkeep
|turn|103
|
|t:|1728411358
|-curestatus|p2a: pkLeech(seed)|frz|[from] ability: Natural Cure
|switch|p2a: V|Skarmory, F|100/100
|switch|p1a: Aerodactyl|Aerodactyl, F|45/100
|
|-weather|Sandstorm|[upkeep]
|upkeep
|turn|104
|
|t:|1728411361
|move|p2a: V|Protect|p2a: V
|-singleturn|p2a: V|Protect
|move|p1a: Aerodactyl|Rock Slide|p2a: V
|-activate|p2a: V|Protect
|
|-weather|Sandstorm|[upkeep]
|upkeep
|turn|105
|
|t:|1728411389
|switch|p1a: Blissey|Blissey, F|88/100
|-damage|p1a: Blissey|63/100|[from] Spikes
|move|p2a: V|Drill Peck|p1a: Blissey
|-damage|p1a: Blissey|43/100
|
|-weather|Sandstorm|[upkeep]
|-damage|p1a: Blissey|37/100|[from] Sandstorm
|-heal|p1a: Blissey|43/100|[from] item: Leftovers
|upkeep
|turn|106
|
|t:|1728411400
|switch|p2a: Joy|Blissey, F|88/100
|move|p1a: Blissey|Soft-Boiled|p1a: Blissey
|-heal|p1a: Blissey|93/100
|
|-weather|Sandstorm|[upkeep]
|-damage|p2a: Joy|82/100|[from] Sandstorm
|-damage|p1a: Blissey|87/100|[from] Sandstorm
|-heal|p2a: Joy|88/100|[from] item: Leftovers
|-heal|p1a: Blissey|93/100|[from] item: Leftovers
|upkeep
|turn|107
|
|t:|1728411409
|move|p2a: Joy|Thunder Wave|p1a: Blissey
|-status|p1a: Blissey|par
|move|p1a: Blissey|Toxic|p2a: Joy
|-status|p2a: Joy|tox
|
|-weather|Sandstorm|[upkeep]
|-damage|p2a: Joy|82/100 tox|[from] Sandstorm
|-damage|p1a: Blissey|87/100 par|[from] Sandstorm
|-heal|p2a: Joy|88/100 tox|[from] item: Leftovers
|-damage|p2a: Joy|82/100 tox|[from] psn
|-heal|p1a: Blissey|93/100 par|[from] item: Leftovers
|upkeep
|turn|108
|
|t:|1728411414
|-curestatus|p2a: Joy|tox|[from] ability: Natural Cure
|switch|p2a: Stella|Starmie|100/100
|-curestatus|p1a: Blissey|par|[from] ability: Natural Cure
|switch|p1a: Aerodactyl|Aerodactyl, F|45/100
|
|-weather|Sandstorm|[upkeep]
|-damage|p2a: Stella|94/100|[from] Sandstorm
|-heal|p2a: Stella|100/100|[from] item: Leftovers
|upkeep
|turn|109
|
|t:|1728411417
|move|p1a: Aerodactyl|Rock Slide|p2a: Stella|[miss]
|-miss|p1a: Aerodactyl|p2a: Stella
|move|p2a: Stella|Surf|p1a: Aerodactyl
|-supereffective|p1a: Aerodactyl
|-damage|p1a: Aerodactyl|0 fnt
|faint|p1a: Aerodactyl
|c|☆leoperi99|gg
|
|t:|1728411421
|switch|p1a: Blissey|Blissey, F|93/100
|-damage|p1a: Blissey|68/100|[from] Spikes
|
|-weather|Sandstorm|[upkeep]
|-damage|p2a: Stella|94/100|[from] Sandstorm
|-damage|p1a: Blissey|62/100|[from] Sandstorm
|-heal|p2a: Stella|100/100|[from] item: Leftovers
|-heal|p1a: Blissey|68/100|[from] item: Leftovers
|upkeep
|turn|110
|c|☆Just_Leonardo|Wait
|c|☆Just_Leonardo|I'll gg when game ends
|c|☆leoperi99|this is already over
|c|☆Just_Leonardo|Never count a dd tar out
|inactive|Just_Leonardo has 270 seconds left.
|
|t:|1728411452
|move|p2a: Stella|Thunder Wave|p1a: Blissey
|-status|p1a: Blissey|par
|move|p1a: Blissey|Toxic|p2a: Stella
|-status|p2a: Stella|tox
|
|-weather|Sandstorm|[upkeep]
|-damage|p2a: Stella|94/100 tox|[from] Sandstorm
|-damage|p1a: Blissey|62/100 par|[from] Sandstorm
|-heal|p2a: Stella|100/100 tox|[from] item: Leftovers
|-damage|p2a: Stella|94/100 tox|[from] psn
|-heal|p1a: Blissey|68/100 par|[from] item: Leftovers
|upkeep
|turn|111
|inactive|Just_Leonardo has 270 seconds left.
|
|t:|1728411462
|-curestatus|p2a: Stella|tox|[from] ability: Natural Cure
|switch|p2a: V|Skarmory, F|100/100
|move|p1a: Blissey|Seismic Toss|p2a: V
|-damage|p2a: V|70/100
|
|-weather|Sandstorm|[upkeep]
|-damage|p1a: Blissey|62/100 par|[from] Sandstorm
|-heal|p2a: V|76/100|[from] item: Leftovers
|-heal|p1a: Blissey|68/100 par|[from] item: Leftovers
|upkeep
|turn|112
|inactive|Just_Leonardo has 270 seconds left.
|
|t:|1728411481
|switch|p2a: Drake|Salamence, M|46/100 tox
|-ability|p2a: Drake|Intimidate|boost
|-unboost|p1a: Blissey|atk|1
|cant|p1a: Blissey|par
|
|-weather|Sandstorm|[upkeep]
|-damage|p2a: Drake|40/100 tox|[from] Sandstorm
|-damage|p1a: Blissey|62/100 par|[from] Sandstorm
|-heal|p2a: Drake|46/100 tox|[from] item: Leftovers
|-damage|p2a: Drake|40/100 tox|[from] psn
|-heal|p1a: Blissey|68/100 par|[from] item: Leftovers
|upkeep
|turn|113
|
|t:|1728411486
|move|p2a: Drake|Brick Break|p1a: Blissey
|-supereffective|p1a: Blissey
|-damage|p1a: Blissey|29/100 par
|move|p1a: Blissey|Soft-Boiled|p1a: Blissey
|-heal|p1a: Blissey|79/100 par
|
|-weather|Sandstorm|[upkeep]
|-damage|p2a: Drake|34/100 tox|[from] Sandstorm
|-damage|p1a: Blissey|72/100 par|[from] Sandstorm
|-heal|p2a: Drake|40/100 tox|[from] item: Leftovers
|-damage|p2a: Drake|28/100 tox|[from] psn
|-heal|p1a: Blissey|79/100 par|[from] item: Leftovers
|upkeep
|turn|114
|
|t:|1728411495
|switch|p2a: pkLeech(seed)|Celebi|77/100
|move|p1a: Blissey|Soft-Boiled|p1a: Blissey
|-heal|p1a: Blissey|100/100 par
|
|-weather|Sandstorm|[upkeep]
|-damage|p2a: pkLeech(seed)|71/100|[from] Sandstorm
|-damage|p1a: Blissey|94/100 par|[from] Sandstorm
|-heal|p2a: pkLeech(seed)|77/100|[from] item: Leftovers
|-heal|p1a: Blissey|100/100 par|[from] item: Leftovers
|upkeep
|turn|115
|
|t:|1728411497
|move|p2a: pkLeech(seed)|Leech Seed|p1a: Blissey
|-start|p1a: Blissey|move: Leech Seed
|move|p1a: Blissey|Ice Beam|p2a: pkLeech(seed)
|-supereffective|p2a: pkLeech(seed)
|-crit|p2a: pkLeech(seed)
|-damage|p2a: pkLeech(seed)|1/100
|
|-weather|Sandstorm|[upkeep]
|-damage|p2a: pkLeech(seed)|0 fnt|[from] Sandstorm
|-damage|p1a: Blissey|94/100 par|[from] Sandstorm
|faint|p2a: pkLeech(seed)
|-heal|p1a: Blissey|100/100 par|[from] item: Leftovers
|upkeep
|
|t:|1728411509
|switch|p2a: Joy|Blissey, F|82/100
|turn|116
|
|t:|1728411515
|move|p2a: Joy|Seismic Toss|p1a: Blissey
|-damage|p1a: Blissey|85/100 par
|move|p1a: Blissey|Toxic|p2a: Joy
|-status|p2a: Joy|tox
|
|-weather|Sandstorm|[upkeep]
|-damage|p2a: Joy|76/100 tox|[from] Sandstorm
|-damage|p1a: Blissey|79/100 par|[from] Sandstorm
|-heal|p2a: Joy|82/100 tox|[from] item: Leftovers
|-damage|p2a: Joy|76/100 tox|[from] psn
|-heal|p1a: Blissey|85/100 par|[from] item: Leftovers
|-damage|p1a: Blissey|73/100 par|[from] Leech Seed|[of] p2a: Joy
|-heal|p2a: Joy|88/100 tox|[silent]
|upkeep
|turn|117
|
|t:|1728411523
|move|p2a: Joy|Thunder Wave|p1a: Blissey
|-fail|p1a: Blissey|par
|move|p1a: Blissey|Seismic Toss|p2a: Joy
|-damage|p2a: Joy|73/100 tox
|
|-weather|Sandstorm|[upkeep]
|-damage|p2a: Joy|67/100 tox|[from] Sandstorm
|-damage|p1a: Blissey|67/100 par|[from] Sandstorm
|-heal|p2a: Joy|73/100 tox|[from] item: Leftovers
|-damage|p2a: Joy|61/100 tox|[from] psn
|-heal|p1a: Blissey|73/100 par|[from] item: Leftovers
|-damage|p1a: Blissey|60/100 par|[from] Leech Seed|[of] p2a: Joy
|-heal|p2a: Joy|73/100 tox|[silent]
|upkeep
|turn|118
|
|t:|1728411526
|-curestatus|p2a: Joy|tox|[from] ability: Natural Cure
|switch|p2a: Stella|Starmie|94/100
|move|p1a: Blissey|Soft-Boiled|p1a: Blissey
|-heal|p1a: Blissey|100/100 par
|
|-weather|Sandstorm|[upkeep]
|-damage|p2a: Stella|88/100|[from] Sandstorm
|-damage|p1a: Blissey|94/100 par|[from] Sandstorm
|-heal|p2a: Stella|94/100|[from] item: Leftovers
|-heal|p1a: Blissey|100/100 par|[from] item: Leftovers
|-damage|p1a: Blissey|88/100 par|[from] Leech Seed|[of] p2a: Stella
|-heal|p2a: Stella|100/100|[silent]
|upkeep
|turn|119
|
|t:|1728411535
|move|p2a: Stella|Surf|p1a: Blissey
|-damage|p1a: Blissey|73/100 par
|move|p1a: Blissey|Toxic|p2a: Stella
|-status|p2a: Stella|tox
|
|-weather|Sandstorm|[upkeep]
|-damage|p2a: Stella|94/100 tox|[from] Sandstorm
|-damage|p1a: Blissey|67/100 par|[from] Sandstorm
|-heal|p2a: Stella|100/100 tox|[from] item: Leftovers
|-damage|p2a: Stella|94/100 tox|[from] psn
|-heal|p1a: Blissey|73/100 par|[from] item: Leftovers
|-damage|p1a: Blissey|61/100 par|[from] Leech Seed|[of] p2a: Stella
|-heal|p2a: Stella|100/100 tox|[silent]
|upkeep
|turn|120
|
|t:|1728411541
|-curestatus|p2a: Stella|tox|[from] ability: Natural Cure
|switch|p2a: Joy|Blissey, F|73/100
|cant|p1a: Blissey|par
|
|-weather|Sandstorm|[upkeep]
|-damage|p2a: Joy|67/100|[from] Sandstorm
|-damage|p1a: Blissey|55/100 par|[from] Sandstorm
|-heal|p2a: Joy|73/100|[from] item: Leftovers
|-heal|p1a: Blissey|61/100 par|[from] item: Leftovers
|-damage|p1a: Blissey|48/100 par|[from] Leech Seed|[of] p2a: Joy
|-heal|p2a: Joy|85/100|[silent]
|upkeep
|turn|121
|
|t:|1728411549
|move|p2a: Joy|Seismic Toss|p1a: Blissey
|-damage|p1a: Blissey|33/100 par
|cant|p1a: Blissey|par
|
|-weather|Sandstorm|[upkeep]
|-damage|p2a: Joy|79/100|[from] Sandstorm
|-damage|p1a: Blissey|27/100 par|[from] Sandstorm
|-heal|p2a: Joy|85/100|[from] item: Leftovers
|-heal|p1a: Blissey|33/100 par|[from] item: Leftovers
|-damage|p1a: Blissey|20/100 par|[from] Leech Seed|[of] p2a: Joy
|-heal|p2a: Joy|98/100|[silent]
|upkeep
|turn|122
|
|t:|1728411556
|move|p2a: Joy|Seismic Toss|p1a: Blissey
|-damage|p1a: Blissey|5/100 par
|move|p1a: Blissey|Soft-Boiled|p1a: Blissey
|-heal|p1a: Blissey|55/100 par
|
|-weather|Sandstorm|[upkeep]
|-damage|p2a: Joy|92/100|[from] Sandstorm
|-damage|p1a: Blissey|49/100 par|[from] Sandstorm
|-heal|p2a: Joy|98/100|[from] item: Leftovers
|-heal|p1a: Blissey|55/100 par|[from] item: Leftovers
|-damage|p1a: Blissey|43/100 par|[from] Leech Seed|[of] p2a: Joy
|-heal|p2a: Joy|100/100|[silent]
|upkeep
|turn|123
|
|t:|1728411575
|switch|p2a: Cogito|Metagross, shiny|100/100
|move|p1a: Blissey|Ice Beam|p2a: Cogito
|-resisted|p2a: Cogito
|-damage|p2a: Cogito|88/100
|
|-weather|Sandstorm|[upkeep]
|-damage|p1a: Blissey|36/100 par|[from] Sandstorm
|-heal|p2a: Cogito|94/100|[from] item: Leftovers
|-heal|p1a: Blissey|43/100 par|[from] item: Leftovers
|-damage|p1a: Blissey|30/100 par|[from] Leech Seed|[of] p2a: Cogito
|-heal|p2a: Cogito|100/100|[silent]
|upkeep
|turn|124
|inactive|Just_Leonardo has 270 seconds left.
|
|t:|1728411605
|move|p2a: Cogito|Earthquake|p1a: Blissey
|-damage|p1a: Blissey|0 fnt
|faint|p1a: Blissey
|
|t:|1728411608
|switch|p1a: Tyranitar|Tyranitar, F|69/100
|-damage|p1a: Tyranitar|45/100|[from] Spikes
|
|-weather|Sandstorm|[upkeep]
|-heal|p1a: Tyranitar|51/100|[from] item: Leftovers
|upkeep
|turn|125
|inactive|Just_Leonardo has 270 seconds left.
|
|t:|1728411623
|move|p1a: Tyranitar|Dragon Dance|p1a: Tyranitar
|-boost|p1a: Tyranitar|atk|1
|-boost|p1a: Tyranitar|spe|1
|move|p2a: Cogito|Explosion|p1a: Tyranitar
|-resisted|p1a: Tyranitar
|-damage|p1a: Tyranitar|0 fnt
|faint|p2a: Cogito
|faint|p1a: Tyranitar
|
|win|Just_Leonardo
|c|☆Just_Leonardo|gg
|player|p1|
|c|☆Just_Leonardo|I probs should have just exploded sooner with Meta when you only had bliss and tar
|c|☆Just_Leonardo|Am dumb
|player|p1|leoperi99|hala|

</script>
<script type="application/json" class="data" id="replaydata-smogtours-gen3ou-796421">
{"id":"smogtours-gen3ou-796421","format":"[Gen 3] OU","players":["leoperi99","Just_Leonardo"],"uploadtime":1728411623,"views":188,"formatid":"gen3ou","rating":null,"private":0,"password":null}
</script>

<script defer src="js/replays.js?9d40a366"></script>
