<!DOCTYPE html>
<meta charset="utf-8" />
<meta name="viewport" content="width=device-width" />

<title>[Gen 3] OU: Zcarlett_ vs. UponLink - Replays - Pok&eacute;mon Showdown!</title>

<meta name="description" content="Watch a replay of a Pok&eacute;mon battle between Zcarlett_ and UponLink! Format: [Gen 3] OU; Date: Oct 5, 2024" />
<!--

Hey, you! Looking in the source for the replay log?

You can find them in JSON format, just add `.json` at the end of a replay URL.

https://replay.pokemonshowdown.com/gen7randomdoublesbattle-865046831.json

Or, if you only need the log itself, add `.log` instead:

https://replay.pokemonshowdown.com/gen7randomdoublesbattle-865046831.log

-->

<link rel="stylesheet" href="//pokemonshowdown.com/style/global.css?0.023195364461161105" />
<link rel="stylesheet" href="//play.pokemonshowdown.com/style/font-awesome.css?0.13261647063804238" />
<link rel="stylesheet" href="//play.pokemonshowdown.com/style/battle.css?0.8753245789963631" />
<link rel="stylesheet" href="//play.pokemonshowdown.com/style/utilichart.css?0.8627959624976733" />

<!-- Global site tag (gtag.js) - Google Analytics -->
<script async src="https://www.googletagmanager.com/gtag/js?id=UA-26211653-1"></script>
<script>
  window.dataLayer = window.dataLayer || [];
  function gtag(){dataLayer.push(arguments);}
  gtag('js', new Date());

  gtag('config', 'UA-26211653-1');
</script>
<!-- End Google Analytics -->
<!-- Venatus Ad Manager - Install in <HEAD> of page -->
	<script src="https://hb.vntsm.com/v3/live/ad-manager.min.js" type="text/javascript" data-site-id="642aba63ec9a7b11c3c9c1be" data-mode="scan" async></script>
<!-- / Venatus Ad Manager -->

<style>
	@media (max-width:820px) {
		.battle {
			margin: 0 auto;
		}
		.battle-log {
			margin: 7px auto 0;
			max-width: 640px;
			height: 300px;
			position: static;
		}
	}
	.optgroup {
		display: inline-block;
		line-height: 22px;
		font-size: 10pt;
	}
	.optgroup .button {
		height: 25px;
		padding-top: 0;
		padding-bottom: 0;
	}
	.optgroup button.button {
		padding-left: 12px;
		padding-right: 12px;
	}
	.linklist {
		list-style: none;
		margin: 0.5em 0;
		padding: 0;
	}
	.linklist li {
		padding: 2px 0;
	}
	.sidebar {
		float: left;
		width: 320px;
	}
	.bar-wrapper {
		max-width: 1100px;
		margin: 0 auto;
	}
	.bar-wrapper.has-sidebar {
		max-width: 1430px;
	}
	.mainbar {
		margin: 0;
		padding-right: 1px;
	}
	.mainbar.has-sidebar {
		margin-left: 330px;
	}
	@media (min-width: 1511px) {
		.sidebar {
			width: 400px;
		}
		.bar-wrapper.has-sidebar {
			max-width: 1510px;
		}
		.mainbar.has-sidebar {
			margin-left: 410px;
		}
	}
	.section.first-section {
		margin-top: 9px;
	}
	.blocklink small {
		white-space: normal;
	}
	.button {
		vertical-align: middle;
	}
	.replay-controls {
		padding-top: 10px;
	}
	.replay-controls h1 {
		font-size: 16pt;
		font-weight: normal;
		color: #CCC;
	}
	.pagelink {
		text-align: center;
	}
	.pagelink a {
		width: 150px;
	}
	.textbox, .button {
		font-size: 11pt;
		vertical-align: middle;
	}
	@media (max-width: 450px) {
		.button {
			font-size: 9pt;
		}
	}
</style>

<div>

	<header>
		<div class="nav-wrapper"><ul class="nav">
			<li><a class="button nav-first" href="//pokemonshowdown.com/"><img src="//pokemonshowdown.com/images/pokemonshowdownbeta.png" srcset="//pokemonshowdown.com/images/pokemonshowdownbeta.png 1x, //pokemonshowdown.com/images/pokemonshowdownbeta@2x.png 2x" alt="Pok&eacute;mon Showdown" width="146" height="44" /> Home</a></li>
			<li><a class="button" href="//pokemonshowdown.com/dex/">Pok&eacute;dex</a></li>
			<li><a class="button cur" href="/">Replays</a></li>
			<li><a class="button" href="//pokemonshowdown.com/ladder/">Ladder</a></li>
			<li><a class="button nav-last" href="//pokemonshowdown.com/forums/">Forum</a></li>
			<li><a class="button greenbutton nav-first nav-last" href="//play.pokemonshowdown.com/">Play</a></li>
		</ul></div>
	</header>

	<div class="main" id="main">

		<noscript><section class="section">You need to enable JavaScript to use this page; sorry!</section></noscript>

	</div>

</div>

<script defer nomodule src="//play.pokemonshowdown.com/js/lib/ps-polyfill.js"></script>
<script defer src="//play.pokemonshowdown.com/js/lib/preact.min.js"></script>

<script defer src="//play.pokemonshowdown.com/config/config.js?2bddbc15"></script>
<script defer src="//play.pokemonshowdown.com/js/lib/jquery-1.11.0.min.js"></script>
<script defer src="//play.pokemonshowdown.com/js/lib/html-sanitizer-minified.js"></script>
<script defer src="//play.pokemonshowdown.com/js/battle-sound.js"></script>
<script defer src="//play.pokemonshowdown.com/js/battledata.js?0.7209276989879541"></script>
<script defer src="//play.pokemonshowdown.com/data/pokedex-mini.js?0.6111056340867951"></script>
<script defer src="//play.pokemonshowdown.com/data/pokedex-mini-bw.js?0.3532142036491459"></script>
<script defer src="//play.pokemonshowdown.com/data/graphics.js?0.24223875632456182"></script>
<script defer src="//play.pokemonshowdown.com/data/pokedex.js?0.38839984266356864"></script>
<script defer src="//play.pokemonshowdown.com/data/moves.js?0.21866028504024015"></script>
<script defer src="//play.pokemonshowdown.com/data/abilities.js?0.2005157953846628"></script>
<script defer src="//play.pokemonshowdown.com/data/items.js?0.9894211263848525"></script>
<script defer src="//play.pokemonshowdown.com/data/teambuilder-tables.js?0.6008791140282215"></script>
<script defer src="//play.pokemonshowdown.com/js/battle-tooltips.js?0.7580118955022959"></script>
<script defer src="//play.pokemonshowdown.com/js/battle.js?0.6057722274234274"></script>

<script defer src="js/utils.js?e31f9a17"></script>
<script defer src="js/replays-battle.js?7008c182"></script>

<!-- don't scrape this data! just add .json or .log after the URL!
Full API docs: https://github.com/smogon/pokemon-showdown-client/blob/master/WEB-API.md -->
<script type="text/plain" class="log" id="replaylog-smogtours-gen3ou-794827">
|inactive|Battle timer is ON: inactive players will automatically lose when time's up.
|t:|1728095397
|gametype|singles
|player|p1|Zcarlett_|miku-flying|
|player|p2|UponLink|101|
|teamsize|p1|6
|teamsize|p2|6
|gen|3
|tier|[Gen 3] OU
|rule|Sleep Clause Mod: Limit one foe put to sleep
|rule|Switch Priority Clause Mod: Faster Pokémon switch first
|rule|Species Clause: Limit one of each Pokémon
|rule|OHKO Clause: OHKO moves are banned
|rule|Evasion Items Clause: Evasion items are banned
|rule|Evasion Moves Clause: Evasion moves are banned
|rule|Endless Battle Clause: Forcing endless battles is banned
|rule|HP Percentage Mod: HP is shown in percentages
|rule|One Boost Passer Clause: Limit one Baton Passer that has a way to boost its stats
|rule|Freeze Clause Mod: Limit one foe frozen
|
|t:|1728095397
|start
|switch|p1a: Salamence|Salamence, M|100/100
|switch|p2a: Zapdos|Zapdos|100/100
|-ability|p1a: Salamence|Intimidate|boost
|-unboost|p2a: Zapdos|atk|1
|turn|1
|
|t:|1728095409
|switch|p1a: Celebi|Celebi|100/100
|move|p2a: Zapdos|Thunder Wave|p1a: Celebi
|-status|p1a: Celebi|par
|
|upkeep
|turn|2
|
|t:|1728095415
|move|p2a: Zapdos|Baton Pass|p2a: Zapdos
|
|t:|1728095416
|switch|p2a: Celebi|Celebi|100/100|[from] Baton Pass
|move|p1a: Celebi|Leech Seed|p2a: Celebi
|-immune|p2a: Celebi
|
|upkeep
|turn|3
|
|t:|1728095423
|-curestatus|p1a: Celebi|par|[from] ability: Natural Cure
|switch|p1a: Salamence|Salamence, M|100/100
|-ability|p1a: Salamence|Intimidate|boost
|-unboost|p2a: Celebi|atk|1
|move|p2a: Celebi|Baton Pass|p2a: Celebi
|
|t:|1728095430
|switch|p2a: Starmie|Starmie|100/100|[from] Baton Pass
|
|upkeep
|turn|4
|
|t:|1728095438
|switch|p1a: Suicune|Suicune|100/100
|move|p2a: Starmie|Hydro Pump|p1a: Suicune|[miss]
|-miss|p2a: Starmie|p1a: Suicune
|
|upkeep
|turn|5
|
|t:|1728095446
|switch|p2a: Celebi|Celebi|100/100
|switch|p1a: Salamence|Salamence, M|100/100
|-ability|p1a: Salamence|Intimidate|boost
|-unboost|p2a: Celebi|atk|1
|
|upkeep
|turn|6
|
|t:|1728095452
|move|p1a: Salamence|Dragon Claw|p2a: Celebi
|-damage|p2a: Celebi|77/100
|move|p2a: Celebi|Leech Seed|p1a: Salamence
|-start|p1a: Salamence|move: Leech Seed
|
|-damage|p1a: Salamence|88/100|[from] Leech Seed|[of] p2a: Celebi
|-heal|p2a: Celebi|87/100|[silent]
|-heal|p2a: Celebi|94/100|[from] item: Leftovers
|upkeep
|turn|7
|
|t:|1728095458
|switch|p1a: Celebi|Celebi|100/100
|move|p2a: Celebi|Baton Pass|p2a: Celebi
|
|t:|1728095481
|switch|p2a: Tyranitar|Tyranitar, F|100/100|[from] Baton Pass
|-weather|Sandstorm|[from] ability: Sand Stream|[of] p2a: Tyranitar
|
|-weather|Sandstorm|[upkeep]
|-damage|p1a: Celebi|94/100|[from] Sandstorm
|-heal|p1a: Celebi|100/100|[from] item: Leftovers
|upkeep
|turn|8
|
|t:|1728095486
|switch|p1a: Metagross|Metagross|100/100
|move|p2a: Tyranitar|Hidden Power|p1a: Metagross
|-damage|p1a: Metagross|86/100
|
|-weather|Sandstorm|[upkeep]
|-heal|p1a: Metagross|92/100|[from] item: Leftovers
|upkeep
|turn|9
|
|t:|1728095491
|switch|p2a: Swampert|Swampert, M|100/100
|move|p1a: Metagross|Rock Slide|p2a: Swampert
|-resisted|p2a: Swampert
|-damage|p2a: Swampert|91/100
|
|-weather|Sandstorm|[upkeep]
|-heal|p1a: Metagross|98/100|[from] item: Leftovers
|-heal|p2a: Swampert|97/100|[from] item: Leftovers
|upkeep
|turn|10
|
|t:|1728095498
|switch|p1a: Celebi|Celebi|100/100
|move|p2a: Swampert|Ice Beam|p1a: Celebi
|-supereffective|p1a: Celebi
|-damage|p1a: Celebi|65/100
|
|-weather|Sandstorm|[upkeep]
|-damage|p1a: Celebi|59/100|[from] Sandstorm
|-heal|p1a: Celebi|65/100|[from] item: Leftovers
|-heal|p2a: Swampert|100/100|[from] item: Leftovers
|upkeep
|turn|11
|
|t:|1728095507
|move|p2a: Swampert|Protect|p2a: Swampert
|-singleturn|p2a: Swampert|Protect
|move|p1a: Celebi|Giga Drain|p2a: Swampert
|-activate|p2a: Swampert|Protect
|
|-weather|Sandstorm|[upkeep]
|-damage|p1a: Celebi|59/100|[from] Sandstorm
|-heal|p1a: Celebi|65/100|[from] item: Leftovers
|upkeep
|turn|12
|
|t:|1728095512
|switch|p2a: Celebi|Celebi|94/100
|move|p1a: Celebi|Hidden Power|p2a: Celebi
|-supereffective|p2a: Celebi
|-damage|p2a: Celebi|67/100
|
|-weather|Sandstorm|[upkeep]
|-damage|p1a: Celebi|59/100|[from] Sandstorm
|-damage|p2a: Celebi|60/100|[from] Sandstorm
|-heal|p1a: Celebi|65/100|[from] item: Leftovers
|-heal|p2a: Celebi|67/100|[from] item: Leftovers
|upkeep
|turn|13
|
|t:|1728095517
|move|p1a: Celebi|Hidden Power|p2a: Celebi
|-supereffective|p2a: Celebi
|-damage|p2a: Celebi|39/100
|move|p2a: Celebi|Baton Pass|p2a: Celebi
|
|t:|1728095520
|switch|p2a: Dugtrio|Dugtrio, F|100/100|[from] Baton Pass
|
|-weather|Sandstorm|[upkeep]
|-damage|p1a: Celebi|59/100|[from] Sandstorm
|-heal|p1a: Celebi|65/100|[from] item: Leftovers
|upkeep
|turn|14
|
|t:|1728095523
|move|p2a: Dugtrio|Hidden Power|p1a: Celebi
|-supereffective|p1a: Celebi
|-crit|p1a: Celebi
|-damage|p1a: Celebi|0 fnt
|faint|p1a: Celebi
|
|t:|1728095532
|switch|p1a: Suicune|Suicune|100/100
|
|-weather|Sandstorm|[upkeep]
|-damage|p1a: Suicune|94/100|[from] Sandstorm
|-heal|p1a: Suicune|100/100|[from] item: Leftovers
|upkeep
|turn|15
|
|t:|1728095547
|switch|p2a: Starmie|Starmie|100/100
|move|p1a: Suicune|Surf|p2a: Starmie
|-resisted|p2a: Starmie
|-damage|p2a: Starmie|71/100
|
|-weather|Sandstorm|[upkeep]
|-damage|p2a: Starmie|65/100|[from] Sandstorm
|-damage|p1a: Suicune|94/100|[from] Sandstorm
|-heal|p2a: Starmie|71/100|[from] item: Leftovers
|-heal|p1a: Suicune|100/100|[from] item: Leftovers
|upkeep
|turn|16
|
|t:|1728095552
|move|p2a: Starmie|Thunderbolt|p1a: Suicune
|-supereffective|p1a: Suicune
|-damage|p1a: Suicune|59/100
|move|p1a: Suicune|Calm Mind|p1a: Suicune
|-boost|p1a: Suicune|spa|1
|-boost|p1a: Suicune|spd|1
|
|-weather|Sandstorm|[upkeep]
|-damage|p2a: Starmie|65/100|[from] Sandstorm
|-damage|p1a: Suicune|53/100|[from] Sandstorm
|-heal|p2a: Starmie|71/100|[from] item: Leftovers
|-heal|p1a: Suicune|59/100|[from] item: Leftovers
|upkeep
|turn|17
|
|t:|1728095565
|move|p2a: Starmie|Thunderbolt|p1a: Suicune
|-supereffective|p1a: Suicune
|-damage|p1a: Suicune|29/100
|move|p1a: Suicune|Rest|p1a: Suicune
|-status|p1a: Suicune|slp|[from] move: Rest
|-heal|p1a: Suicune|100/100 slp|[silent]
|
|-weather|Sandstorm|[upkeep]
|-damage|p2a: Starmie|65/100|[from] Sandstorm
|-damage|p1a: Suicune|94/100 slp|[from] Sandstorm
|-heal|p2a: Starmie|71/100|[from] item: Leftovers
|-heal|p1a: Suicune|100/100 slp|[from] item: Leftovers
|upkeep
|turn|18
|
|t:|1728095572
|switch|p2a: Zapdos|Zapdos|100/100
|cant|p1a: Suicune|slp
|
|-weather|Sandstorm|[upkeep]
|-damage|p2a: Zapdos|94/100|[from] Sandstorm
|-damage|p1a: Suicune|94/100 slp|[from] Sandstorm
|-heal|p2a: Zapdos|100/100|[from] item: Leftovers
|-heal|p1a: Suicune|100/100 slp|[from] item: Leftovers
|upkeep
|turn|19
|
|t:|1728095577
|switch|p1a: Claydol|Claydol|100/100
|move|p2a: Zapdos|Thunderbolt|p1a: Claydol
|-immune|p1a: Claydol
|
|-weather|Sandstorm|[upkeep]
|-damage|p2a: Zapdos|94/100|[from] Sandstorm
|-heal|p2a: Zapdos|100/100|[from] item: Leftovers
|upkeep
|turn|20
|
|t:|1728095597
|switch|p2a: Celebi|Celebi|39/100
|move|p1a: Claydol|Psychic|p2a: Celebi
|-resisted|p2a: Celebi
|-damage|p2a: Celebi|32/100
|
|-weather|Sandstorm|[upkeep]
|-damage|p2a: Celebi|26/100|[from] Sandstorm
|-heal|p2a: Celebi|32/100|[from] item: Leftovers
|upkeep
|turn|21
|
|t:|1728095604
|switch|p1a: Salamence|Salamence, M|88/100
|-ability|p1a: Salamence|Intimidate|boost
|-unboost|p2a: Celebi|atk|1
|move|p2a: Celebi|Recover|p2a: Celebi
|-heal|p2a: Celebi|82/100
|
|-weather|Sandstorm|[upkeep]
|-damage|p1a: Salamence|82/100|[from] Sandstorm
|-damage|p2a: Celebi|76/100|[from] Sandstorm
|-heal|p1a: Salamence|88/100|[from] item: Leftovers
|-heal|p2a: Celebi|82/100|[from] item: Leftovers
|upkeep
|turn|22
|
|t:|1728095608
|move|p1a: Salamence|Flamethrower|p2a: Celebi
|-supereffective|p2a: Celebi
|-damage|p2a: Celebi|43/100
|move|p2a: Celebi|Leech Seed|p1a: Salamence
|-start|p1a: Salamence|move: Leech Seed
|
|-weather|Sandstorm|[upkeep]
|-damage|p1a: Salamence|82/100|[from] Sandstorm
|-damage|p2a: Celebi|37/100|[from] Sandstorm
|-heal|p1a: Salamence|88/100|[from] item: Leftovers
|-damage|p1a: Salamence|76/100|[from] Leech Seed|[of] p2a: Celebi
|-heal|p2a: Celebi|47/100|[silent]
|-heal|p2a: Celebi|53/100|[from] item: Leftovers
|upkeep
|turn|23
|
|t:|1728095614
|switch|p1a: Tyranitar|Tyranitar, M|100/100
|move|p2a: Celebi|Baton Pass|p2a: Celebi
|
|t:|1728095630
|switch|p2a: Swampert|Swampert, M|100/100|[from] Baton Pass
|
|-weather|Sandstorm|[upkeep]
|upkeep
|turn|24
|
|t:|1728095637
|switch|p1a: Suicune|Suicune|100/100 slp
|move|p2a: Swampert|Earthquake|p1a: Suicune
|-crit|p1a: Suicune
|-damage|p1a: Suicune|45/100 slp
|
|-weather|Sandstorm|[upkeep]
|-damage|p1a: Suicune|39/100 slp|[from] Sandstorm
|-heal|p1a: Suicune|45/100 slp|[from] item: Leftovers
|upkeep
|turn|25
|
|t:|1728095649
|cant|p1a: Suicune|slp
|move|p2a: Swampert|Earthquake|p1a: Suicune
|-damage|p1a: Suicune|25/100 slp
|
|-weather|Sandstorm|[upkeep]
|-damage|p1a: Suicune|19/100 slp|[from] Sandstorm
|-heal|p1a: Suicune|25/100 slp|[from] item: Leftovers
|upkeep
|turn|26
|
|t:|1728095653
|switch|p2a: Zapdos|Zapdos|100/100
|-curestatus|p1a: Suicune|slp|[msg]
|move|p1a: Suicune|Rest|p1a: Suicune
|-status|p1a: Suicune|slp|[from] move: Rest
|-heal|p1a: Suicune|100/100 slp|[silent]
|
|-weather|Sandstorm|[upkeep]
|-damage|p2a: Zapdos|94/100|[from] Sandstorm
|-damage|p1a: Suicune|94/100 slp|[from] Sandstorm
|-heal|p2a: Zapdos|100/100|[from] item: Leftovers
|-heal|p1a: Suicune|100/100 slp|[from] item: Leftovers
|upkeep
|turn|27
|
|t:|1728095658
|switch|p1a: Claydol|Claydol|100/100
|move|p2a: Zapdos|Hidden Power|p1a: Claydol
|-supereffective|p1a: Claydol
|-damage|p1a: Claydol|47/100
|
|-weather|Sandstorm|[upkeep]
|-damage|p2a: Zapdos|94/100|[from] Sandstorm
|-heal|p2a: Zapdos|100/100|[from] item: Leftovers
|-heal|p1a: Claydol|54/100|[from] item: Leftovers
|upkeep
|turn|28
|
|t:|1728095663
|switch|p2a: Celebi|Celebi|53/100
|move|p1a: Claydol|Explosion|p2a: Celebi
|-damage|p2a: Celebi|0 fnt
|faint|p1a: Claydol
|faint|p2a: Celebi
|
|t:|1728095674
|switch|p1a: Tyranitar|Tyranitar, M|100/100
|switch|p2a: Zapdos|Zapdos|100/100
|
|-weather|Sandstorm|[upkeep]
|-damage|p2a: Zapdos|94/100|[from] Sandstorm
|-heal|p2a: Zapdos|100/100|[from] item: Leftovers
|upkeep
|turn|29
|inactive|Zcarlett_ has 270 seconds left.
|
|t:|1728095706
|switch|p2a: Swampert|Swampert, M|100/100
|move|p1a: Tyranitar|Rock Slide|p2a: Swampert
|-resisted|p2a: Swampert
|-damage|p2a: Swampert|86/100
|
|-weather|Sandstorm|[upkeep]
|-heal|p2a: Swampert|92/100|[from] item: Leftovers
|upkeep
|turn|30
|
|t:|1728095712
|switch|p1a: Suicune|Suicune|100/100 slp
|move|p2a: Swampert|Protect||[still]
|-fail|p2a: Swampert
|
|-weather|Sandstorm|[upkeep]
|-damage|p1a: Suicune|94/100 slp|[from] Sandstorm
|-heal|p1a: Suicune|100/100 slp|[from] item: Leftovers
|-heal|p2a: Swampert|98/100|[from] item: Leftovers
|upkeep
|turn|31
|
|t:|1728095719
|switch|p1a: Tyranitar|Tyranitar, M|100/100
|switch|p2a: Zapdos|Zapdos|100/100
|
|-weather|Sandstorm|[upkeep]
|-damage|p2a: Zapdos|94/100|[from] Sandstorm
|-heal|p2a: Zapdos|100/100|[from] item: Leftovers
|upkeep
|turn|32
|
|t:|1728095727
|-singleturn|p1a: Tyranitar|move: Focus Punch
|move|p2a: Zapdos|Baton Pass|p2a: Zapdos
|
|t:|1728095736
|switch|p2a: Swampert|Swampert, M|98/100|[from] Baton Pass
|move|p1a: Tyranitar|Focus Punch|p2a: Swampert
|-damage|p2a: Swampert|60/100
|
|-weather|Sandstorm|[upkeep]
|-heal|p2a: Swampert|67/100|[from] item: Leftovers
|upkeep
|turn|33
|
|t:|1728095748
|switch|p1a: Suicune|Suicune|100/100 slp
|move|p2a: Swampert|Earthquake|p1a: Suicune
|-damage|p1a: Suicune|70/100 slp
|
|-weather|Sandstorm|[upkeep]
|-damage|p1a: Suicune|64/100 slp|[from] Sandstorm
|-heal|p1a: Suicune|70/100 slp|[from] item: Leftovers
|-heal|p2a: Swampert|73/100|[from] item: Leftovers
|upkeep
|turn|34
|
|t:|1728095752
|switch|p2a: Zapdos|Zapdos|100/100
|cant|p1a: Suicune|slp
|
|-weather|Sandstorm|[upkeep]
|-damage|p2a: Zapdos|94/100|[from] Sandstorm
|-damage|p1a: Suicune|64/100 slp|[from] Sandstorm
|-heal|p2a: Zapdos|100/100|[from] item: Leftovers
|-heal|p1a: Suicune|70/100 slp|[from] item: Leftovers
|upkeep
|turn|35
|
|t:|1728095763
|move|p2a: Zapdos|Thunderbolt|p1a: Suicune
|-supereffective|p1a: Suicune
|-damage|p1a: Suicune|0 fnt
|faint|p1a: Suicune
|
|t:|1728095765
|switch|p1a: Tyranitar|Tyranitar, M|100/100
|
|-weather|Sandstorm|[upkeep]
|-damage|p2a: Zapdos|94/100|[from] Sandstorm
|-heal|p2a: Zapdos|100/100|[from] item: Leftovers
|upkeep
|turn|36
|
|t:|1728095772
|move|p2a: Zapdos|Thunderbolt|p1a: Tyranitar
|-damage|p1a: Tyranitar|62/100
|move|p1a: Tyranitar|Rock Slide|p2a: Zapdos|[miss]
|-miss|p1a: Tyranitar|p2a: Zapdos
|
|-weather|Sandstorm|[upkeep]
|-damage|p2a: Zapdos|94/100|[from] Sandstorm
|-heal|p2a: Zapdos|100/100|[from] item: Leftovers
|-heal|p1a: Tyranitar|69/100|[from] item: Leftovers
|upkeep
|turn|37
|
|t:|1728095784
|move|p2a: Zapdos|Thunderbolt|p1a: Tyranitar
|-damage|p1a: Tyranitar|25/100
|move|p1a: Tyranitar|Earthquake|p2a: Zapdos
|-immune|p2a: Zapdos
|
|-weather|Sandstorm|[upkeep]
|-damage|p2a: Zapdos|94/100|[from] Sandstorm
|-heal|p2a: Zapdos|100/100|[from] item: Leftovers
|-heal|p1a: Tyranitar|31/100|[from] item: Leftovers
|upkeep
|turn|38
|-message|Zcarlett_ forfeited.
|
|win|UponLink
|player|p1|

</script>
<script type="application/json" class="data" id="replaydata-smogtours-gen3ou-794827">
{"id":"smogtours-gen3ou-794827","format":"[Gen 3] OU","players":["Zcarlett_","UponLink"],"uploadtime":1728095787,"views":160,"formatid":"gen3ou","rating":null,"private":0,"password":null}
</script>

<script defer src="js/replays.js?9d40a366"></script>
