<!DOCTYPE html>
<meta charset="utf-8" />
<meta name="viewport" content="width=device-width" />

<title>[Gen 3] OU: pressle54 vs. xerospacious - Replays - Pok&eacute;mon Showdown!</title>

<meta name="description" content="Watch a replay of a Pok&eacute;mon battle between pressle54 and xerospacious! Format: [Gen 3] OU; Date: Oct 5, 2024" />
<!--

Hey, you! Looking in the source for the replay log?

You can find them in JSON format, just add `.json` at the end of a replay URL.

https://replay.pokemonshowdown.com/gen7randomdoublesbattle-865046831.json

Or, if you only need the log itself, add `.log` instead:

https://replay.pokemonshowdown.com/gen7randomdoublesbattle-865046831.log

-->

<link rel="stylesheet" href="//pokemonshowdown.com/style/global.css?0.767286132409787" />
<link rel="stylesheet" href="//play.pokemonshowdown.com/style/font-awesome.css?0.9266228007934947" />
<link rel="stylesheet" href="//play.pokemonshowdown.com/style/battle.css?0.7924700842790926" />
<link rel="stylesheet" href="//play.pokemonshowdown.com/style/utilichart.css?0.8777417872839479" />

<!-- Global site tag (gtag.js) - Google Analytics -->
<script async src="https://www.googletagmanager.com/gtag/js?id=UA-26211653-1"></script>
<script>
  window.dataLayer = window.dataLayer || [];
  function gtag(){dataLayer.push(arguments);}
  gtag('js', new Date());

  gtag('config', 'UA-26211653-1');
</script>
<!-- End Google Analytics -->
<!-- Venatus Ad Manager - Install in <HEAD> of page -->
	<script src="https://hb.vntsm.com/v3/live/ad-manager.min.js" type="text/javascript" data-site-id="642aba63ec9a7b11c3c9c1be" data-mode="scan" async></script>
<!-- / Venatus Ad Manager -->

<style>
	@media (max-width:820px) {
		.battle {
			margin: 0 auto;
		}
		.battle-log {
			margin: 7px auto 0;
			max-width: 640px;
			height: 300px;
			position: static;
		}
	}
	.optgroup {
		display: inline-block;
		line-height: 22px;
		font-size: 10pt;
	}
	.optgroup .button {
		height: 25px;
		padding-top: 0;
		padding-bottom: 0;
	}
	.optgroup button.button {
		padding-left: 12px;
		padding-right: 12px;
	}
	.linklist {
		list-style: none;
		margin: 0.5em 0;
		padding: 0;
	}
	.linklist li {
		padding: 2px 0;
	}
	.sidebar {
		float: left;
		width: 320px;
	}
	.bar-wrapper {
		max-width: 1100px;
		margin: 0 auto;
	}
	.bar-wrapper.has-sidebar {
		max-width: 1430px;
	}
	.mainbar {
		margin: 0;
		padding-right: 1px;
	}
	.mainbar.has-sidebar {
		margin-left: 330px;
	}
	@media (min-width: 1511px) {
		.sidebar {
			width: 400px;
		}
		.bar-wrapper.has-sidebar {
			max-width: 1510px;
		}
		.mainbar.has-sidebar {
			margin-left: 410px;
		}
	}
	.section.first-section {
		margin-top: 9px;
	}
	.blocklink small {
		white-space: normal;
	}
	.button {
		vertical-align: middle;
	}
	.replay-controls {
		padding-top: 10px;
	}
	.replay-controls h1 {
		font-size: 16pt;
		font-weight: normal;
		color: #CCC;
	}
	.pagelink {
		text-align: center;
	}
	.pagelink a {
		width: 150px;
	}
	.textbox, .button {
		font-size: 11pt;
		vertical-align: middle;
	}
	@media (max-width: 450px) {
		.button {
			font-size: 9pt;
		}
	}
</style>

<div>

	<header>
		<div class="nav-wrapper"><ul class="nav">
			<li><a class="button nav-first" href="//pokemonshowdown.com/"><img src="//pokemonshowdown.com/images/pokemonshowdownbeta.png" srcset="//pokemonshowdown.com/images/pokemonshowdownbeta.png 1x, //pokemonshowdown.com/images/pokemonshowdownbeta@2x.png 2x" alt="Pok&eacute;mon Showdown" width="146" height="44" /> Home</a></li>
			<li><a class="button" href="//pokemonshowdown.com/dex/">Pok&eacute;dex</a></li>
			<li><a class="button cur" href="/">Replays</a></li>
			<li><a class="button" href="//pokemonshowdown.com/ladder/">Ladder</a></li>
			<li><a class="button nav-last" href="//pokemonshowdown.com/forums/">Forum</a></li>
			<li><a class="button greenbutton nav-first nav-last" href="//play.pokemonshowdown.com/">Play</a></li>
		</ul></div>
	</header>

	<div class="main" id="main">

		<noscript><section class="section">You need to enable JavaScript to use this page; sorry!</section></noscript>

	</div>

</div>

<script defer nomodule src="//play.pokemonshowdown.com/js/lib/ps-polyfill.js"></script>
<script defer src="//play.pokemonshowdown.com/js/lib/preact.min.js"></script>

<script defer src="//play.pokemonshowdown.com/config/config.js?6dec07f6"></script>
<script defer src="//play.pokemonshowdown.com/js/lib/jquery-1.11.0.min.js"></script>
<script defer src="//play.pokemonshowdown.com/js/lib/html-sanitizer-minified.js"></script>
<script defer src="//play.pokemonshowdown.com/js/battle-sound.js"></script>
<script defer src="//play.pokemonshowdown.com/js/battledata.js?0.6315294753075389"></script>
<script defer src="//play.pokemonshowdown.com/data/pokedex-mini.js?0.7603743185311358"></script>
<script defer src="//play.pokemonshowdown.com/data/pokedex-mini-bw.js?0.030888842834281283"></script>
<script defer src="//play.pokemonshowdown.com/data/graphics.js?0.05593094747507488"></script>
<script defer src="//play.pokemonshowdown.com/data/pokedex.js?0.47064822249611904"></script>
<script defer src="//play.pokemonshowdown.com/data/moves.js?0.8583693120512459"></script>
<script defer src="//play.pokemonshowdown.com/data/abilities.js?0.16017181182386842"></script>
<script defer src="//play.pokemonshowdown.com/data/items.js?0.4163379185673943"></script>
<script defer src="//play.pokemonshowdown.com/data/teambuilder-tables.js?0.31075597372830477"></script>
<script defer src="//play.pokemonshowdown.com/js/battle-tooltips.js?0.6536193500708172"></script>
<script defer src="//play.pokemonshowdown.com/js/battle.js?0.1916591943277901"></script>

<script defer src="js/utils.js?e31f9a17"></script>
<script defer src="js/replays-battle.js?7008c182"></script>

<!-- don't scrape this data! just add .json or .log after the URL!
Full API docs: https://github.com/smogon/pokemon-showdown-client/blob/master/WEB-API.md -->
<script type="text/plain" class="log" id="replaylog-smogtours-gen3ou-795156">
|inactive|Battle timer is ON: inactive players will automatically lose when time's up.
|t:|1728158040
|gametype|singles
|player|p1|pressle54|boarder|
|player|p2|xerospacious|102|
|teamsize|p1|6
|teamsize|p2|6
|gen|3
|tier|[Gen 3] OU
|rule|Sleep Clause Mod: Limit one foe put to sleep
|rule|Switch Priority Clause Mod: Faster Pokémon switch first
|rule|Species Clause: Limit one of each Pokémon
|rule|OHKO Clause: OHKO moves are banned
|rule|Evasion Items Clause: Evasion items are banned
|rule|Evasion Moves Clause: Evasion moves are banned
|rule|Endless Battle Clause: Forcing endless battles is banned
|rule|HP Percentage Mod: HP is shown in percentages
|rule|One Boost Passer Clause: Limit one Baton Passer that has a way to boost its stats
|rule|Freeze Clause Mod: Limit one foe frozen
|
|t:|1728158040
|start
|switch|p1a: Suicune|Suicune|100/100
|switch|p2a: Skarmory|Skarmory, F|100/100
|turn|1
|c|☆pressle54|glhf
|
|t:|1728158068
|switch|p1a: Magneton|Magneton|100/100
|move|p2a: Skarmory|Toxic|p1a: Magneton
|-immune|p1a: Magneton
|
|upkeep
|turn|2
|inactive|xerospacious has 270 seconds left.
|
|t:|1728158104
|move|p1a: Magneton|Thunderbolt|p2a: Skarmory
|-supereffective|p2a: Skarmory
|-damage|p2a: Skarmory|0 fnt
|faint|p2a: Skarmory
|c|☆xerospacious|i should say i havent played pokemon in like 10 years ahah so gl 
|
|t:|1728158124
|switch|p2a: Tyranitar|Tyranitar, F|100/100
|-weather|Sandstorm|[from] ability: Sand Stream|[of] p2a: Tyranitar
|
|-weather|Sandstorm|[upkeep]
|upkeep
|turn|3
|c|☆pressle54|lol fair enough, i've been playing for a month or so only
|inactive|pressle54 has 270 seconds left.
|inactive|xerospacious has 240 seconds left.
|
|t:|1728158178
|-singleturn|p2a: Tyranitar|move: Focus Punch
|switch|p1a: Salamence|Salamence, F|100/100
|-ability|p1a: Salamence|Intimidate|boost
|-unboost|p2a: Tyranitar|atk|1
|move|p2a: Tyranitar|Focus Punch|p1a: Salamence
|-resisted|p1a: Salamence
|-damage|p1a: Salamence|78/100
|
|-weather|Sandstorm|[upkeep]
|-damage|p1a: Salamence|71/100|[from] Sandstorm
|-heal|p1a: Salamence|78/100|[from] item: Leftovers
|upkeep
|turn|4
|c|☆xerospacious|ayeaye. Just kinda found this team not really sure what the games like competetively
|inactive|xerospacious has 210 seconds left.
|c|☆pressle54|looks like a TSS team so far
|c|☆pressle54|toxic spikes and sand
|
|t:|1728158218
|switch|p2a: Swampert|Swampert, F|100/100
|move|p1a: Salamence|Brick Break|p2a: Swampert
|-damage|p2a: Swampert|85/100
|
|-weather|Sandstorm|[upkeep]
|-damage|p1a: Salamence|71/100|[from] Sandstorm
|-heal|p1a: Salamence|78/100|[from] item: Leftovers
|-heal|p2a: Swampert|91/100|[from] item: Leftovers
|upkeep
|turn|5
|c|☆xerospacious|yeah clueless ahah
|
|t:|1728158242
|switch|p1a: Heracross|Heracross, F|100/100
|move|p2a: Swampert|Ice Beam|p1a: Heracross
|-damage|p1a: Heracross|78/100
|
|-weather|Sandstorm|[upkeep]
|-damage|p1a: Heracross|72/100|[from] Sandstorm
|-heal|p2a: Swampert|97/100|[from] item: Leftovers
|upkeep
|turn|6
|inactive|xerospacious has 180 seconds left.
|
|t:|1728158294
|move|p1a: Heracross|Substitute|p1a: Heracross
|-start|p1a: Heracross|Substitute
|-damage|p1a: Heracross|47/100
|move|p2a: Swampert|Hydro Pump|p1a: Heracross
|-end|p1a: Heracross|Substitute
|
|-weather|Sandstorm|[upkeep]
|-damage|p1a: Heracross|41/100|[from] Sandstorm
|-heal|p2a: Swampert|100/100|[from] item: Leftovers
|upkeep
|turn|7
|inactive|xerospacious has 150 seconds left.
|
|t:|1728158310
|move|p1a: Heracross|Substitute|p1a: Heracross
|-start|p1a: Heracross|Substitute
|-damage|p1a: Heracross|16/100
|move|p2a: Swampert|Earthquake|p1a: Heracross
|-resisted|p1a: Heracross
|-end|p1a: Heracross|Substitute
|
|-weather|Sandstorm|[upkeep]
|-damage|p1a: Heracross|10/100|[from] Sandstorm
|-enditem|p1a: Heracross|Salac Berry|[eat]
|-boost|p1a: Heracross|spe|1|[from] item: Salac Berry
|upkeep
|turn|8
|inactive|xerospacious has 150 seconds left.
|c|☆xerospacious|cant even remember weaknesses and resistances now i think of it hahah
|
|t:|1728158336
|switch|p2a: Gengar|Gengar, F|100/100
|move|p1a: Heracross|Megahorn|p2a: Gengar
|-resisted|p2a: Gengar
|-damage|p2a: Gengar|61/100
|
|-weather|Sandstorm|[upkeep]
|-damage|p1a: Heracross|4/100|[from] Sandstorm
|-damage|p2a: Gengar|55/100|[from] Sandstorm
|-heal|p2a: Gengar|61/100|[from] item: Leftovers
|upkeep
|turn|9
|c|☆pressle54|bro I be googling that stuff constantly
|inactive|xerospacious has 120 seconds left.
|
|t:|1728158366
|switch|p2a: Swampert|Swampert, F|100/100
|move|p1a: Heracross|Rock Slide|p2a: Swampert
|-resisted|p2a: Swampert
|-damage|p2a: Swampert|91/100
|
|-weather|Sandstorm|[upkeep]
|-damage|p1a: Heracross|0 fnt|[from] Sandstorm
|faint|p1a: Heracross
|-heal|p2a: Swampert|97/100|[from] item: Leftovers
|upkeep
|
|t:|1728158384
|switch|p1a: Suicune|Suicune|100/100
|turn|10
|inactive|xerospacious has 120 seconds left.
|
|t:|1728158402
|switch|p2a: Gengar|Gengar, F|61/100
|move|p1a: Suicune|Calm Mind|p1a: Suicune
|-boost|p1a: Suicune|spa|1
|-boost|p1a: Suicune|spd|1
|
|-weather|Sandstorm|[upkeep]
|-damage|p2a: Gengar|55/100|[from] Sandstorm
|-damage|p1a: Suicune|94/100|[from] Sandstorm
|-heal|p2a: Gengar|61/100|[from] item: Leftovers
|-heal|p1a: Suicune|100/100|[from] item: Leftovers
|upkeep
|turn|11
|inactive|pressle54 has 270 seconds left.
|inactive|xerospacious has 120 seconds left.
|
|t:|1728158417
|switch|p1a: Snorlax|Snorlax, F|100/100
|move|p2a: Gengar|Thunderbolt|p1a: Snorlax
|-damage|p1a: Snorlax|84/100
|
|-weather|Sandstorm|[upkeep]
|-damage|p2a: Gengar|55/100|[from] Sandstorm
|-damage|p1a: Snorlax|77/100|[from] Sandstorm
|-heal|p2a: Gengar|61/100|[from] item: Leftovers
|-heal|p1a: Snorlax|84/100|[from] item: Leftovers
|upkeep
|turn|12
|inactive|xerospacious has 120 seconds left.
|
|t:|1728158446
|switch|p2a: Blissey|Blissey, F, shiny|100/100
|move|p1a: Snorlax|Shadow Ball|p2a: Blissey
|-immune|p2a: Blissey
|
|-weather|Sandstorm|[upkeep]
|-damage|p2a: Blissey|94/100|[from] Sandstorm
|-damage|p1a: Snorlax|77/100|[from] Sandstorm
|-heal|p2a: Blissey|100/100|[from] item: Leftovers
|-heal|p1a: Snorlax|84/100|[from] item: Leftovers
|upkeep
|turn|13
|inactive|pressle54 has 270 seconds left.
|
|t:|1728158463
|move|p2a: Blissey|Fire Blast|p1a: Snorlax
|-damage|p1a: Snorlax|64/100
|move|p1a: Snorlax|Self-Destruct|p2a: Blissey
|-damage|p2a: Blissey|0 fnt
|faint|p1a: Snorlax
|faint|p2a: Blissey
|inactive|pressle54 has 270 seconds left.
|
|t:|1728158494
|switch|p2a: Starmie|Starmie|100/100
|switch|p1a: Salamence|Salamence, F|78/100
|-ability|p1a: Salamence|Intimidate|boost
|-unboost|p2a: Starmie|atk|1
|
|-weather|Sandstorm|[upkeep]
|-damage|p2a: Starmie|94/100|[from] Sandstorm
|-damage|p1a: Salamence|71/100|[from] Sandstorm
|-heal|p2a: Starmie|100/100|[from] item: Leftovers
|-heal|p1a: Salamence|78/100|[from] item: Leftovers
|upkeep
|turn|14
|
|t:|1728158514
|switch|p1a: Magneton|Magneton|100/100
|move|p2a: Starmie|Ice Beam|p1a: Magneton
|-resisted|p1a: Magneton
|-damage|p1a: Magneton|78/100
|
|-weather|Sandstorm|[upkeep]
|-damage|p2a: Starmie|94/100|[from] Sandstorm
|-heal|p2a: Starmie|100/100|[from] item: Leftovers
|upkeep
|turn|15
|
|t:|1728158527
|switch|p2a: Tyranitar|Tyranitar, F|100/100
|move|p1a: Magneton|Thunderbolt|p2a: Tyranitar
|-damage|p2a: Tyranitar|58/100
|
|-weather|Sandstorm|[upkeep]
|-heal|p2a: Tyranitar|65/100|[from] item: Leftovers
|upkeep
|turn|16
|
|t:|1728158539
|-singleturn|p2a: Tyranitar|move: Focus Punch
|move|p1a: Magneton|Thunder Wave|p2a: Tyranitar
|-status|p2a: Tyranitar|par
|move|p2a: Tyranitar|Focus Punch|p1a: Magneton
|-supereffective|p1a: Magneton
|-damage|p1a: Magneton|0 fnt
|faint|p1a: Magneton
|
|t:|1728158557
|switch|p1a: Salamence|Salamence, F|78/100
|-ability|p1a: Salamence|Intimidate|boost
|-unboost|p2a: Tyranitar|atk|1
|
|-weather|Sandstorm|[upkeep]
|-damage|p1a: Salamence|71/100|[from] Sandstorm
|-heal|p1a: Salamence|78/100|[from] item: Leftovers
|-heal|p2a: Tyranitar|71/100 par|[from] item: Leftovers
|upkeep
|turn|17
|inactive|pressle54 has 240 seconds left.
|
|t:|1728158573
|switch|p2a: Starmie|Starmie|100/100
|move|p1a: Salamence|Hidden Power|p2a: Starmie
|-supereffective|p2a: Starmie
|-damage|p2a: Starmie|31/100
|
|-weather|Sandstorm|[upkeep]
|-damage|p2a: Starmie|25/100|[from] Sandstorm
|-damage|p1a: Salamence|71/100|[from] Sandstorm
|-heal|p2a: Starmie|31/100|[from] item: Leftovers
|-heal|p1a: Salamence|78/100|[from] item: Leftovers
|upkeep
|turn|18
|inactive|pressle54 has 240 seconds left.
|
|t:|1728158594
|switch|p1a: Suicune|Suicune|100/100
|move|p2a: Starmie|Ice Beam|p1a: Suicune
|-resisted|p1a: Suicune
|-damage|p1a: Suicune|88/100
|
|-weather|Sandstorm|[upkeep]
|-damage|p2a: Starmie|25/100|[from] Sandstorm
|-damage|p1a: Suicune|82/100|[from] Sandstorm
|-heal|p2a: Starmie|31/100|[from] item: Leftovers
|-heal|p1a: Suicune|88/100|[from] item: Leftovers
|upkeep
|turn|19
|
|t:|1728158606
|switch|p1a: Metagross|Metagross|100/100
|move|p2a: Starmie|Thunderbolt|p1a: Metagross
|-damage|p1a: Metagross|69/100
|
|-weather|Sandstorm|[upkeep]
|-damage|p2a: Starmie|25/100|[from] Sandstorm
|-heal|p2a: Starmie|31/100|[from] item: Leftovers
|upkeep
|turn|20
|inactive|xerospacious has 90 seconds left.
|
|t:|1728158628
|switch|p2a: Tyranitar|Tyranitar, F|71/100 par
|move|p1a: Metagross|Meteor Mash|p2a: Tyranitar
|-supereffective|p2a: Tyranitar
|-damage|p2a: Tyranitar|0 fnt
|faint|p2a: Tyranitar
|inactive|xerospacious has 90 seconds left.
|
|t:|1728158640
|switch|p2a: Swampert|Swampert, F|97/100
|
|-weather|Sandstorm|[upkeep]
|-heal|p2a: Swampert|100/100|[from] item: Leftovers
|upkeep
|turn|21
|inactive|xerospacious has 90 seconds left.
|inactive|pressle54 has 240 seconds left.
|
|t:|1728158651
|switch|p1a: Suicune|Suicune|88/100
|move|p2a: Swampert|Ice Beam|p1a: Suicune
|-resisted|p1a: Suicune
|-damage|p1a: Suicune|80/100
|
|-weather|Sandstorm|[upkeep]
|-damage|p1a: Suicune|74/100|[from] Sandstorm
|-heal|p1a: Suicune|80/100|[from] item: Leftovers
|upkeep
|turn|22
|inactive|xerospacious has 90 seconds left.
|
|t:|1728158667
|move|p2a: Swampert|Protect|p2a: Swampert
|-singleturn|p2a: Swampert|Protect
|move|p1a: Suicune|Calm Mind|p1a: Suicune
|-boost|p1a: Suicune|spa|1
|-boost|p1a: Suicune|spd|1
|
|-weather|Sandstorm|[upkeep]
|-damage|p1a: Suicune|74/100|[from] Sandstorm
|-heal|p1a: Suicune|80/100|[from] item: Leftovers
|upkeep
|turn|23
|inactive|xerospacious has 90 seconds left.
|inactive|pressle54 has 240 seconds left.
|
|t:|1728158683
|move|p1a: Suicune|Calm Mind|p1a: Suicune
|-boost|p1a: Suicune|spa|1
|-boost|p1a: Suicune|spd|1
|move|p2a: Swampert|Hydro Pump|p1a: Suicune
|-resisted|p1a: Suicune
|-damage|p1a: Suicune|72/100
|
|-weather|Sandstorm|[upkeep]
|-damage|p1a: Suicune|66/100|[from] Sandstorm
|-heal|p1a: Suicune|72/100|[from] item: Leftovers
|upkeep
|turn|24
|inactive|xerospacious has 60 seconds left.
|
|t:|1728158718
|move|p1a: Suicune|Hydro Pump|p2a: Swampert
|-damage|p2a: Swampert|10/100
|move|p2a: Swampert|Hydro Pump|p1a: Suicune
|-resisted|p1a: Suicune
|-crit|p1a: Suicune
|-damage|p1a: Suicune|25/100
|
|-weather|Sandstorm|[upkeep]
|-damage|p1a: Suicune|19/100|[from] Sandstorm
|-heal|p1a: Suicune|25/100|[from] item: Leftovers
|-heal|p2a: Swampert|16/100|[from] item: Leftovers
|upkeep
|turn|25
|inactive|xerospacious has 60 seconds left.
|
|t:|1728158743
|move|p1a: Suicune|Ice Beam|p2a: Swampert
|-damage|p2a: Swampert|0 fnt
|faint|p2a: Swampert
|
|t:|1728158754
|switch|p2a: Gengar|Gengar, F|61/100
|
|-weather|Sandstorm|[upkeep]
|-damage|p2a: Gengar|55/100|[from] Sandstorm
|-damage|p1a: Suicune|19/100|[from] Sandstorm
|-heal|p2a: Gengar|61/100|[from] item: Leftovers
|-heal|p1a: Suicune|25/100|[from] item: Leftovers
|upkeep
|turn|26
|inactive|xerospacious has 30 seconds left.
|
|t:|1728158777
|move|p2a: Gengar|Ice Punch|p1a: Suicune
|-resisted|p1a: Suicune
|-damage|p1a: Suicune|20/100
|move|p1a: Suicune|Hydro Pump|p2a: Gengar|[miss]
|-miss|p1a: Suicune|p2a: Gengar
|
|-weather|Sandstorm|[upkeep]
|-damage|p2a: Gengar|55/100|[from] Sandstorm
|-damage|p1a: Suicune|14/100|[from] Sandstorm
|-heal|p2a: Gengar|61/100|[from] item: Leftovers
|-heal|p1a: Suicune|20/100|[from] item: Leftovers
|upkeep
|turn|27
|inactive|xerospacious has 30 seconds left.
|
|t:|1728158788
|move|p2a: Gengar|Thunderbolt|p1a: Suicune
|-supereffective|p1a: Suicune
|-damage|p1a: Suicune|0 fnt
|faint|p1a: Suicune
|
|t:|1728158796
|switch|p1a: Metagross|Metagross|69/100
|
|-weather|Sandstorm|[upkeep]
|-damage|p2a: Gengar|55/100|[from] Sandstorm
|-heal|p2a: Gengar|61/100|[from] item: Leftovers
|upkeep
|turn|28
|
|t:|1728158810
|move|p2a: Gengar|Explosion|p1a: Metagross
|-resisted|p1a: Metagross
|-damage|p1a: Metagross|38/100
|faint|p2a: Gengar
|
|t:|1728158814
|switch|p2a: Starmie|Starmie|31/100
|
|-weather|Sandstorm|[upkeep]
|-damage|p2a: Starmie|25/100|[from] Sandstorm
|-heal|p2a: Starmie|31/100|[from] item: Leftovers
|upkeep
|turn|29
|inactive|xerospacious has 30 seconds left.
|
|t:|1728158841
|move|p2a: Starmie|Hydro Pump|p1a: Metagross
|-damage|p1a: Metagross|0 fnt
|faint|p1a: Metagross
|inactive|xerospacious has 30 seconds left this turn.
|
|t:|1728158845
|switch|p1a: Salamence|Salamence, F|78/100
|-ability|p1a: Salamence|Intimidate|boost
|-unboost|p2a: Starmie|atk|1
|
|-weather|Sandstorm|[upkeep]
|-damage|p2a: Starmie|25/100|[from] Sandstorm
|-damage|p1a: Salamence|71/100|[from] Sandstorm
|-heal|p2a: Starmie|31/100|[from] item: Leftovers
|-heal|p1a: Salamence|78/100|[from] item: Leftovers
|upkeep
|turn|30
|
|t:|1728158853
|move|p2a: Starmie|Ice Beam|p1a: Salamence
|-supereffective|p1a: Salamence
|-damage|p1a: Salamence|0 fnt
|faint|p1a: Salamence
|
|win|xerospacious
|c|☆xerospacious|forgot snorlax could explode
|c|☆pressle54|ggwp
|c|☆xerospacious|gg
|c|☆xerospacious|wp
|c|☆xerospacious|is it best of 3? ii have no idea
|c|☆pressle54|yea best of 3
|c|☆xerospacious|sound is it just click rematach
|c|☆pressle54|i'll send a new challenge
|c|☆xerospacious|or do we need to do a new one
|c|☆xerospacious|ah okay

</script>
<script type="application/json" class="data" id="replaydata-smogtours-gen3ou-795156">
{"id":"smogtours-gen3ou-795156","format":"[Gen 3] OU","players":["pressle54","xerospacious"],"uploadtime":1728158853,"views":100,"formatid":"gen3ou","rating":null,"private":0,"password":null}
</script>

<script defer src="js/replays.js?9d40a366"></script>
