<!DOCTYPE html>
<meta charset="utf-8" />
<meta name="viewport" content="width=device-width" />

<title>[Gen 3] OU: RoomTemperatureIVs vs. CodeRedSP - Replays - Pok&eacute;mon Showdown!</title>

<meta name="description" content="Watch a replay of a Pok&eacute;mon battle between RoomTemperatureIVs and CodeRedSP! Format: [Gen 3] OU; Date: Oct 20, 2024" />
<!--

Hey, you! Looking in the source for the replay log?

You can find them in JSON format, just add `.json` at the end of a replay URL.

https://replay.pokemonshowdown.com/gen7randomdoublesbattle-865046831.json

Or, if you only need the log itself, add `.log` instead:

https://replay.pokemonshowdown.com/gen7randomdoublesbattle-865046831.log

-->

<link rel="stylesheet" href="//pokemonshowdown.com/style/global.css?0.023195364461161105" />
<link rel="stylesheet" href="//play.pokemonshowdown.com/style/font-awesome.css?0.13261647063804238" />
<link rel="stylesheet" href="//play.pokemonshowdown.com/style/battle.css?0.8753245789963631" />
<link rel="stylesheet" href="//play.pokemonshowdown.com/style/utilichart.css?0.8627959624976733" />

<!-- Global site tag (gtag.js) - Google Analytics -->
<script async src="https://www.googletagmanager.com/gtag/js?id=UA-26211653-1"></script>
<script>
  window.dataLayer = window.dataLayer || [];
  function gtag(){dataLayer.push(arguments);}
  gtag('js', new Date());

  gtag('config', 'UA-26211653-1');
</script>
<!-- End Google Analytics -->
<!-- Venatus Ad Manager - Install in <HEAD> of page -->
	<script src="https://hb.vntsm.com/v3/live/ad-manager.min.js" type="text/javascript" data-site-id="642aba63ec9a7b11c3c9c1be" data-mode="scan" async></script>
<!-- / Venatus Ad Manager -->

<style>
	@media (max-width:820px) {
		.battle {
			margin: 0 auto;
		}
		.battle-log {
			margin: 7px auto 0;
			max-width: 640px;
			height: 300px;
			position: static;
		}
	}
	.optgroup {
		display: inline-block;
		line-height: 22px;
		font-size: 10pt;
	}
	.optgroup .button {
		height: 25px;
		padding-top: 0;
		padding-bottom: 0;
	}
	.optgroup button.button {
		padding-left: 12px;
		padding-right: 12px;
	}
	.linklist {
		list-style: none;
		margin: 0.5em 0;
		padding: 0;
	}
	.linklist li {
		padding: 2px 0;
	}
	.sidebar {
		float: left;
		width: 320px;
	}
	.bar-wrapper {
		max-width: 1100px;
		margin: 0 auto;
	}
	.bar-wrapper.has-sidebar {
		max-width: 1430px;
	}
	.mainbar {
		margin: 0;
		padding-right: 1px;
	}
	.mainbar.has-sidebar {
		margin-left: 330px;
	}
	@media (min-width: 1511px) {
		.sidebar {
			width: 400px;
		}
		.bar-wrapper.has-sidebar {
			max-width: 1510px;
		}
		.mainbar.has-sidebar {
			margin-left: 410px;
		}
	}
	.section.first-section {
		margin-top: 9px;
	}
	.blocklink small {
		white-space: normal;
	}
	.button {
		vertical-align: middle;
	}
	.replay-controls {
		padding-top: 10px;
	}
	.replay-controls h1 {
		font-size: 16pt;
		font-weight: normal;
		color: #CCC;
	}
	.pagelink {
		text-align: center;
	}
	.pagelink a {
		width: 150px;
	}
	.textbox, .button {
		font-size: 11pt;
		vertical-align: middle;
	}
	@media (max-width: 450px) {
		.button {
			font-size: 9pt;
		}
	}
</style>

<div>

	<header>
		<div class="nav-wrapper"><ul class="nav">
			<li><a class="button nav-first" href="//pokemonshowdown.com/"><img src="//pokemonshowdown.com/images/pokemonshowdownbeta.png" srcset="//pokemonshowdown.com/images/pokemonshowdownbeta.png 1x, //pokemonshowdown.com/images/pokemonshowdownbeta@2x.png 2x" alt="Pok&eacute;mon Showdown" width="146" height="44" /> Home</a></li>
			<li><a class="button" href="//pokemonshowdown.com/dex/">Pok&eacute;dex</a></li>
			<li><a class="button cur" href="/">Replays</a></li>
			<li><a class="button" href="//pokemonshowdown.com/ladder/">Ladder</a></li>
			<li><a class="button nav-last" href="//pokemonshowdown.com/forums/">Forum</a></li>
			<li><a class="button greenbutton nav-first nav-last" href="//play.pokemonshowdown.com/">Play</a></li>
		</ul></div>
	</header>

	<div class="main" id="main">

		<noscript><section class="section">You need to enable JavaScript to use this page; sorry!</section></noscript>

	</div>

</div>

<script defer nomodule src="//play.pokemonshowdown.com/js/lib/ps-polyfill.js"></script>
<script defer src="//play.pokemonshowdown.com/js/lib/preact.min.js"></script>

<script defer src="//play.pokemonshowdown.com/config/config.js?2bddbc15"></script>
<script defer src="//play.pokemonshowdown.com/js/lib/jquery-1.11.0.min.js"></script>
<script defer src="//play.pokemonshowdown.com/js/lib/html-sanitizer-minified.js"></script>
<script defer src="//play.pokemonshowdown.com/js/battle-sound.js"></script>
<script defer src="//play.pokemonshowdown.com/js/battledata.js?0.7209276989879541"></script>
<script defer src="//play.pokemonshowdown.com/data/pokedex-mini.js?0.6111056340867951"></script>
<script defer src="//play.pokemonshowdown.com/data/pokedex-mini-bw.js?0.3532142036491459"></script>
<script defer src="//play.pokemonshowdown.com/data/graphics.js?0.24223875632456182"></script>
<script defer src="//play.pokemonshowdown.com/data/pokedex.js?0.38839984266356864"></script>
<script defer src="//play.pokemonshowdown.com/data/moves.js?0.21866028504024015"></script>
<script defer src="//play.pokemonshowdown.com/data/abilities.js?0.2005157953846628"></script>
<script defer src="//play.pokemonshowdown.com/data/items.js?0.9894211263848525"></script>
<script defer src="//play.pokemonshowdown.com/data/teambuilder-tables.js?0.6008791140282215"></script>
<script defer src="//play.pokemonshowdown.com/js/battle-tooltips.js?0.7580118955022959"></script>
<script defer src="//play.pokemonshowdown.com/js/battle.js?0.6057722274234274"></script>

<script defer src="js/utils.js?e31f9a17"></script>
<script defer src="js/replays-battle.js?7008c182"></script>

<!-- don't scrape this data! just add .json or .log after the URL!
Full API docs: https://github.com/smogon/pokemon-showdown-client/blob/master/WEB-API.md -->
<script type="text/plain" class="log" id="replaylog-smogtours-gen3ou-800591">
|inactive|Battle timer is ON: inactive players will automatically lose when time's up.
|t:|1729445034
|gametype|singles
|player|p1|RoomTemperatureIVs|scientistf|
|player|p2|CodeRedSP|flannery|
|teamsize|p1|6
|teamsize|p2|6
|gen|3
|tier|[Gen 3] OU
|rule|Sleep Clause Mod: Limit one foe put to sleep
|rule|Switch Priority Clause Mod: Faster Pokémon switch first
|rule|Species Clause: Limit one of each Pokémon
|rule|OHKO Clause: OHKO moves are banned
|rule|Evasion Items Clause: Evasion items are banned
|rule|Evasion Moves Clause: Evasion moves are banned
|rule|Endless Battle Clause: Forcing endless battles is banned
|rule|HP Percentage Mod: HP is shown in percentages
|rule|One Boost Passer Clause: Limit one Baton Passer that has a way to boost its stats
|rule|Freeze Clause Mod: Limit one foe frozen
|
|t:|1729445034
|start
|switch|p1a: Gengar|Gengar, M|100/100
|switch|p2a: Starmie|Starmie|100/100
|turn|1
|
|t:|1729445056
|switch|p2a: Tyranitar|Tyranitar, M|100/100
|-weather|Sandstorm|[from] ability: Sand Stream|[of] p2a: Tyranitar
|move|p1a: Gengar|Thunderbolt|p2a: Tyranitar
|-damage|p2a: Tyranitar|65/100
|
|-weather|Sandstorm|[upkeep]
|-damage|p1a: Gengar|94/100|[from] Sandstorm
|upkeep
|turn|2
|
|t:|1729445068
|move|p1a: Gengar|Hidden Power|p2a: Tyranitar
|-supereffective|p2a: Tyranitar
|-damage|p2a: Tyranitar|20/100
|move|p2a: Tyranitar|Dragon Dance|p2a: Tyranitar
|-boost|p2a: Tyranitar|atk|1
|-boost|p2a: Tyranitar|spe|1
|
|-weather|Sandstorm|[upkeep]
|-damage|p1a: Gengar|88/100|[from] Sandstorm
|upkeep
|turn|3
|
|t:|1729445088
|move|p1a: Gengar|Ice Punch|p2a: Tyranitar
|-damage|p2a: Tyranitar|0 fnt
|faint|p2a: Tyranitar
|
|t:|1729445100
|switch|p2a: Metagross|Metagross|100/100
|
|-weather|Sandstorm|[upkeep]
|-damage|p1a: Gengar|82/100|[from] Sandstorm
|upkeep
|turn|4
|inactive|RoomTemperatureIVs has 270 seconds left.
|
|t:|1729445141
|switch|p1a: Suicune|Suicune|100/100
|move|p2a: Metagross|Meteor Mash|p1a: Suicune
|-resisted|p1a: Suicune
|-damage|p1a: Suicune|78/100
|
|-weather|Sandstorm|[upkeep]
|-damage|p1a: Suicune|72/100|[from] Sandstorm
|-heal|p1a: Suicune|78/100|[from] item: Leftovers
|upkeep
|turn|5
|
|t:|1729445147
|switch|p1a: Gengar|Gengar, M|82/100
|move|p2a: Metagross|Meteor Mash|p1a: Gengar
|-damage|p1a: Gengar|0 fnt
|faint|p1a: Gengar
|
|t:|1729445169
|switch|p1a: Skarmory|Skarmory, M|100/100
|
|-weather|Sandstorm|[upkeep]
|upkeep
|turn|6
|
|t:|1729445177
|switch|p2a: Starmie|Starmie|100/100
|move|p1a: Skarmory|Spikes|p2a: Starmie
|-sidestart|p2: CodeRedSP|Spikes
|
|-weather|Sandstorm|[upkeep]
|-damage|p2a: Starmie|94/100|[from] Sandstorm
|-heal|p2a: Starmie|100/100|[from] item: Leftovers
|upkeep
|turn|7
|inactive|RoomTemperatureIVs has 240 seconds left.
|
|t:|1729445220
|switch|p1a: Suicune|Suicune|78/100
|move|p2a: Starmie|Rapid Spin|p1a: Suicune
|-damage|p1a: Suicune|76/100
|-sideend|p2: CodeRedSP|Spikes|[from] move: Rapid Spin|[of] p2a: Starmie
|
|-weather|Sandstorm|[upkeep]
|-damage|p2a: Starmie|94/100|[from] Sandstorm
|-damage|p1a: Suicune|70/100|[from] Sandstorm
|-heal|p2a: Starmie|100/100|[from] item: Leftovers
|-heal|p1a: Suicune|76/100|[from] item: Leftovers
|upkeep
|turn|8
|
|t:|1729445226
|move|p2a: Starmie|Thunderbolt|p1a: Suicune
|-supereffective|p1a: Suicune
|-damage|p1a: Suicune|36/100
|move|p1a: Suicune|Calm Mind|p1a: Suicune
|-boost|p1a: Suicune|spa|1
|-boost|p1a: Suicune|spd|1
|
|-weather|Sandstorm|[upkeep]
|-damage|p2a: Starmie|94/100|[from] Sandstorm
|-damage|p1a: Suicune|30/100|[from] Sandstorm
|-heal|p2a: Starmie|100/100|[from] item: Leftovers
|-heal|p1a: Suicune|36/100|[from] item: Leftovers
|upkeep
|turn|9
|inactive|RoomTemperatureIVs has 240 seconds left.
|
|t:|1729445243
|move|p2a: Starmie|Thunderbolt|p1a: Suicune
|-supereffective|p1a: Suicune
|-damage|p1a: Suicune|10/100
|move|p1a: Suicune|Rest|p1a: Suicune
|-status|p1a: Suicune|slp|[from] move: Rest
|-heal|p1a: Suicune|100/100 slp|[silent]
|
|-weather|Sandstorm|[upkeep]
|-damage|p2a: Starmie|94/100|[from] Sandstorm
|-damage|p1a: Suicune|94/100 slp|[from] Sandstorm
|-heal|p2a: Starmie|100/100|[from] item: Leftovers
|-heal|p1a: Suicune|100/100 slp|[from] item: Leftovers
|upkeep
|turn|10
|
|t:|1729445265
|switch|p2a: Zapdos|Zapdos|100/100
|switch|p1a: Kingdra|Kingdra, M|100/100
|
|-weather|Sandstorm|[upkeep]
|-damage|p2a: Zapdos|94/100|[from] Sandstorm
|-damage|p1a: Kingdra|94/100|[from] Sandstorm
|-heal|p2a: Zapdos|100/100|[from] item: Leftovers
|upkeep
|turn|11
|
|t:|1729445276
|move|p1a: Kingdra|Rain Dance|p1a: Kingdra
|-weather|RainDance
|move|p2a: Zapdos|Roar|p1a: Kingdra
|drag|p1a: Dugtrio|Dugtrio, F|100/100
|
|-weather|RainDance|[upkeep]
|upkeep
|turn|12
|inactive|RoomTemperatureIVs has 210 seconds left.
|
|t:|1729445303
|switch|p2a: Metagross|Metagross|100/100
|switch|p1a: Skarmory|Skarmory, M|100/100
|
|-weather|RainDance|[upkeep]
|upkeep
|turn|13
|inactive|RoomTemperatureIVs has 210 seconds left.
|
|t:|1729445309
|move|p1a: Skarmory|Spikes|p2a: Metagross
|-sidestart|p2: CodeRedSP|Spikes
|move|p2a: Metagross|Explosion|p1a: Skarmory
|-resisted|p1a: Skarmory
|-damage|p1a: Skarmory|0 fnt
|faint|p2a: Metagross
|faint|p1a: Skarmory
|
|t:|1729445315
|switch|p1a: Kingdra|Kingdra, M|94/100
|switch|p2a: Celebi|Celebi|100/100
|-damage|p2a: Celebi|88/100|[from] Spikes
|
|-weather|RainDance|[upkeep]
|-heal|p2a: Celebi|94/100|[from] item: Leftovers
|upkeep
|turn|14
|
|t:|1729445321
|move|p2a: Celebi|Protect|p2a: Celebi
|-singleturn|p2a: Celebi|Protect
|move|p1a: Kingdra|Ice Beam|p2a: Celebi
|-activate|p2a: Celebi|Protect
|
|-weather|RainDance|[upkeep]
|-heal|p2a: Celebi|100/100|[from] item: Leftovers
|upkeep
|turn|15
|
|t:|1729445331
|switch|p2a: Starmie|Starmie|100/100
|-damage|p2a: Starmie|88/100|[from] Spikes
|move|p1a: Kingdra|Ice Beam|p2a: Starmie
|-resisted|p2a: Starmie
|-damage|p2a: Starmie|65/100
|
|-weather|none
|-heal|p2a: Starmie|71/100|[from] item: Leftovers
|upkeep
|turn|16
|
|t:|1729445335
|move|p2a: Starmie|Rapid Spin|p1a: Kingdra
|-damage|p1a: Kingdra|91/100
|-sideend|p2: CodeRedSP|Spikes|[from] move: Rapid Spin|[of] p2a: Starmie
|move|p1a: Kingdra|Rain Dance|p1a: Kingdra
|-weather|RainDance
|
|-weather|RainDance|[upkeep]
|-heal|p2a: Starmie|78/100|[from] item: Leftovers
|upkeep
|turn|17
|
|t:|1729445339
|move|p1a: Kingdra|Hidden Power|p2a: Starmie
|-supereffective|p2a: Starmie
|-damage|p2a: Starmie|18/100
|move|p2a: Starmie|Thunderbolt|p1a: Kingdra
|-damage|p1a: Kingdra|62/100
|
|-weather|RainDance|[upkeep]
|-heal|p2a: Starmie|24/100|[from] item: Leftovers
|upkeep
|turn|18
|inactive|RoomTemperatureIVs has 240 seconds left.
|
|t:|1729445354
|switch|p2a: Zapdos|Zapdos|100/100
|move|p1a: Kingdra|Hydro Pump|p2a: Zapdos|[miss]
|-miss|p1a: Kingdra|p2a: Zapdos
|
|-weather|RainDance|[upkeep]
|upkeep
|turn|19
|
|t:|1729445365
|move|p1a: Kingdra|Ice Beam|p2a: Zapdos
|-supereffective|p2a: Zapdos
|-damage|p2a: Zapdos|28/100
|move|p2a: Zapdos|Thunderbolt|p1a: Kingdra
|-damage|p1a: Kingdra|10/100
|
|-weather|RainDance|[upkeep]
|-heal|p2a: Zapdos|34/100|[from] item: Leftovers
|upkeep
|turn|20
|
|t:|1729445384
|switch|p2a: Starmie|Starmie|24/100
|move|p1a: Kingdra|Hydro Pump|p2a: Starmie|[miss]
|-miss|p1a: Kingdra|p2a: Starmie
|
|-weather|none
|-heal|p2a: Starmie|30/100|[from] item: Leftovers
|upkeep
|turn|21
|inactive|RoomTemperatureIVs has 240 seconds left.
|
|t:|1729445404
|move|p2a: Starmie|Surf|p1a: Kingdra
|-resisted|p1a: Kingdra
|-damage|p1a: Kingdra|0 fnt
|faint|p1a: Kingdra
|inactive|RoomTemperatureIVs has 240 seconds left.
|inactive|RoomTemperatureIVs has 210 seconds left.
|
|t:|1729445442
|switch|p1a: Dugtrio|Dugtrio, F|100/100
|
|-heal|p2a: Starmie|36/100|[from] item: Leftovers
|upkeep
|turn|22
|
|t:|1729445449
|move|p2a: Starmie|Surf|p1a: Dugtrio
|-supereffective|p1a: Dugtrio
|-damage|p1a: Dugtrio|0 fnt
|faint|p1a: Dugtrio
|
|t:|1729445462
|switch|p1a: Suicune|Suicune|100/100 slp
|
|-heal|p2a: Starmie|42/100|[from] item: Leftovers
|upkeep
|turn|23
|
|t:|1729445465
|move|p2a: Starmie|Thunderbolt|p1a: Suicune
|-supereffective|p1a: Suicune
|-damage|p1a: Suicune|59/100 slp
|cant|p1a: Suicune|slp
|move|p1a: Suicune|Sleep Talk|p1a: Suicune
|move|p1a: Suicune|Rest|p1a: Suicune|[from]Sleep Talk
|
|-heal|p2a: Starmie|48/100|[from] item: Leftovers
|-heal|p1a: Suicune|65/100 slp|[from] item: Leftovers
|upkeep
|turn|24
|
|t:|1729445469
|switch|p2a: Zapdos|Zapdos|34/100
|cant|p1a: Suicune|slp
|move|p1a: Suicune|Sleep Talk|p1a: Suicune
|move|p1a: Suicune|Calm Mind|p1a: Suicune|[from]Sleep Talk
|-boost|p1a: Suicune|spa|1
|-boost|p1a: Suicune|spd|1
|
|-heal|p2a: Zapdos|40/100|[from] item: Leftovers
|-heal|p1a: Suicune|71/100 slp|[from] item: Leftovers
|upkeep
|turn|25
|inactive|RoomTemperatureIVs has 240 seconds left.
|
|t:|1729445478
|-curestatus|p1a: Suicune|slp|[msg]
|move|p1a: Suicune|Surf|p2a: Zapdos
|-damage|p2a: Zapdos|0 fnt
|faint|p2a: Zapdos
|
|t:|1729445480
|switch|p2a: Aerodactyl|Aerodactyl, F|100/100
|
|-heal|p1a: Suicune|77/100|[from] item: Leftovers
|upkeep
|turn|26
|
|t:|1729445484
|move|p2a: Aerodactyl|Double-Edge|p1a: Suicune
|-damage|p1a: Suicune|45/100
|move|p1a: Suicune|Surf|p2a: Aerodactyl
|-supereffective|p2a: Aerodactyl
|-damage|p2a: Aerodactyl|0 fnt
|faint|p2a: Aerodactyl
|
|t:|1729445488
|switch|p2a: Celebi|Celebi|100/100
|
|-heal|p1a: Suicune|51/100|[from] item: Leftovers
|upkeep
|turn|27
|
|t:|1729445495
|move|p2a: Celebi|Leech Seed|p1a: Suicune
|-start|p1a: Suicune|move: Leech Seed
|move|p1a: Suicune|Calm Mind|p1a: Suicune
|-boost|p1a: Suicune|spa|1
|-boost|p1a: Suicune|spd|1
|
|-heal|p1a: Suicune|57/100|[from] item: Leftovers
|-damage|p1a: Suicune|45/100|[from] Leech Seed|[of] p2a: Celebi
|upkeep
|turn|28
|inactive|RoomTemperatureIVs has 270 seconds left.
|c|☆CodeRedSP|Nooooo 
|
|t:|1729445512
|switch|p2a: Starmie|Starmie|48/100
|move|p1a: Suicune|Calm Mind|p1a: Suicune
|-boost|p1a: Suicune|spa|1
|-boost|p1a: Suicune|spd|1
|
|-heal|p2a: Starmie|55/100|[from] item: Leftovers
|-heal|p1a: Suicune|51/100|[from] item: Leftovers
|-damage|p1a: Suicune|39/100|[from] Leech Seed|[of] p2a: Starmie
|-heal|p2a: Starmie|74/100|[silent]
|upkeep
|turn|29
|
|t:|1729445518
|move|p2a: Starmie|Thunderbolt|p1a: Suicune
|-supereffective|p1a: Suicune
|-damage|p1a: Suicune|21/100
|-status|p1a: Suicune|par
|move|p1a: Suicune|Rest|p1a: Suicune
|-status|p1a: Suicune|slp|[from] move: Rest
|-heal|p1a: Suicune|100/100 slp|[silent]
|
|-heal|p2a: Starmie|80/100|[from] item: Leftovers
|-damage|p1a: Suicune|88/100 slp|[from] Leech Seed|[of] p2a: Starmie
|-heal|p2a: Starmie|99/100|[silent]
|upkeep
|turn|30
|
|t:|1729445524
|move|p2a: Starmie|Thunderbolt|p1a: Suicune
|-supereffective|p1a: Suicune
|-damage|p1a: Suicune|72/100 slp
|cant|p1a: Suicune|slp
|move|p1a: Suicune|Sleep Talk|p1a: Suicune
|move|p1a: Suicune|Rest|p1a: Suicune|[from]Sleep Talk
|
|-heal|p2a: Starmie|100/100|[from] item: Leftovers
|-heal|p1a: Suicune|78/100 slp|[from] item: Leftovers
|-damage|p1a: Suicune|65/100 slp|[from] Leech Seed|[of] p2a: Starmie
|upkeep
|turn|31
|
|t:|1729445527
|move|p2a: Starmie|Thunderbolt|p1a: Suicune
|-supereffective|p1a: Suicune
|-damage|p1a: Suicune|49/100 slp
|cant|p1a: Suicune|slp
|move|p1a: Suicune|Sleep Talk|p1a: Suicune
|move|p1a: Suicune|Calm Mind|p1a: Suicune|[from]Sleep Talk
|-boost|p1a: Suicune|spa|1
|-boost|p1a: Suicune|spd|1
|
|-heal|p1a: Suicune|55/100 slp|[from] item: Leftovers
|-damage|p1a: Suicune|43/100 slp|[from] Leech Seed|[of] p2a: Starmie
|upkeep
|turn|32
|
|t:|1729445530
|move|p2a: Starmie|Thunderbolt|p1a: Suicune
|-supereffective|p1a: Suicune
|-damage|p1a: Suicune|29/100 slp
|-curestatus|p1a: Suicune|slp|[msg]
|move|p1a: Suicune|Rest|p1a: Suicune
|-status|p1a: Suicune|slp|[from] move: Rest
|-heal|p1a: Suicune|100/100 slp|[silent]
|
|-damage|p1a: Suicune|88/100 slp|[from] Leech Seed|[of] p2a: Starmie
|upkeep
|turn|33
|
|t:|1729445533
|move|p2a: Starmie|Thunderbolt|p1a: Suicune
|-supereffective|p1a: Suicune
|-damage|p1a: Suicune|74/100 slp
|cant|p1a: Suicune|slp
|move|p1a: Suicune|Sleep Talk|p1a: Suicune
|move|p1a: Suicune|Surf|p2a: Starmie|[from]Sleep Talk
|-resisted|p2a: Starmie
|-damage|p2a: Starmie|33/100
|
|-heal|p2a: Starmie|39/100|[from] item: Leftovers
|-heal|p1a: Suicune|80/100 slp|[from] item: Leftovers
|-damage|p1a: Suicune|68/100 slp|[from] Leech Seed|[of] p2a: Starmie
|-heal|p2a: Starmie|58/100|[silent]
|upkeep
|turn|34
|
|t:|1729445536
|move|p2a: Starmie|Thunderbolt|p1a: Suicune
|-supereffective|p1a: Suicune
|-damage|p1a: Suicune|55/100 slp
|cant|p1a: Suicune|slp
|move|p1a: Suicune|Sleep Talk|p1a: Suicune
|move|p1a: Suicune|Surf|p2a: Starmie|[from]Sleep Talk
|-resisted|p2a: Starmie
|-damage|p2a: Starmie|0 fnt
|faint|p2a: Starmie
|-message|CodeRedSP forfeited.
|
|win|RoomTemperatureIVs

</script>
<script type="application/json" class="data" id="replaydata-smogtours-gen3ou-800591">
{"id":"smogtours-gen3ou-800591","format":"[Gen 3] OU","players":["RoomTemperatureIVs","CodeRedSP"],"uploadtime":1729445548,"views":90,"formatid":"gen3ou","rating":null,"private":0,"password":null}
</script>

<script defer src="js/replays.js?9d40a366"></script>
