<!DOCTYPE html>
<meta charset="utf-8" />
<meta name="viewport" content="width=device-width" />

<title>[Gen 3] OU: nicole7735 vs. Jeem16 - Replays - Pok&eacute;mon Showdown!</title>

<meta name="description" content="Watch a replay of a Pok&eacute;mon battle between nicole7735 and Jeem16! Format: [Gen 3] OU; Date: Oct 18, 2024" />
<!--

Hey, you! Looking in the source for the replay log?

You can find them in JSON format, just add `.json` at the end of a replay URL.

https://replay.pokemonshowdown.com/gen7randomdoublesbattle-865046831.json

Or, if you only need the log itself, add `.log` instead:

https://replay.pokemonshowdown.com/gen7randomdoublesbattle-865046831.log

-->

<link rel="stylesheet" href="//pokemonshowdown.com/style/global.css?0.023195364461161105" />
<link rel="stylesheet" href="//play.pokemonshowdown.com/style/font-awesome.css?0.13261647063804238" />
<link rel="stylesheet" href="//play.pokemonshowdown.com/style/battle.css?0.8753245789963631" />
<link rel="stylesheet" href="//play.pokemonshowdown.com/style/utilichart.css?0.8627959624976733" />

<!-- Global site tag (gtag.js) - Google Analytics -->
<script async src="https://www.googletagmanager.com/gtag/js?id=UA-26211653-1"></script>
<script>
  window.dataLayer = window.dataLayer || [];
  function gtag(){dataLayer.push(arguments);}
  gtag('js', new Date());

  gtag('config', 'UA-26211653-1');
</script>
<!-- End Google Analytics -->
<!-- Venatus Ad Manager - Install in <HEAD> of page -->
	<script src="https://hb.vntsm.com/v3/live/ad-manager.min.js" type="text/javascript" data-site-id="642aba63ec9a7b11c3c9c1be" data-mode="scan" async></script>
<!-- / Venatus Ad Manager -->

<style>
	@media (max-width:820px) {
		.battle {
			margin: 0 auto;
		}
		.battle-log {
			margin: 7px auto 0;
			max-width: 640px;
			height: 300px;
			position: static;
		}
	}
	.optgroup {
		display: inline-block;
		line-height: 22px;
		font-size: 10pt;
	}
	.optgroup .button {
		height: 25px;
		padding-top: 0;
		padding-bottom: 0;
	}
	.optgroup button.button {
		padding-left: 12px;
		padding-right: 12px;
	}
	.linklist {
		list-style: none;
		margin: 0.5em 0;
		padding: 0;
	}
	.linklist li {
		padding: 2px 0;
	}
	.sidebar {
		float: left;
		width: 320px;
	}
	.bar-wrapper {
		max-width: 1100px;
		margin: 0 auto;
	}
	.bar-wrapper.has-sidebar {
		max-width: 1430px;
	}
	.mainbar {
		margin: 0;
		padding-right: 1px;
	}
	.mainbar.has-sidebar {
		margin-left: 330px;
	}
	@media (min-width: 1511px) {
		.sidebar {
			width: 400px;
		}
		.bar-wrapper.has-sidebar {
			max-width: 1510px;
		}
		.mainbar.has-sidebar {
			margin-left: 410px;
		}
	}
	.section.first-section {
		margin-top: 9px;
	}
	.blocklink small {
		white-space: normal;
	}
	.button {
		vertical-align: middle;
	}
	.replay-controls {
		padding-top: 10px;
	}
	.replay-controls h1 {
		font-size: 16pt;
		font-weight: normal;
		color: #CCC;
	}
	.pagelink {
		text-align: center;
	}
	.pagelink a {
		width: 150px;
	}
	.textbox, .button {
		font-size: 11pt;
		vertical-align: middle;
	}
	@media (max-width: 450px) {
		.button {
			font-size: 9pt;
		}
	}
</style>

<div>

	<header>
		<div class="nav-wrapper"><ul class="nav">
			<li><a class="button nav-first" href="//pokemonshowdown.com/"><img src="//pokemonshowdown.com/images/pokemonshowdownbeta.png" srcset="//pokemonshowdown.com/images/pokemonshowdownbeta.png 1x, //pokemonshowdown.com/images/pokemonshowdownbeta@2x.png 2x" alt="Pok&eacute;mon Showdown" width="146" height="44" /> Home</a></li>
			<li><a class="button" href="//pokemonshowdown.com/dex/">Pok&eacute;dex</a></li>
			<li><a class="button cur" href="/">Replays</a></li>
			<li><a class="button" href="//pokemonshowdown.com/ladder/">Ladder</a></li>
			<li><a class="button nav-last" href="//pokemonshowdown.com/forums/">Forum</a></li>
			<li><a class="button greenbutton nav-first nav-last" href="//play.pokemonshowdown.com/">Play</a></li>
		</ul></div>
	</header>

	<div class="main" id="main">

		<noscript><section class="section">You need to enable JavaScript to use this page; sorry!</section></noscript>

	</div>

</div>

<script defer nomodule src="//play.pokemonshowdown.com/js/lib/ps-polyfill.js"></script>
<script defer src="//play.pokemonshowdown.com/js/lib/preact.min.js"></script>

<script defer src="//play.pokemonshowdown.com/config/config.js?2bddbc15"></script>
<script defer src="//play.pokemonshowdown.com/js/lib/jquery-1.11.0.min.js"></script>
<script defer src="//play.pokemonshowdown.com/js/lib/html-sanitizer-minified.js"></script>
<script defer src="//play.pokemonshowdown.com/js/battle-sound.js"></script>
<script defer src="//play.pokemonshowdown.com/js/battledata.js?0.7209276989879541"></script>
<script defer src="//play.pokemonshowdown.com/data/pokedex-mini.js?0.6111056340867951"></script>
<script defer src="//play.pokemonshowdown.com/data/pokedex-mini-bw.js?0.3532142036491459"></script>
<script defer src="//play.pokemonshowdown.com/data/graphics.js?0.24223875632456182"></script>
<script defer src="//play.pokemonshowdown.com/data/pokedex.js?0.38839984266356864"></script>
<script defer src="//play.pokemonshowdown.com/data/moves.js?0.21866028504024015"></script>
<script defer src="//play.pokemonshowdown.com/data/abilities.js?0.2005157953846628"></script>
<script defer src="//play.pokemonshowdown.com/data/items.js?0.9894211263848525"></script>
<script defer src="//play.pokemonshowdown.com/data/teambuilder-tables.js?0.6008791140282215"></script>
<script defer src="//play.pokemonshowdown.com/js/battle-tooltips.js?0.7580118955022959"></script>
<script defer src="//play.pokemonshowdown.com/js/battle.js?0.6057722274234274"></script>

<script defer src="js/utils.js?e31f9a17"></script>
<script defer src="js/replays-battle.js?7008c182"></script>

<!-- don't scrape this data! just add .json or .log after the URL!
Full API docs: https://github.com/smogon/pokemon-showdown-client/blob/master/WEB-API.md -->
<script type="text/plain" class="log" id="replaylog-smogtours-gen3ou-799725">
|inactive|Battle timer is ON: inactive players will automatically lose when time's up.
|t:|1729287506
|gametype|singles
|player|p1|nicole7735|lady-gen4|
|player|p2|Jeem16|alder|
|teamsize|p1|6
|teamsize|p2|6
|gen|3
|tier|[Gen 3] OU
|rule|Sleep Clause Mod: Limit one foe put to sleep
|rule|Switch Priority Clause Mod: Faster Pokémon switch first
|rule|Species Clause: Limit one of each Pokémon
|rule|OHKO Clause: OHKO moves are banned
|rule|Evasion Items Clause: Evasion items are banned
|rule|Evasion Moves Clause: Evasion moves are banned
|rule|Endless Battle Clause: Forcing endless battles is banned
|rule|HP Percentage Mod: HP is shown in percentages
|rule|One Boost Passer Clause: Limit one Baton Passer that has a way to boost its stats
|rule|Freeze Clause Mod: Limit one foe frozen
|
|t:|1729287506
|start
|switch|p1a: Tyranitar|Tyranitar, M|100/100
|switch|p2a: Johnny|Hariyama, M|100/100
|-weather|Sandstorm|[from] ability: Sand Stream|[of] p1a: Tyranitar
|turn|1
|c|☆nicole7735|hf
|
|t:|1729287517
|switch|p1a: Skarmory|Skarmory, F|100/100
|move|p2a: Johnny|Knock Off|p1a: Skarmory
|-resisted|p1a: Skarmory
|-damage|p1a: Skarmory|99/100
|-enditem|p1a: Skarmory|Leftovers|[from] move: Knock Off|[of] p2a: Johnny
|-hint|In Gens 3-4, Knock Off only makes the target's item unusable; it cannot obtain a new item.
|
|-weather|Sandstorm|[upkeep]
|-damage|p2a: Johnny|94/100|[from] Sandstorm
|-heal|p2a: Johnny|100/100|[from] item: Leftovers
|upkeep
|turn|2
|
|t:|1729287524
|move|p1a: Skarmory|Spikes|p2a: Johnny
|-sidestart|p2: Jeem16|Spikes
|move|p2a: Johnny|Whirlwind|p1a: Skarmory
|drag|p1a: Blissey|Blissey, F|100/100
|
|-weather|Sandstorm|[upkeep]
|-damage|p1a: Blissey|94/100|[from] Sandstorm
|-damage|p2a: Johnny|94/100|[from] Sandstorm
|-heal|p1a: Blissey|100/100|[from] item: Leftovers
|-heal|p2a: Johnny|100/100|[from] item: Leftovers
|upkeep
|turn|3
|
|t:|1729287540
|switch|p1a: Skarmory|Skarmory, F|99/100
|move|p2a: Johnny|Brick Break|p1a: Skarmory
|-damage|p1a: Skarmory|72/100
|
|-weather|Sandstorm|[upkeep]
|-damage|p2a: Johnny|94/100|[from] Sandstorm
|-heal|p2a: Johnny|100/100|[from] item: Leftovers
|upkeep
|turn|4
|
|t:|1729287554
|move|p1a: Skarmory|Drill Peck|p2a: Johnny
|-supereffective|p2a: Johnny
|-damage|p2a: Johnny|55/100
|move|p2a: Johnny|Brick Break|p1a: Skarmory
|-damage|p1a: Skarmory|45/100
|
|-weather|Sandstorm|[upkeep]
|-damage|p2a: Johnny|49/100|[from] Sandstorm
|-heal|p2a: Johnny|55/100|[from] item: Leftovers
|upkeep
|turn|5
|
|t:|1729287568
|switch|p2a: Ted|Jirachi|100/100
|-damage|p2a: Ted|88/100|[from] Spikes
|move|p1a: Skarmory|Spikes|p2a: Ted
|-sidestart|p2: Jeem16|Spikes
|
|-weather|Sandstorm|[upkeep]
|-heal|p2a: Ted|94/100|[from] item: Leftovers
|upkeep
|turn|6
|
|t:|1729287576
|switch|p1a: Blissey|Blissey, F|100/100
|move|p2a: Ted|Wish|p2a: Ted
|
|-weather|Sandstorm|[upkeep]
|-damage|p1a: Blissey|94/100|[from] Sandstorm
|-heal|p2a: Ted|100/100|[from] item: Leftovers
|-heal|p1a: Blissey|100/100|[from] item: Leftovers
|upkeep
|turn|7
|
|t:|1729287589
|switch|p2a: David|Claydol|100/100
|switch|p1a: Moltres|Moltres|100/100
|
|-weather|Sandstorm|[upkeep]
|-damage|p1a: Moltres|94/100|[from] Sandstorm
|-heal|p1a: Moltres|100/100|[from] item: Leftovers
|upkeep
|turn|8
|
|t:|1729287596
|move|p1a: Moltres|Will-O-Wisp|p2a: David|[miss]
|-miss|p1a: Moltres|p2a: David
|move|p2a: David|Rapid Spin|p1a: Moltres
|-damage|p1a: Moltres|94/100
|-sideend|p2: Jeem16|Spikes|[from] move: Rapid Spin|[of] p2a: David
|
|-weather|Sandstorm|[upkeep]
|-damage|p1a: Moltres|88/100|[from] Sandstorm
|-heal|p1a: Moltres|94/100|[from] item: Leftovers
|upkeep
|turn|9
|c|☆nicole7735|worst move in the game
|
|t:|1729287611
|switch|p2a: Alexis|Suicune|100/100
|move|p1a: Moltres|Will-O-Wisp|p2a: Alexis
|-status|p2a: Alexis|brn
|
|-weather|Sandstorm|[upkeep]
|-damage|p1a: Moltres|88/100|[from] Sandstorm
|-damage|p2a: Alexis|94/100 brn|[from] Sandstorm
|-heal|p1a: Moltres|94/100|[from] item: Leftovers
|-heal|p2a: Alexis|100/100 brn|[from] item: Leftovers
|-damage|p2a: Alexis|88/100 brn|[from] brn
|upkeep
|turn|10
|
|t:|1729287634
|move|p2a: Alexis|Surf|p1a: Moltres
|-supereffective|p1a: Moltres
|-damage|p1a: Moltres|23/100
|move|p1a: Moltres|Roar|p2a: Alexis
|drag|p2a: Johnny|Hariyama, M|55/100
|
|-weather|Sandstorm|[upkeep]
|-damage|p1a: Moltres|17/100|[from] Sandstorm
|-damage|p2a: Johnny|49/100|[from] Sandstorm
|-heal|p1a: Moltres|23/100|[from] item: Leftovers
|-heal|p2a: Johnny|55/100|[from] item: Leftovers
|upkeep
|turn|11
|inactive|nicole7735 has 270 seconds left.
|
|t:|1729287661
|move|p1a: Moltres|Flamethrower|p2a: Johnny
|-damage|p2a: Johnny|10/100
|move|p2a: Johnny|Hidden Power|p1a: Moltres
|-damage|p1a: Moltres|0 fnt
|faint|p1a: Moltres
|
|t:|1729287668
|switch|p1a: Jirachi|Jirachi|100/100
|
|-weather|Sandstorm|[upkeep]
|-damage|p2a: Johnny|4/100|[from] Sandstorm
|-heal|p2a: Johnny|10/100|[from] item: Leftovers
|upkeep
|turn|12
|inactive|Jeem16 has 270 seconds left.
|
|t:|1729287689
|move|p1a: Jirachi|Ice Punch|p2a: Johnny
|-crit|p2a: Johnny
|-damage|p2a: Johnny|0 fnt
|faint|p2a: Johnny
|inactive|Jeem16 has 270 seconds left.
|
|t:|1729287697
|switch|p2a: Alexis|Suicune|88/100 brn
|
|-weather|Sandstorm|[upkeep]
|-damage|p2a: Alexis|82/100 brn|[from] Sandstorm
|-heal|p2a: Alexis|88/100 brn|[from] item: Leftovers
|-damage|p2a: Alexis|76/100 brn|[from] brn
|upkeep
|turn|13
|
|t:|1729287702
|move|p1a: Jirachi|Calm Mind|p1a: Jirachi
|-boost|p1a: Jirachi|spa|1
|-boost|p1a: Jirachi|spd|1
|move|p2a: Alexis|Calm Mind|p2a: Alexis
|-boost|p2a: Alexis|spa|1
|-boost|p2a: Alexis|spd|1
|
|-weather|Sandstorm|[upkeep]
|-damage|p2a: Alexis|69/100 brn|[from] Sandstorm
|-heal|p2a: Alexis|76/100 brn|[from] item: Leftovers
|-damage|p2a: Alexis|63/100 brn|[from] brn
|upkeep
|turn|14
|
|t:|1729287710
|move|p1a: Jirachi|Thunderbolt|p2a: Alexis
|-supereffective|p2a: Alexis
|-damage|p2a: Alexis|24/100 brn
|move|p2a: Alexis|Rest|p2a: Alexis
|-status|p2a: Alexis|slp|[from] move: Rest
|-heal|p2a: Alexis|100/100 slp|[silent]
|
|-weather|Sandstorm|[upkeep]
|-damage|p2a: Alexis|94/100 slp|[from] Sandstorm
|-heal|p2a: Alexis|100/100 slp|[from] item: Leftovers
|upkeep
|turn|15
|
|t:|1729287715
|move|p1a: Jirachi|Thunderbolt|p2a: Alexis
|-supereffective|p2a: Alexis
|-damage|p2a: Alexis|59/100 slp
|cant|p2a: Alexis|slp
|move|p2a: Alexis|Sleep Talk|p2a: Alexis
|move|p2a: Alexis|Calm Mind|p2a: Alexis|[from]Sleep Talk
|-boost|p2a: Alexis|spa|1
|-boost|p2a: Alexis|spd|1
|
|-weather|Sandstorm|[upkeep]
|-damage|p2a: Alexis|53/100 slp|[from] Sandstorm
|-heal|p2a: Alexis|59/100 slp|[from] item: Leftovers
|upkeep
|turn|16
|
|t:|1729287722
|move|p1a: Jirachi|Thunderbolt|p2a: Alexis
|-supereffective|p2a: Alexis
|-damage|p2a: Alexis|28/100 slp
|cant|p2a: Alexis|slp
|move|p2a: Alexis|Sleep Talk|p2a: Alexis
|move|p2a: Alexis|Rest|p2a: Alexis|[from]Sleep Talk
|
|-weather|Sandstorm|[upkeep]
|-damage|p2a: Alexis|22/100 slp|[from] Sandstorm
|-heal|p2a: Alexis|28/100 slp|[from] item: Leftovers
|upkeep
|turn|17
|
|t:|1729287739
|switch|p2a: David|Claydol|100/100
|move|p1a: Jirachi|Thunderbolt|p2a: David
|-immune|p2a: David
|
|-weather|Sandstorm|[upkeep]
|upkeep
|turn|18
|
|t:|1729287745
|move|p1a: Jirachi|Ice Punch|p2a: David
|-supereffective|p2a: David
|-damage|p2a: David|36/100
|move|p2a: David|Earthquake|p1a: Jirachi
|-supereffective|p1a: Jirachi
|-damage|p1a: Jirachi|39/100
|
|-weather|Sandstorm|[upkeep]
|-heal|p1a: Jirachi|45/100|[from] item: Leftovers
|-heal|p2a: David|42/100|[from] item: Leftovers
|upkeep
|turn|19
|
|t:|1729287753
|switch|p2a: Twyla|Blissey, F|100/100
|move|p1a: Jirachi|Ice Punch|p2a: Twyla
|-damage|p2a: Twyla|90/100
|
|-weather|Sandstorm|[upkeep]
|-damage|p2a: Twyla|84/100|[from] Sandstorm
|-heal|p1a: Jirachi|51/100|[from] item: Leftovers
|-heal|p2a: Twyla|90/100|[from] item: Leftovers
|upkeep
|turn|20
|
|t:|1729287765
|move|p1a: Jirachi|Substitute|p1a: Jirachi
|-start|p1a: Jirachi|Substitute
|-damage|p1a: Jirachi|26/100
|move|p2a: Twyla|Calm Mind|p2a: Twyla
|-boost|p2a: Twyla|spa|1
|-boost|p2a: Twyla|spd|1
|
|-weather|Sandstorm|[upkeep]
|-damage|p2a: Twyla|84/100|[from] Sandstorm
|-heal|p1a: Jirachi|32/100|[from] item: Leftovers
|-heal|p2a: Twyla|90/100|[from] item: Leftovers
|upkeep
|turn|21
|
|t:|1729287780
|switch|p1a: Blissey|Blissey, F|100/100
|move|p2a: Twyla|Thunderbolt|p1a: Blissey
|-damage|p1a: Blissey|91/100
|
|-weather|Sandstorm|[upkeep]
|-damage|p1a: Blissey|85/100|[from] Sandstorm
|-damage|p2a: Twyla|84/100|[from] Sandstorm
|-heal|p2a: Twyla|90/100|[from] item: Leftovers
|-heal|p1a: Blissey|91/100|[from] item: Leftovers
|upkeep
|turn|22
|
|t:|1729287786
|switch|p2a: Alexis|Suicune|28/100 slp
|move|p1a: Blissey|Toxic||[still]
|-fail|p1a: Blissey
|
|-weather|Sandstorm|[upkeep]
|-damage|p2a: Alexis|22/100 slp|[from] Sandstorm
|-damage|p1a: Blissey|85/100|[from] Sandstorm
|-heal|p2a: Alexis|28/100 slp|[from] item: Leftovers
|-heal|p1a: Blissey|91/100|[from] item: Leftovers
|upkeep
|turn|23
|
|t:|1729287789
|cant|p2a: Alexis|slp
|move|p2a: Alexis|Sleep Talk|p2a: Alexis
|move|p2a: Alexis|Calm Mind|p2a: Alexis|[from]Sleep Talk
|-boost|p2a: Alexis|spa|1
|-boost|p2a: Alexis|spd|1
|move|p1a: Blissey|Thunderbolt|p2a: Alexis
|-supereffective|p2a: Alexis
|-damage|p2a: Alexis|1/100 slp
|
|-weather|Sandstorm|[upkeep]
|-damage|p2a: Alexis|0 fnt|[from] Sandstorm
|-damage|p1a: Blissey|85/100|[from] Sandstorm
|faint|p2a: Alexis
|-heal|p1a: Blissey|91/100|[from] item: Leftovers
|upkeep
|
|t:|1729287813
|switch|p2a: Ted|Jirachi|100/100
|turn|24
|inactive|nicole7735 has 270 seconds left.
|
|t:|1729287853
|switch|p1a: Skarmory|Skarmory, F|45/100
|move|p2a: Ted|Fire Punch|p1a: Skarmory
|-supereffective|p1a: Skarmory
|-damage|p1a: Skarmory|16/100
|-status|p1a: Skarmory|brn
|
|-weather|Sandstorm|[upkeep]
|-damage|p1a: Skarmory|4/100 brn|[from] brn
|upkeep
|turn|25
|
|t:|1729287867
|move|p2a: Ted|Fire Punch|p1a: Skarmory
|-supereffective|p1a: Skarmory
|-damage|p1a: Skarmory|0 fnt
|faint|p1a: Skarmory
|inactive|nicole7735 has 270 seconds left.
|
|t:|1729287895
|switch|p1a: Swampert|Swampert, F|100/100
|
|-weather|Sandstorm|[upkeep]
|upkeep
|turn|26
|
|t:|1729287903
|move|p2a: Ted|Toxic|p1a: Swampert
|-status|p1a: Swampert|tox
|move|p1a: Swampert|Earthquake|p2a: Ted
|-supereffective|p2a: Ted
|-damage|p2a: Ted|43/100
|
|-weather|Sandstorm|[upkeep]
|-heal|p2a: Ted|49/100|[from] item: Leftovers
|-damage|p1a: Swampert|94/100 tox|[from] psn
|upkeep
|turn|27
|
|t:|1729287908
|move|p2a: Ted|Protect|p2a: Ted
|-singleturn|p2a: Ted|Protect
|move|p1a: Swampert|Earthquake|p2a: Ted
|-activate|p2a: Ted|Protect
|
|-weather|Sandstorm|[upkeep]
|-heal|p2a: Ted|55/100|[from] item: Leftovers
|-heal|p1a: Swampert|100/100 tox|[from] item: Leftovers
|-damage|p1a: Swampert|88/100 tox|[from] psn
|upkeep
|turn|28
|
|t:|1729287914
|switch|p2a: David|Claydol|42/100
|move|p1a: Swampert|Earthquake|p2a: David
|-immune|p2a: David
|
|-weather|Sandstorm|[upkeep]
|-heal|p2a: David|48/100|[from] item: Leftovers
|-heal|p1a: Swampert|94/100 tox|[from] item: Leftovers
|-damage|p1a: Swampert|76/100 tox|[from] psn
|upkeep
|turn|29
|
|t:|1729287918
|switch|p2a: Twyla|Blissey, F|90/100
|move|p1a: Swampert|Hydro Pump|p2a: Twyla
|-damage|p2a: Twyla|77/100
|
|-weather|Sandstorm|[upkeep]
|-damage|p2a: Twyla|71/100|[from] Sandstorm
|-heal|p1a: Swampert|82/100 tox|[from] item: Leftovers
|-damage|p1a: Swampert|57/100 tox|[from] psn
|-heal|p2a: Twyla|77/100|[from] item: Leftovers
|upkeep
|turn|30
|
|t:|1729287923
|move|p1a: Swampert|Earthquake|p2a: Twyla
|-damage|p2a: Twyla|42/100
|move|p2a: Twyla|Calm Mind|p2a: Twyla
|-boost|p2a: Twyla|spa|1
|-boost|p2a: Twyla|spd|1
|
|-weather|Sandstorm|[upkeep]
|-damage|p2a: Twyla|36/100|[from] Sandstorm
|-heal|p1a: Swampert|63/100 tox|[from] item: Leftovers
|-damage|p1a: Swampert|32/100 tox|[from] psn
|-heal|p2a: Twyla|42/100|[from] item: Leftovers
|upkeep
|turn|31
|
|t:|1729287926
|move|p1a: Swampert|Earthquake|p2a: Twyla
|-damage|p2a: Twyla|8/100
|move|p2a: Twyla|Soft-Boiled|p2a: Twyla
|-heal|p2a: Twyla|58/100
|
|-weather|Sandstorm|[upkeep]
|-damage|p2a: Twyla|52/100|[from] Sandstorm
|-heal|p1a: Swampert|38/100 tox|[from] item: Leftovers
|-damage|p1a: Swampert|1/100 tox|[from] psn
|-heal|p2a: Twyla|58/100|[from] item: Leftovers
|upkeep
|turn|32
|
|t:|1729287930
|move|p1a: Swampert|Earthquake|p2a: Twyla
|-damage|p2a: Twyla|27/100
|move|p2a: Twyla|Soft-Boiled|p2a: Twyla
|-heal|p2a: Twyla|77/100
|
|-weather|Sandstorm|[upkeep]
|-damage|p2a: Twyla|70/100|[from] Sandstorm
|-heal|p1a: Swampert|7/100 tox|[from] item: Leftovers
|-damage|p1a: Swampert|0 fnt|[from] psn
|faint|p1a: Swampert
|-heal|p2a: Twyla|77/100|[from] item: Leftovers
|upkeep
|
|t:|1729287938
|switch|p1a: Tyranitar|Tyranitar, M|100/100
|turn|33
|
|t:|1729287940
|move|p1a: Tyranitar|Dragon Dance|p1a: Tyranitar
|-boost|p1a: Tyranitar|atk|1
|-boost|p1a: Tyranitar|spe|1
|move|p2a: Twyla|Ice Beam|p1a: Tyranitar
|-damage|p1a: Tyranitar|79/100
|
|-weather|Sandstorm|[upkeep]
|-damage|p2a: Twyla|70/100|[from] Sandstorm
|-heal|p1a: Tyranitar|85/100|[from] item: Leftovers
|-heal|p2a: Twyla|77/100|[from] item: Leftovers
|upkeep
|turn|34
|
|t:|1729287946
|move|p1a: Tyranitar|Dragon Dance|p1a: Tyranitar
|-boost|p1a: Tyranitar|atk|1
|-boost|p1a: Tyranitar|spe|1
|move|p2a: Twyla|Ice Beam|p1a: Tyranitar
|-damage|p1a: Tyranitar|64/100
|-status|p1a: Tyranitar|frz
|
|-weather|Sandstorm|[upkeep]
|-damage|p2a: Twyla|70/100|[from] Sandstorm
|-heal|p1a: Tyranitar|70/100 frz|[from] item: Leftovers
|-heal|p2a: Twyla|77/100|[from] item: Leftovers
|upkeep
|turn|35
|c|☆nicole7735|nah
|
|t:|1729287953
|switch|p2a: Moira|Salamence, M|100/100
|-ability|p2a: Moira|Intimidate|boost
|-unboost|p1a: Tyranitar|atk|1
|cant|p1a: Tyranitar|frz
|
|-weather|Sandstorm|[upkeep]
|-damage|p2a: Moira|94/100|[from] Sandstorm
|-heal|p1a: Tyranitar|76/100 frz|[from] item: Leftovers
|upkeep
|turn|36
|c|☆Jeem16|I'm biting nails
|
|t:|1729287969
|cant|p1a: Tyranitar|frz
|move|p2a: Moira|Brick Break|p1a: Tyranitar
|-supereffective|p1a: Tyranitar
|-damage|p1a: Tyranitar|0 fnt
|faint|p1a: Tyranitar
|c|☆nicole7735|what a joke
|c|☆Jeem16|god bless
|c|☆nicole7735|gg i guess
|-message|nicole7735 forfeited.
|
|win|Jeem16

</script>
<script type="application/json" class="data" id="replaydata-smogtours-gen3ou-799725">
{"id":"smogtours-gen3ou-799725","format":"[Gen 3] OU","players":["nicole7735","Jeem16"],"uploadtime":1729287979,"views":91,"formatid":"gen3ou","rating":null,"private":0,"password":null}
</script>

<script defer src="js/replays.js?9d40a366"></script>
