<!DOCTYPE html>
<meta charset="utf-8" />
<meta name="viewport" content="width=device-width" />

<title>[Gen 3] OU: Lunarvania vs. somnanana - Replays - Pok&eacute;mon Showdown!</title>

<meta name="description" content="Watch a replay of a Pok&eacute;mon battle between Lunarvania and somnanana! Format: [Gen 3] OU; Date: Oct 18, 2024" />
<!--

Hey, you! Looking in the source for the replay log?

You can find them in JSON format, just add `.json` at the end of a replay URL.

https://replay.pokemonshowdown.com/gen7randomdoublesbattle-865046831.json

Or, if you only need the log itself, add `.log` instead:

https://replay.pokemonshowdown.com/gen7randomdoublesbattle-865046831.log

-->

<link rel="stylesheet" href="//pokemonshowdown.com/style/global.css?0.023195364461161105" />
<link rel="stylesheet" href="//play.pokemonshowdown.com/style/font-awesome.css?0.13261647063804238" />
<link rel="stylesheet" href="//play.pokemonshowdown.com/style/battle.css?0.8753245789963631" />
<link rel="stylesheet" href="//play.pokemonshowdown.com/style/utilichart.css?0.8627959624976733" />

<!-- Global site tag (gtag.js) - Google Analytics -->
<script async src="https://www.googletagmanager.com/gtag/js?id=UA-26211653-1"></script>
<script>
  window.dataLayer = window.dataLayer || [];
  function gtag(){dataLayer.push(arguments);}
  gtag('js', new Date());

  gtag('config', 'UA-26211653-1');
</script>
<!-- End Google Analytics -->
<!-- Venatus Ad Manager - Install in <HEAD> of page -->
	<script src="https://hb.vntsm.com/v3/live/ad-manager.min.js" type="text/javascript" data-site-id="642aba63ec9a7b11c3c9c1be" data-mode="scan" async></script>
<!-- / Venatus Ad Manager -->

<style>
	@media (max-width:820px) {
		.battle {
			margin: 0 auto;
		}
		.battle-log {
			margin: 7px auto 0;
			max-width: 640px;
			height: 300px;
			position: static;
		}
	}
	.optgroup {
		display: inline-block;
		line-height: 22px;
		font-size: 10pt;
	}
	.optgroup .button {
		height: 25px;
		padding-top: 0;
		padding-bottom: 0;
	}
	.optgroup button.button {
		padding-left: 12px;
		padding-right: 12px;
	}
	.linklist {
		list-style: none;
		margin: 0.5em 0;
		padding: 0;
	}
	.linklist li {
		padding: 2px 0;
	}
	.sidebar {
		float: left;
		width: 320px;
	}
	.bar-wrapper {
		max-width: 1100px;
		margin: 0 auto;
	}
	.bar-wrapper.has-sidebar {
		max-width: 1430px;
	}
	.mainbar {
		margin: 0;
		padding-right: 1px;
	}
	.mainbar.has-sidebar {
		margin-left: 330px;
	}
	@media (min-width: 1511px) {
		.sidebar {
			width: 400px;
		}
		.bar-wrapper.has-sidebar {
			max-width: 1510px;
		}
		.mainbar.has-sidebar {
			margin-left: 410px;
		}
	}
	.section.first-section {
		margin-top: 9px;
	}
	.blocklink small {
		white-space: normal;
	}
	.button {
		vertical-align: middle;
	}
	.replay-controls {
		padding-top: 10px;
	}
	.replay-controls h1 {
		font-size: 16pt;
		font-weight: normal;
		color: #CCC;
	}
	.pagelink {
		text-align: center;
	}
	.pagelink a {
		width: 150px;
	}
	.textbox, .button {
		font-size: 11pt;
		vertical-align: middle;
	}
	@media (max-width: 450px) {
		.button {
			font-size: 9pt;
		}
	}
</style>

<div>

	<header>
		<div class="nav-wrapper"><ul class="nav">
			<li><a class="button nav-first" href="//pokemonshowdown.com/"><img src="//pokemonshowdown.com/images/pokemonshowdownbeta.png" srcset="//pokemonshowdown.com/images/pokemonshowdownbeta.png 1x, //pokemonshowdown.com/images/pokemonshowdownbeta@2x.png 2x" alt="Pok&eacute;mon Showdown" width="146" height="44" /> Home</a></li>
			<li><a class="button" href="//pokemonshowdown.com/dex/">Pok&eacute;dex</a></li>
			<li><a class="button cur" href="/">Replays</a></li>
			<li><a class="button" href="//pokemonshowdown.com/ladder/">Ladder</a></li>
			<li><a class="button nav-last" href="//pokemonshowdown.com/forums/">Forum</a></li>
			<li><a class="button greenbutton nav-first nav-last" href="//play.pokemonshowdown.com/">Play</a></li>
		</ul></div>
	</header>

	<div class="main" id="main">

		<noscript><section class="section">You need to enable JavaScript to use this page; sorry!</section></noscript>

	</div>

</div>

<script defer nomodule src="//play.pokemonshowdown.com/js/lib/ps-polyfill.js"></script>
<script defer src="//play.pokemonshowdown.com/js/lib/preact.min.js"></script>

<script defer src="//play.pokemonshowdown.com/config/config.js?2bddbc15"></script>
<script defer src="//play.pokemonshowdown.com/js/lib/jquery-1.11.0.min.js"></script>
<script defer src="//play.pokemonshowdown.com/js/lib/html-sanitizer-minified.js"></script>
<script defer src="//play.pokemonshowdown.com/js/battle-sound.js"></script>
<script defer src="//play.pokemonshowdown.com/js/battledata.js?0.7209276989879541"></script>
<script defer src="//play.pokemonshowdown.com/data/pokedex-mini.js?0.6111056340867951"></script>
<script defer src="//play.pokemonshowdown.com/data/pokedex-mini-bw.js?0.3532142036491459"></script>
<script defer src="//play.pokemonshowdown.com/data/graphics.js?0.24223875632456182"></script>
<script defer src="//play.pokemonshowdown.com/data/pokedex.js?0.38839984266356864"></script>
<script defer src="//play.pokemonshowdown.com/data/moves.js?0.21866028504024015"></script>
<script defer src="//play.pokemonshowdown.com/data/abilities.js?0.2005157953846628"></script>
<script defer src="//play.pokemonshowdown.com/data/items.js?0.9894211263848525"></script>
<script defer src="//play.pokemonshowdown.com/data/teambuilder-tables.js?0.6008791140282215"></script>
<script defer src="//play.pokemonshowdown.com/js/battle-tooltips.js?0.7580118955022959"></script>
<script defer src="//play.pokemonshowdown.com/js/battle.js?0.6057722274234274"></script>

<script defer src="js/utils.js?e31f9a17"></script>
<script defer src="js/replays-battle.js?7008c182"></script>

<!-- don't scrape this data! just add .json or .log after the URL!
Full API docs: https://github.com/smogon/pokemon-showdown-client/blob/master/WEB-API.md -->
<script type="text/plain" class="log" id="replaylog-smogtours-gen3ou-799612">
|inactive|Battle timer is ON: inactive players will automatically lose when time's up.
|t:|1729276832
|gametype|singles
|player|p1|Lunarvania|sage|
|player|p2|somnanana|miku-flying|
|teamsize|p1|6
|teamsize|p2|6
|gen|3
|tier|[Gen 3] OU
|rule|Sleep Clause Mod: Limit one foe put to sleep
|rule|Switch Priority Clause Mod: Faster Pokémon switch first
|rule|Species Clause: Limit one of each Pokémon
|rule|OHKO Clause: OHKO moves are banned
|rule|Evasion Items Clause: Evasion items are banned
|rule|Evasion Moves Clause: Evasion moves are banned
|rule|Endless Battle Clause: Forcing endless battles is banned
|rule|HP Percentage Mod: HP is shown in percentages
|rule|One Boost Passer Clause: Limit one Baton Passer that has a way to boost its stats
|rule|Freeze Clause Mod: Limit one foe frozen
|
|t:|1729276832
|start
|switch|p1a: Salamence|Salamence, M|100/100
|switch|p2a: The Axe|Salamence, F|100/100
|-ability|p2a: The Axe|Intimidate|boost
|-unboost|p1a: Salamence|atk|1
|-ability|p1a: Salamence|Intimidate|boost
|-unboost|p2a: The Axe|atk|1
|turn|1
|c|☆somnanana|sorry, forgot this was multiple games
|c|☆Lunarvania|no problem
|inactive|somnanana has 270 seconds left.
|
|t:|1729276872
|switch|p2a: Watson|Metagross|100/100
|switch|p1a: Swampert|Swampert, M|100/100
|
|upkeep
|turn|2
|
|t:|1729276881
|switch|p2a: Splish|Suicune|100/100
|move|p1a: Swampert|Curse|p1a: Swampert
|-unboost|p1a: Swampert|spe|1
|-boost|p1a: Swampert|atk|1
|-boost|p1a: Swampert|def|1
|
|upkeep
|turn|3
|c|☆Lunarvania|my client was being weird anyway
|
|t:|1729276889
|move|p2a: Splish|Calm Mind|p2a: Splish
|-boost|p2a: Splish|spa|1
|-boost|p2a: Splish|spd|1
|move|p1a: Swampert|Curse|p1a: Swampert
|-unboost|p1a: Swampert|spe|1
|-boost|p1a: Swampert|atk|1
|-boost|p1a: Swampert|def|1
|
|upkeep
|turn|4
|
|t:|1729276896
|move|p1a: Swampert|Earthquake|p2a: Splish
|-damage|p2a: Splish|57/100
|move|p2a: Splish|Roar|p1a: Swampert
|drag|p1a: Tyranitar|Tyranitar, M|100/100
|-weather|Sandstorm|[from] ability: Sand Stream|[of] p1a: Tyranitar
|
|-weather|Sandstorm|[upkeep]
|-damage|p2a: Splish|50/100|[from] Sandstorm
|-heal|p2a: Splish|57/100|[from] item: Leftovers
|upkeep
|turn|5
|
|t:|1729276903
|move|p2a: Splish|Calm Mind|p2a: Splish
|-boost|p2a: Splish|spa|1
|-boost|p2a: Splish|spd|1
|move|p1a: Tyranitar|Rock Slide|p2a: Splish
|-damage|p2a: Splish|30/100
|
|-weather|Sandstorm|[upkeep]
|-damage|p2a: Splish|23/100|[from] Sandstorm
|-heal|p2a: Splish|30/100|[from] item: Leftovers
|upkeep
|turn|6
|
|t:|1729276911
|move|p2a: Splish|Surf|p1a: Tyranitar
|-supereffective|p1a: Tyranitar
|-damage|p1a: Tyranitar|0 fnt
|faint|p1a: Tyranitar
|
|t:|1729276919
|switch|p1a: Celebi|Celebi|100/100
|
|-weather|Sandstorm|[upkeep]
|-damage|p1a: Celebi|94/100|[from] Sandstorm
|-damage|p2a: Splish|23/100|[from] Sandstorm
|-heal|p1a: Celebi|100/100|[from] item: Leftovers
|-heal|p2a: Splish|30/100|[from] item: Leftovers
|upkeep
|turn|7
|
|t:|1729276931
|move|p1a: Celebi|Giga Drain|p2a: Splish
|-supereffective|p2a: Splish
|-damage|p2a: Splish|7/100
|move|p2a: Splish|Rest|p2a: Splish
|-status|p2a: Splish|slp|[from] move: Rest
|-heal|p2a: Splish|100/100 slp|[silent]
|
|-weather|Sandstorm|[upkeep]
|-damage|p1a: Celebi|94/100|[from] Sandstorm
|-damage|p2a: Splish|94/100 slp|[from] Sandstorm
|-heal|p1a: Celebi|100/100|[from] item: Leftovers
|-heal|p2a: Splish|100/100 slp|[from] item: Leftovers
|upkeep
|turn|8
|
|t:|1729276942
|move|p1a: Celebi|Leech Seed|p2a: Splish
|-start|p2a: Splish|move: Leech Seed
|cant|p2a: Splish|slp
|
|-weather|Sandstorm|[upkeep]
|-damage|p1a: Celebi|94/100|[from] Sandstorm
|-damage|p2a: Splish|94/100 slp|[from] Sandstorm
|-heal|p1a: Celebi|100/100|[from] item: Leftovers
|-heal|p2a: Splish|100/100 slp|[from] item: Leftovers
|-damage|p2a: Splish|88/100 slp|[from] Leech Seed|[of] p1a: Celebi
|upkeep
|turn|9
|
|t:|1729276965
|switch|p2a: The Axe|Salamence, F|100/100
|-ability|p2a: The Axe|Intimidate|boost
|-unboost|p1a: Celebi|atk|1
|move|p1a: Celebi|Psychic|p2a: The Axe
|-damage|p2a: The Axe|51/100
|
|-weather|Sandstorm|[upkeep]
|-damage|p2a: The Axe|45/100|[from] Sandstorm
|-damage|p1a: Celebi|94/100|[from] Sandstorm
|-heal|p1a: Celebi|100/100|[from] item: Leftovers
|upkeep
|turn|10
|
|t:|1729276977
|switch|p1a: Skarmory|Skarmory, M|100/100
|move|p2a: The Axe|Hidden Power|p1a: Skarmory
|-resisted|p1a: Skarmory
|-damage|p1a: Skarmory|77/100
|
|-weather|Sandstorm|[upkeep]
|-damage|p2a: The Axe|39/100|[from] Sandstorm
|-heal|p1a: Skarmory|83/100|[from] item: Leftovers
|upkeep
|turn|11
|
|t:|1729276991
|switch|p2a: Magnenot|Magneton|100/100
|switch|p1a: Salamence|Salamence, M|100/100
|-ability|p1a: Salamence|Intimidate|boost
|-unboost|p2a: Magnenot|atk|1
|
|-weather|Sandstorm|[upkeep]
|-damage|p1a: Salamence|94/100|[from] Sandstorm
|-heal|p1a: Salamence|100/100|[from] item: Leftovers
|upkeep
|turn|12
|inactive|somnanana has 270 seconds left.
|
|t:|1729277017
|switch|p2a: Pure Bliss|Blissey, F|100/100
|move|p1a: Salamence|Fire Blast|p2a: Pure Bliss
|-damage|p2a: Pure Bliss|83/100
|
|-weather|Sandstorm|[upkeep]
|-damage|p1a: Salamence|94/100|[from] Sandstorm
|-damage|p2a: Pure Bliss|77/100|[from] Sandstorm
|-heal|p1a: Salamence|100/100|[from] item: Leftovers
|-heal|p2a: Pure Bliss|83/100|[from] item: Leftovers
|upkeep
|turn|13
|
|t:|1729277025
|switch|p1a: Celebi|Celebi|100/100
|move|p2a: Pure Bliss|Ice Beam|p1a: Celebi
|-supereffective|p1a: Celebi
|-damage|p1a: Celebi|65/100
|
|-weather|Sandstorm|[upkeep]
|-damage|p1a: Celebi|59/100|[from] Sandstorm
|-damage|p2a: Pure Bliss|77/100|[from] Sandstorm
|-heal|p1a: Celebi|65/100|[from] item: Leftovers
|-heal|p2a: Pure Bliss|83/100|[from] item: Leftovers
|upkeep
|turn|14
|
|t:|1729277033
|move|p1a: Celebi|Leech Seed|p2a: Pure Bliss
|-start|p2a: Pure Bliss|move: Leech Seed
|move|p2a: Pure Bliss|Wish|p2a: Pure Bliss
|
|-weather|Sandstorm|[upkeep]
|-damage|p1a: Celebi|59/100|[from] Sandstorm
|-damage|p2a: Pure Bliss|77/100|[from] Sandstorm
|-heal|p1a: Celebi|65/100|[from] item: Leftovers
|-heal|p2a: Pure Bliss|83/100|[from] item: Leftovers
|-damage|p2a: Pure Bliss|71/100|[from] Leech Seed|[of] p1a: Celebi
|-heal|p1a: Celebi|86/100|[silent]
|upkeep
|turn|15
|
|t:|1729277052
|switch|p1a: Swampert|Swampert, M|100/100
|switch|p2a: Splish|Suicune|88/100 slp
|
|-heal|p2a: Splish|100/100 slp|[from] move: Wish|[wisher] Pure Bliss
|-weather|Sandstorm|[upkeep]
|-damage|p2a: Splish|94/100 slp|[from] Sandstorm
|-heal|p2a: Splish|100/100 slp|[from] item: Leftovers
|upkeep
|turn|16
|inactive|somnanana has 270 seconds left.
|
|t:|1729277073
|switch|p1a: Celebi|Celebi|86/100
|cant|p2a: Splish|slp
|
|-weather|Sandstorm|[upkeep]
|-damage|p1a: Celebi|80/100|[from] Sandstorm
|-damage|p2a: Splish|94/100 slp|[from] Sandstorm
|-heal|p1a: Celebi|86/100|[from] item: Leftovers
|-heal|p2a: Splish|100/100 slp|[from] item: Leftovers
|upkeep
|turn|17
|inactive|somnanana has 270 seconds left.
|
|t:|1729277105
|switch|p2a: Pure Bliss|Blissey, F|71/100
|move|p1a: Celebi|Leech Seed|p2a: Pure Bliss
|-start|p2a: Pure Bliss|move: Leech Seed
|
|-weather|Sandstorm|[upkeep]
|-damage|p1a: Celebi|80/100|[from] Sandstorm
|-damage|p2a: Pure Bliss|65/100|[from] Sandstorm
|-heal|p1a: Celebi|86/100|[from] item: Leftovers
|-heal|p2a: Pure Bliss|71/100|[from] item: Leftovers
|-damage|p2a: Pure Bliss|59/100|[from] Leech Seed|[of] p1a: Celebi
|-heal|p1a: Celebi|100/100|[silent]
|upkeep
|turn|18
|
|t:|1729277115
|switch|p1a: Swampert|Swampert, M|100/100
|move|p2a: Pure Bliss|Wish|p2a: Pure Bliss
|
|-weather|Sandstorm|[upkeep]
|-damage|p2a: Pure Bliss|52/100|[from] Sandstorm
|-heal|p2a: Pure Bliss|59/100|[from] item: Leftovers
|-damage|p2a: Pure Bliss|46/100|[from] Leech Seed|[of] p1a: Swampert
|upkeep
|turn|19
|
|t:|1729277121
|switch|p2a: The Axe|Salamence, F|39/100
|-ability|p2a: The Axe|Intimidate|boost
|-unboost|p1a: Swampert|atk|1
|move|p1a: Swampert|Curse|p1a: Swampert
|-unboost|p1a: Swampert|spe|1
|-boost|p1a: Swampert|atk|1
|-boost|p1a: Swampert|def|1
|
|-heal|p2a: The Axe|89/100|[from] move: Wish|[wisher] Pure Bliss
|-weather|Sandstorm|[upkeep]
|-damage|p2a: The Axe|83/100|[from] Sandstorm
|upkeep
|turn|20
|inactive|somnanana has 240 seconds left.
|inactive|somnanana has 210 seconds left.
|
|t:|1729277186
|switch|p2a: Immune to Ground|Claydol|100/100
|move|p1a: Swampert|Ice Beam|p2a: Immune to Ground
|-supereffective|p2a: Immune to Ground
|-damage|p2a: Immune to Ground|59/100
|
|-weather|Sandstorm|[upkeep]
|-heal|p2a: Immune to Ground|65/100|[from] item: Leftovers
|upkeep
|turn|21
|inactive|somnanana has 210 seconds left.
|
|t:|1729277210
|switch|p2a: Splish|Suicune|100/100 slp
|move|p1a: Swampert|Hydro Pump|p2a: Splish
|-resisted|p2a: Splish
|-damage|p2a: Splish|83/100 slp
|
|-weather|Sandstorm|[upkeep]
|-damage|p2a: Splish|77/100 slp|[from] Sandstorm
|-heal|p2a: Splish|83/100 slp|[from] item: Leftovers
|upkeep
|turn|22
|
|t:|1729277222
|switch|p1a: Skarmory|Skarmory, M|83/100
|-curestatus|p2a: Splish|slp|[msg]
|move|p2a: Splish|Calm Mind|p2a: Splish
|-boost|p2a: Splish|spa|1
|-boost|p2a: Splish|spd|1
|
|-weather|Sandstorm|[upkeep]
|-damage|p2a: Splish|77/100|[from] Sandstorm
|-heal|p2a: Splish|83/100|[from] item: Leftovers
|-heal|p1a: Skarmory|89/100|[from] item: Leftovers
|upkeep
|turn|23
|
|t:|1729277229
|switch|p2a: Magnenot|Magneton|100/100
|switch|p1a: Celebi|Celebi|100/100
|
|-weather|Sandstorm|[upkeep]
|-damage|p1a: Celebi|94/100|[from] Sandstorm
|-heal|p1a: Celebi|100/100|[from] item: Leftovers
|upkeep
|turn|24
|inactive|somnanana has 210 seconds left.
|
|t:|1729277236
|move|p1a: Celebi|Hidden Power|p2a: Magnenot
|-supereffective|p2a: Magnenot
|-damage|p2a: Magnenot|14/100
|move|p2a: Magnenot|Toxic|p1a: Celebi
|-status|p1a: Celebi|tox
|
|-weather|Sandstorm|[upkeep]
|-damage|p1a: Celebi|94/100 tox|[from] Sandstorm
|-heal|p1a: Celebi|100/100 tox|[from] item: Leftovers
|-damage|p1a: Celebi|94/100 tox|[from] psn
|upkeep
|turn|25
|
|t:|1729277242
|switch|p2a: Pure Bliss|Blissey, F|46/100
|move|p1a: Celebi|Hidden Power|p2a: Pure Bliss
|-damage|p2a: Pure Bliss|38/100
|
|-weather|Sandstorm|[upkeep]
|-damage|p1a: Celebi|88/100 tox|[from] Sandstorm
|-damage|p2a: Pure Bliss|31/100|[from] Sandstorm
|-heal|p1a: Celebi|94/100 tox|[from] item: Leftovers
|-damage|p1a: Celebi|82/100 tox|[from] psn
|-heal|p2a: Pure Bliss|38/100|[from] item: Leftovers
|upkeep
|turn|26
|
|t:|1729277250
|-curestatus|p1a: Celebi|tox|[from] ability: Natural Cure
|switch|p1a: Aerodactyl|Aerodactyl, M|100/100
|move|p2a: Pure Bliss|Soft-Boiled|p2a: Pure Bliss
|-heal|p2a: Pure Bliss|88/100
|
|-weather|Sandstorm|[upkeep]
|-damage|p2a: Pure Bliss|81/100|[from] Sandstorm
|-heal|p2a: Pure Bliss|88/100|[from] item: Leftovers
|upkeep
|turn|27
|
|t:|1729277272
|move|p1a: Aerodactyl|Rock Slide|p2a: Pure Bliss
|-damage|p2a: Pure Bliss|44/100
|move|p2a: Pure Bliss|Wish|p2a: Pure Bliss
|
|-weather|Sandstorm|[upkeep]
|-damage|p2a: Pure Bliss|38/100|[from] Sandstorm
|-heal|p2a: Pure Bliss|44/100|[from] item: Leftovers
|upkeep
|turn|28
|
|t:|1729277285
|switch|p2a: Watson|Metagross|100/100
|move|p1a: Aerodactyl|Rock Slide|p2a: Watson
|-resisted|p2a: Watson
|-damage|p2a: Watson|83/100
|
|-heal|p2a: Watson|100/100|[from] move: Wish|[wisher] Pure Bliss
|-weather|Sandstorm|[upkeep]
|upkeep
|turn|29
|
|t:|1729277296
|switch|p1a: Swampert|Swampert, M|100/100
|move|p2a: Watson|Meteor Mash|p1a: Swampert
|-resisted|p1a: Swampert
|-damage|p1a: Swampert|75/100
|
|-weather|Sandstorm|[upkeep]
|-heal|p1a: Swampert|82/100|[from] item: Leftovers
|upkeep
|turn|30
|
|t:|1729277311
|switch|p2a: Splish|Suicune|83/100
|move|p1a: Swampert|Curse|p1a: Swampert
|-unboost|p1a: Swampert|spe|1
|-boost|p1a: Swampert|atk|1
|-boost|p1a: Swampert|def|1
|
|-weather|Sandstorm|[upkeep]
|-damage|p2a: Splish|77/100|[from] Sandstorm
|-heal|p2a: Splish|83/100|[from] item: Leftovers
|-heal|p1a: Swampert|88/100|[from] item: Leftovers
|upkeep
|turn|31
|
|t:|1729277322
|move|p1a: Swampert|Curse|p1a: Swampert
|-unboost|p1a: Swampert|spe|1
|-boost|p1a: Swampert|atk|1
|-boost|p1a: Swampert|def|1
|move|p2a: Splish|Roar|p1a: Swampert
|drag|p1a: Aerodactyl|Aerodactyl, M|100/100
|
|-weather|Sandstorm|[upkeep]
|-damage|p2a: Splish|77/100|[from] Sandstorm
|-heal|p2a: Splish|83/100|[from] item: Leftovers
|upkeep
|turn|32
|
|t:|1729277337
|move|p1a: Aerodactyl|Rock Slide|p2a: Splish
|-damage|p2a: Splish|57/100
|move|p2a: Splish|Calm Mind|p2a: Splish
|-boost|p2a: Splish|spa|1
|-boost|p2a: Splish|spd|1
|
|-weather|Sandstorm|[upkeep]
|-damage|p2a: Splish|51/100|[from] Sandstorm
|-heal|p2a: Splish|57/100|[from] item: Leftovers
|upkeep
|turn|33
|
|t:|1729277350
|switch|p1a: Celebi|Celebi|82/100
|move|p2a: Splish|Surf|p1a: Celebi
|-resisted|p1a: Celebi
|-damage|p1a: Celebi|63/100
|
|-weather|Sandstorm|[upkeep]
|-damage|p1a: Celebi|57/100|[from] Sandstorm
|-damage|p2a: Splish|51/100|[from] Sandstorm
|-heal|p1a: Celebi|63/100|[from] item: Leftovers
|-heal|p2a: Splish|57/100|[from] item: Leftovers
|upkeep
|turn|34
|
|t:|1729277366
|switch|p2a: The Axe|Salamence, F|83/100
|-ability|p2a: The Axe|Intimidate|boost
|-unboost|p1a: Celebi|atk|1
|move|p1a: Celebi|Leech Seed|p2a: The Axe
|-start|p2a: The Axe|move: Leech Seed
|
|-weather|Sandstorm|[upkeep]
|-damage|p2a: The Axe|77/100|[from] Sandstorm
|-damage|p1a: Celebi|57/100|[from] Sandstorm
|-damage|p2a: The Axe|64/100|[from] Leech Seed|[of] p1a: Celebi
|-heal|p1a: Celebi|68/100|[silent]
|-heal|p1a: Celebi|74/100|[from] item: Leftovers
|upkeep
|turn|35
|inactive|somnanana has 210 seconds left.
|
|t:|1729277390
|switch|p1a: Swampert|Swampert, M|88/100
|move|p2a: The Axe|Rock Slide|p1a: Swampert
|-resisted|p1a: Swampert
|-damage|p1a: Swampert|67/100
|
|-weather|Sandstorm|[upkeep]
|-damage|p2a: The Axe|58/100|[from] Sandstorm
|-damage|p2a: The Axe|46/100|[from] Leech Seed|[of] p1a: Swampert
|-heal|p1a: Swampert|77/100|[silent]
|-heal|p1a: Swampert|84/100|[from] item: Leftovers
|upkeep
|turn|36
|
|t:|1729277399
|switch|p2a: Splish|Suicune|57/100
|move|p1a: Swampert|Curse|p1a: Swampert
|-unboost|p1a: Swampert|spe|1
|-boost|p1a: Swampert|atk|1
|-boost|p1a: Swampert|def|1
|
|-weather|Sandstorm|[upkeep]
|-damage|p2a: Splish|51/100|[from] Sandstorm
|-heal|p2a: Splish|57/100|[from] item: Leftovers
|-heal|p1a: Swampert|90/100|[from] item: Leftovers
|upkeep
|turn|37
|
|t:|1729277404
|move|p1a: Swampert|Earthquake|p2a: Splish
|-damage|p2a: Splish|24/100
|move|p2a: Splish|Roar|p1a: Swampert
|drag|p1a: Celebi|Celebi|74/100
|
|-weather|Sandstorm|[upkeep]
|-damage|p1a: Celebi|68/100|[from] Sandstorm
|-damage|p2a: Splish|18/100|[from] Sandstorm
|-heal|p1a: Celebi|74/100|[from] item: Leftovers
|-heal|p2a: Splish|24/100|[from] item: Leftovers
|upkeep
|turn|38
|
|t:|1729277411
|switch|p2a: Pure Bliss|Blissey, F|44/100
|move|p1a: Celebi|Giga Drain|p2a: Pure Bliss
|-crit|p2a: Pure Bliss
|-damage|p2a: Pure Bliss|23/100
|-heal|p1a: Celebi|92/100|[from] drain|[of] p2a: Pure Bliss
|
|-weather|Sandstorm|[upkeep]
|-damage|p1a: Celebi|85/100|[from] Sandstorm
|-damage|p2a: Pure Bliss|17/100|[from] Sandstorm
|-heal|p1a: Celebi|92/100|[from] item: Leftovers
|-heal|p2a: Pure Bliss|23/100|[from] item: Leftovers
|upkeep
|turn|39
|
|t:|1729277420
|move|p1a: Celebi|Leech Seed|p2a: Pure Bliss
|-start|p2a: Pure Bliss|move: Leech Seed
|move|p2a: Pure Bliss|Soft-Boiled|p2a: Pure Bliss
|-heal|p2a: Pure Bliss|73/100
|
|-weather|Sandstorm|[upkeep]
|-damage|p1a: Celebi|85/100|[from] Sandstorm
|-damage|p2a: Pure Bliss|67/100|[from] Sandstorm
|-heal|p1a: Celebi|92/100|[from] item: Leftovers
|-heal|p2a: Pure Bliss|73/100|[from] item: Leftovers
|-damage|p2a: Pure Bliss|61/100|[from] Leech Seed|[of] p1a: Celebi
|-heal|p1a: Celebi|100/100|[silent]
|upkeep
|turn|40
|
|t:|1729277430
|switch|p1a: Aerodactyl|Aerodactyl, M|100/100
|move|p2a: Pure Bliss|Wish|p2a: Pure Bliss
|
|-weather|Sandstorm|[upkeep]
|-damage|p2a: Pure Bliss|55/100|[from] Sandstorm
|-heal|p2a: Pure Bliss|61/100|[from] item: Leftovers
|-damage|p2a: Pure Bliss|48/100|[from] Leech Seed|[of] p1a: Aerodactyl
|upkeep
|turn|41
|inactive|somnanana has 240 seconds left.
|
|t:|1729277458
|switch|p2a: Magnenot|Magneton|14/100
|move|p1a: Aerodactyl|Earthquake|p2a: Magnenot
|-supereffective|p2a: Magnenot
|-damage|p2a: Magnenot|0 fnt
|faint|p2a: Magnenot
|
|t:|1729277467
|switch|p2a: The Axe|Salamence, F|46/100
|-ability|p2a: The Axe|Intimidate|boost
|-unboost|p1a: Aerodactyl|atk|1
|
|-heal|p2a: The Axe|96/100|[from] move: Wish|[wisher] Pure Bliss
|-weather|Sandstorm|[upkeep]
|-damage|p2a: The Axe|90/100|[from] Sandstorm
|upkeep
|turn|42
|
|t:|1729277484
|switch|p1a: Swampert|Swampert, M|90/100
|move|p2a: The Axe|Rock Slide|p1a: Swampert
|-resisted|p1a: Swampert
|-damage|p1a: Swampert|71/100
|
|-weather|Sandstorm|[upkeep]
|-damage|p2a: The Axe|84/100|[from] Sandstorm
|-heal|p1a: Swampert|77/100|[from] item: Leftovers
|upkeep
|turn|43
|inactive|somnanana has 210 seconds left.
|
|t:|1729277512
|switch|p2a: Pure Bliss|Blissey, F|48/100
|move|p1a: Swampert|Hydro Pump|p2a: Pure Bliss
|-damage|p2a: Pure Bliss|29/100
|
|-weather|Sandstorm|[upkeep]
|-damage|p2a: Pure Bliss|23/100|[from] Sandstorm
|-heal|p2a: Pure Bliss|29/100|[from] item: Leftovers
|-heal|p1a: Swampert|83/100|[from] item: Leftovers
|upkeep
|turn|44
|inactive|somnanana has 210 seconds left.
|
|t:|1729277547
|switch|p1a: Celebi|Celebi|100/100
|move|p2a: Pure Bliss|Soft-Boiled|p2a: Pure Bliss
|-heal|p2a: Pure Bliss|79/100
|
|-weather|Sandstorm|[upkeep]
|-damage|p1a: Celebi|94/100|[from] Sandstorm
|-damage|p2a: Pure Bliss|73/100|[from] Sandstorm
|-heal|p1a: Celebi|100/100|[from] item: Leftovers
|-heal|p2a: Pure Bliss|79/100|[from] item: Leftovers
|upkeep
|turn|45
|
|t:|1729277554
|move|p1a: Celebi|Leech Seed|p2a: Pure Bliss
|-start|p2a: Pure Bliss|move: Leech Seed
|move|p2a: Pure Bliss|Wish|p2a: Pure Bliss
|
|-weather|Sandstorm|[upkeep]
|-damage|p1a: Celebi|94/100|[from] Sandstorm
|-damage|p2a: Pure Bliss|73/100|[from] Sandstorm
|-heal|p1a: Celebi|100/100|[from] item: Leftovers
|-heal|p2a: Pure Bliss|79/100|[from] item: Leftovers
|-damage|p2a: Pure Bliss|66/100|[from] Leech Seed|[of] p1a: Celebi
|upkeep
|turn|46
|
|t:|1729277562
|switch|p1a: Skarmory|Skarmory, M|89/100
|switch|p2a: Immune to Ground|Claydol|65/100
|
|-heal|p2a: Immune to Ground|100/100|[from] move: Wish|[wisher] Pure Bliss
|-weather|Sandstorm|[upkeep]
|-heal|p1a: Skarmory|95/100|[from] item: Leftovers
|upkeep
|turn|47
|
|t:|1729277583
|move|p2a: Immune to Ground|Psychic|p1a: Skarmory
|-resisted|p1a: Skarmory
|-damage|p1a: Skarmory|85/100
|move|p1a: Skarmory|Toxic|p2a: Immune to Ground
|-status|p2a: Immune to Ground|tox
|
|-weather|Sandstorm|[upkeep]
|-damage|p2a: Immune to Ground|94/100 tox|[from] psn
|-heal|p1a: Skarmory|91/100|[from] item: Leftovers
|upkeep
|turn|48
|
|t:|1729277595
|switch|p2a: Watson|Metagross|100/100
|move|p1a: Skarmory|Spikes|p2a: Watson
|-sidestart|p2: somnanana|Spikes
|
|-weather|Sandstorm|[upkeep]
|-heal|p1a: Skarmory|97/100|[from] item: Leftovers
|upkeep
|turn|49
|inactive|somnanana has 180 seconds left.
|
|t:|1729277612
|move|p1a: Skarmory|Spikes|p2a: Watson
|-sidestart|p2: somnanana|Spikes
|move|p2a: Watson|Meteor Mash|p1a: Skarmory
|-resisted|p1a: Skarmory
|-damage|p1a: Skarmory|77/100
|
|-weather|Sandstorm|[upkeep]
|-heal|p1a: Skarmory|83/100|[from] item: Leftovers
|upkeep
|turn|50
|
|t:|1729277618
|move|p1a: Skarmory|Spikes|p2a: Watson
|-sidestart|p2: somnanana|Spikes
|move|p2a: Watson|Meteor Mash|p1a: Skarmory
|-resisted|p1a: Skarmory
|-damage|p1a: Skarmory|61/100
|
|-weather|Sandstorm|[upkeep]
|-heal|p1a: Skarmory|67/100|[from] item: Leftovers
|upkeep
|turn|51
|
|t:|1729277627
|move|p2a: Watson|Meteor Mash|p1a: Skarmory
|-resisted|p1a: Skarmory
|-damage|p1a: Skarmory|48/100
|move|p1a: Skarmory|Roar|p2a: Watson
|drag|p2a: Pure Bliss|Blissey, F|66/100
|-damage|p2a: Pure Bliss|41/100|[from] Spikes
|
|-weather|Sandstorm|[upkeep]
|-damage|p2a: Pure Bliss|35/100|[from] Sandstorm
|-heal|p1a: Skarmory|54/100|[from] item: Leftovers
|-heal|p2a: Pure Bliss|41/100|[from] item: Leftovers
|upkeep
|turn|52
|
|t:|1729277641
|switch|p1a: Celebi|Celebi|100/100
|move|p2a: Pure Bliss|Soft-Boiled|p2a: Pure Bliss
|-heal|p2a: Pure Bliss|91/100
|
|-weather|Sandstorm|[upkeep]
|-damage|p1a: Celebi|94/100|[from] Sandstorm
|-damage|p2a: Pure Bliss|85/100|[from] Sandstorm
|-heal|p1a: Celebi|100/100|[from] item: Leftovers
|-heal|p2a: Pure Bliss|91/100|[from] item: Leftovers
|upkeep
|turn|53
|
|t:|1729277648
|switch|p2a: Immune to Ground|Claydol|94/100 tox
|move|p1a: Celebi|Leech Seed|p2a: Immune to Ground
|-start|p2a: Immune to Ground|move: Leech Seed
|
|-weather|Sandstorm|[upkeep]
|-damage|p1a: Celebi|94/100|[from] Sandstorm
|-heal|p1a: Celebi|100/100|[from] item: Leftovers
|-heal|p2a: Immune to Ground|100/100 tox|[from] item: Leftovers
|-damage|p2a: Immune to Ground|88/100 tox|[from] Leech Seed|[of] p1a: Celebi
|-damage|p2a: Immune to Ground|82/100 tox|[from] psn
|upkeep
|turn|54
|
|t:|1729277654
|switch|p1a: Skarmory|Skarmory, M|54/100
|move|p2a: Immune to Ground|Rapid Spin|p1a: Skarmory
|-resisted|p1a: Skarmory
|-damage|p1a: Skarmory|52/100
|-end|p2a: Immune to Ground|Leech Seed|[from] move: Rapid Spin|[of] p2a: Immune to Ground
|-sideend|p2: somnanana|Spikes|[from] move: Rapid Spin|[of] p2a: Immune to Ground
|
|-weather|Sandstorm|[upkeep]
|-heal|p2a: Immune to Ground|88/100 tox|[from] item: Leftovers
|-damage|p2a: Immune to Ground|76/100 tox|[from] psn
|-heal|p1a: Skarmory|58/100|[from] item: Leftovers
|upkeep
|turn|55
|inactive|somnanana has 210 seconds left.
|
|t:|1729277677
|switch|p2a: Pure Bliss|Blissey, F|91/100
|move|p1a: Skarmory|Drill Peck|p2a: Pure Bliss
|-damage|p2a: Pure Bliss|71/100
|
|-weather|Sandstorm|[upkeep]
|-damage|p2a: Pure Bliss|64/100|[from] Sandstorm
|-heal|p1a: Skarmory|64/100|[from] item: Leftovers
|-heal|p2a: Pure Bliss|71/100|[from] item: Leftovers
|upkeep
|turn|56
|
|t:|1729277690
|switch|p1a: Swampert|Swampert, M|83/100
|move|p2a: Pure Bliss|Wish|p2a: Pure Bliss
|
|-weather|Sandstorm|[upkeep]
|-damage|p2a: Pure Bliss|64/100|[from] Sandstorm
|-heal|p2a: Pure Bliss|71/100|[from] item: Leftovers
|-heal|p1a: Swampert|89/100|[from] item: Leftovers
|upkeep
|turn|57
|inactive|somnanana has 180 seconds left.
|inactive|somnanana has 150 seconds left.
|
|t:|1729277747
|move|p2a: Pure Bliss|Seismic Toss|p1a: Swampert
|-damage|p1a: Swampert|65/100
|move|p1a: Swampert|Curse|p1a: Swampert
|-unboost|p1a: Swampert|spe|1
|-boost|p1a: Swampert|atk|1
|-boost|p1a: Swampert|def|1
|
|-heal|p2a: Pure Bliss|100/100|[from] move: Wish|[wisher] Pure Bliss
|-weather|Sandstorm|[upkeep]
|-damage|p2a: Pure Bliss|94/100|[from] Sandstorm
|-heal|p2a: Pure Bliss|100/100|[from] item: Leftovers
|-heal|p1a: Swampert|71/100|[from] item: Leftovers
|upkeep
|turn|58
|inactive|somnanana has 150 seconds left.
|
|t:|1729277768
|move|p2a: Pure Bliss|Wish|p2a: Pure Bliss
|move|p1a: Swampert|Earthquake|p2a: Pure Bliss
|-damage|p2a: Pure Bliss|43/100
|
|-weather|Sandstorm|[upkeep]
|-damage|p2a: Pure Bliss|37/100|[from] Sandstorm
|-heal|p2a: Pure Bliss|43/100|[from] item: Leftovers
|-heal|p1a: Swampert|77/100|[from] item: Leftovers
|upkeep
|turn|59
|
|t:|1729277776
|switch|p2a: Splish|Suicune|24/100
|move|p1a: Swampert|Curse|p1a: Swampert
|-unboost|p1a: Swampert|spe|1
|-boost|p1a: Swampert|atk|1
|-boost|p1a: Swampert|def|1
|
|-heal|p2a: Splish|74/100|[from] move: Wish|[wisher] Pure Bliss
|-weather|Sandstorm|[upkeep]
|-damage|p2a: Splish|68/100|[from] Sandstorm
|-heal|p2a: Splish|74/100|[from] item: Leftovers
|-heal|p1a: Swampert|83/100|[from] item: Leftovers
|upkeep
|turn|60
|inactive|somnanana has 150 seconds left.
|
|t:|1729277786
|move|p1a: Swampert|Earthquake|p2a: Splish
|-damage|p2a: Splish|31/100
|move|p2a: Splish|Roar|p1a: Swampert
|drag|p1a: Aerodactyl|Aerodactyl, M|100/100
|
|-weather|Sandstorm|[upkeep]
|-damage|p2a: Splish|25/100|[from] Sandstorm
|-heal|p2a: Splish|31/100|[from] item: Leftovers
|upkeep
|turn|61
|inactive|somnanana has 150 seconds left.
|
|t:|1729277805
|move|p1a: Aerodactyl|Rock Slide|p2a: Splish
|-damage|p2a: Splish|2/100
|move|p2a: Splish|Rest|p2a: Splish
|-status|p2a: Splish|slp|[from] move: Rest
|-heal|p2a: Splish|100/100 slp|[silent]
|
|-weather|Sandstorm|[upkeep]
|-damage|p2a: Splish|94/100 slp|[from] Sandstorm
|-heal|p2a: Splish|100/100 slp|[from] item: Leftovers
|upkeep
|turn|62
|
|t:|1729277838
|switch|p1a: Celebi|Celebi|100/100
|cant|p2a: Splish|slp
|
|-weather|Sandstorm|[upkeep]
|-damage|p1a: Celebi|94/100|[from] Sandstorm
|-damage|p2a: Splish|94/100 slp|[from] Sandstorm
|-heal|p1a: Celebi|100/100|[from] item: Leftovers
|-heal|p2a: Splish|100/100 slp|[from] item: Leftovers
|upkeep
|turn|63
|inactive|somnanana has 120 seconds left.
|
|t:|1729277872
|switch|p2a: Pure Bliss|Blissey, F|43/100
|move|p1a: Celebi|Psychic|p2a: Pure Bliss
|-crit|p2a: Pure Bliss
|-damage|p2a: Pure Bliss|9/100
|
|-weather|Sandstorm|[upkeep]
|-damage|p1a: Celebi|94/100|[from] Sandstorm
|-damage|p2a: Pure Bliss|2/100|[from] Sandstorm
|-heal|p1a: Celebi|100/100|[from] item: Leftovers
|-heal|p2a: Pure Bliss|9/100|[from] item: Leftovers
|upkeep
|turn|64
|c|☆Lunarvania|mb
|c|☆somnanana|i'll never forgive you >:(
|inactive|somnanana has 90 seconds left.
|
|t:|1729277907
|move|p1a: Celebi|Psychic|p2a: Pure Bliss
|-damage|p2a: Pure Bliss|0 fnt
|faint|p2a: Pure Bliss
|
|t:|1729277924
|switch|p2a: The Axe|Salamence, F|84/100
|-ability|p2a: The Axe|Intimidate|boost
|-unboost|p1a: Celebi|atk|1
|
|-weather|Sandstorm|[upkeep]
|-damage|p2a: The Axe|77/100|[from] Sandstorm
|-damage|p1a: Celebi|94/100|[from] Sandstorm
|-heal|p1a: Celebi|100/100|[from] item: Leftovers
|upkeep
|turn|65
|
|t:|1729277945
|switch|p1a: Skarmory|Skarmory, M|64/100
|move|p2a: The Axe|Hidden Power|p1a: Skarmory
|-resisted|p1a: Skarmory
|-damage|p1a: Skarmory|42/100
|
|-weather|Sandstorm|[upkeep]
|-damage|p2a: The Axe|71/100|[from] Sandstorm
|-heal|p1a: Skarmory|48/100|[from] item: Leftovers
|upkeep
|turn|66
|inactive|somnanana has 90 seconds left.
|
|t:|1729277960
|switch|p2a: Splish|Suicune|100/100 slp
|move|p1a: Skarmory|Toxic||[still]
|-fail|p1a: Skarmory
|
|-weather|Sandstorm|[upkeep]
|-damage|p2a: Splish|94/100 slp|[from] Sandstorm
|-heal|p2a: Splish|100/100 slp|[from] item: Leftovers
|-heal|p1a: Skarmory|54/100|[from] item: Leftovers
|upkeep
|turn|67
|
|t:|1729277965
|cant|p2a: Splish|slp
|move|p1a: Skarmory|Spikes|p2a: Splish
|-sidestart|p2: somnanana|Spikes
|
|-weather|Sandstorm|[upkeep]
|-damage|p2a: Splish|94/100 slp|[from] Sandstorm
|-heal|p2a: Splish|100/100 slp|[from] item: Leftovers
|-heal|p1a: Skarmory|60/100|[from] item: Leftovers
|upkeep
|turn|68
|
|t:|1729277976
|-curestatus|p2a: Splish|slp|[msg]
|move|p2a: Splish|Surf|p1a: Skarmory
|-damage|p1a: Skarmory|30/100
|move|p1a: Skarmory|Roar|p2a: Splish
|drag|p2a: Watson|Metagross|100/100
|-damage|p2a: Watson|88/100|[from] Spikes
|
|-weather|Sandstorm|[upkeep]
|-heal|p1a: Skarmory|36/100|[from] item: Leftovers
|-heal|p2a: Watson|94/100|[from] item: Leftovers
|upkeep
|turn|69
|
|t:|1729277990
|switch|p1a: Swampert|Swampert, M|83/100
|move|p2a: Watson|Rock Slide|p1a: Swampert
|-resisted|p1a: Swampert
|-crit|p1a: Swampert
|-damage|p1a: Swampert|60/100
|
|-weather|Sandstorm|[upkeep]
|-heal|p2a: Watson|99/100|[from] item: Leftovers
|-heal|p1a: Swampert|66/100|[from] item: Leftovers
|upkeep
|turn|70
|
|t:|1729278001
|move|p2a: Watson|Explosion|p1a: Swampert
|-damage|p1a: Swampert|0 fnt
|faint|p2a: Watson
|faint|p1a: Swampert
|inactive|somnanana has 90 seconds left.
|inactive|somnanana has 60 seconds left.
|
|t:|1729278047
|switch|p2a: Immune to Ground|Claydol|76/100 tox
|switch|p1a: Salamence|Salamence, M|100/100
|-ability|p1a: Salamence|Intimidate|boost
|-unboost|p2a: Immune to Ground|atk|1
|
|-weather|Sandstorm|[upkeep]
|-damage|p1a: Salamence|94/100|[from] Sandstorm
|-heal|p1a: Salamence|100/100|[from] item: Leftovers
|-heal|p2a: Immune to Ground|82/100 tox|[from] item: Leftovers
|-damage|p2a: Immune to Ground|76/100 tox|[from] psn
|upkeep
|turn|71
|inactive|somnanana has 60 seconds left.
|
|t:|1729278061
|switch|p2a: Splish|Suicune|100/100
|-damage|p2a: Splish|88/100|[from] Spikes
|move|p1a: Salamence|Hydro Pump|p2a: Splish
|-resisted|p2a: Splish
|-crit|p2a: Splish
|-damage|p2a: Splish|58/100
|
|-weather|Sandstorm|[upkeep]
|-damage|p1a: Salamence|94/100|[from] Sandstorm
|-damage|p2a: Splish|52/100|[from] Sandstorm
|-heal|p1a: Salamence|100/100|[from] item: Leftovers
|-heal|p2a: Splish|58/100|[from] item: Leftovers
|upkeep
|turn|72
|inactive|somnanana has 60 seconds left.
|
|t:|1729278095
|switch|p1a: Celebi|Celebi|100/100
|move|p2a: Splish|Calm Mind|p2a: Splish
|-boost|p2a: Splish|spa|1
|-boost|p2a: Splish|spd|1
|
|-weather|Sandstorm|[upkeep]
|-damage|p1a: Celebi|94/100|[from] Sandstorm
|-damage|p2a: Splish|52/100|[from] Sandstorm
|-heal|p1a: Celebi|100/100|[from] item: Leftovers
|-heal|p2a: Splish|58/100|[from] item: Leftovers
|upkeep
|turn|73
|
|t:|1729278109
|move|p1a: Celebi|Leech Seed|p2a: Splish
|-start|p2a: Splish|move: Leech Seed
|move|p2a: Splish|Calm Mind|p2a: Splish
|-boost|p2a: Splish|spa|1
|-boost|p2a: Splish|spd|1
|
|-weather|Sandstorm|[upkeep]
|-damage|p1a: Celebi|94/100|[from] Sandstorm
|-damage|p2a: Splish|52/100|[from] Sandstorm
|-heal|p1a: Celebi|100/100|[from] item: Leftovers
|-heal|p2a: Splish|58/100|[from] item: Leftovers
|-damage|p2a: Splish|46/100|[from] Leech Seed|[of] p1a: Celebi
|upkeep
|turn|74
|
|t:|1729278121
|switch|p1a: Skarmory|Skarmory, M|36/100
|move|p2a: Splish|Rest|p2a: Splish
|-status|p2a: Splish|slp|[from] move: Rest
|-heal|p2a: Splish|100/100 slp|[silent]
|
|-weather|Sandstorm|[upkeep]
|-damage|p2a: Splish|94/100 slp|[from] Sandstorm
|-heal|p2a: Splish|100/100 slp|[from] item: Leftovers
|-damage|p2a: Splish|88/100 slp|[from] Leech Seed|[of] p1a: Skarmory
|-heal|p1a: Skarmory|51/100|[silent]
|-heal|p1a: Skarmory|57/100|[from] item: Leftovers
|upkeep
|turn|75
|
|t:|1729278136
|switch|p2a: Immune to Ground|Claydol|76/100 tox
|move|p1a: Skarmory|Spikes|p2a: Immune to Ground
|-sidestart|p2: somnanana|Spikes
|
|-weather|Sandstorm|[upkeep]
|-heal|p2a: Immune to Ground|82/100 tox|[from] item: Leftovers
|-damage|p2a: Immune to Ground|76/100 tox|[from] psn
|-heal|p1a: Skarmory|63/100|[from] item: Leftovers
|upkeep
|turn|76
|
|t:|1729278143
|move|p2a: Immune to Ground|Rapid Spin|p1a: Skarmory
|-resisted|p1a: Skarmory
|-damage|p1a: Skarmory|61/100
|-sideend|p2: somnanana|Spikes|[from] move: Rapid Spin|[of] p2a: Immune to Ground
|move|p1a: Skarmory|Drill Peck|p2a: Immune to Ground
|-damage|p2a: Immune to Ground|53/100 tox
|
|-weather|Sandstorm|[upkeep]
|-heal|p2a: Immune to Ground|59/100 tox|[from] item: Leftovers
|-damage|p2a: Immune to Ground|47/100 tox|[from] psn
|-heal|p1a: Skarmory|67/100|[from] item: Leftovers
|upkeep
|turn|77
|
|t:|1729278156
|switch|p2a: Splish|Suicune|88/100 slp
|move|p1a: Skarmory|Drill Peck|p2a: Splish
|-damage|p2a: Splish|74/100 slp
|
|-weather|Sandstorm|[upkeep]
|-damage|p2a: Splish|68/100 slp|[from] Sandstorm
|-heal|p2a: Splish|74/100 slp|[from] item: Leftovers
|-heal|p1a: Skarmory|73/100|[from] item: Leftovers
|upkeep
|turn|78
|
|t:|1729278163
|cant|p2a: Splish|slp
|move|p1a: Skarmory|Spikes|p2a: Splish
|-sidestart|p2: somnanana|Spikes
|
|-weather|Sandstorm|[upkeep]
|-damage|p2a: Splish|68/100 slp|[from] Sandstorm
|-heal|p2a: Splish|74/100 slp|[from] item: Leftovers
|-heal|p1a: Skarmory|79/100|[from] item: Leftovers
|upkeep
|turn|79
|inactive|somnanana has 60 seconds left.
|
|t:|1729278177
|cant|p2a: Splish|slp
|move|p1a: Skarmory|Roar|p2a: Splish
|drag|p2a: The Axe|Salamence, F|71/100
|-ability|p2a: The Axe|Intimidate|boost
|-unboost|p1a: Skarmory|atk|1
|
|-weather|Sandstorm|[upkeep]
|-damage|p2a: The Axe|65/100|[from] Sandstorm
|-heal|p1a: Skarmory|85/100|[from] item: Leftovers
|upkeep
|turn|80
|inactive|somnanana has 60 seconds left.
|
|t:|1729278187
|switch|p2a: Splish|Suicune|74/100 slp
|-damage|p2a: Splish|62/100 slp|[from] Spikes
|move|p1a: Skarmory|Toxic||[still]
|-fail|p1a: Skarmory
|
|-weather|Sandstorm|[upkeep]
|-damage|p2a: Splish|55/100 slp|[from] Sandstorm
|-heal|p2a: Splish|62/100 slp|[from] item: Leftovers
|-heal|p1a: Skarmory|91/100|[from] item: Leftovers
|upkeep
|turn|81
|
|t:|1729278196
|-curestatus|p2a: Splish|slp|[msg]
|move|p2a: Splish|Roar|p1a: Skarmory
|drag|p1a: Aerodactyl|Aerodactyl, M|100/100
|
|-weather|Sandstorm|[upkeep]
|-damage|p2a: Splish|55/100|[from] Sandstorm
|-heal|p2a: Splish|62/100|[from] item: Leftovers
|upkeep
|turn|82
|
|t:|1729278210
|move|p1a: Aerodactyl|Rock Slide|p2a: Splish
|-damage|p2a: Splish|32/100
|move|p2a: Splish|Surf|p1a: Aerodactyl
|-supereffective|p1a: Aerodactyl
|-damage|p1a: Aerodactyl|13/100
|
|-weather|Sandstorm|[upkeep]
|-damage|p2a: Splish|25/100|[from] Sandstorm
|-heal|p2a: Splish|32/100|[from] item: Leftovers
|upkeep
|turn|83
|
|t:|1729278222
|move|p1a: Aerodactyl|Rock Slide|p2a: Splish|[miss]
|-miss|p1a: Aerodactyl|p2a: Splish
|move|p2a: Splish|Rest|p2a: Splish
|-status|p2a: Splish|slp|[from] move: Rest
|-heal|p2a: Splish|100/100 slp|[silent]
|
|-weather|Sandstorm|[upkeep]
|-damage|p2a: Splish|94/100 slp|[from] Sandstorm
|-heal|p2a: Splish|100/100 slp|[from] item: Leftovers
|upkeep
|turn|84
|c|☆somnanana|sorry
|
|t:|1729278232
|move|p1a: Aerodactyl|Rock Slide|p2a: Splish
|-damage|p2a: Splish|71/100 slp
|cant|p2a: Splish|slp
|
|-weather|Sandstorm|[upkeep]
|-damage|p2a: Splish|65/100 slp|[from] Sandstorm
|-heal|p2a: Splish|71/100 slp|[from] item: Leftovers
|upkeep
|turn|85
|c|☆Lunarvania|nah its cool
|inactive|somnanana has 60 seconds left.
|
|t:|1729278262
|move|p1a: Aerodactyl|Rock Slide|p2a: Splish
|-damage|p2a: Splish|42/100 slp
|cant|p2a: Splish|slp
|
|-weather|Sandstorm|[upkeep]
|-damage|p2a: Splish|35/100 slp|[from] Sandstorm
|-heal|p2a: Splish|42/100 slp|[from] item: Leftovers
|upkeep
|turn|86
|
|t:|1729278272
|move|p1a: Aerodactyl|Rock Slide|p2a: Splish
|-damage|p2a: Splish|13/100 slp
|-curestatus|p2a: Splish|slp|[msg]
|move|p2a: Splish|Rest|p2a: Splish
|-status|p2a: Splish|slp|[from] move: Rest
|-heal|p2a: Splish|100/100 slp|[silent]
|
|-weather|Sandstorm|[upkeep]
|-damage|p2a: Splish|94/100 slp|[from] Sandstorm
|-heal|p2a: Splish|100/100 slp|[from] item: Leftovers
|upkeep
|turn|87
|
|t:|1729278284
|switch|p1a: Celebi|Celebi|100/100
|cant|p2a: Splish|slp
|
|-weather|Sandstorm|[upkeep]
|-damage|p1a: Celebi|94/100|[from] Sandstorm
|-damage|p2a: Splish|94/100 slp|[from] Sandstorm
|-heal|p1a: Celebi|100/100|[from] item: Leftovers
|-heal|p2a: Splish|100/100 slp|[from] item: Leftovers
|upkeep
|turn|88
|inactive|somnanana has 60 seconds left.
|
|t:|1729278299
|switch|p2a: The Axe|Salamence, F|65/100
|-ability|p2a: The Axe|Intimidate|boost
|-unboost|p1a: Celebi|atk|1
|move|p1a: Celebi|Leech Seed|p2a: The Axe
|-start|p2a: The Axe|move: Leech Seed
|
|-weather|Sandstorm|[upkeep]
|-damage|p2a: The Axe|59/100|[from] Sandstorm
|-damage|p1a: Celebi|94/100|[from] Sandstorm
|-damage|p2a: The Axe|47/100|[from] Leech Seed|[of] p1a: Celebi
|-heal|p1a: Celebi|100/100|[silent]
|upkeep
|turn|89
|
|t:|1729278309
|switch|p1a: Skarmory|Skarmory, M|91/100
|move|p2a: The Axe|Hidden Power|p1a: Skarmory
|-resisted|p1a: Skarmory
|-damage|p1a: Skarmory|66/100
|
|-weather|Sandstorm|[upkeep]
|-damage|p2a: The Axe|41/100|[from] Sandstorm
|-damage|p2a: The Axe|28/100|[from] Leech Seed|[of] p1a: Skarmory
|-heal|p1a: Skarmory|78/100|[silent]
|-heal|p1a: Skarmory|84/100|[from] item: Leftovers
|upkeep
|turn|90
|
|t:|1729278317
|switch|p2a: Immune to Ground|Claydol|47/100 tox
|move|p1a: Skarmory|Drill Peck|p2a: Immune to Ground
|-damage|p2a: Immune to Ground|25/100 tox
|
|-weather|Sandstorm|[upkeep]
|-heal|p2a: Immune to Ground|31/100 tox|[from] item: Leftovers
|-damage|p2a: Immune to Ground|25/100 tox|[from] psn
|-heal|p1a: Skarmory|90/100|[from] item: Leftovers
|upkeep
|turn|91
|
|t:|1729278329
|move|p2a: Immune to Ground|Rapid Spin|p1a: Skarmory
|-resisted|p1a: Skarmory
|-damage|p1a: Skarmory|89/100
|-sideend|p2: somnanana|Spikes|[from] move: Rapid Spin|[of] p2a: Immune to Ground
|move|p1a: Skarmory|Drill Peck|p2a: Immune to Ground
|-damage|p2a: Immune to Ground|1/100 tox
|
|-weather|Sandstorm|[upkeep]
|-heal|p2a: Immune to Ground|7/100 tox|[from] item: Leftovers
|-damage|p2a: Immune to Ground|0 fnt|[from] psn
|faint|p2a: Immune to Ground
|-heal|p1a: Skarmory|95/100|[from] item: Leftovers
|upkeep
|
|t:|1729278342
|switch|p2a: Splish|Suicune|100/100 slp
|turn|92
|
|t:|1729278351
|cant|p2a: Splish|slp
|move|p1a: Skarmory|Roar|p2a: Splish
|drag|p2a: The Axe|Salamence, F|28/100
|-ability|p2a: The Axe|Intimidate|boost
|-unboost|p1a: Skarmory|atk|1
|
|-weather|Sandstorm|[upkeep]
|-damage|p2a: The Axe|22/100|[from] Sandstorm
|-heal|p1a: Skarmory|100/100|[from] item: Leftovers
|upkeep
|turn|93
|
|t:|1729278364
|move|p2a: The Axe|Hidden Power|p1a: Skarmory
|-resisted|p1a: Skarmory
|-damage|p1a: Skarmory|79/100
|move|p1a: Skarmory|Drill Peck|p2a: The Axe
|-damage|p2a: The Axe|2/100
|
|-weather|Sandstorm|[upkeep]
|-damage|p2a: The Axe|0 fnt|[from] Sandstorm
|faint|p2a: The Axe
|-heal|p1a: Skarmory|85/100|[from] item: Leftovers
|upkeep
|
|t:|1729278370
|switch|p2a: Splish|Suicune|100/100 slp
|turn|94
|c|☆somnanana|can suicune perform a miracle???
|inactive|Lunarvania has 270 seconds left.
|c|☆Lunarvania|last mon messiah for a reason
|
|t:|1729278418
|switch|p1a: Celebi|Celebi|100/100
|-curestatus|p2a: Splish|slp|[msg]
|move|p2a: Splish|Calm Mind|p2a: Splish
|-boost|p2a: Splish|spa|1
|-boost|p2a: Splish|spd|1
|
|-weather|Sandstorm|[upkeep]
|-damage|p1a: Celebi|94/100|[from] Sandstorm
|-damage|p2a: Splish|94/100|[from] Sandstorm
|-heal|p1a: Celebi|100/100|[from] item: Leftovers
|-heal|p2a: Splish|100/100|[from] item: Leftovers
|upkeep
|turn|95
|
|t:|1729278425
|move|p1a: Celebi|Leech Seed|p2a: Splish
|-start|p2a: Splish|move: Leech Seed
|move|p2a: Splish|Calm Mind|p2a: Splish
|-boost|p2a: Splish|spa|1
|-boost|p2a: Splish|spd|1
|
|-weather|Sandstorm|[upkeep]
|-damage|p1a: Celebi|94/100|[from] Sandstorm
|-damage|p2a: Splish|94/100|[from] Sandstorm
|-heal|p1a: Celebi|100/100|[from] item: Leftovers
|-heal|p2a: Splish|100/100|[from] item: Leftovers
|-damage|p2a: Splish|88/100|[from] Leech Seed|[of] p1a: Celebi
|upkeep
|turn|96
|
|t:|1729278431
|switch|p1a: Skarmory|Skarmory, M|85/100
|move|p2a: Splish|Calm Mind|p2a: Splish
|-boost|p2a: Splish|spa|1
|-boost|p2a: Splish|spd|1
|
|-weather|Sandstorm|[upkeep]
|-damage|p2a: Splish|82/100|[from] Sandstorm
|-heal|p2a: Splish|88/100|[from] item: Leftovers
|-damage|p2a: Splish|76/100|[from] Leech Seed|[of] p1a: Skarmory
|-heal|p1a: Skarmory|99/100|[silent]
|-heal|p1a: Skarmory|100/100|[from] item: Leftovers
|upkeep
|turn|97
|inactive|Lunarvania has 270 seconds left.
|inactive|somnanana has 90 seconds left.
|
|t:|1729278445
|move|p2a: Splish|Calm Mind|p2a: Splish
|-boost|p2a: Splish|spa|1
|-boost|p2a: Splish|spd|1
|move|p1a: Skarmory|Toxic|p2a: Splish|[miss]
|-miss|p1a: Skarmory|p2a: Splish
|
|-weather|Sandstorm|[upkeep]
|-damage|p2a: Splish|69/100|[from] Sandstorm
|-heal|p2a: Splish|76/100|[from] item: Leftovers
|-damage|p2a: Splish|63/100|[from] Leech Seed|[of] p1a: Skarmory
|upkeep
|turn|98
|inactive|somnanana has 90 seconds left.
|
|t:|1729278455
|move|p2a: Splish|Calm Mind|p2a: Splish
|-boost|p2a: Splish|spa|1
|-boost|p2a: Splish|spd|1
|move|p1a: Skarmory|Toxic|p2a: Splish
|-status|p2a: Splish|tox
|
|-weather|Sandstorm|[upkeep]
|-damage|p2a: Splish|57/100 tox|[from] Sandstorm
|-heal|p2a: Splish|63/100 tox|[from] item: Leftovers
|-damage|p2a: Splish|51/100 tox|[from] Leech Seed|[of] p1a: Skarmory
|-damage|p2a: Splish|44/100 tox|[from] psn
|upkeep
|turn|99
|inactive|somnanana has 90 seconds left.
|
|t:|1729278462
|move|p2a: Splish|Rest|p2a: Splish
|-status|p2a: Splish|slp|[from] move: Rest
|-heal|p2a: Splish|100/100 slp|[silent]
|move|p1a: Skarmory|Drill Peck|p2a: Splish
|-damage|p2a: Splish|87/100 slp
|
|-weather|Sandstorm|[upkeep]
|-damage|p2a: Splish|80/100 slp|[from] Sandstorm
|-heal|p2a: Splish|87/100 slp|[from] item: Leftovers
|-damage|p2a: Splish|74/100 slp|[from] Leech Seed|[of] p1a: Skarmory
|upkeep
|turn|100
|inactive|somnanana has 90 seconds left.
|
|t:|1729278473
|switch|p1a: Aerodactyl|Aerodactyl, M|13/100
|cant|p2a: Splish|slp
|
|-weather|Sandstorm|[upkeep]
|-damage|p2a: Splish|68/100 slp|[from] Sandstorm
|-heal|p2a: Splish|74/100 slp|[from] item: Leftovers
|-damage|p2a: Splish|62/100 slp|[from] Leech Seed|[of] p1a: Aerodactyl
|-heal|p1a: Aerodactyl|30/100|[silent]
|upkeep
|turn|101
|inactive|somnanana has 90 seconds left.
|inactive|Lunarvania has 270 seconds left.
|
|t:|1729278504
|move|p1a: Aerodactyl|Double-Edge|p2a: Splish
|-damage|p2a: Splish|30/100 slp
|cant|p2a: Splish|slp
|
|-weather|Sandstorm|[upkeep]
|-damage|p2a: Splish|23/100 slp|[from] Sandstorm
|-heal|p2a: Splish|30/100 slp|[from] item: Leftovers
|-damage|p2a: Splish|17/100 slp|[from] Leech Seed|[of] p1a: Aerodactyl
|-heal|p1a: Aerodactyl|46/100|[silent]
|upkeep
|turn|102
|inactive|somnanana has 90 seconds left.
|
|t:|1729278524
|move|p1a: Aerodactyl|Double-Edge|p2a: Splish
|-damage|p2a: Splish|0 fnt
|faint|p2a: Splish
|
|win|Lunarvania
|c|☆Lunarvania|gg
|c|☆somnanana|welp, gg

</script>
<script type="application/json" class="data" id="replaydata-smogtours-gen3ou-799612">
{"id":"smogtours-gen3ou-799612","format":"[Gen 3] OU","players":["Lunarvania","somnanana"],"uploadtime":1729278524,"views":80,"formatid":"gen3ou","rating":null,"private":0,"password":null}
</script>

<script defer src="js/replays.js?9d40a366"></script>
