<!DOCTYPE html>
<meta charset="utf-8" />
<meta name="viewport" content="width=device-width" />

<title>[Gen 3] OU: almarkowbender vs. Hummusfan - Replays - Pok&eacute;mon Showdown!</title>

<meta name="description" content="Watch a replay of a Pok&eacute;mon battle between almarkowbender and Hummusfan! Format: [Gen 3] OU; Date: Oct 11, 2024" />
<!--

Hey, you! Looking in the source for the replay log?

You can find them in JSON format, just add `.json` at the end of a replay URL.

https://replay.pokemonshowdown.com/gen7randomdoublesbattle-865046831.json

Or, if you only need the log itself, add `.log` instead:

https://replay.pokemonshowdown.com/gen7randomdoublesbattle-865046831.log

-->

<link rel="stylesheet" href="//pokemonshowdown.com/style/global.css?0.767286132409787" />
<link rel="stylesheet" href="//play.pokemonshowdown.com/style/font-awesome.css?0.9266228007934947" />
<link rel="stylesheet" href="//play.pokemonshowdown.com/style/battle.css?0.7924700842790926" />
<link rel="stylesheet" href="//play.pokemonshowdown.com/style/utilichart.css?0.8777417872839479" />

<!-- Global site tag (gtag.js) - Google Analytics -->
<script async src="https://www.googletagmanager.com/gtag/js?id=UA-26211653-1"></script>
<script>
  window.dataLayer = window.dataLayer || [];
  function gtag(){dataLayer.push(arguments);}
  gtag('js', new Date());

  gtag('config', 'UA-26211653-1');
</script>
<!-- End Google Analytics -->
<!-- Venatus Ad Manager - Install in <HEAD> of page -->
	<script src="https://hb.vntsm.com/v3/live/ad-manager.min.js" type="text/javascript" data-site-id="642aba63ec9a7b11c3c9c1be" data-mode="scan" async></script>
<!-- / Venatus Ad Manager -->

<style>
	@media (max-width:820px) {
		.battle {
			margin: 0 auto;
		}
		.battle-log {
			margin: 7px auto 0;
			max-width: 640px;
			height: 300px;
			position: static;
		}
	}
	.optgroup {
		display: inline-block;
		line-height: 22px;
		font-size: 10pt;
	}
	.optgroup .button {
		height: 25px;
		padding-top: 0;
		padding-bottom: 0;
	}
	.optgroup button.button {
		padding-left: 12px;
		padding-right: 12px;
	}
	.linklist {
		list-style: none;
		margin: 0.5em 0;
		padding: 0;
	}
	.linklist li {
		padding: 2px 0;
	}
	.sidebar {
		float: left;
		width: 320px;
	}
	.bar-wrapper {
		max-width: 1100px;
		margin: 0 auto;
	}
	.bar-wrapper.has-sidebar {
		max-width: 1430px;
	}
	.mainbar {
		margin: 0;
		padding-right: 1px;
	}
	.mainbar.has-sidebar {
		margin-left: 330px;
	}
	@media (min-width: 1511px) {
		.sidebar {
			width: 400px;
		}
		.bar-wrapper.has-sidebar {
			max-width: 1510px;
		}
		.mainbar.has-sidebar {
			margin-left: 410px;
		}
	}
	.section.first-section {
		margin-top: 9px;
	}
	.blocklink small {
		white-space: normal;
	}
	.button {
		vertical-align: middle;
	}
	.replay-controls {
		padding-top: 10px;
	}
	.replay-controls h1 {
		font-size: 16pt;
		font-weight: normal;
		color: #CCC;
	}
	.pagelink {
		text-align: center;
	}
	.pagelink a {
		width: 150px;
	}
	.textbox, .button {
		font-size: 11pt;
		vertical-align: middle;
	}
	@media (max-width: 450px) {
		.button {
			font-size: 9pt;
		}
	}
</style>

<div>

	<header>
		<div class="nav-wrapper"><ul class="nav">
			<li><a class="button nav-first" href="//pokemonshowdown.com/"><img src="//pokemonshowdown.com/images/pokemonshowdownbeta.png" srcset="//pokemonshowdown.com/images/pokemonshowdownbeta.png 1x, //pokemonshowdown.com/images/pokemonshowdownbeta@2x.png 2x" alt="Pok&eacute;mon Showdown" width="146" height="44" /> Home</a></li>
			<li><a class="button" href="//pokemonshowdown.com/dex/">Pok&eacute;dex</a></li>
			<li><a class="button cur" href="/">Replays</a></li>
			<li><a class="button" href="//pokemonshowdown.com/ladder/">Ladder</a></li>
			<li><a class="button nav-last" href="//pokemonshowdown.com/forums/">Forum</a></li>
			<li><a class="button greenbutton nav-first nav-last" href="//play.pokemonshowdown.com/">Play</a></li>
		</ul></div>
	</header>

	<div class="main" id="main">

		<noscript><section class="section">You need to enable JavaScript to use this page; sorry!</section></noscript>

	</div>

</div>

<script defer nomodule src="//play.pokemonshowdown.com/js/lib/ps-polyfill.js"></script>
<script defer src="//play.pokemonshowdown.com/js/lib/preact.min.js"></script>

<script defer src="//play.pokemonshowdown.com/config/config.js?6dec07f6"></script>
<script defer src="//play.pokemonshowdown.com/js/lib/jquery-1.11.0.min.js"></script>
<script defer src="//play.pokemonshowdown.com/js/lib/html-sanitizer-minified.js"></script>
<script defer src="//play.pokemonshowdown.com/js/battle-sound.js"></script>
<script defer src="//play.pokemonshowdown.com/js/battledata.js?0.6315294753075389"></script>
<script defer src="//play.pokemonshowdown.com/data/pokedex-mini.js?0.7603743185311358"></script>
<script defer src="//play.pokemonshowdown.com/data/pokedex-mini-bw.js?0.030888842834281283"></script>
<script defer src="//play.pokemonshowdown.com/data/graphics.js?0.05593094747507488"></script>
<script defer src="//play.pokemonshowdown.com/data/pokedex.js?0.47064822249611904"></script>
<script defer src="//play.pokemonshowdown.com/data/moves.js?0.8583693120512459"></script>
<script defer src="//play.pokemonshowdown.com/data/abilities.js?0.16017181182386842"></script>
<script defer src="//play.pokemonshowdown.com/data/items.js?0.4163379185673943"></script>
<script defer src="//play.pokemonshowdown.com/data/teambuilder-tables.js?0.31075597372830477"></script>
<script defer src="//play.pokemonshowdown.com/js/battle-tooltips.js?0.6536193500708172"></script>
<script defer src="//play.pokemonshowdown.com/js/battle.js?0.1916591943277901"></script>

<script defer src="js/utils.js?e31f9a17"></script>
<script defer src="js/replays-battle.js?7008c182"></script>

<!-- don't scrape this data! just add .json or .log after the URL!
Full API docs: https://github.com/smogon/pokemon-showdown-client/blob/master/WEB-API.md -->
<script type="text/plain" class="log" id="replaylog-smogtours-gen3ou-797275">
|inactive|Battle timer is ON: inactive players will automatically lose when time's up.
|t:|1728678846
|gametype|singles
|player|p1|almarkowbender|102|
|player|p2|Hummusfan|266|
|teamsize|p1|6
|teamsize|p2|6
|gen|3
|tier|[Gen 3] OU
|rule|Sleep Clause Mod: Limit one foe put to sleep
|rule|Switch Priority Clause Mod: Faster Pokémon switch first
|rule|Species Clause: Limit one of each Pokémon
|rule|OHKO Clause: OHKO moves are banned
|rule|Evasion Items Clause: Evasion items are banned
|rule|Evasion Moves Clause: Evasion moves are banned
|rule|Endless Battle Clause: Forcing endless battles is banned
|rule|HP Percentage Mod: HP is shown in percentages
|rule|One Boost Passer Clause: Limit one Baton Passer that has a way to boost its stats
|rule|Freeze Clause Mod: Limit one foe frozen
|
|t:|1728678846
|start
|switch|p1a: Moon Rock|Metagross, shiny|100/100
|switch|p2a: Medicham|Medicham, F|100/100
|turn|1
|inactive|almarkowbender has 270 seconds left.
|
|t:|1728678891
|move|p2a: Medicham|Fake Out|p1a: Moon Rock
|-resisted|p1a: Moon Rock
|-damage|p1a: Moon Rock|87/100
|cant|p1a: Moon Rock|flinch
|
|upkeep
|turn|2
|inactive|almarkowbender has 270 seconds left.
|
|t:|1728678929
|switch|p2a: Jirachi|Jirachi|100/100
|move|p1a: Moon Rock|Brick Break|p2a: Jirachi
|-damage|p2a: Jirachi|71/100
|
|-heal|p2a: Jirachi|77/100|[from] item: Leftovers
|upkeep
|turn|3
|inactive|almarkowbender has 270 seconds left.
|inactive|Hummusfan has 270 seconds left.
|
|t:|1728678963
|switch|p1a: Claydol|Claydol, shiny|100/100
|move|p2a: Jirachi|Wish|p2a: Jirachi
|
|-heal|p2a: Jirachi|83/100|[from] item: Leftovers
|upkeep
|turn|4
|inactive|Hummusfan has 270 seconds left.
|
|t:|1728678975
|move|p2a: Jirachi|Body Slam|p1a: Claydol
|-damage|p1a: Claydol|81/100
|move|p1a: Claydol|Earthquake|p2a: Jirachi
|-supereffective|p2a: Jirachi
|-damage|p2a: Jirachi|31/100
|
|-heal|p2a: Jirachi|81/100|[from] move: Wish|[wisher] Jirachi
|-heal|p2a: Jirachi|87/100|[from] item: Leftovers
|-heal|p1a: Claydol|87/100|[from] item: Leftovers
|upkeep
|turn|5
|inactive|almarkowbender has 270 seconds left.
|inactive|Hummusfan has 270 seconds left.
|
|t:|1728678990
|switch|p2a: Celebi|Celebi|100/100
|move|p1a: Claydol|Earthquake|p2a: Celebi
|-resisted|p2a: Celebi
|-damage|p2a: Celebi|87/100
|
|-heal|p2a: Celebi|94/100|[from] item: Leftovers
|-heal|p1a: Claydol|93/100|[from] item: Leftovers
|upkeep
|turn|6
|inactive|almarkowbender has 270 seconds left.
|
|t:|1728679000
|switch|p1a: Snorlax|Snorlax, F, shiny|100/100
|move|p2a: Celebi|Leech Seed|p1a: Snorlax
|-start|p1a: Snorlax|move: Leech Seed
|
|-heal|p2a: Celebi|99/100|[from] item: Leftovers
|-damage|p1a: Snorlax|88/100|[from] Leech Seed|[of] p2a: Celebi
|-heal|p2a: Celebi|100/100|[silent]
|upkeep
|turn|7
|inactive|almarkowbender has 270 seconds left.
|inactive|Hummusfan has 270 seconds left.
|
|t:|1728679036
|switch|p2a: Medicham|Medicham, F|100/100
|switch|p1a: Moon Rock|Metagross, shiny|87/100
|
|upkeep
|turn|8
|inactive|almarkowbender has 270 seconds left.
|inactive|Hummusfan has 240 seconds left.
|
|t:|1728679058
|move|p2a: Medicham|Fake Out|p1a: Moon Rock
|-resisted|p1a: Moon Rock
|-damage|p1a: Moon Rock|76/100
|cant|p1a: Moon Rock|flinch
|
|upkeep
|turn|9
|inactive|almarkowbender has 270 seconds left.
|inactive|Hummusfan has 240 seconds left.
|
|t:|1728679078
|switch|p2a: Celebi|Celebi|100/100
|move|p1a: Moon Rock|Meteor Mash|p2a: Celebi
|-damage|p2a: Celebi|34/100
|
|-heal|p2a: Celebi|40/100|[from] item: Leftovers
|upkeep
|turn|10
|inactive|Hummusfan has 240 seconds left.
|
|t:|1728679094
|switch|p2a: Jirachi|Jirachi|87/100
|move|p1a: Moon Rock|Meteor Mash|p2a: Jirachi
|-resisted|p2a: Jirachi
|-damage|p2a: Jirachi|57/100
|
|-heal|p2a: Jirachi|64/100|[from] item: Leftovers
|upkeep
|turn|11
|inactive|almarkowbender has 270 seconds left.
|
|t:|1728679102
|switch|p1a: Breloom|Breloom, F, shiny|100/100
|move|p2a: Jirachi|Fire Punch|p1a: Breloom
|-supereffective|p1a: Breloom
|-damage|p1a: Breloom|38/100
|
|-heal|p1a: Breloom|44/100|[from] item: Leftovers
|-heal|p2a: Jirachi|70/100|[from] item: Leftovers
|upkeep
|turn|12
|inactive|Hummusfan has 240 seconds left.
|
|t:|1728679127
|switch|p1a: Electric Guitar|Tyranitar, F, shiny|100/100
|-weather|Sandstorm|[from] ability: Sand Stream|[of] p1a: Electric Guitar
|move|p2a: Jirachi|Fire Punch|p1a: Electric Guitar
|-resisted|p1a: Electric Guitar
|-damage|p1a: Electric Guitar|93/100
|
|-weather|Sandstorm|[upkeep]
|-heal|p2a: Jirachi|76/100|[from] item: Leftovers
|-heal|p1a: Electric Guitar|99/100|[from] item: Leftovers
|upkeep
|turn|13
|inactive|almarkowbender has 270 seconds left.
|inactive|Hummusfan has 210 seconds left.
|
|t:|1728679170
|move|p2a: Jirachi|Wish|p2a: Jirachi
|move|p1a: Electric Guitar|Crunch|p2a: Jirachi
|-damage|p2a: Jirachi|49/100
|
|-weather|Sandstorm|[upkeep]
|-heal|p2a: Jirachi|55/100|[from] item: Leftovers
|-heal|p1a: Electric Guitar|100/100|[from] item: Leftovers
|upkeep
|turn|14
|
|t:|1728679177
|move|p2a: Jirachi|Body Slam|p1a: Electric Guitar
|-resisted|p1a: Electric Guitar
|-damage|p1a: Electric Guitar|93/100
|move|p1a: Electric Guitar|Fire Blast|p2a: Jirachi
|-supereffective|p2a: Jirachi
|-damage|p2a: Jirachi|3/100
|
|-heal|p2a: Jirachi|53/100|[from] move: Wish|[wisher] Jirachi
|-weather|Sandstorm|[upkeep]
|-heal|p2a: Jirachi|59/100|[from] item: Leftovers
|-heal|p1a: Electric Guitar|99/100|[from] item: Leftovers
|upkeep
|turn|15
|inactive|Hummusfan has 210 seconds left.
|
|t:|1728679193
|move|p2a: Jirachi|Protect|p2a: Jirachi
|-singleturn|p2a: Jirachi|Protect
|move|p1a: Electric Guitar|Fire Blast|p2a: Jirachi
|-activate|p2a: Jirachi|Protect
|
|-weather|Sandstorm|[upkeep]
|-heal|p2a: Jirachi|66/100|[from] item: Leftovers
|-heal|p1a: Electric Guitar|100/100|[from] item: Leftovers
|upkeep
|turn|16
|inactive|almarkowbender has 270 seconds left.
|
|t:|1728679200
|switch|p2a: Tyranitar|Tyranitar, M|100/100
|move|p1a: Electric Guitar|Fire Blast|p2a: Tyranitar|[miss]
|-miss|p1a: Electric Guitar|p2a: Tyranitar
|
|-weather|Sandstorm|[upkeep]
|upkeep
|turn|17
|inactive|Hummusfan has 210 seconds left.
|inactive|Hummusfan has 180 seconds left.
|
|t:|1728679237
|move|p2a: Tyranitar|Earthquake|p1a: Electric Guitar
|-supereffective|p1a: Electric Guitar
|-damage|p1a: Electric Guitar|49/100
|move|p1a: Electric Guitar|Brick Break|p2a: Tyranitar
|-supereffective|p2a: Tyranitar
|-damage|p2a: Tyranitar|31/100
|
|-weather|Sandstorm|[upkeep]
|-heal|p2a: Tyranitar|37/100|[from] item: Leftovers
|-heal|p1a: Electric Guitar|55/100|[from] item: Leftovers
|upkeep
|turn|18
|inactive|Hummusfan has 180 seconds left.
|
|t:|1728679257
|switch|p2a: Salamence|Salamence, M|100/100
|-ability|p2a: Salamence|Intimidate|boost
|-unboost|p1a: Electric Guitar|atk|1
|move|p1a: Electric Guitar|Brick Break|p2a: Salamence
|-resisted|p2a: Salamence
|-damage|p2a: Salamence|95/100
|
|-weather|Sandstorm|[upkeep]
|-damage|p2a: Salamence|89/100|[from] Sandstorm
|-heal|p2a: Salamence|95/100|[from] item: Leftovers
|-heal|p1a: Electric Guitar|62/100|[from] item: Leftovers
|upkeep
|turn|19
|inactive|almarkowbender has 270 seconds left.
|
|t:|1728679295
|switch|p2a: Jirachi|Jirachi|66/100
|switch|p1a: Claydol|Claydol, shiny|93/100
|
|-weather|Sandstorm|[upkeep]
|-heal|p2a: Jirachi|72/100|[from] item: Leftovers
|-heal|p1a: Claydol|99/100|[from] item: Leftovers
|upkeep
|turn|20
|inactive|almarkowbender has 270 seconds left.
|
|t:|1728679320
|switch|p1a: Snorlax|Snorlax, F, shiny|88/100
|move|p2a: Jirachi|Protect||[still]
|-fail|p2a: Jirachi
|
|-weather|Sandstorm|[upkeep]
|-damage|p1a: Snorlax|82/100|[from] Sandstorm
|-heal|p2a: Jirachi|78/100|[from] item: Leftovers
|-heal|p1a: Snorlax|88/100|[from] item: Leftovers
|upkeep
|turn|21
|inactive|Hummusfan has 150 seconds left.
|
|t:|1728679353
|move|p2a: Jirachi|Wish|p2a: Jirachi
|move|p1a: Snorlax|Body Slam|p2a: Jirachi
|-resisted|p2a: Jirachi
|-damage|p2a: Jirachi|63/100
|
|-weather|Sandstorm|[upkeep]
|-damage|p1a: Snorlax|82/100|[from] Sandstorm
|-heal|p2a: Jirachi|70/100|[from] item: Leftovers
|-heal|p1a: Snorlax|88/100|[from] item: Leftovers
|upkeep
|turn|22
|
|t:|1728679362
|move|p2a: Jirachi|Body Slam|p1a: Snorlax
|-damage|p1a: Snorlax|71/100
|move|p1a: Snorlax|Body Slam|p2a: Jirachi
|-resisted|p2a: Jirachi
|-damage|p2a: Jirachi|53/100
|
|-heal|p2a: Jirachi|100/100|[from] move: Wish|[wisher] Jirachi
|-weather|Sandstorm|[upkeep]
|-damage|p1a: Snorlax|65/100|[from] Sandstorm
|-heal|p1a: Snorlax|71/100|[from] item: Leftovers
|upkeep
|turn|23
|inactive|Hummusfan has 150 seconds left.
|
|t:|1728679372
|move|p2a: Jirachi|Body Slam|p1a: Snorlax
|-damage|p1a: Snorlax|52/100
|-status|p1a: Snorlax|par
|move|p1a: Snorlax|Body Slam|p2a: Jirachi
|-resisted|p2a: Jirachi
|-damage|p2a: Jirachi|86/100
|-status|p2a: Jirachi|par
|
|-weather|Sandstorm|[upkeep]
|-damage|p1a: Snorlax|46/100 par|[from] Sandstorm
|-heal|p2a: Jirachi|92/100 par|[from] item: Leftovers
|-heal|p1a: Snorlax|52/100 par|[from] item: Leftovers
|upkeep
|turn|24
|inactive|Hummusfan has 150 seconds left.
|
|t:|1728679388
|-singleturn|p1a: Snorlax|move: Focus Punch
|move|p2a: Jirachi|Body Slam|p1a: Snorlax
|-crit|p1a: Snorlax
|-damage|p1a: Snorlax|15/100 par
|move|p1a: Snorlax|Focus Punch||[still]
|cant|p1a: Snorlax|Focus Punch|Focus Punch
|
|-weather|Sandstorm|[upkeep]
|-damage|p1a: Snorlax|9/100 par|[from] Sandstorm
|-heal|p2a: Jirachi|98/100 par|[from] item: Leftovers
|-heal|p1a: Snorlax|15/100 par|[from] item: Leftovers
|upkeep
|turn|25
|
|t:|1728679398
|move|p2a: Jirachi|Body Slam|p1a: Snorlax
|-damage|p1a: Snorlax|0 fnt
|faint|p1a: Snorlax
|
|t:|1728679405
|switch|p1a: Claydol|Claydol, shiny|99/100
|
|-weather|Sandstorm|[upkeep]
|-heal|p1a: Claydol|100/100|[from] item: Leftovers
|-heal|p2a: Jirachi|100/100 par|[from] item: Leftovers
|upkeep
|turn|26
|
|t:|1728679412
|move|p1a: Claydol|Earthquake|p2a: Jirachi
|-supereffective|p2a: Jirachi
|-damage|p2a: Jirachi|46/100 par
|cant|p2a: Jirachi|par
|
|-weather|Sandstorm|[upkeep]
|-heal|p2a: Jirachi|52/100 par|[from] item: Leftovers
|upkeep
|turn|27
|
|t:|1728679420
|switch|p2a: Salamence|Salamence, M|95/100
|-ability|p2a: Salamence|Intimidate|boost
|-unboost|p1a: Claydol|atk|1
|move|p1a: Claydol|Earthquake|p2a: Salamence
|-immune|p2a: Salamence
|
|-weather|Sandstorm|[upkeep]
|-damage|p2a: Salamence|89/100|[from] Sandstorm
|-heal|p2a: Salamence|95/100|[from] item: Leftovers
|upkeep
|turn|28
|inactive|Hummusfan has 150 seconds left.
|
|t:|1728679444
|move|p2a: Salamence|Wish|p2a: Salamence
|move|p1a: Claydol|Ice Beam|p2a: Salamence
|-supereffective|p2a: Salamence
|-damage|p2a: Salamence|23/100
|
|-weather|Sandstorm|[upkeep]
|-damage|p2a: Salamence|17/100|[from] Sandstorm
|-heal|p2a: Salamence|23/100|[from] item: Leftovers
|upkeep
|turn|29
|
|t:|1728679448
|move|p2a: Salamence|Protect|p2a: Salamence
|-singleturn|p2a: Salamence|Protect
|move|p1a: Claydol|Ice Beam|p2a: Salamence
|-activate|p2a: Salamence|Protect
|
|-heal|p2a: Salamence|73/100|[from] move: Wish|[wisher] Salamence
|-weather|Sandstorm|[upkeep]
|-damage|p2a: Salamence|67/100|[from] Sandstorm
|-heal|p2a: Salamence|73/100|[from] item: Leftovers
|upkeep
|turn|30
|
|t:|1728679455
|switch|p2a: Starmie|Starmie|100/100
|move|p1a: Claydol|Ice Beam|p2a: Starmie
|-resisted|p2a: Starmie
|-damage|p2a: Starmie|92/100
|
|-weather|Sandstorm|[upkeep]
|-damage|p2a: Starmie|85/100|[from] Sandstorm
|-heal|p2a: Starmie|92/100|[from] item: Leftovers
|upkeep
|turn|31
|
|t:|1728679466
|switch|p1a: Breloom|Breloom, F, shiny|44/100
|move|p2a: Starmie|Surf|p1a: Breloom
|-resisted|p1a: Breloom
|-damage|p1a: Breloom|14/100
|
|-weather|Sandstorm|[upkeep]
|-damage|p2a: Starmie|85/100|[from] Sandstorm
|-damage|p1a: Breloom|8/100|[from] Sandstorm
|-heal|p2a: Starmie|92/100|[from] item: Leftovers
|-heal|p1a: Breloom|14/100|[from] item: Leftovers
|upkeep
|turn|32
|
|t:|1728679483
|move|p1a: Breloom|Mach Punch|p2a: Starmie
|-resisted|p2a: Starmie
|-damage|p2a: Starmie|80/100
|move|p2a: Starmie|Surf|p1a: Breloom
|-resisted|p1a: Breloom
|-damage|p1a: Breloom|0 fnt
|faint|p1a: Breloom
|
|t:|1728679486
|switch|p1a: Moon Rock|Metagross, shiny|76/100
|
|-weather|Sandstorm|[upkeep]
|-damage|p2a: Starmie|74/100|[from] Sandstorm
|-heal|p2a: Starmie|80/100|[from] item: Leftovers
|upkeep
|turn|33
|inactive|Hummusfan has 180 seconds left.
|inactive|almarkowbender has 270 seconds left.
|
|t:|1728679531
|switch|p2a: Jirachi|Jirachi|52/100 par
|move|p1a: Moon Rock|Meteor Mash|p2a: Jirachi
|-resisted|p2a: Jirachi
|-damage|p2a: Jirachi|20/100 par
|
|-weather|Sandstorm|[upkeep]
|-heal|p2a: Jirachi|27/100 par|[from] item: Leftovers
|upkeep
|turn|34
|
|t:|1728679541
|move|p2a: Jirachi|Protect|p2a: Jirachi
|-singleturn|p2a: Jirachi|Protect
|move|p1a: Moon Rock|Meteor Mash|p2a: Jirachi
|-activate|p2a: Jirachi|Protect
|
|-weather|Sandstorm|[upkeep]
|-heal|p2a: Jirachi|33/100 par|[from] item: Leftovers
|upkeep
|turn|35
|
|t:|1728679549
|move|p1a: Moon Rock|Meteor Mash|p2a: Jirachi|[miss]
|-miss|p1a: Moon Rock|p2a: Jirachi
|move|p2a: Jirachi|Fire Punch|p1a: Moon Rock
|-supereffective|p1a: Moon Rock
|-damage|p1a: Moon Rock|35/100
|-status|p1a: Moon Rock|brn
|
|-weather|Sandstorm|[upkeep]
|-damage|p1a: Moon Rock|22/100 brn|[from] brn
|-heal|p2a: Jirachi|39/100 par|[from] item: Leftovers
|upkeep
|turn|36
|
|t:|1728679567
|switch|p1a: Electric Guitar|Tyranitar, F, shiny|62/100
|move|p2a: Jirachi|Fire Punch|p1a: Electric Guitar
|-resisted|p1a: Electric Guitar
|-damage|p1a: Electric Guitar|54/100
|
|-weather|Sandstorm|[upkeep]
|-heal|p1a: Electric Guitar|61/100|[from] item: Leftovers
|-heal|p2a: Jirachi|45/100 par|[from] item: Leftovers
|upkeep
|turn|37
|
|t:|1728679580
|move|p2a: Jirachi|Protect|p2a: Jirachi
|-singleturn|p2a: Jirachi|Protect
|move|p1a: Electric Guitar|Fire Blast|p2a: Jirachi
|-activate|p2a: Jirachi|Protect
|
|-weather|Sandstorm|[upkeep]
|-heal|p1a: Electric Guitar|67/100|[from] item: Leftovers
|-heal|p2a: Jirachi|51/100 par|[from] item: Leftovers
|upkeep
|turn|38
|
|t:|1728679587
|switch|p2a: Starmie|Starmie|80/100
|move|p1a: Electric Guitar|Fire Blast|p2a: Starmie
|-resisted|p2a: Starmie
|-damage|p2a: Starmie|59/100
|
|-weather|Sandstorm|[upkeep]
|-damage|p2a: Starmie|52/100|[from] Sandstorm
|-heal|p2a: Starmie|59/100|[from] item: Leftovers
|-heal|p1a: Electric Guitar|73/100|[from] item: Leftovers
|upkeep
|turn|39
|inactive|Hummusfan has 150 seconds left.
|
|t:|1728679623
|switch|p2a: Medicham|Medicham, F|100/100
|move|p1a: Electric Guitar|Crunch|p2a: Medicham
|-damage|p2a: Medicham|40/100
|
|-weather|Sandstorm|[upkeep]
|-damage|p2a: Medicham|34/100|[from] Sandstorm
|-heal|p1a: Electric Guitar|79/100|[from] item: Leftovers
|upkeep
|turn|40
|inactive|Hummusfan has 150 seconds left.
|
|t:|1728679633
|switch|p1a: Moon Rock|Metagross, shiny|22/100 brn
|move|p2a: Medicham|Brick Break|p1a: Moon Rock
|-damage|p1a: Moon Rock|0 fnt
|faint|p1a: Moon Rock
|
|t:|1728679643
|switch|p1a: Gyarados|Gyarados, F, shiny|100/100
|-ability|p1a: Gyarados|Intimidate|boost
|-unboost|p2a: Medicham|atk|1
|
|-weather|Sandstorm|[upkeep]
|-damage|p1a: Gyarados|94/100|[from] Sandstorm
|-damage|p2a: Medicham|28/100|[from] Sandstorm
|-heal|p1a: Gyarados|100/100|[from] item: Leftovers
|upkeep
|turn|41
|
|t:|1728679654
|switch|p2a: Salamence|Salamence, M|73/100
|-ability|p2a: Salamence|Intimidate|boost
|-unboost|p1a: Gyarados|atk|1
|move|p1a: Gyarados|Dragon Dance|p1a: Gyarados
|-boost|p1a: Gyarados|atk|1
|-boost|p1a: Gyarados|spe|1
|
|-weather|Sandstorm|[upkeep]
|-damage|p1a: Gyarados|94/100|[from] Sandstorm
|-damage|p2a: Salamence|67/100|[from] Sandstorm
|-heal|p1a: Gyarados|100/100|[from] item: Leftovers
|-heal|p2a: Salamence|73/100|[from] item: Leftovers
|upkeep
|turn|42
|inactive|Hummusfan has 150 seconds left.
|
|t:|1728679680
|switch|p1a: Electric Guitar|Tyranitar, F, shiny|79/100
|move|p2a: Salamence|Wish|p2a: Salamence
|
|-weather|Sandstorm|[upkeep]
|-damage|p2a: Salamence|67/100|[from] Sandstorm
|-heal|p2a: Salamence|73/100|[from] item: Leftovers
|-heal|p1a: Electric Guitar|85/100|[from] item: Leftovers
|upkeep
|turn|43
|
|t:|1728679699
|switch|p2a: Tyranitar|Tyranitar, M|37/100
|move|p1a: Electric Guitar|Crunch|p2a: Tyranitar
|-resisted|p2a: Tyranitar
|-damage|p2a: Tyranitar|22/100
|
|-heal|p2a: Tyranitar|71/100|[from] move: Wish|[wisher] Salamence
|-weather|Sandstorm|[upkeep]
|-heal|p2a: Tyranitar|78/100|[from] item: Leftovers
|-heal|p1a: Electric Guitar|92/100|[from] item: Leftovers
|upkeep
|turn|44
|inactive|Hummusfan has 120 seconds left.
|inactive|Hummusfan has 90 seconds left.
|
|t:|1728679759
|switch|p2a: Salamence|Salamence, M|73/100
|-ability|p2a: Salamence|Intimidate|boost
|-unboost|p1a: Electric Guitar|atk|1
|move|p1a: Electric Guitar|Brick Break|p2a: Salamence
|-resisted|p2a: Salamence
|-damage|p2a: Salamence|68/100
|
|-weather|Sandstorm|[upkeep]
|-damage|p2a: Salamence|62/100|[from] Sandstorm
|-heal|p2a: Salamence|68/100|[from] item: Leftovers
|-heal|p1a: Electric Guitar|98/100|[from] item: Leftovers
|upkeep
|turn|45
|inactive|Hummusfan has 90 seconds left.
|
|t:|1728679771
|move|p2a: Salamence|Protect|p2a: Salamence
|-singleturn|p2a: Salamence|Protect
|move|p1a: Electric Guitar|Crunch|p2a: Salamence
|-activate|p2a: Salamence|Protect
|
|-weather|Sandstorm|[upkeep]
|-damage|p2a: Salamence|62/100|[from] Sandstorm
|-heal|p2a: Salamence|68/100|[from] item: Leftovers
|-heal|p1a: Electric Guitar|100/100|[from] item: Leftovers
|upkeep
|turn|46
|inactive|Hummusfan has 90 seconds left.
|
|t:|1728679778
|move|p2a: Salamence|Wish|p2a: Salamence
|move|p1a: Electric Guitar|Crunch|p2a: Salamence
|-damage|p2a: Salamence|31/100
|
|-weather|Sandstorm|[upkeep]
|-damage|p2a: Salamence|25/100|[from] Sandstorm
|-heal|p2a: Salamence|31/100|[from] item: Leftovers
|upkeep
|turn|47
|
|t:|1728679793
|move|p2a: Salamence|Protect|p2a: Salamence
|-singleturn|p2a: Salamence|Protect
|move|p1a: Electric Guitar|Pursuit|p2a: Salamence
|-activate|p2a: Salamence|Protect
|
|-heal|p2a: Salamence|81/100|[from] move: Wish|[wisher] Salamence
|-weather|Sandstorm|[upkeep]
|-damage|p2a: Salamence|75/100|[from] Sandstorm
|-heal|p2a: Salamence|81/100|[from] item: Leftovers
|upkeep
|turn|48
|
|t:|1728679807
|move|p2a: Salamence|Wish|p2a: Salamence
|move|p1a: Electric Guitar|Crunch|p2a: Salamence
|-damage|p2a: Salamence|45/100
|
|-weather|Sandstorm|[upkeep]
|-damage|p2a: Salamence|39/100|[from] Sandstorm
|-heal|p2a: Salamence|45/100|[from] item: Leftovers
|upkeep
|turn|49
|
|t:|1728679819
|move|p2a: Salamence|Protect|p2a: Salamence
|-singleturn|p2a: Salamence|Protect
|move|p1a: Electric Guitar|Pursuit|p2a: Salamence
|-activate|p2a: Salamence|Protect
|
|-heal|p2a: Salamence|95/100|[from] move: Wish|[wisher] Salamence
|-weather|Sandstorm|[upkeep]
|-damage|p2a: Salamence|89/100|[from] Sandstorm
|-heal|p2a: Salamence|95/100|[from] item: Leftovers
|upkeep
|turn|50
|
|t:|1728679827
|switch|p2a: Jirachi|Jirachi|51/100 par
|move|p1a: Electric Guitar|Crunch|p2a: Jirachi
|-damage|p2a: Jirachi|28/100 par
|
|-weather|Sandstorm|[upkeep]
|-heal|p2a: Jirachi|34/100 par|[from] item: Leftovers
|upkeep
|turn|51
|
|t:|1728679835
|move|p1a: Electric Guitar|Fire Blast|p2a: Jirachi
|-supereffective|p2a: Jirachi
|-damage|p2a: Jirachi|0 fnt
|faint|p2a: Jirachi
|
|t:|1728679852
|switch|p2a: Salamence|Salamence, M|95/100
|-ability|p2a: Salamence|Intimidate|boost
|-unboost|p1a: Electric Guitar|atk|1
|
|-weather|Sandstorm|[upkeep]
|-damage|p2a: Salamence|89/100|[from] Sandstorm
|-heal|p2a: Salamence|95/100|[from] item: Leftovers
|upkeep
|turn|52
|
|t:|1728679864
|switch|p2a: Tyranitar|Tyranitar, M|78/100
|move|p1a: Electric Guitar|Crunch|p2a: Tyranitar
|-resisted|p2a: Tyranitar
|-damage|p2a: Tyranitar|61/100
|
|-weather|Sandstorm|[upkeep]
|-heal|p2a: Tyranitar|67/100|[from] item: Leftovers
|upkeep
|turn|53
|inactive|Hummusfan has 120 seconds left.
|
|t:|1728679883
|move|p2a: Tyranitar|Earthquake|p1a: Electric Guitar
|-supereffective|p1a: Electric Guitar
|-damage|p1a: Electric Guitar|48/100
|move|p1a: Electric Guitar|Brick Break|p2a: Tyranitar
|-supereffective|p2a: Tyranitar
|-crit|p2a: Tyranitar
|-damage|p2a: Tyranitar|0 fnt
|faint|p2a: Tyranitar
|
|t:|1728679892
|switch|p2a: Starmie|Starmie|59/100
|
|-weather|Sandstorm|[upkeep]
|-damage|p2a: Starmie|52/100|[from] Sandstorm
|-heal|p2a: Starmie|59/100|[from] item: Leftovers
|-heal|p1a: Electric Guitar|54/100|[from] item: Leftovers
|upkeep
|turn|54
|inactive|Hummusfan has 120 seconds left.
|inactive|almarkowbender has 270 seconds left.
|
|t:|1728679923
|move|p2a: Starmie|Surf|p1a: Electric Guitar
|-supereffective|p1a: Electric Guitar
|-damage|p1a: Electric Guitar|0 fnt
|faint|p1a: Electric Guitar
|
|t:|1728679925
|switch|p1a: Claydol|Claydol, shiny|100/100
|
|-weather|Sandstorm|[upkeep]
|-damage|p2a: Starmie|52/100|[from] Sandstorm
|-heal|p2a: Starmie|59/100|[from] item: Leftovers
|upkeep
|turn|55
|inactive|almarkowbender has 270 seconds left.
|inactive|Hummusfan has 120 seconds left.
|
|t:|1728679948
|switch|p2a: Salamence|Salamence, M|95/100
|-ability|p2a: Salamence|Intimidate|boost
|-unboost|p1a: Claydol|atk|1
|move|p1a: Claydol|Explosion|p2a: Salamence
|-damage|p2a: Salamence|31/100
|faint|p1a: Claydol
|
|t:|1728679960
|switch|p1a: Gyarados|Gyarados, F, shiny|100/100
|-ability|p1a: Gyarados|Intimidate|boost
|-unboost|p2a: Salamence|atk|1
|
|-weather|Sandstorm|[upkeep]
|-damage|p1a: Gyarados|94/100|[from] Sandstorm
|-damage|p2a: Salamence|25/100|[from] Sandstorm
|-heal|p1a: Gyarados|100/100|[from] item: Leftovers
|-heal|p2a: Salamence|31/100|[from] item: Leftovers
|upkeep
|turn|56
|inactive|Hummusfan has 120 seconds left.
|
|t:|1728679973
|switch|p2a: Medicham|Medicham, F|28/100
|move|p1a: Gyarados|Dragon Dance|p1a: Gyarados
|-boost|p1a: Gyarados|atk|1
|-boost|p1a: Gyarados|spe|1
|
|-weather|Sandstorm|[upkeep]
|-damage|p1a: Gyarados|94/100|[from] Sandstorm
|-damage|p2a: Medicham|22/100|[from] Sandstorm
|-heal|p1a: Gyarados|100/100|[from] item: Leftovers
|upkeep
|turn|57
|
|t:|1728679981
|move|p2a: Medicham|Fake Out|p1a: Gyarados
|-damage|p1a: Gyarados|66/100
|cant|p1a: Gyarados|flinch
|
|-weather|Sandstorm|[upkeep]
|-damage|p1a: Gyarados|60/100|[from] Sandstorm
|-damage|p2a: Medicham|16/100|[from] Sandstorm
|-heal|p1a: Gyarados|66/100|[from] item: Leftovers
|upkeep
|turn|58
|
|t:|1728679984
|move|p2a: Medicham|Fake Out|p1a: Gyarados
|-hint|Fake Out only works on your first turn out.
|move|p1a: Gyarados|Hidden Power|p2a: Medicham
|-supereffective|p2a: Medicham
|-damage|p2a: Medicham|0 fnt
|faint|p2a: Medicham
|
|t:|1728679990
|switch|p2a: Salamence|Salamence, M|31/100
|-ability|p2a: Salamence|Intimidate|boost
|-unboost|p1a: Gyarados|atk|1
|
|-weather|Sandstorm|[upkeep]
|-damage|p1a: Gyarados|60/100|[from] Sandstorm
|-damage|p2a: Salamence|25/100|[from] Sandstorm
|-heal|p1a: Gyarados|66/100|[from] item: Leftovers
|-heal|p2a: Salamence|31/100|[from] item: Leftovers
|upkeep
|turn|59
|
|t:|1728680011
|switch|p2a: Celebi|Celebi|40/100
|move|p1a: Gyarados|Double-Edge|p2a: Celebi
|-damage|p2a: Celebi|9/100
|-damage|p1a: Gyarados|55/100|[from] Recoil|[of] p2a: Celebi
|
|-weather|Sandstorm|[upkeep]
|-damage|p1a: Gyarados|48/100|[from] Sandstorm
|-damage|p2a: Celebi|3/100|[from] Sandstorm
|-heal|p1a: Gyarados|55/100|[from] item: Leftovers
|-heal|p2a: Celebi|9/100|[from] item: Leftovers
|upkeep
|turn|60
|inactive|Hummusfan has 150 seconds left.
|
|t:|1728680026
|move|p1a: Gyarados|Dragon Dance|p1a: Gyarados
|-boost|p1a: Gyarados|atk|1
|-boost|p1a: Gyarados|spe|1
|move|p2a: Celebi|Leech Seed|p1a: Gyarados
|-start|p1a: Gyarados|move: Leech Seed
|
|-weather|Sandstorm|[upkeep]
|-damage|p1a: Gyarados|48/100|[from] Sandstorm
|-damage|p2a: Celebi|3/100|[from] Sandstorm
|-heal|p1a: Gyarados|55/100|[from] item: Leftovers
|-damage|p1a: Gyarados|42/100|[from] Leech Seed|[of] p2a: Celebi
|-heal|p2a: Celebi|14/100|[silent]
|-heal|p2a: Celebi|20/100|[from] item: Leftovers
|upkeep
|turn|61
|inactive|Hummusfan has 150 seconds left.
|
|t:|1728680041
|move|p1a: Gyarados|Hidden Power|p2a: Celebi
|-supereffective|p2a: Celebi
|-damage|p2a: Celebi|0 fnt
|faint|p2a: Celebi
|
|t:|1728680043
|switch|p2a: Salamence|Salamence, M|31/100
|-ability|p2a: Salamence|Intimidate|boost
|-unboost|p1a: Gyarados|atk|1
|
|-weather|Sandstorm|[upkeep]
|-damage|p1a: Gyarados|36/100|[from] Sandstorm
|-damage|p2a: Salamence|25/100|[from] Sandstorm
|-heal|p1a: Gyarados|42/100|[from] item: Leftovers
|-damage|p1a: Gyarados|30/100|[from] Leech Seed|[of] p2a: Salamence
|-heal|p2a: Salamence|36/100|[silent]
|-heal|p2a: Salamence|42/100|[from] item: Leftovers
|upkeep
|turn|62
|inactive|almarkowbender has 270 seconds left.
|
|t:|1728680073
|move|p2a: Salamence|Protect|p2a: Salamence
|-singleturn|p2a: Salamence|Protect
|move|p1a: Gyarados|Hidden Power|p2a: Salamence
|-activate|p2a: Salamence|Protect
|
|-weather|Sandstorm|[upkeep]
|-damage|p1a: Gyarados|24/100|[from] Sandstorm
|-damage|p2a: Salamence|36/100|[from] Sandstorm
|-heal|p1a: Gyarados|30/100|[from] item: Leftovers
|-damage|p1a: Gyarados|17/100|[from] Leech Seed|[of] p2a: Salamence
|-heal|p2a: Salamence|46/100|[silent]
|-heal|p2a: Salamence|53/100|[from] item: Leftovers
|upkeep
|turn|63
|
|t:|1728680082
|move|p1a: Gyarados|Hidden Power|p2a: Salamence
|-damage|p2a: Salamence|26/100
|move|p2a: Salamence|Wish|p2a: Salamence
|
|-weather|Sandstorm|[upkeep]
|-damage|p1a: Gyarados|11/100|[from] Sandstorm
|-damage|p2a: Salamence|20/100|[from] Sandstorm
|-heal|p1a: Gyarados|17/100|[from] item: Leftovers
|-damage|p1a: Gyarados|5/100|[from] Leech Seed|[of] p2a: Salamence
|-heal|p2a: Salamence|31/100|[silent]
|-heal|p2a: Salamence|37/100|[from] item: Leftovers
|upkeep
|turn|64
|
|t:|1728680087
|move|p2a: Salamence|Protect|p2a: Salamence
|-singleturn|p2a: Salamence|Protect
|move|p1a: Gyarados|Double-Edge|p2a: Salamence
|-activate|p2a: Salamence|Protect
|
|-heal|p2a: Salamence|87/100|[from] move: Wish|[wisher] Salamence
|-weather|Sandstorm|[upkeep]
|-damage|p1a: Gyarados|0 fnt|[from] Sandstorm
|-damage|p2a: Salamence|81/100|[from] Sandstorm
|faint|p1a: Gyarados
|
|win|Hummusfan
|upkeep
|c|☆almarkowbender|gg

</script>
<script type="application/json" class="data" id="replaydata-smogtours-gen3ou-797275">
{"id":"smogtours-gen3ou-797275","format":"[Gen 3] OU","players":["almarkowbender","Hummusfan"],"uploadtime":1728680087,"views":89,"formatid":"gen3ou","rating":null,"private":0,"password":null}
</script>

<script defer src="js/replays.js?9d40a366"></script>
