<!DOCTYPE html>
<meta charset="utf-8" />
<meta name="viewport" content="width=device-width" />

<title>[Gen 3] OU: Salty Lame-o vs. Beleth7rei - Replays - Pok&eacute;mon Showdown!</title>

<meta name="description" content="Watch a replay of a Pok&eacute;mon battle between Salty Lame-o and Beleth7rei! Format: [Gen 3] OU; Date: Oct 20, 2024" />
<!--

Hey, you! Looking in the source for the replay log?

You can find them in JSON format, just add `.json` at the end of a replay URL.

https://replay.pokemonshowdown.com/gen7randomdoublesbattle-865046831.json

Or, if you only need the log itself, add `.log` instead:

https://replay.pokemonshowdown.com/gen7randomdoublesbattle-865046831.log

-->

<link rel="stylesheet" href="//pokemonshowdown.com/style/global.css?0.023195364461161105" />
<link rel="stylesheet" href="//play.pokemonshowdown.com/style/font-awesome.css?0.13261647063804238" />
<link rel="stylesheet" href="//play.pokemonshowdown.com/style/battle.css?0.8753245789963631" />
<link rel="stylesheet" href="//play.pokemonshowdown.com/style/utilichart.css?0.8627959624976733" />

<!-- Global site tag (gtag.js) - Google Analytics -->
<script async src="https://www.googletagmanager.com/gtag/js?id=UA-26211653-1"></script>
<script>
  window.dataLayer = window.dataLayer || [];
  function gtag(){dataLayer.push(arguments);}
  gtag('js', new Date());

  gtag('config', 'UA-26211653-1');
</script>
<!-- End Google Analytics -->
<!-- Venatus Ad Manager - Install in <HEAD> of page -->
	<script src="https://hb.vntsm.com/v3/live/ad-manager.min.js" type="text/javascript" data-site-id="642aba63ec9a7b11c3c9c1be" data-mode="scan" async></script>
<!-- / Venatus Ad Manager -->

<style>
	@media (max-width:820px) {
		.battle {
			margin: 0 auto;
		}
		.battle-log {
			margin: 7px auto 0;
			max-width: 640px;
			height: 300px;
			position: static;
		}
	}
	.optgroup {
		display: inline-block;
		line-height: 22px;
		font-size: 10pt;
	}
	.optgroup .button {
		height: 25px;
		padding-top: 0;
		padding-bottom: 0;
	}
	.optgroup button.button {
		padding-left: 12px;
		padding-right: 12px;
	}
	.linklist {
		list-style: none;
		margin: 0.5em 0;
		padding: 0;
	}
	.linklist li {
		padding: 2px 0;
	}
	.sidebar {
		float: left;
		width: 320px;
	}
	.bar-wrapper {
		max-width: 1100px;
		margin: 0 auto;
	}
	.bar-wrapper.has-sidebar {
		max-width: 1430px;
	}
	.mainbar {
		margin: 0;
		padding-right: 1px;
	}
	.mainbar.has-sidebar {
		margin-left: 330px;
	}
	@media (min-width: 1511px) {
		.sidebar {
			width: 400px;
		}
		.bar-wrapper.has-sidebar {
			max-width: 1510px;
		}
		.mainbar.has-sidebar {
			margin-left: 410px;
		}
	}
	.section.first-section {
		margin-top: 9px;
	}
	.blocklink small {
		white-space: normal;
	}
	.button {
		vertical-align: middle;
	}
	.replay-controls {
		padding-top: 10px;
	}
	.replay-controls h1 {
		font-size: 16pt;
		font-weight: normal;
		color: #CCC;
	}
	.pagelink {
		text-align: center;
	}
	.pagelink a {
		width: 150px;
	}
	.textbox, .button {
		font-size: 11pt;
		vertical-align: middle;
	}
	@media (max-width: 450px) {
		.button {
			font-size: 9pt;
		}
	}
</style>

<div>

	<header>
		<div class="nav-wrapper"><ul class="nav">
			<li><a class="button nav-first" href="//pokemonshowdown.com/"><img src="//pokemonshowdown.com/images/pokemonshowdownbeta.png" srcset="//pokemonshowdown.com/images/pokemonshowdownbeta.png 1x, //pokemonshowdown.com/images/pokemonshowdownbeta@2x.png 2x" alt="Pok&eacute;mon Showdown" width="146" height="44" /> Home</a></li>
			<li><a class="button" href="//pokemonshowdown.com/dex/">Pok&eacute;dex</a></li>
			<li><a class="button cur" href="/">Replays</a></li>
			<li><a class="button" href="//pokemonshowdown.com/ladder/">Ladder</a></li>
			<li><a class="button nav-last" href="//pokemonshowdown.com/forums/">Forum</a></li>
			<li><a class="button greenbutton nav-first nav-last" href="//play.pokemonshowdown.com/">Play</a></li>
		</ul></div>
	</header>

	<div class="main" id="main">

		<noscript><section class="section">You need to enable JavaScript to use this page; sorry!</section></noscript>

	</div>

</div>

<script defer nomodule src="//play.pokemonshowdown.com/js/lib/ps-polyfill.js"></script>
<script defer src="//play.pokemonshowdown.com/js/lib/preact.min.js"></script>

<script defer src="//play.pokemonshowdown.com/config/config.js?2bddbc15"></script>
<script defer src="//play.pokemonshowdown.com/js/lib/jquery-1.11.0.min.js"></script>
<script defer src="//play.pokemonshowdown.com/js/lib/html-sanitizer-minified.js"></script>
<script defer src="//play.pokemonshowdown.com/js/battle-sound.js"></script>
<script defer src="//play.pokemonshowdown.com/js/battledata.js?0.7209276989879541"></script>
<script defer src="//play.pokemonshowdown.com/data/pokedex-mini.js?0.6111056340867951"></script>
<script defer src="//play.pokemonshowdown.com/data/pokedex-mini-bw.js?0.3532142036491459"></script>
<script defer src="//play.pokemonshowdown.com/data/graphics.js?0.24223875632456182"></script>
<script defer src="//play.pokemonshowdown.com/data/pokedex.js?0.38839984266356864"></script>
<script defer src="//play.pokemonshowdown.com/data/moves.js?0.21866028504024015"></script>
<script defer src="//play.pokemonshowdown.com/data/abilities.js?0.2005157953846628"></script>
<script defer src="//play.pokemonshowdown.com/data/items.js?0.9894211263848525"></script>
<script defer src="//play.pokemonshowdown.com/data/teambuilder-tables.js?0.6008791140282215"></script>
<script defer src="//play.pokemonshowdown.com/js/battle-tooltips.js?0.7580118955022959"></script>
<script defer src="//play.pokemonshowdown.com/js/battle.js?0.6057722274234274"></script>

<script defer src="js/utils.js?e31f9a17"></script>
<script defer src="js/replays-battle.js?7008c182"></script>

<!-- don't scrape this data! just add .json or .log after the URL!
Full API docs: https://github.com/smogon/pokemon-showdown-client/blob/master/WEB-API.md -->
<script type="text/plain" class="log" id="replaylog-smogtours-gen3ou-800501">
|inactive|Battle timer is ON: inactive players will automatically lose when time's up.
|t:|1729440546
|gametype|singles
|player|p1|Salty Lame-o|hoopster|
|player|p2|Beleth7rei|hilbert|
|teamsize|p1|6
|teamsize|p2|6
|gen|3
|tier|[Gen 3] OU
|rule|Sleep Clause Mod: Limit one foe put to sleep
|rule|Switch Priority Clause Mod: Faster Pokémon switch first
|rule|Species Clause: Limit one of each Pokémon
|rule|OHKO Clause: OHKO moves are banned
|rule|Evasion Items Clause: Evasion items are banned
|rule|Evasion Moves Clause: Evasion moves are banned
|rule|Endless Battle Clause: Forcing endless battles is banned
|rule|HP Percentage Mod: HP is shown in percentages
|rule|One Boost Passer Clause: Limit one Baton Passer that has a way to boost its stats
|rule|Freeze Clause Mod: Limit one foe frozen
|
|t:|1729440546
|start
|switch|p1a: Smeargle|Smeargle, F|100/100
|switch|p2a: Metagross|Metagross|100/100
|turn|1
|
|t:|1729440560
|move|p1a: Smeargle|Spore|p2a: Metagross
|-status|p2a: Metagross|slp|[from] move: Spore
|cant|p2a: Metagross|slp
|
|upkeep
|turn|2
|
|t:|1729440587
|move|p1a: Smeargle|Spikes|p2a: Metagross
|-sidestart|p2: Beleth7rei|Spikes
|cant|p2a: Metagross|slp
|
|upkeep
|turn|3
|
|t:|1729440591
|move|p1a: Smeargle|Spikes|p2a: Metagross
|-sidestart|p2: Beleth7rei|Spikes
|cant|p2a: Metagross|slp
|
|upkeep
|turn|4
|
|t:|1729440603
|switch|p2a: Salamence|Salamence, F|100/100
|-ability|p2a: Salamence|Intimidate|boost
|-unboost|p1a: Smeargle|atk|1
|move|p1a: Smeargle|Spikes|p2a: Salamence
|-sidestart|p2: Beleth7rei|Spikes
|
|upkeep
|turn|5
|
|t:|1729440613
|move|p1a: Smeargle|Explosion|p2a: Salamence
|-damage|p2a: Salamence|51/100
|faint|p1a: Smeargle
|
|t:|1729440623
|switch|p1a: Swampert|Swampert, M|100/100
|
|-heal|p2a: Salamence|57/100|[from] item: Leftovers
|upkeep
|turn|6
|inactive|Beleth7rei has 270 seconds left.
|
|t:|1729440653
|switch|p2a: Snorlax|Snorlax, F|100/100
|-damage|p2a: Snorlax|76/100|[from] Spikes
|move|p1a: Swampert|Ice Beam|p2a: Snorlax
|-damage|p2a: Snorlax|60/100
|
|-heal|p2a: Snorlax|66/100|[from] item: Leftovers
|upkeep
|turn|7
|
|t:|1729440668
|switch|p1a: Gengar|Gengar, F|100/100
|move|p2a: Snorlax|Body Slam|p1a: Gengar
|-immune|p1a: Gengar
|
|-heal|p2a: Snorlax|72/100|[from] item: Leftovers
|upkeep
|turn|8
|
|t:|1729440676
|move|p1a: Gengar|Will-O-Wisp|p2a: Snorlax
|-status|p2a: Snorlax|brn
|move|p2a: Snorlax|Shadow Ball|p1a: Gengar
|-supereffective|p1a: Gengar
|-damage|p1a: Gengar|51/100
|
|-heal|p1a: Gengar|58/100|[from] item: Leftovers
|-heal|p2a: Snorlax|78/100 brn|[from] item: Leftovers
|-damage|p2a: Snorlax|66/100 brn|[from] brn
|upkeep
|turn|9
|
|t:|1729440692
|switch|p1a: Swampert|Swampert, M|100/100
|move|p2a: Snorlax|Shadow Ball|p1a: Swampert
|-damage|p1a: Swampert|87/100
|
|-heal|p1a: Swampert|93/100|[from] item: Leftovers
|-heal|p2a: Snorlax|72/100 brn|[from] item: Leftovers
|-damage|p2a: Snorlax|60/100 brn|[from] brn
|upkeep
|turn|10
|
|t:|1729440702
|-singleturn|p1a: Swampert|move: Focus Punch
|move|p2a: Snorlax|Self-Destruct|p1a: Swampert
|-damage|p1a: Swampert|0 fnt
|faint|p2a: Snorlax
|faint|p1a: Swampert
|
|t:|1729440719
|switch|p1a: Tyranitar|Tyranitar, M|100/100
|switch|p2a: Suicune|Suicune|100/100
|-damage|p2a: Suicune|75/100|[from] Spikes
|-weather|Sandstorm|[from] ability: Sand Stream|[of] p1a: Tyranitar
|
|-weather|Sandstorm|[upkeep]
|-damage|p2a: Suicune|69/100|[from] Sandstorm
|-heal|p2a: Suicune|75/100|[from] item: Leftovers
|upkeep
|turn|11
|
|t:|1729440735
|switch|p1a: Jolteon|Jolteon, F|100/100
|move|p2a: Suicune|Calm Mind|p2a: Suicune
|-boost|p2a: Suicune|spa|1
|-boost|p2a: Suicune|spd|1
|
|-weather|Sandstorm|[upkeep]
|-damage|p1a: Jolteon|95/100|[from] Sandstorm
|-damage|p2a: Suicune|69/100|[from] Sandstorm
|-heal|p1a: Jolteon|100/100|[from] item: Leftovers
|-heal|p2a: Suicune|75/100|[from] item: Leftovers
|upkeep
|turn|12
|
|t:|1729440747
|move|p1a: Jolteon|Hidden Power|p2a: Suicune
|-supereffective|p2a: Suicune
|-damage|p2a: Suicune|53/100
|move|p2a: Suicune|Surf|p1a: Jolteon
|-damage|p1a: Jolteon|26/100
|
|-weather|Sandstorm|[upkeep]
|-damage|p1a: Jolteon|20/100|[from] Sandstorm
|-damage|p2a: Suicune|47/100|[from] Sandstorm
|-heal|p1a: Jolteon|26/100|[from] item: Leftovers
|-heal|p2a: Suicune|53/100|[from] item: Leftovers
|upkeep
|turn|13
|
|t:|1729440759
|move|p1a: Jolteon|Thunder Wave|p2a: Suicune
|-status|p2a: Suicune|par
|cant|p2a: Suicune|par
|
|-weather|Sandstorm|[upkeep]
|-damage|p1a: Jolteon|20/100|[from] Sandstorm
|-damage|p2a: Suicune|47/100 par|[from] Sandstorm
|-heal|p1a: Jolteon|26/100|[from] item: Leftovers
|-heal|p2a: Suicune|53/100 par|[from] item: Leftovers
|upkeep
|turn|14
|
|t:|1729440772
|move|p1a: Jolteon|Thunderbolt|p2a: Suicune
|-supereffective|p2a: Suicune
|-damage|p2a: Suicune|5/100 par
|move|p2a: Suicune|Surf|p1a: Jolteon
|-damage|p1a: Jolteon|0 fnt
|faint|p1a: Jolteon
|
|t:|1729440786
|switch|p1a: Gengar|Gengar, F|58/100
|
|-weather|Sandstorm|[upkeep]
|-damage|p1a: Gengar|51/100|[from] Sandstorm
|-damage|p2a: Suicune|0 fnt|[from] Sandstorm
|faint|p2a: Suicune
|-heal|p1a: Gengar|58/100|[from] item: Leftovers
|upkeep
|
|t:|1729440793
|switch|p2a: Magneton|Magneton|100/100
|-damage|p2a: Magneton|76/100|[from] Spikes
|turn|15
|
|t:|1729440800
|move|p1a: Gengar|Will-O-Wisp|p2a: Magneton
|-status|p2a: Magneton|brn
|move|p2a: Magneton|Thunderbolt|p1a: Gengar
|-damage|p1a: Gengar|0 fnt
|faint|p1a: Gengar
|
|t:|1729440807
|switch|p1a: Tyranitar|Tyranitar, M|100/100
|
|-weather|Sandstorm|[upkeep]
|-damage|p2a: Magneton|63/100 brn|[from] brn
|upkeep
|turn|16
|
|t:|1729440826
|move|p2a: Magneton|Thunder Wave|p1a: Tyranitar
|-status|p1a: Tyranitar|par
|-enditem|p1a: Tyranitar|Lum Berry|[eat]
|-curestatus|p1a: Tyranitar|par|[msg]
|move|p1a: Tyranitar|Dragon Dance|p1a: Tyranitar
|-boost|p1a: Tyranitar|atk|1
|-boost|p1a: Tyranitar|spe|1
|
|-weather|Sandstorm|[upkeep]
|-damage|p2a: Magneton|51/100 brn|[from] brn
|upkeep
|turn|17
|
|t:|1729440837
|move|p1a: Tyranitar|Earthquake|p2a: Magneton
|-supereffective|p2a: Magneton
|-damage|p2a: Magneton|0 fnt
|faint|p2a: Magneton
|
|t:|1729440846
|switch|p2a: Salamence|Salamence, F|57/100
|-ability|p2a: Salamence|Intimidate|boost
|-unboost|p1a: Tyranitar|atk|1
|
|-weather|Sandstorm|[upkeep]
|-damage|p2a: Salamence|51/100|[from] Sandstorm
|-heal|p2a: Salamence|57/100|[from] item: Leftovers
|upkeep
|turn|18
|
|t:|1729440857
|switch|p2a: Metagross|Metagross|100/100 slp
|-damage|p2a: Metagross|76/100 slp|[from] Spikes
|move|p1a: Tyranitar|Rock Slide|p2a: Metagross
|-resisted|p2a: Metagross
|-damage|p2a: Metagross|62/100 slp
|
|-weather|Sandstorm|[upkeep]
|-heal|p2a: Metagross|69/100 slp|[from] item: Leftovers
|upkeep
|turn|19
|
|t:|1729440867
|switch|p2a: Salamence|Salamence, F|57/100
|-ability|p2a: Salamence|Intimidate|boost
|-unboost|p1a: Tyranitar|atk|1
|move|p1a: Tyranitar|Dragon Dance|p1a: Tyranitar
|-boost|p1a: Tyranitar|atk|1
|-boost|p1a: Tyranitar|spe|1
|
|-weather|Sandstorm|[upkeep]
|-damage|p2a: Salamence|51/100|[from] Sandstorm
|-heal|p2a: Salamence|57/100|[from] item: Leftovers
|upkeep
|turn|20
|
|t:|1729440880
|switch|p2a: Metagross|Metagross|69/100 slp
|-damage|p2a: Metagross|44/100 slp|[from] Spikes
|move|p1a: Tyranitar|Dragon Dance|p1a: Tyranitar
|-boost|p1a: Tyranitar|atk|1
|-boost|p1a: Tyranitar|spe|1
|
|-weather|Sandstorm|[upkeep]
|-heal|p2a: Metagross|50/100 slp|[from] item: Leftovers
|upkeep
|turn|21
|
|t:|1729440891
|move|p1a: Tyranitar|Dragon Dance|p1a: Tyranitar
|-boost|p1a: Tyranitar|atk|1
|-boost|p1a: Tyranitar|spe|1
|-curestatus|p2a: Metagross|slp|[msg]
|move|p2a: Metagross|Meteor Mash|p1a: Tyranitar
|-supereffective|p1a: Tyranitar
|-damage|p1a: Tyranitar|7/100
|
|-weather|Sandstorm|[upkeep]
|-heal|p2a: Metagross|56/100|[from] item: Leftovers
|upkeep
|turn|22
|
|t:|1729440903
|switch|p2a: Salamence|Salamence, F|57/100
|-ability|p2a: Salamence|Intimidate|boost
|-unboost|p1a: Tyranitar|atk|1
|move|p1a: Tyranitar|Earthquake|p2a: Salamence
|-immune|p2a: Salamence
|
|-weather|Sandstorm|[upkeep]
|-damage|p2a: Salamence|51/100|[from] Sandstorm
|-heal|p2a: Salamence|57/100|[from] item: Leftovers
|upkeep
|turn|23
|
|t:|1729440914
|switch|p2a: Metagross|Metagross|56/100
|-damage|p2a: Metagross|31/100|[from] Spikes
|move|p1a: Tyranitar|Rock Slide|p2a: Metagross|[miss]
|-miss|p1a: Tyranitar|p2a: Metagross
|
|-weather|Sandstorm|[upkeep]
|-heal|p2a: Metagross|37/100|[from] item: Leftovers
|upkeep
|turn|24
|
|t:|1729440925
|move|p1a: Tyranitar|Earthquake|p2a: Metagross
|-supereffective|p2a: Metagross
|-damage|p2a: Metagross|0 fnt
|faint|p2a: Metagross
|
|t:|1729440928
|switch|p2a: Salamence|Salamence, F|57/100
|-ability|p2a: Salamence|Intimidate|boost
|-unboost|p1a: Tyranitar|atk|1
|
|-weather|Sandstorm|[upkeep]
|-damage|p2a: Salamence|51/100|[from] Sandstorm
|-heal|p2a: Salamence|57/100|[from] item: Leftovers
|upkeep
|turn|25
|
|t:|1729440938
|switch|p2a: Heracross|Heracross, M|100/100
|-damage|p2a: Heracross|75/100|[from] Spikes
|move|p1a: Tyranitar|Rock Slide|p2a: Heracross
|-crit|p2a: Heracross
|-damage|p2a: Heracross|0 fnt
|faint|p2a: Heracross
|
|t:|1729440939
|switch|p2a: Salamence|Salamence, F|57/100
|-ability|p2a: Salamence|Intimidate|boost
|-unboost|p1a: Tyranitar|atk|1
|
|-weather|Sandstorm|[upkeep]
|-damage|p2a: Salamence|51/100|[from] Sandstorm
|-heal|p2a: Salamence|57/100|[from] item: Leftovers
|upkeep
|turn|26
|
|t:|1729440950
|move|p1a: Tyranitar|Rock Slide|p2a: Salamence
|-supereffective|p2a: Salamence
|-damage|p2a: Salamence|0 fnt
|faint|p2a: Salamence
|
|win|Salty Lame-o
|player|p2|
|player|p1|
|player|p1|Salty Lame-o|hoopster|

</script>
<script type="application/json" class="data" id="replaydata-smogtours-gen3ou-800501">
{"id":"smogtours-gen3ou-800501","format":"[Gen 3] OU","players":["Salty Lame-o","Beleth7rei"],"uploadtime":1729440950,"views":103,"formatid":"gen3ou","rating":null,"private":0,"password":null}
</script>

<script defer src="js/replays.js?9d40a366"></script>
