<!DOCTYPE html>
<meta charset="utf-8" />
<meta name="viewport" content="width=device-width" />

<title>[Gen 3] OU: Altina vs. luisin - Replays - Pok&eacute;mon Showdown!</title>

<meta name="description" content="Watch a replay of a Pok&eacute;mon battle between Altina and luisin! Format: [Gen 3] OU; Date: Oct 8, 2024" />
<!--

Hey, you! Looking in the source for the replay log?

You can find them in JSON format, just add `.json` at the end of a replay URL.

https://replay.pokemonshowdown.com/gen7randomdoublesbattle-865046831.json

Or, if you only need the log itself, add `.log` instead:

https://replay.pokemonshowdown.com/gen7randomdoublesbattle-865046831.log

-->

<link rel="stylesheet" href="//pokemonshowdown.com/style/global.css?0.767286132409787" />
<link rel="stylesheet" href="//play.pokemonshowdown.com/style/font-awesome.css?0.9266228007934947" />
<link rel="stylesheet" href="//play.pokemonshowdown.com/style/battle.css?0.7924700842790926" />
<link rel="stylesheet" href="//play.pokemonshowdown.com/style/utilichart.css?0.8777417872839479" />

<!-- Global site tag (gtag.js) - Google Analytics -->
<script async src="https://www.googletagmanager.com/gtag/js?id=UA-26211653-1"></script>
<script>
  window.dataLayer = window.dataLayer || [];
  function gtag(){dataLayer.push(arguments);}
  gtag('js', new Date());

  gtag('config', 'UA-26211653-1');
</script>
<!-- End Google Analytics -->
<!-- Venatus Ad Manager - Install in <HEAD> of page -->
	<script src="https://hb.vntsm.com/v3/live/ad-manager.min.js" type="text/javascript" data-site-id="642aba63ec9a7b11c3c9c1be" data-mode="scan" async></script>
<!-- / Venatus Ad Manager -->

<style>
	@media (max-width:820px) {
		.battle {
			margin: 0 auto;
		}
		.battle-log {
			margin: 7px auto 0;
			max-width: 640px;
			height: 300px;
			position: static;
		}
	}
	.optgroup {
		display: inline-block;
		line-height: 22px;
		font-size: 10pt;
	}
	.optgroup .button {
		height: 25px;
		padding-top: 0;
		padding-bottom: 0;
	}
	.optgroup button.button {
		padding-left: 12px;
		padding-right: 12px;
	}
	.linklist {
		list-style: none;
		margin: 0.5em 0;
		padding: 0;
	}
	.linklist li {
		padding: 2px 0;
	}
	.sidebar {
		float: left;
		width: 320px;
	}
	.bar-wrapper {
		max-width: 1100px;
		margin: 0 auto;
	}
	.bar-wrapper.has-sidebar {
		max-width: 1430px;
	}
	.mainbar {
		margin: 0;
		padding-right: 1px;
	}
	.mainbar.has-sidebar {
		margin-left: 330px;
	}
	@media (min-width: 1511px) {
		.sidebar {
			width: 400px;
		}
		.bar-wrapper.has-sidebar {
			max-width: 1510px;
		}
		.mainbar.has-sidebar {
			margin-left: 410px;
		}
	}
	.section.first-section {
		margin-top: 9px;
	}
	.blocklink small {
		white-space: normal;
	}
	.button {
		vertical-align: middle;
	}
	.replay-controls {
		padding-top: 10px;
	}
	.replay-controls h1 {
		font-size: 16pt;
		font-weight: normal;
		color: #CCC;
	}
	.pagelink {
		text-align: center;
	}
	.pagelink a {
		width: 150px;
	}
	.textbox, .button {
		font-size: 11pt;
		vertical-align: middle;
	}
	@media (max-width: 450px) {
		.button {
			font-size: 9pt;
		}
	}
</style>

<div>

	<header>
		<div class="nav-wrapper"><ul class="nav">
			<li><a class="button nav-first" href="//pokemonshowdown.com/"><img src="//pokemonshowdown.com/images/pokemonshowdownbeta.png" srcset="//pokemonshowdown.com/images/pokemonshowdownbeta.png 1x, //pokemonshowdown.com/images/pokemonshowdownbeta@2x.png 2x" alt="Pok&eacute;mon Showdown" width="146" height="44" /> Home</a></li>
			<li><a class="button" href="//pokemonshowdown.com/dex/">Pok&eacute;dex</a></li>
			<li><a class="button cur" href="/">Replays</a></li>
			<li><a class="button" href="//pokemonshowdown.com/ladder/">Ladder</a></li>
			<li><a class="button nav-last" href="//pokemonshowdown.com/forums/">Forum</a></li>
			<li><a class="button greenbutton nav-first nav-last" href="//play.pokemonshowdown.com/">Play</a></li>
		</ul></div>
	</header>

	<div class="main" id="main">

		<noscript><section class="section">You need to enable JavaScript to use this page; sorry!</section></noscript>

	</div>

</div>

<script defer nomodule src="//play.pokemonshowdown.com/js/lib/ps-polyfill.js"></script>
<script defer src="//play.pokemonshowdown.com/js/lib/preact.min.js"></script>

<script defer src="//play.pokemonshowdown.com/config/config.js?6dec07f6"></script>
<script defer src="//play.pokemonshowdown.com/js/lib/jquery-1.11.0.min.js"></script>
<script defer src="//play.pokemonshowdown.com/js/lib/html-sanitizer-minified.js"></script>
<script defer src="//play.pokemonshowdown.com/js/battle-sound.js"></script>
<script defer src="//play.pokemonshowdown.com/js/battledata.js?0.6315294753075389"></script>
<script defer src="//play.pokemonshowdown.com/data/pokedex-mini.js?0.7603743185311358"></script>
<script defer src="//play.pokemonshowdown.com/data/pokedex-mini-bw.js?0.030888842834281283"></script>
<script defer src="//play.pokemonshowdown.com/data/graphics.js?0.05593094747507488"></script>
<script defer src="//play.pokemonshowdown.com/data/pokedex.js?0.47064822249611904"></script>
<script defer src="//play.pokemonshowdown.com/data/moves.js?0.8583693120512459"></script>
<script defer src="//play.pokemonshowdown.com/data/abilities.js?0.16017181182386842"></script>
<script defer src="//play.pokemonshowdown.com/data/items.js?0.4163379185673943"></script>
<script defer src="//play.pokemonshowdown.com/data/teambuilder-tables.js?0.31075597372830477"></script>
<script defer src="//play.pokemonshowdown.com/js/battle-tooltips.js?0.6536193500708172"></script>
<script defer src="//play.pokemonshowdown.com/js/battle.js?0.1916591943277901"></script>

<script defer src="js/utils.js?e31f9a17"></script>
<script defer src="js/replays-battle.js?7008c182"></script>

<!-- don't scrape this data! just add .json or .log after the URL!
Full API docs: https://github.com/smogon/pokemon-showdown-client/blob/master/WEB-API.md -->
<script type="text/plain" class="log" id="replaylog-smogtours-gen3ou-796498">
|inactive|Battle timer is ON: inactive players will automatically lose when time's up.
|t:|1728421827
|gametype|singles
|player|p1|Altina|#wcop2021asia|
|player|p2|luisin|#luisin|
|teamsize|p1|6
|teamsize|p2|6
|gen|3
|tier|[Gen 3] OU
|rule|Sleep Clause Mod: Limit one foe put to sleep
|rule|Switch Priority Clause Mod: Faster Pokémon switch first
|rule|Species Clause: Limit one of each Pokémon
|rule|OHKO Clause: OHKO moves are banned
|rule|Evasion Items Clause: Evasion items are banned
|rule|Evasion Moves Clause: Evasion moves are banned
|rule|Endless Battle Clause: Forcing endless battles is banned
|rule|HP Percentage Mod: HP is shown in percentages
|rule|One Boost Passer Clause: Limit one Baton Passer that has a way to boost its stats
|rule|Freeze Clause Mod: Limit one foe frozen
|
|t:|1728421827
|start
|switch|p1a: Metagross|Metagross|100/100
|switch|p2a: Havertz|Tyranitar, F|100/100
|-weather|Sandstorm|[from] ability: Sand Stream|[of] p2a: Havertz
|turn|1
|
|t:|1728421836
|switch|p2a: Tomiyasu|Skarmory, M|100/100
|move|p1a: Metagross|Explosion|p2a: Tomiyasu
|-resisted|p2a: Tomiyasu
|-damage|p2a: Tomiyasu|0 fnt
|faint|p1a: Metagross
|faint|p2a: Tomiyasu
|
|t:|1728421847
|switch|p1a: Swampert|Swampert, M|100/100
|switch|p2a: Zinchenko|Salamence, F|100/100
|-ability|p2a: Zinchenko|Intimidate|boost
|-unboost|p1a: Swampert|atk|1
|
|-weather|Sandstorm|[upkeep]
|-damage|p2a: Zinchenko|94/100|[from] Sandstorm
|-heal|p2a: Zinchenko|100/100|[from] item: Leftovers
|upkeep
|turn|2
|
|t:|1728421852
|switch|p1a: Blissey|Blissey, F|100/100
|move|p2a: Zinchenko|Hidden Power|p1a: Blissey
|-damage|p1a: Blissey|92/100
|
|-weather|Sandstorm|[upkeep]
|-damage|p2a: Zinchenko|94/100|[from] Sandstorm
|-damage|p1a: Blissey|86/100|[from] Sandstorm
|-heal|p2a: Zinchenko|100/100|[from] item: Leftovers
|-heal|p1a: Blissey|92/100|[from] item: Leftovers
|upkeep
|turn|3
|
|t:|1728421858
|switch|p2a: Saliva|Celebi|100/100
|move|p1a: Blissey|Thunder Wave|p2a: Saliva
|-status|p2a: Saliva|par
|
|-weather|Sandstorm|[upkeep]
|-damage|p1a: Blissey|86/100|[from] Sandstorm
|-damage|p2a: Saliva|94/100 par|[from] Sandstorm
|-heal|p1a: Blissey|92/100|[from] item: Leftovers
|-heal|p2a: Saliva|100/100 par|[from] item: Leftovers
|upkeep
|turn|4
|
|t:|1728421865
|move|p1a: Blissey|Seismic Toss|p2a: Saliva
|-damage|p2a: Saliva|74/100 par
|move|p2a: Saliva|Leech Seed|p1a: Blissey|[miss]
|-miss|p2a: Saliva|p1a: Blissey
|
|-weather|Sandstorm|[upkeep]
|-damage|p1a: Blissey|86/100|[from] Sandstorm
|-damage|p2a: Saliva|68/100 par|[from] Sandstorm
|-heal|p1a: Blissey|92/100|[from] item: Leftovers
|-heal|p2a: Saliva|74/100 par|[from] item: Leftovers
|upkeep
|turn|5
|
|t:|1728421869
|switch|p1a: Tyranitar|Tyranitar, M|100/100
|move|p2a: Saliva|Leech Seed|p1a: Tyranitar
|-start|p1a: Tyranitar|move: Leech Seed
|
|-weather|Sandstorm|[upkeep]
|-damage|p2a: Saliva|68/100 par|[from] Sandstorm
|-damage|p1a: Tyranitar|88/100|[from] Leech Seed|[of] p2a: Saliva
|-heal|p2a: Saliva|81/100 par|[silent]
|-heal|p2a: Saliva|87/100 par|[from] item: Leftovers
|upkeep
|turn|6
|
|t:|1728421872
|move|p1a: Tyranitar|Crunch|p2a: Saliva
|-supereffective|p2a: Saliva
|-damage|p2a: Saliva|20/100 par
|-unboost|p2a: Saliva|spd|1
|move|p2a: Saliva|Giga Drain|p1a: Tyranitar
|-supereffective|p1a: Tyranitar
|-damage|p1a: Tyranitar|39/100
|-heal|p2a: Saliva|46/100 par|[from] drain|[of] p1a: Tyranitar
|
|-weather|Sandstorm|[upkeep]
|-damage|p2a: Saliva|40/100 par|[from] Sandstorm
|-heal|p1a: Tyranitar|45/100|[from] item: Leftovers
|-damage|p1a: Tyranitar|33/100|[from] Leech Seed|[of] p2a: Saliva
|-heal|p2a: Saliva|53/100 par|[silent]
|-heal|p2a: Saliva|59/100 par|[from] item: Leftovers
|upkeep
|turn|7
|
|t:|1728421878
|move|p1a: Tyranitar|Pursuit|p2a: Saliva
|-supereffective|p2a: Saliva
|-damage|p2a: Saliva|11/100 par
|move|p2a: Saliva|Giga Drain|p1a: Tyranitar
|-supereffective|p1a: Tyranitar
|-damage|p1a: Tyranitar|0 fnt
|-heal|p2a: Saliva|29/100 par|[from] drain|[of] p1a: Tyranitar
|faint|p1a: Tyranitar
|
|t:|1728421884
|switch|p1a: Forretress|Forretress, M|100/100
|
|-weather|Sandstorm|[upkeep]
|-damage|p2a: Saliva|22/100 par|[from] Sandstorm
|-heal|p2a: Saliva|29/100 par|[from] item: Leftovers
|upkeep
|turn|8
|
|t:|1728421888
|-curestatus|p2a: Saliva|par|[from] ability: Natural Cure
|switch|p2a: Zinchenko|Salamence, F|100/100
|-ability|p2a: Zinchenko|Intimidate|boost
|-unboost|p1a: Forretress|atk|1
|move|p1a: Forretress|Hidden Power|p2a: Zinchenko
|-resisted|p2a: Zinchenko
|-damage|p2a: Zinchenko|91/100
|
|-weather|Sandstorm|[upkeep]
|-damage|p2a: Zinchenko|85/100|[from] Sandstorm
|-heal|p2a: Zinchenko|91/100|[from] item: Leftovers
|upkeep
|turn|9
|
|t:|1728421897
|switch|p2a: Rice|Jirachi|100/100
|switch|p1a: Blissey|Blissey, F|92/100
|
|-weather|Sandstorm|[upkeep]
|-damage|p1a: Blissey|86/100|[from] Sandstorm
|-heal|p1a: Blissey|92/100|[from] item: Leftovers
|upkeep
|turn|10
|
|t:|1728421901
|move|p2a: Rice|Substitute|p2a: Rice
|-start|p2a: Rice|Substitute
|-damage|p2a: Rice|75/100
|move|p1a: Blissey|Seismic Toss|p2a: Rice
|-activate|p2a: Rice|Substitute|[damage]
|
|-weather|Sandstorm|[upkeep]
|-damage|p1a: Blissey|86/100|[from] Sandstorm
|-heal|p2a: Rice|82/100|[from] item: Leftovers
|-heal|p1a: Blissey|92/100|[from] item: Leftovers
|upkeep
|turn|11
|
|t:|1728421904
|move|p2a: Rice|Calm Mind|p2a: Rice
|-boost|p2a: Rice|spa|1
|-boost|p2a: Rice|spd|1
|move|p1a: Blissey|Seismic Toss|p2a: Rice
|-end|p2a: Rice|Substitute
|
|-weather|Sandstorm|[upkeep]
|-damage|p1a: Blissey|86/100|[from] Sandstorm
|-heal|p2a: Rice|88/100|[from] item: Leftovers
|-heal|p1a: Blissey|92/100|[from] item: Leftovers
|upkeep
|turn|12
|
|t:|1728421906
|move|p2a: Rice|Substitute|p2a: Rice
|-start|p2a: Rice|Substitute
|-damage|p2a: Rice|63/100
|move|p1a: Blissey|Seismic Toss|p2a: Rice
|-activate|p2a: Rice|Substitute|[damage]
|
|-weather|Sandstorm|[upkeep]
|-damage|p1a: Blissey|86/100|[from] Sandstorm
|-heal|p2a: Rice|69/100|[from] item: Leftovers
|-heal|p1a: Blissey|92/100|[from] item: Leftovers
|upkeep
|turn|13
|
|t:|1728421909
|move|p2a: Rice|Calm Mind|p2a: Rice
|-boost|p2a: Rice|spa|1
|-boost|p2a: Rice|spd|1
|move|p1a: Blissey|Seismic Toss|p2a: Rice
|-end|p2a: Rice|Substitute
|
|-weather|Sandstorm|[upkeep]
|-damage|p1a: Blissey|86/100|[from] Sandstorm
|-heal|p2a: Rice|75/100|[from] item: Leftovers
|-heal|p1a: Blissey|92/100|[from] item: Leftovers
|upkeep
|turn|14
|
|t:|1728421913
|move|p2a: Rice|Substitute|p2a: Rice
|-start|p2a: Rice|Substitute
|-damage|p2a: Rice|50/100
|move|p1a: Blissey|Seismic Toss|p2a: Rice
|-activate|p2a: Rice|Substitute|[damage]
|
|-weather|Sandstorm|[upkeep]
|-damage|p1a: Blissey|86/100|[from] Sandstorm
|-heal|p2a: Rice|56/100|[from] item: Leftovers
|-heal|p1a: Blissey|92/100|[from] item: Leftovers
|upkeep
|turn|15
|
|t:|1728421917
|move|p2a: Rice|Thunder|p1a: Blissey
|-damage|p1a: Blissey|68/100
|-status|p1a: Blissey|par
|cant|p1a: Blissey|par
|
|-weather|Sandstorm|[upkeep]
|-damage|p1a: Blissey|62/100 par|[from] Sandstorm
|-heal|p2a: Rice|63/100|[from] item: Leftovers
|-heal|p1a: Blissey|68/100 par|[from] item: Leftovers
|upkeep
|turn|16
|
|t:|1728421922
|-curestatus|p1a: Blissey|par|[from] ability: Natural Cure
|switch|p1a: Swampert|Swampert, M|100/100
|move|p2a: Rice|Calm Mind|p2a: Rice
|-boost|p2a: Rice|spa|1
|-boost|p2a: Rice|spd|1
|
|-weather|Sandstorm|[upkeep]
|-heal|p2a: Rice|69/100|[from] item: Leftovers
|upkeep
|turn|17
|
|t:|1728421925
|move|p2a: Rice|Ice Punch|p1a: Swampert
|-damage|p1a: Swampert|55/100
|move|p1a: Swampert|Earthquake|p2a: Rice
|-supereffective|p2a: Rice
|-end|p2a: Rice|Substitute
|
|-weather|Sandstorm|[upkeep]
|-heal|p2a: Rice|75/100|[from] item: Leftovers
|-heal|p1a: Swampert|61/100|[from] item: Leftovers
|upkeep
|turn|18
|
|t:|1728421929
|move|p2a: Rice|Ice Punch|p1a: Swampert
|-damage|p1a: Swampert|13/100
|move|p1a: Swampert|Earthquake|p2a: Rice
|-supereffective|p2a: Rice
|-damage|p2a: Rice|11/100
|
|-weather|Sandstorm|[upkeep]
|-heal|p2a: Rice|17/100|[from] item: Leftovers
|-heal|p1a: Swampert|19/100|[from] item: Leftovers
|upkeep
|turn|19
|
|t:|1728421934
|switch|p1a: Blissey|Blissey, F|68/100
|move|p2a: Rice|Ice Punch|p1a: Blissey
|-damage|p1a: Blissey|49/100
|
|-weather|Sandstorm|[upkeep]
|-damage|p1a: Blissey|42/100|[from] Sandstorm
|-heal|p2a: Rice|23/100|[from] item: Leftovers
|-heal|p1a: Blissey|49/100|[from] item: Leftovers
|upkeep
|turn|20
|
|t:|1728421938
|move|p2a: Rice|Thunder|p1a: Blissey
|-damage|p1a: Blissey|17/100
|-status|p1a: Blissey|par
|move|p1a: Blissey|Thunder Wave|p2a: Rice
|-status|p2a: Rice|par
|
|-weather|Sandstorm|[upkeep]
|-damage|p1a: Blissey|11/100 par|[from] Sandstorm
|-heal|p2a: Rice|29/100 par|[from] item: Leftovers
|-heal|p1a: Blissey|17/100 par|[from] item: Leftovers
|upkeep
|turn|21
|
|t:|1728421958
|-curestatus|p1a: Blissey|par|[from] ability: Natural Cure
|switch|p1a: Forretress|Forretress, M|100/100
|move|p2a: Rice|Ice Punch|p1a: Forretress
|-resisted|p1a: Forretress
|-damage|p1a: Forretress|77/100
|
|-weather|Sandstorm|[upkeep]
|-heal|p1a: Forretress|83/100|[from] item: Leftovers
|-heal|p2a: Rice|35/100 par|[from] item: Leftovers
|upkeep
|turn|22
|
|t:|1728421962
|move|p1a: Forretress|Spikes|p2a: Rice
|-sidestart|p2: luisin|Spikes
|move|p2a: Rice|Thunder|p1a: Forretress|[miss]
|-miss|p2a: Rice|p1a: Forretress
|
|-weather|Sandstorm|[upkeep]
|-heal|p1a: Forretress|89/100|[from] item: Leftovers
|-heal|p2a: Rice|42/100 par|[from] item: Leftovers
|upkeep
|turn|23
|
|t:|1728421967
|switch|p1a: Swampert|Swampert, M|19/100
|move|p2a: Rice|Substitute|p2a: Rice
|-start|p2a: Rice|Substitute
|-damage|p2a: Rice|17/100 par
|
|-weather|Sandstorm|[upkeep]
|-heal|p1a: Swampert|25/100|[from] item: Leftovers
|-heal|p2a: Rice|23/100 par|[from] item: Leftovers
|upkeep
|turn|24
|
|t:|1728421984
|switch|p1a: Forretress|Forretress, M|89/100
|move|p2a: Rice|Ice Punch|p1a: Forretress
|-resisted|p1a: Forretress
|-damage|p1a: Forretress|66/100
|
|-weather|Sandstorm|[upkeep]
|-heal|p1a: Forretress|72/100|[from] item: Leftovers
|-heal|p2a: Rice|29/100 par|[from] item: Leftovers
|upkeep
|turn|25
|
|t:|1728421988
|move|p1a: Forretress|Spikes|p2a: Rice
|-sidestart|p2: luisin|Spikes
|move|p2a: Rice|Ice Punch|p1a: Forretress
|-resisted|p1a: Forretress
|-crit|p1a: Forretress
|-damage|p1a: Forretress|28/100
|-status|p1a: Forretress|frz
|
|-weather|Sandstorm|[upkeep]
|-heal|p1a: Forretress|34/100 frz|[from] item: Leftovers
|-heal|p2a: Rice|35/100 par|[from] item: Leftovers
|upkeep
|turn|26
|
|t:|1728421994
|cant|p1a: Forretress|frz
|move|p2a: Rice|Calm Mind|p2a: Rice
|-boost|p2a: Rice|spa|1
|-boost|p2a: Rice|spd|1
|
|-weather|Sandstorm|[upkeep]
|-heal|p1a: Forretress|40/100 frz|[from] item: Leftovers
|-heal|p2a: Rice|41/100 par|[from] item: Leftovers
|upkeep
|turn|27
|
|t:|1728422000
|switch|p1a: Swampert|Swampert, M|25/100
|move|p2a: Rice|Ice Punch|p1a: Swampert
|-damage|p1a: Swampert|0 fnt
|faint|p1a: Swampert
|
|t:|1728422003
|switch|p1a: Blissey|Blissey, F|17/100
|
|-weather|Sandstorm|[upkeep]
|-damage|p1a: Blissey|11/100|[from] Sandstorm
|-heal|p1a: Blissey|17/100|[from] item: Leftovers
|-heal|p2a: Rice|48/100 par|[from] item: Leftovers
|upkeep
|turn|28
|
|t:|1728422005
|move|p1a: Blissey|Soft-Boiled|p1a: Blissey
|-heal|p1a: Blissey|67/100
|move|p2a: Rice|Thunder|p1a: Blissey
|-damage|p1a: Blissey|33/100
|-status|p1a: Blissey|par
|
|-weather|Sandstorm|[upkeep]
|-damage|p1a: Blissey|27/100 par|[from] Sandstorm
|-heal|p2a: Rice|54/100 par|[from] item: Leftovers
|-heal|p1a: Blissey|33/100 par|[from] item: Leftovers
|upkeep
|turn|29
|
|t:|1728422009
|cant|p2a: Rice|par
|move|p1a: Blissey|Soft-Boiled|p1a: Blissey
|-heal|p1a: Blissey|83/100 par
|
|-weather|Sandstorm|[upkeep]
|-damage|p1a: Blissey|77/100 par|[from] Sandstorm
|-heal|p2a: Rice|60/100 par|[from] item: Leftovers
|-heal|p1a: Blissey|83/100 par|[from] item: Leftovers
|upkeep
|turn|30
|
|t:|1728422018
|cant|p2a: Rice|par
|cant|p1a: Blissey|par
|
|-weather|Sandstorm|[upkeep]
|-damage|p1a: Blissey|77/100 par|[from] Sandstorm
|-heal|p2a: Rice|66/100 par|[from] item: Leftovers
|-heal|p1a: Blissey|83/100 par|[from] item: Leftovers
|upkeep
|turn|31
|
|t:|1728422021
|cant|p2a: Rice|par
|cant|p1a: Blissey|par
|
|-weather|Sandstorm|[upkeep]
|-damage|p1a: Blissey|77/100 par|[from] Sandstorm
|-heal|p2a: Rice|72/100 par|[from] item: Leftovers
|-heal|p1a: Blissey|83/100 par|[from] item: Leftovers
|upkeep
|turn|32
|
|t:|1728422024
|move|p2a: Rice|Calm Mind|p2a: Rice
|-boost|p2a: Rice|spa|1
|-boost|p2a: Rice|spd|1
|move|p1a: Blissey|Seismic Toss|p2a: Rice
|-activate|p2a: Rice|Substitute|[damage]
|
|-weather|Sandstorm|[upkeep]
|-damage|p1a: Blissey|77/100 par|[from] Sandstorm
|-heal|p2a: Rice|78/100 par|[from] item: Leftovers
|-heal|p1a: Blissey|83/100 par|[from] item: Leftovers
|upkeep
|turn|33
|
|t:|1728422026
|cant|p2a: Rice|par
|move|p1a: Blissey|Seismic Toss|p2a: Rice
|-end|p2a: Rice|Substitute
|
|-weather|Sandstorm|[upkeep]
|-damage|p1a: Blissey|77/100 par|[from] Sandstorm
|-heal|p2a: Rice|85/100 par|[from] item: Leftovers
|-heal|p1a: Blissey|83/100 par|[from] item: Leftovers
|upkeep
|turn|34
|
|t:|1728422034
|move|p2a: Rice|Substitute|p2a: Rice
|-start|p2a: Rice|Substitute
|-damage|p2a: Rice|60/100 par
|move|p1a: Blissey|Seismic Toss|p2a: Rice
|-activate|p2a: Rice|Substitute|[damage]
|
|-weather|Sandstorm|[upkeep]
|-damage|p1a: Blissey|77/100 par|[from] Sandstorm
|-heal|p2a: Rice|66/100 par|[from] item: Leftovers
|-heal|p1a: Blissey|83/100 par|[from] item: Leftovers
|upkeep
|turn|35
|
|t:|1728422037
|cant|p2a: Rice|par
|cant|p1a: Blissey|par
|
|-weather|Sandstorm|[upkeep]
|-damage|p1a: Blissey|77/100 par|[from] Sandstorm
|-heal|p2a: Rice|72/100 par|[from] item: Leftovers
|-heal|p1a: Blissey|83/100 par|[from] item: Leftovers
|upkeep
|turn|36
|
|t:|1728422039
|cant|p2a: Rice|par
|cant|p1a: Blissey|par
|
|-weather|Sandstorm|[upkeep]
|-damage|p1a: Blissey|77/100 par|[from] Sandstorm
|-heal|p2a: Rice|78/100 par|[from] item: Leftovers
|-heal|p1a: Blissey|83/100 par|[from] item: Leftovers
|upkeep
|turn|37
|
|t:|1728422042
|move|p2a: Rice|Calm Mind|p2a: Rice
|-boost|p2a: Rice|spa|1
|-boost|p2a: Rice|spd|1
|move|p1a: Blissey|Seismic Toss|p2a: Rice
|-end|p2a: Rice|Substitute
|
|-weather|Sandstorm|[upkeep]
|-damage|p1a: Blissey|77/100 par|[from] Sandstorm
|-heal|p2a: Rice|84/100 par|[from] item: Leftovers
|-heal|p1a: Blissey|83/100 par|[from] item: Leftovers
|upkeep
|turn|38
|
|t:|1728422044
|cant|p2a: Rice|par
|move|p1a: Blissey|Seismic Toss|p2a: Rice
|-damage|p2a: Rice|60/100 par
|
|-weather|Sandstorm|[upkeep]
|-damage|p1a: Blissey|77/100 par|[from] Sandstorm
|-heal|p2a: Rice|66/100 par|[from] item: Leftovers
|-heal|p1a: Blissey|83/100 par|[from] item: Leftovers
|upkeep
|turn|39
|
|t:|1728422049
|cant|p2a: Rice|par
|cant|p1a: Blissey|par
|
|-weather|Sandstorm|[upkeep]
|-damage|p1a: Blissey|77/100 par|[from] Sandstorm
|-heal|p2a: Rice|72/100 par|[from] item: Leftovers
|-heal|p1a: Blissey|83/100 par|[from] item: Leftovers
|upkeep
|turn|40
|
|t:|1728422052
|cant|p2a: Rice|par
|move|p1a: Blissey|Seismic Toss|p2a: Rice
|-damage|p2a: Rice|47/100 par
|
|-weather|Sandstorm|[upkeep]
|-damage|p1a: Blissey|77/100 par|[from] Sandstorm
|-heal|p2a: Rice|53/100 par|[from] item: Leftovers
|-heal|p1a: Blissey|83/100 par|[from] item: Leftovers
|upkeep
|turn|41
|
|t:|1728422057
|move|p2a: Rice|Thunder|p1a: Blissey
|-damage|p1a: Blissey|36/100 par
|move|p1a: Blissey|Seismic Toss|p2a: Rice
|-damage|p2a: Rice|29/100 par
|
|-weather|Sandstorm|[upkeep]
|-damage|p1a: Blissey|29/100 par|[from] Sandstorm
|-heal|p2a: Rice|35/100 par|[from] item: Leftovers
|-heal|p1a: Blissey|36/100 par|[from] item: Leftovers
|upkeep
|turn|42
|
|t:|1728422062
|move|p2a: Rice|Substitute|p2a: Rice
|-start|p2a: Rice|Substitute
|-damage|p2a: Rice|10/100 par
|move|p1a: Blissey|Soft-Boiled|p1a: Blissey
|-heal|p1a: Blissey|86/100 par
|
|-weather|Sandstorm|[upkeep]
|-damage|p1a: Blissey|79/100 par|[from] Sandstorm
|-heal|p2a: Rice|16/100 par|[from] item: Leftovers
|-heal|p1a: Blissey|86/100 par|[from] item: Leftovers
|upkeep
|turn|43
|
|t:|1728422066
|cant|p2a: Rice|par
|cant|p1a: Blissey|par
|
|-weather|Sandstorm|[upkeep]
|-damage|p1a: Blissey|79/100 par|[from] Sandstorm
|-heal|p2a: Rice|22/100 par|[from] item: Leftovers
|-heal|p1a: Blissey|86/100 par|[from] item: Leftovers
|upkeep
|turn|44
|
|t:|1728422068
|cant|p2a: Rice|par
|move|p1a: Blissey|Seismic Toss|p2a: Rice
|-activate|p2a: Rice|Substitute|[damage]
|
|-weather|Sandstorm|[upkeep]
|-damage|p1a: Blissey|79/100 par|[from] Sandstorm
|-heal|p2a: Rice|28/100 par|[from] item: Leftovers
|-heal|p1a: Blissey|86/100 par|[from] item: Leftovers
|upkeep
|turn|45
|
|t:|1728422080
|move|p2a: Rice|Thunder|p1a: Blissey
|-damage|p1a: Blissey|37/100 par
|move|p1a: Blissey|Seismic Toss|p2a: Rice
|-end|p2a: Rice|Substitute
|
|-weather|Sandstorm|[upkeep]
|-damage|p1a: Blissey|31/100 par|[from] Sandstorm
|-heal|p2a: Rice|35/100 par|[from] item: Leftovers
|-heal|p1a: Blissey|37/100 par|[from] item: Leftovers
|upkeep
|turn|46
|
|t:|1728422085
|cant|p2a: Rice|par
|cant|p1a: Blissey|par
|
|-weather|Sandstorm|[upkeep]
|-damage|p1a: Blissey|31/100 par|[from] Sandstorm
|-heal|p2a: Rice|41/100 par|[from] item: Leftovers
|-heal|p1a: Blissey|37/100 par|[from] item: Leftovers
|upkeep
|turn|47
|
|t:|1728422088
|move|p2a: Rice|Thunder|p1a: Blissey
|-damage|p1a: Blissey|0 fnt
|faint|p1a: Blissey
|
|t:|1728422091
|switch|p1a: Aerodactyl|Aerodactyl, F|100/100
|
|-weather|Sandstorm|[upkeep]
|-heal|p2a: Rice|47/100 par|[from] item: Leftovers
|upkeep
|turn|48
|
|t:|1728422096
|move|p1a: Aerodactyl|Earthquake|p2a: Rice
|-supereffective|p2a: Rice
|-damage|p2a: Rice|0 fnt
|faint|p2a: Rice
|
|t:|1728422100
|switch|p2a: Zinchenko|Salamence, F|91/100
|-ability|p2a: Zinchenko|Intimidate|boost
|-unboost|p1a: Aerodactyl|atk|1
|
|-weather|Sandstorm|[upkeep]
|-damage|p2a: Zinchenko|85/100|[from] Sandstorm
|-heal|p2a: Zinchenko|91/100|[from] item: Leftovers
|upkeep
|turn|49
|
|t:|1728422105
|switch|p1a: Forretress|Forretress, M|40/100 frz
|move|p2a: Zinchenko|Hydro Pump|p1a: Forretress
|-damage|p1a: Forretress|3/100 frz
|
|-weather|Sandstorm|[upkeep]
|-damage|p2a: Zinchenko|85/100|[from] Sandstorm
|-heal|p2a: Zinchenko|91/100|[from] item: Leftovers
|-heal|p1a: Forretress|9/100 frz|[from] item: Leftovers
|upkeep
|turn|50
|
|t:|1728422118
|move|p2a: Zinchenko|Hydro Pump|p1a: Forretress
|-damage|p1a: Forretress|0 fnt
|faint|p1a: Forretress
|
|t:|1728422119
|switch|p1a: Aerodactyl|Aerodactyl, F|100/100
|
|-weather|Sandstorm|[upkeep]
|-damage|p2a: Zinchenko|85/100|[from] Sandstorm
|-heal|p2a: Zinchenko|91/100|[from] item: Leftovers
|upkeep
|turn|51
|
|t:|1728422124
|move|p1a: Aerodactyl|Rock Slide|p2a: Zinchenko
|-supereffective|p2a: Zinchenko
|-damage|p2a: Zinchenko|0 fnt
|faint|p2a: Zinchenko
|
|t:|1728422127
|switch|p2a: Trossard|Swampert, F|100/100
|-damage|p2a: Trossard|84/100|[from] Spikes
|
|-weather|Sandstorm|[upkeep]
|-heal|p2a: Trossard|90/100|[from] item: Leftovers
|upkeep
|turn|52
|
|t:|1728422130
|move|p1a: Aerodactyl|Rock Slide|p2a: Trossard
|-resisted|p2a: Trossard
|-damage|p2a: Trossard|64/100
|cant|p2a: Trossard|flinch
|
|-weather|Sandstorm|[upkeep]
|-heal|p2a: Trossard|70/100|[from] item: Leftovers
|upkeep
|turn|53
|
|t:|1728422134
|move|p1a: Aerodactyl|Rock Slide|p2a: Trossard
|-resisted|p2a: Trossard
|-damage|p2a: Trossard|45/100
|move|p2a: Trossard|Ice Beam|p1a: Aerodactyl
|-supereffective|p1a: Aerodactyl
|-damage|p1a: Aerodactyl|19/100
|
|-weather|Sandstorm|[upkeep]
|-heal|p2a: Trossard|51/100|[from] item: Leftovers
|upkeep
|turn|54
|
|t:|1728422138
|move|p1a: Aerodactyl|Rock Slide|p2a: Trossard
|-resisted|p2a: Trossard
|-damage|p2a: Trossard|24/100
|move|p2a: Trossard|Ice Beam|p1a: Aerodactyl
|-supereffective|p1a: Aerodactyl
|-damage|p1a: Aerodactyl|0 fnt
|faint|p1a: Aerodactyl
|
|win|luisin

</script>
<script type="application/json" class="data" id="replaydata-smogtours-gen3ou-796498">
{"id":"smogtours-gen3ou-796498","format":"[Gen 3] OU","players":["Altina","luisin"],"uploadtime":1728422138,"views":166,"formatid":"gen3ou","rating":null,"private":0,"password":null}
</script>

<script defer src="js/replays.js?9d40a366"></script>
