<!DOCTYPE html>
<meta charset="utf-8" />
<meta name="viewport" content="width=device-width" />

<title>[Gen 3] OU: hey its me riley vs. sbibling - Replays - Pok&eacute;mon Showdown!</title>

<meta name="description" content="Watch a replay of a Pok&eacute;mon battle between hey its me riley and sbibling! Format: [Gen 3] OU; Date: Oct 10, 2024" />
<!--

Hey, you! Looking in the source for the replay log?

You can find them in JSON format, just add `.json` at the end of a replay URL.

https://replay.pokemonshowdown.com/gen7randomdoublesbattle-865046831.json

Or, if you only need the log itself, add `.log` instead:

https://replay.pokemonshowdown.com/gen7randomdoublesbattle-865046831.log

-->

<link rel="stylesheet" href="//pokemonshowdown.com/style/global.css?0.767286132409787" />
<link rel="stylesheet" href="//play.pokemonshowdown.com/style/font-awesome.css?0.9266228007934947" />
<link rel="stylesheet" href="//play.pokemonshowdown.com/style/battle.css?0.7924700842790926" />
<link rel="stylesheet" href="//play.pokemonshowdown.com/style/utilichart.css?0.8777417872839479" />

<!-- Global site tag (gtag.js) - Google Analytics -->
<script async src="https://www.googletagmanager.com/gtag/js?id=UA-26211653-1"></script>
<script>
  window.dataLayer = window.dataLayer || [];
  function gtag(){dataLayer.push(arguments);}
  gtag('js', new Date());

  gtag('config', 'UA-26211653-1');
</script>
<!-- End Google Analytics -->
<!-- Venatus Ad Manager - Install in <HEAD> of page -->
	<script src="https://hb.vntsm.com/v3/live/ad-manager.min.js" type="text/javascript" data-site-id="642aba63ec9a7b11c3c9c1be" data-mode="scan" async></script>
<!-- / Venatus Ad Manager -->

<style>
	@media (max-width:820px) {
		.battle {
			margin: 0 auto;
		}
		.battle-log {
			margin: 7px auto 0;
			max-width: 640px;
			height: 300px;
			position: static;
		}
	}
	.optgroup {
		display: inline-block;
		line-height: 22px;
		font-size: 10pt;
	}
	.optgroup .button {
		height: 25px;
		padding-top: 0;
		padding-bottom: 0;
	}
	.optgroup button.button {
		padding-left: 12px;
		padding-right: 12px;
	}
	.linklist {
		list-style: none;
		margin: 0.5em 0;
		padding: 0;
	}
	.linklist li {
		padding: 2px 0;
	}
	.sidebar {
		float: left;
		width: 320px;
	}
	.bar-wrapper {
		max-width: 1100px;
		margin: 0 auto;
	}
	.bar-wrapper.has-sidebar {
		max-width: 1430px;
	}
	.mainbar {
		margin: 0;
		padding-right: 1px;
	}
	.mainbar.has-sidebar {
		margin-left: 330px;
	}
	@media (min-width: 1511px) {
		.sidebar {
			width: 400px;
		}
		.bar-wrapper.has-sidebar {
			max-width: 1510px;
		}
		.mainbar.has-sidebar {
			margin-left: 410px;
		}
	}
	.section.first-section {
		margin-top: 9px;
	}
	.blocklink small {
		white-space: normal;
	}
	.button {
		vertical-align: middle;
	}
	.replay-controls {
		padding-top: 10px;
	}
	.replay-controls h1 {
		font-size: 16pt;
		font-weight: normal;
		color: #CCC;
	}
	.pagelink {
		text-align: center;
	}
	.pagelink a {
		width: 150px;
	}
	.textbox, .button {
		font-size: 11pt;
		vertical-align: middle;
	}
	@media (max-width: 450px) {
		.button {
			font-size: 9pt;
		}
	}
</style>

<div>

	<header>
		<div class="nav-wrapper"><ul class="nav">
			<li><a class="button nav-first" href="//pokemonshowdown.com/"><img src="//pokemonshowdown.com/images/pokemonshowdownbeta.png" srcset="//pokemonshowdown.com/images/pokemonshowdownbeta.png 1x, //pokemonshowdown.com/images/pokemonshowdownbeta@2x.png 2x" alt="Pok&eacute;mon Showdown" width="146" height="44" /> Home</a></li>
			<li><a class="button" href="//pokemonshowdown.com/dex/">Pok&eacute;dex</a></li>
			<li><a class="button cur" href="/">Replays</a></li>
			<li><a class="button" href="//pokemonshowdown.com/ladder/">Ladder</a></li>
			<li><a class="button nav-last" href="//pokemonshowdown.com/forums/">Forum</a></li>
			<li><a class="button greenbutton nav-first nav-last" href="//play.pokemonshowdown.com/">Play</a></li>
		</ul></div>
	</header>

	<div class="main" id="main">

		<noscript><section class="section">You need to enable JavaScript to use this page; sorry!</section></noscript>

	</div>

</div>

<script defer nomodule src="//play.pokemonshowdown.com/js/lib/ps-polyfill.js"></script>
<script defer src="//play.pokemonshowdown.com/js/lib/preact.min.js"></script>

<script defer src="//play.pokemonshowdown.com/config/config.js?6dec07f6"></script>
<script defer src="//play.pokemonshowdown.com/js/lib/jquery-1.11.0.min.js"></script>
<script defer src="//play.pokemonshowdown.com/js/lib/html-sanitizer-minified.js"></script>
<script defer src="//play.pokemonshowdown.com/js/battle-sound.js"></script>
<script defer src="//play.pokemonshowdown.com/js/battledata.js?0.6315294753075389"></script>
<script defer src="//play.pokemonshowdown.com/data/pokedex-mini.js?0.7603743185311358"></script>
<script defer src="//play.pokemonshowdown.com/data/pokedex-mini-bw.js?0.030888842834281283"></script>
<script defer src="//play.pokemonshowdown.com/data/graphics.js?0.05593094747507488"></script>
<script defer src="//play.pokemonshowdown.com/data/pokedex.js?0.47064822249611904"></script>
<script defer src="//play.pokemonshowdown.com/data/moves.js?0.8583693120512459"></script>
<script defer src="//play.pokemonshowdown.com/data/abilities.js?0.16017181182386842"></script>
<script defer src="//play.pokemonshowdown.com/data/items.js?0.4163379185673943"></script>
<script defer src="//play.pokemonshowdown.com/data/teambuilder-tables.js?0.31075597372830477"></script>
<script defer src="//play.pokemonshowdown.com/js/battle-tooltips.js?0.6536193500708172"></script>
<script defer src="//play.pokemonshowdown.com/js/battle.js?0.1916591943277901"></script>

<script defer src="js/utils.js?e31f9a17"></script>
<script defer src="js/replays-battle.js?7008c182"></script>

<!-- don't scrape this data! just add .json or .log after the URL!
Full API docs: https://github.com/smogon/pokemon-showdown-client/blob/master/WEB-API.md -->
<script type="text/plain" class="log" id="replaylog-smogtours-gen3ou-796840">
|inactive|Battle timer is ON: inactive players will automatically lose when time's up.
|t:|1728522814
|gametype|singles
|player|p1|hey its me riley|101|
|player|p2|sbibling|170|
|teamsize|p1|6
|teamsize|p2|6
|gen|3
|tier|[Gen 3] OU
|rule|Sleep Clause Mod: Limit one foe put to sleep
|rule|Switch Priority Clause Mod: Faster Pokémon switch first
|rule|Species Clause: Limit one of each Pokémon
|rule|OHKO Clause: OHKO moves are banned
|rule|Evasion Items Clause: Evasion items are banned
|rule|Evasion Moves Clause: Evasion moves are banned
|rule|Endless Battle Clause: Forcing endless battles is banned
|rule|HP Percentage Mod: HP is shown in percentages
|rule|One Boost Passer Clause: Limit one Baton Passer that has a way to boost its stats
|rule|Freeze Clause Mod: Limit one foe frozen
|
|t:|1728522814
|start
|switch|p1a: Tyranitar|Tyranitar, M|100/100
|switch|p2a: Jynx|Jynx, F|100/100
|-weather|Sandstorm|[from] ability: Sand Stream|[of] p1a: Tyranitar
|turn|1
|
|t:|1728522824
|move|p2a: Jynx|Substitute|p2a: Jynx
|-start|p2a: Jynx|Substitute
|-damage|p2a: Jynx|76/100
|move|p1a: Tyranitar|Pursuit|p2a: Jynx
|-supereffective|p2a: Jynx
|-crit|p2a: Jynx
|-end|p2a: Jynx|Substitute
|
|-weather|Sandstorm|[upkeep]
|-damage|p2a: Jynx|70/100|[from] Sandstorm
|upkeep
|turn|2
|
|t:|1728522836
|move|p2a: Jynx|Ice Beam|p1a: Tyranitar
|-damage|p1a: Tyranitar|57/100
|move|p1a: Tyranitar|Pursuit|p2a: Jynx
|-supereffective|p2a: Jynx
|-damage|p2a: Jynx|23/100
|
|-weather|Sandstorm|[upkeep]
|-damage|p2a: Jynx|17/100|[from] Sandstorm
|-heal|p1a: Tyranitar|64/100|[from] item: Leftovers
|upkeep
|turn|3
|
|t:|1728522841
|move|p2a: Jynx|Ice Beam|p1a: Tyranitar
|-damage|p1a: Tyranitar|22/100
|move|p1a: Tyranitar|Pursuit|p2a: Jynx
|-supereffective|p2a: Jynx
|-damage|p2a: Jynx|0 fnt
|faint|p2a: Jynx
|inactive|sbibling has 270 seconds left.
|
|t:|1728522894
|switch|p2a: Gengar|Gengar, M|100/100
|
|-weather|Sandstorm|[upkeep]
|-damage|p2a: Gengar|94/100|[from] Sandstorm
|-heal|p2a: Gengar|100/100|[from] item: Leftovers
|-heal|p1a: Tyranitar|28/100|[from] item: Leftovers
|upkeep
|turn|4
|c|☆sbibling|i may have thrown historically
|inactive|hey its me riley has 270 seconds left.
|inactive|hey its me riley has 240 seconds left.
|
|t:|1728522967
|switch|p1a: Flygon|Flygon, M|100/100
|move|p2a: Gengar|Thunderbolt|p1a: Flygon
|-immune|p1a: Flygon
|
|-weather|Sandstorm|[upkeep]
|-damage|p2a: Gengar|94/100|[from] Sandstorm
|-heal|p2a: Gengar|100/100|[from] item: Leftovers
|upkeep
|turn|5
|
|t:|1728522985
|move|p1a: Flygon|Protect|p1a: Flygon
|-singleturn|p1a: Flygon|Protect
|move|p2a: Gengar|Will-O-Wisp|p1a: Flygon
|-activate|p1a: Flygon|Protect
|
|-weather|Sandstorm|[upkeep]
|-damage|p2a: Gengar|94/100|[from] Sandstorm
|-heal|p2a: Gengar|100/100|[from] item: Leftovers
|upkeep
|turn|6
|
|t:|1728522998
|switch|p1a: Gengar|Gengar, F|100/100
|move|p2a: Gengar|Will-O-Wisp|p1a: Gengar
|-status|p1a: Gengar|brn
|
|-weather|Sandstorm|[upkeep]
|-damage|p1a: Gengar|94/100 brn|[from] Sandstorm
|-damage|p2a: Gengar|94/100|[from] Sandstorm
|-heal|p2a: Gengar|100/100|[from] item: Leftovers
|-heal|p1a: Gengar|100/100 brn|[from] item: Leftovers
|-damage|p1a: Gengar|88/100 brn|[from] brn
|upkeep
|turn|7
|
|t:|1728523013
|move|p1a: Gengar|Thunderbolt|p2a: Gengar
|-damage|p2a: Gengar|50/100
|move|p2a: Gengar|Thunderbolt|p1a: Gengar
|-damage|p1a: Gengar|36/100 brn
|
|-weather|Sandstorm|[upkeep]
|-damage|p1a: Gengar|30/100 brn|[from] Sandstorm
|-damage|p2a: Gengar|43/100|[from] Sandstorm
|-heal|p1a: Gengar|36/100 brn|[from] item: Leftovers
|-heal|p2a: Gengar|50/100|[from] item: Leftovers
|-damage|p1a: Gengar|24/100 brn|[from] brn
|upkeep
|turn|8
|inactive|sbibling has 240 seconds left.
|
|t:|1728523038
|switch|p2a: Dugtrio|Dugtrio, F|100/100
|move|p1a: Gengar|Thunderbolt|p2a: Dugtrio
|-immune|p2a: Dugtrio
|
|-weather|Sandstorm|[upkeep]
|-damage|p1a: Gengar|18/100 brn|[from] Sandstorm
|-heal|p1a: Gengar|24/100 brn|[from] item: Leftovers
|-damage|p1a: Gengar|12/100 brn|[from] brn
|upkeep
|turn|9
|inactive|sbibling has 240 seconds left.
|
|t:|1728523061
|switch|p1a: Flygon|Flygon, M|100/100
|move|p2a: Dugtrio|Ancient Power|p1a: Flygon
|-resisted|p1a: Flygon
|-damage|p1a: Flygon|91/100
|
|-weather|Sandstorm|[upkeep]
|-heal|p1a: Flygon|97/100|[from] item: Leftovers
|upkeep
|turn|10
|inactive|sbibling has 210 seconds left.
|
|t:|1728523097
|switch|p2a: Kingdra|Kingdra, M|100/100
|move|p1a: Flygon|Rock Tomb|p2a: Kingdra
|-damage|p2a: Kingdra|87/100
|-unboost|p2a: Kingdra|spe|1
|
|-weather|Sandstorm|[upkeep]
|-damage|p2a: Kingdra|81/100|[from] Sandstorm
|-heal|p1a: Flygon|100/100|[from] item: Leftovers
|-heal|p2a: Kingdra|87/100|[from] item: Leftovers
|upkeep
|turn|11
|inactive|sbibling has 210 seconds left.
|
|t:|1728523113
|switch|p2a: Zapdos|Zapdos|100/100
|move|p1a: Flygon|Toxic|p2a: Zapdos
|-status|p2a: Zapdos|tox
|
|-weather|Sandstorm|[upkeep]
|-damage|p2a: Zapdos|94/100 tox|[from] Sandstorm
|-heal|p2a: Zapdos|100/100 tox|[from] item: Leftovers
|-damage|p2a: Zapdos|94/100 tox|[from] psn
|upkeep
|turn|12
|
|t:|1728523119
|move|p1a: Flygon|Protect|p1a: Flygon
|-singleturn|p1a: Flygon|Protect
|move|p2a: Zapdos|Toxic|p1a: Flygon
|-activate|p1a: Flygon|Protect
|
|-weather|Sandstorm|[upkeep]
|-damage|p2a: Zapdos|88/100 tox|[from] Sandstorm
|-heal|p2a: Zapdos|94/100 tox|[from] item: Leftovers
|-damage|p2a: Zapdos|82/100 tox|[from] psn
|upkeep
|turn|13
|inactive|hey its me riley has 270 seconds left.
|
|t:|1728523133
|switch|p1a: Gengar|Gengar, F|12/100 brn
|move|p2a: Zapdos|Toxic||[still]
|-fail|p2a: Zapdos
|
|-weather|Sandstorm|[upkeep]
|-damage|p1a: Gengar|5/100 brn|[from] Sandstorm
|-damage|p2a: Zapdos|75/100 tox|[from] Sandstorm
|-heal|p1a: Gengar|12/100 brn|[from] item: Leftovers
|-damage|p1a: Gengar|0 fnt|[from] brn
|faint|p1a: Gengar
|-heal|p2a: Zapdos|82/100 tox|[from] item: Leftovers
|-damage|p2a: Zapdos|63/100 tox|[from] psn
|upkeep
|
|t:|1728523141
|switch|p1a: Aerodactyl|Aerodactyl, F|100/100
|turn|14
|
|t:|1728523150
|switch|p2a: Registeel|Registeel|100/100
|move|p1a: Aerodactyl|Substitute|p1a: Aerodactyl
|-start|p1a: Aerodactyl|Substitute
|-damage|p1a: Aerodactyl|75/100
|
|-weather|Sandstorm|[upkeep]
|upkeep
|turn|15
|
|t:|1728523154
|move|p1a: Aerodactyl|Earthquake|p2a: Registeel
|-supereffective|p2a: Registeel
|-damage|p2a: Registeel|60/100
|move|p2a: Registeel|Seismic Toss|p1a: Aerodactyl
|-end|p1a: Aerodactyl|Substitute
|
|-weather|Sandstorm|[upkeep]
|-heal|p2a: Registeel|66/100|[from] item: Leftovers
|upkeep
|turn|16
|inactive|sbibling has 240 seconds left.
|
|t:|1728523168
|switch|p1a: Skarmory|Skarmory, M|100/100
|move|p2a: Registeel|Seismic Toss|p1a: Skarmory
|-damage|p1a: Skarmory|71/100
|
|-weather|Sandstorm|[upkeep]
|-heal|p1a: Skarmory|77/100|[from] item: Leftovers
|-heal|p2a: Registeel|72/100|[from] item: Leftovers
|upkeep
|turn|17
|
|t:|1728523171
|move|p1a: Skarmory|Spikes|p2a: Registeel
|-sidestart|p2: sbibling|Spikes
|move|p2a: Registeel|Thunder Wave|p1a: Skarmory
|-status|p1a: Skarmory|par
|
|-weather|Sandstorm|[upkeep]
|-heal|p2a: Registeel|78/100|[from] item: Leftovers
|-heal|p1a: Skarmory|83/100 par|[from] item: Leftovers
|upkeep
|turn|18
|
|t:|1728523179
|switch|p2a: Zapdos|Zapdos|63/100 tox
|move|p1a: Skarmory|Spikes|p2a: Zapdos
|-sidestart|p2: sbibling|Spikes
|
|-weather|Sandstorm|[upkeep]
|-damage|p2a: Zapdos|57/100 tox|[from] Sandstorm
|-heal|p2a: Zapdos|63/100 tox|[from] item: Leftovers
|-damage|p2a: Zapdos|57/100 tox|[from] psn
|-heal|p1a: Skarmory|89/100 par|[from] item: Leftovers
|upkeep
|turn|19
|
|t:|1728523187
|move|p1a: Skarmory|Protect|p1a: Skarmory
|-singleturn|p1a: Skarmory|Protect
|move|p2a: Zapdos|Rest|p2a: Zapdos
|-status|p2a: Zapdos|slp|[from] move: Rest
|-heal|p2a: Zapdos|100/100 slp|[silent]
|
|-weather|Sandstorm|[upkeep]
|-damage|p2a: Zapdos|94/100 slp|[from] Sandstorm
|-heal|p2a: Zapdos|100/100 slp|[from] item: Leftovers
|-heal|p1a: Skarmory|95/100 par|[from] item: Leftovers
|upkeep
|turn|20
|
|t:|1728523196
|switch|p2a: Gengar|Gengar, M|50/100
|move|p1a: Skarmory|Spikes|p2a: Gengar
|-sidestart|p2: sbibling|Spikes
|
|-weather|Sandstorm|[upkeep]
|-damage|p2a: Gengar|43/100|[from] Sandstorm
|-heal|p2a: Gengar|50/100|[from] item: Leftovers
|-heal|p1a: Skarmory|100/100 par|[from] item: Leftovers
|upkeep
|turn|21
|
|t:|1728523200
|move|p2a: Gengar|Thunderbolt|p1a: Skarmory
|-supereffective|p1a: Skarmory
|-damage|p1a: Skarmory|42/100 par
|move|p1a: Skarmory|Roar|p2a: Gengar
|drag|p2a: Kingdra|Kingdra, M|87/100
|-damage|p2a: Kingdra|62/100|[from] Spikes
|
|-weather|Sandstorm|[upkeep]
|-damage|p2a: Kingdra|56/100|[from] Sandstorm
|-heal|p2a: Kingdra|62/100|[from] item: Leftovers
|-heal|p1a: Skarmory|48/100 par|[from] item: Leftovers
|upkeep
|turn|22
|
|t:|1728523206
|move|p2a: Kingdra|Surf|p1a: Skarmory
|-damage|p1a: Skarmory|10/100 par
|move|p1a: Skarmory|Roar|p2a: Kingdra
|drag|p2a: Gengar|Gengar, M|50/100
|
|-weather|Sandstorm|[upkeep]
|-damage|p2a: Gengar|43/100|[from] Sandstorm
|-heal|p2a: Gengar|50/100|[from] item: Leftovers
|-heal|p1a: Skarmory|16/100 par|[from] item: Leftovers
|upkeep
|turn|23
|
|t:|1728523214
|move|p2a: Gengar|Thunderbolt|p1a: Skarmory
|-supereffective|p1a: Skarmory
|-damage|p1a: Skarmory|0 fnt
|faint|p1a: Skarmory
|
|t:|1728523216
|switch|p1a: Aerodactyl|Aerodactyl, F|75/100
|
|-weather|Sandstorm|[upkeep]
|-damage|p2a: Gengar|43/100|[from] Sandstorm
|-heal|p2a: Gengar|50/100|[from] item: Leftovers
|upkeep
|turn|24
|
|t:|1728523225
|move|p1a: Aerodactyl|Substitute|p1a: Aerodactyl
|-start|p1a: Aerodactyl|Substitute
|-damage|p1a: Aerodactyl|50/100
|move|p2a: Gengar|Rain Dance|p2a: Gengar
|-weather|RainDance
|
|-weather|RainDance|[upkeep]
|-heal|p2a: Gengar|56/100|[from] item: Leftovers
|upkeep
|turn|25
|
|t:|1728523231
|move|p1a: Aerodactyl|Rock Slide|p2a: Gengar
|-damage|p2a: Gengar|0 fnt
|faint|p2a: Gengar
|
|t:|1728523233
|switch|p2a: Kingdra|Kingdra, M|62/100
|-damage|p2a: Kingdra|37/100|[from] Spikes
|
|-weather|RainDance|[upkeep]
|-heal|p2a: Kingdra|43/100|[from] item: Leftovers
|upkeep
|turn|26
|
|t:|1728523237
|move|p2a: Kingdra|Surf|p1a: Aerodactyl
|-supereffective|p1a: Aerodactyl
|-end|p1a: Aerodactyl|Substitute
|move|p1a: Aerodactyl|Earthquake|p2a: Kingdra
|-damage|p2a: Kingdra|4/100
|
|-weather|RainDance|[upkeep]
|-heal|p2a: Kingdra|10/100|[from] item: Leftovers
|upkeep
|turn|27
|
|t:|1728523242
|switch|p1a: Tyranitar|Tyranitar, M|28/100
|-weather|Sandstorm|[from] ability: Sand Stream|[of] p1a: Tyranitar
|move|p2a: Kingdra|Surf|p1a: Tyranitar
|-supereffective|p1a: Tyranitar
|-damage|p1a: Tyranitar|0 fnt
|faint|p1a: Tyranitar
|
|t:|1728523249
|switch|p1a: Aerodactyl|Aerodactyl, F|50/100
|
|-weather|Sandstorm|[upkeep]
|-damage|p2a: Kingdra|4/100|[from] Sandstorm
|-heal|p2a: Kingdra|10/100|[from] item: Leftovers
|upkeep
|turn|28
|
|t:|1728523259
|move|p1a: Aerodactyl|Double-Edge|p2a: Kingdra
|-damage|p2a: Kingdra|0 fnt
|faint|p2a: Kingdra
|
|t:|1728523272
|switch|p2a: Dugtrio|Dugtrio, F|100/100
|-damage|p2a: Dugtrio|76/100|[from] Spikes
|
|-weather|Sandstorm|[upkeep]
|upkeep
|turn|29
|c|☆sbibling|gg
|
|t:|1728523276
|switch|p1a: Flygon|Flygon, M|100/100
|move|p2a: Dugtrio|Ancient Power|p1a: Flygon
|-resisted|p1a: Flygon
|-damage|p1a: Flygon|92/100
|
|-weather|Sandstorm|[upkeep]
|-heal|p1a: Flygon|98/100|[from] item: Leftovers
|upkeep
|turn|30
|
|t:|1728523285
|switch|p2a: Zapdos|Zapdos|100/100 slp
|move|p1a: Flygon|Rock Tomb|p2a: Zapdos
|-supereffective|p2a: Zapdos
|-damage|p2a: Zapdos|78/100 slp
|-unboost|p2a: Zapdos|spe|1
|
|-weather|Sandstorm|[upkeep]
|-damage|p2a: Zapdos|72/100 slp|[from] Sandstorm
|-heal|p1a: Flygon|100/100|[from] item: Leftovers
|-heal|p2a: Zapdos|78/100 slp|[from] item: Leftovers
|upkeep
|turn|31
|
|t:|1728523292
|move|p1a: Flygon|Rock Tomb|p2a: Zapdos|[miss]
|-miss|p1a: Flygon|p2a: Zapdos
|cant|p2a: Zapdos|slp
|
|-weather|Sandstorm|[upkeep]
|-damage|p2a: Zapdos|72/100 slp|[from] Sandstorm
|-heal|p2a: Zapdos|78/100 slp|[from] item: Leftovers
|upkeep
|turn|32
|
|t:|1728523296
|move|p1a: Flygon|Rock Tomb|p2a: Zapdos|[miss]
|-miss|p1a: Flygon|p2a: Zapdos
|cant|p2a: Zapdos|slp
|
|-weather|Sandstorm|[upkeep]
|-damage|p2a: Zapdos|72/100 slp|[from] Sandstorm
|-heal|p2a: Zapdos|78/100 slp|[from] item: Leftovers
|upkeep
|turn|33
|
|t:|1728523300
|move|p1a: Flygon|Rock Tomb|p2a: Zapdos
|-supereffective|p2a: Zapdos
|-damage|p2a: Zapdos|53/100 slp
|-unboost|p2a: Zapdos|spe|1
|-curestatus|p2a: Zapdos|slp|[msg]
|move|p2a: Zapdos|Toxic|p1a: Flygon
|-status|p1a: Flygon|tox
|
|-weather|Sandstorm|[upkeep]
|-damage|p2a: Zapdos|47/100|[from] Sandstorm
|-damage|p1a: Flygon|94/100 tox|[from] psn
|-heal|p2a: Zapdos|53/100|[from] item: Leftovers
|upkeep
|turn|34
|
|t:|1728523308
|switch|p1a: Moltres|Moltres|100/100
|switch|p2a: Registeel|Registeel|78/100
|-damage|p2a: Registeel|53/100|[from] Spikes
|
|-weather|Sandstorm|[upkeep]
|-damage|p1a: Moltres|94/100|[from] Sandstorm
|-heal|p1a: Moltres|100/100|[from] item: Leftovers
|-heal|p2a: Registeel|59/100|[from] item: Leftovers
|upkeep
|turn|35
|
|t:|1728523312
|move|p1a: Moltres|Fire Blast|p2a: Registeel
|-supereffective|p2a: Registeel
|-damage|p2a: Registeel|0 fnt
|faint|p2a: Registeel
|
|t:|1728523314
|switch|p2a: Dugtrio|Dugtrio, F|76/100
|-damage|p2a: Dugtrio|51/100|[from] Spikes
|
|-weather|Sandstorm|[upkeep]
|-damage|p1a: Moltres|94/100|[from] Sandstorm
|-heal|p1a: Moltres|100/100|[from] item: Leftovers
|upkeep
|turn|36
|
|t:|1728523319
|switch|p1a: Flygon|Flygon, M|94/100 tox
|move|p2a: Dugtrio|Ancient Power|p1a: Flygon
|-resisted|p1a: Flygon
|-damage|p1a: Flygon|85/100 tox
|
|-weather|Sandstorm|[upkeep]
|-heal|p1a: Flygon|91/100 tox|[from] item: Leftovers
|-damage|p1a: Flygon|85/100 tox|[from] psn
|upkeep
|turn|37
|
|t:|1728523325
|switch|p2a: Zapdos|Zapdos|53/100
|move|p1a: Flygon|Toxic|p2a: Zapdos|[miss]
|-miss|p1a: Flygon|p2a: Zapdos
|
|-weather|Sandstorm|[upkeep]
|-damage|p2a: Zapdos|47/100|[from] Sandstorm
|-heal|p1a: Flygon|91/100 tox|[from] item: Leftovers
|-damage|p1a: Flygon|79/100 tox|[from] psn
|-heal|p2a: Zapdos|53/100|[from] item: Leftovers
|upkeep
|turn|38
|
|t:|1728523333
|move|p1a: Flygon|Rock Tomb|p2a: Zapdos
|-supereffective|p2a: Zapdos
|-damage|p2a: Zapdos|28/100
|-unboost|p2a: Zapdos|spe|1
|move|p2a: Zapdos|Thunderbolt|p1a: Flygon
|-immune|p1a: Flygon
|
|-weather|Sandstorm|[upkeep]
|-damage|p2a: Zapdos|21/100|[from] Sandstorm
|-heal|p1a: Flygon|85/100 tox|[from] item: Leftovers
|-damage|p1a: Flygon|67/100 tox|[from] psn
|-heal|p2a: Zapdos|28/100|[from] item: Leftovers
|upkeep
|turn|39
|
|t:|1728523336
|move|p1a: Flygon|Rock Tomb|p2a: Zapdos
|-supereffective|p2a: Zapdos
|-damage|p2a: Zapdos|3/100
|-unboost|p2a: Zapdos|spe|1
|move|p2a: Zapdos|Rest|p2a: Zapdos
|-status|p2a: Zapdos|slp|[from] move: Rest
|-heal|p2a: Zapdos|100/100 slp|[silent]
|
|-weather|Sandstorm|[upkeep]
|-damage|p2a: Zapdos|94/100 slp|[from] Sandstorm
|-heal|p1a: Flygon|73/100 tox|[from] item: Leftovers
|-damage|p1a: Flygon|49/100 tox|[from] psn
|-heal|p2a: Zapdos|100/100 slp|[from] item: Leftovers
|upkeep
|turn|40
|
|t:|1728523341
|move|p1a: Flygon|Rock Tomb|p2a: Zapdos|[miss]
|-miss|p1a: Flygon|p2a: Zapdos
|cant|p2a: Zapdos|slp
|
|-weather|Sandstorm|[upkeep]
|-damage|p2a: Zapdos|94/100 slp|[from] Sandstorm
|-heal|p1a: Flygon|55/100 tox|[from] item: Leftovers
|-damage|p1a: Flygon|24/100 tox|[from] psn
|-heal|p2a: Zapdos|100/100 slp|[from] item: Leftovers
|upkeep
|turn|41
|
|t:|1728523343
|move|p1a: Flygon|Rock Tomb|p2a: Zapdos|[miss]
|-miss|p1a: Flygon|p2a: Zapdos
|cant|p2a: Zapdos|slp
|
|-weather|Sandstorm|[upkeep]
|-damage|p2a: Zapdos|94/100 slp|[from] Sandstorm
|-heal|p1a: Flygon|30/100 tox|[from] item: Leftovers
|-damage|p1a: Flygon|0 fnt|[from] psn
|faint|p1a: Flygon
|-heal|p2a: Zapdos|100/100 slp|[from] item: Leftovers
|upkeep
|
|t:|1728523348
|switch|p1a: Aerodactyl|Aerodactyl, F|50/100
|turn|42
|
|t:|1728523354
|move|p1a: Aerodactyl|Substitute|p1a: Aerodactyl
|-start|p1a: Aerodactyl|Substitute
|-damage|p1a: Aerodactyl|25/100
|-curestatus|p2a: Zapdos|slp|[msg]
|move|p2a: Zapdos|Thunderbolt|p1a: Aerodactyl
|-supereffective|p1a: Aerodactyl
|-end|p1a: Aerodactyl|Substitute
|
|-weather|Sandstorm|[upkeep]
|-damage|p2a: Zapdos|94/100|[from] Sandstorm
|-enditem|p1a: Aerodactyl|Liechi Berry|[eat]
|-boost|p1a: Aerodactyl|atk|1|[from] item: Liechi Berry
|-heal|p2a: Zapdos|100/100|[from] item: Leftovers
|upkeep
|turn|43
|
|t:|1728523357
|move|p1a: Aerodactyl|Rock Slide|p2a: Zapdos
|-supereffective|p2a: Zapdos
|-damage|p2a: Zapdos|0 fnt
|faint|p2a: Zapdos
|
|t:|1728523360
|switch|p2a: Dugtrio|Dugtrio, F|51/100
|-damage|p2a: Dugtrio|27/100|[from] Spikes
|
|-weather|Sandstorm|[upkeep]
|upkeep
|turn|44
|
|t:|1728523362
|move|p1a: Aerodactyl|Double-Edge|p2a: Dugtrio
|-damage|p2a: Dugtrio|0 fnt
|faint|p2a: Dugtrio
|
|win|hey its me riley
|c|☆hey its me riley|ggs

</script>
<script type="application/json" class="data" id="replaydata-smogtours-gen3ou-796840">
{"id":"smogtours-gen3ou-796840","format":"[Gen 3] OU","players":["hey its me riley","sbibling"],"uploadtime":1728523362,"views":91,"formatid":"gen3ou","rating":null,"private":0,"password":null}
</script>

<script defer src="js/replays.js?9d40a366"></script>
