<!DOCTYPE html>
<meta charset="utf-8" />
<meta name="viewport" content="width=device-width" />

<title>[Gen 3] OU: MintChocolateGuy vs. hitmonYEE - Replays - Pok&eacute;mon Showdown!</title>

<meta name="description" content="Watch a replay of a Pok&eacute;mon battle between MintChocolateGuy and hitmonYEE! Format: [Gen 3] OU; Date: Oct 31, 2024" />
<!--

Hey, you! Looking in the source for the replay log?

You can find them in JSON format, just add `.json` at the end of a replay URL.

https://replay.pokemonshowdown.com/gen7randomdoublesbattle-865046831.json

Or, if you only need the log itself, add `.log` instead:

https://replay.pokemonshowdown.com/gen7randomdoublesbattle-865046831.log

-->

<link rel="stylesheet" href="//pokemonshowdown.com/style/global.css?0.023195364461161105" />
<link rel="stylesheet" href="//play.pokemonshowdown.com/style/font-awesome.css?0.13261647063804238" />
<link rel="stylesheet" href="//play.pokemonshowdown.com/style/battle.css?0.8753245789963631" />
<link rel="stylesheet" href="//play.pokemonshowdown.com/style/utilichart.css?0.8627959624976733" />

<!-- Global site tag (gtag.js) - Google Analytics -->
<script async src="https://www.googletagmanager.com/gtag/js?id=UA-26211653-1"></script>
<script>
  window.dataLayer = window.dataLayer || [];
  function gtag(){dataLayer.push(arguments);}
  gtag('js', new Date());

  gtag('config', 'UA-26211653-1');
</script>
<!-- End Google Analytics -->
<!-- Venatus Ad Manager - Install in <HEAD> of page -->
	<script src="https://hb.vntsm.com/v3/live/ad-manager.min.js" type="text/javascript" data-site-id="642aba63ec9a7b11c3c9c1be" data-mode="scan" async></script>
<!-- / Venatus Ad Manager -->

<style>
	@media (max-width:820px) {
		.battle {
			margin: 0 auto;
		}
		.battle-log {
			margin: 7px auto 0;
			max-width: 640px;
			height: 300px;
			position: static;
		}
	}
	.optgroup {
		display: inline-block;
		line-height: 22px;
		font-size: 10pt;
	}
	.optgroup .button {
		height: 25px;
		padding-top: 0;
		padding-bottom: 0;
	}
	.optgroup button.button {
		padding-left: 12px;
		padding-right: 12px;
	}
	.linklist {
		list-style: none;
		margin: 0.5em 0;
		padding: 0;
	}
	.linklist li {
		padding: 2px 0;
	}
	.sidebar {
		float: left;
		width: 320px;
	}
	.bar-wrapper {
		max-width: 1100px;
		margin: 0 auto;
	}
	.bar-wrapper.has-sidebar {
		max-width: 1430px;
	}
	.mainbar {
		margin: 0;
		padding-right: 1px;
	}
	.mainbar.has-sidebar {
		margin-left: 330px;
	}
	@media (min-width: 1511px) {
		.sidebar {
			width: 400px;
		}
		.bar-wrapper.has-sidebar {
			max-width: 1510px;
		}
		.mainbar.has-sidebar {
			margin-left: 410px;
		}
	}
	.section.first-section {
		margin-top: 9px;
	}
	.blocklink small {
		white-space: normal;
	}
	.button {
		vertical-align: middle;
	}
	.replay-controls {
		padding-top: 10px;
	}
	.replay-controls h1 {
		font-size: 16pt;
		font-weight: normal;
		color: #CCC;
	}
	.pagelink {
		text-align: center;
	}
	.pagelink a {
		width: 150px;
	}
	.textbox, .button {
		font-size: 11pt;
		vertical-align: middle;
	}
	@media (max-width: 450px) {
		.button {
			font-size: 9pt;
		}
	}
</style>

<div>

	<header>
		<div class="nav-wrapper"><ul class="nav">
			<li><a class="button nav-first" href="//pokemonshowdown.com/"><img src="//pokemonshowdown.com/images/pokemonshowdownbeta.png" srcset="//pokemonshowdown.com/images/pokemonshowdownbeta.png 1x, //pokemonshowdown.com/images/pokemonshowdownbeta@2x.png 2x" alt="Pok&eacute;mon Showdown" width="146" height="44" /> Home</a></li>
			<li><a class="button" href="//pokemonshowdown.com/dex/">Pok&eacute;dex</a></li>
			<li><a class="button cur" href="/">Replays</a></li>
			<li><a class="button" href="//pokemonshowdown.com/ladder/">Ladder</a></li>
			<li><a class="button nav-last" href="//pokemonshowdown.com/forums/">Forum</a></li>
			<li><a class="button greenbutton nav-first nav-last" href="//play.pokemonshowdown.com/">Play</a></li>
		</ul></div>
	</header>

	<div class="main" id="main">

		<noscript><section class="section">You need to enable JavaScript to use this page; sorry!</section></noscript>

	</div>

</div>

<script defer nomodule src="//play.pokemonshowdown.com/js/lib/ps-polyfill.js"></script>
<script defer src="//play.pokemonshowdown.com/js/lib/preact.min.js"></script>

<script defer src="//play.pokemonshowdown.com/config/config.js?2bddbc15"></script>
<script defer src="//play.pokemonshowdown.com/js/lib/jquery-1.11.0.min.js"></script>
<script defer src="//play.pokemonshowdown.com/js/lib/html-sanitizer-minified.js"></script>
<script defer src="//play.pokemonshowdown.com/js/battle-sound.js"></script>
<script defer src="//play.pokemonshowdown.com/js/battledata.js?0.7209276989879541"></script>
<script defer src="//play.pokemonshowdown.com/data/pokedex-mini.js?0.6111056340867951"></script>
<script defer src="//play.pokemonshowdown.com/data/pokedex-mini-bw.js?0.3532142036491459"></script>
<script defer src="//play.pokemonshowdown.com/data/graphics.js?0.24223875632456182"></script>
<script defer src="//play.pokemonshowdown.com/data/pokedex.js?0.38839984266356864"></script>
<script defer src="//play.pokemonshowdown.com/data/moves.js?0.21866028504024015"></script>
<script defer src="//play.pokemonshowdown.com/data/abilities.js?0.2005157953846628"></script>
<script defer src="//play.pokemonshowdown.com/data/items.js?0.9894211263848525"></script>
<script defer src="//play.pokemonshowdown.com/data/teambuilder-tables.js?0.6008791140282215"></script>
<script defer src="//play.pokemonshowdown.com/js/battle-tooltips.js?0.7580118955022959"></script>
<script defer src="//play.pokemonshowdown.com/js/battle.js?0.6057722274234274"></script>

<script defer src="js/utils.js?e31f9a17"></script>
<script defer src="js/replays-battle.js?7008c182"></script>

<!-- don't scrape this data! just add .json or .log after the URL!
Full API docs: https://github.com/smogon/pokemon-showdown-client/blob/master/WEB-API.md -->
<script type="text/plain" class="log" id="replaylog-smogtours-gen3ou-803527">
|inactive|Battle timer is ON: inactive players will automatically lose when time's up.
|t:|1730334048
|gametype|singles
|player|p1|MintChocolateGuy|gambler|
|player|p2|hitmonYEE|2|
|teamsize|p1|6
|teamsize|p2|6
|gen|3
|tier|[Gen 3] OU
|rule|Sleep Clause Mod: Limit one foe put to sleep
|rule|Switch Priority Clause Mod: Faster Pokémon switch first
|rule|Species Clause: Limit one of each Pokémon
|rule|OHKO Clause: OHKO moves are banned
|rule|Evasion Items Clause: Evasion items are banned
|rule|Evasion Moves Clause: Evasion moves are banned
|rule|Endless Battle Clause: Forcing endless battles is banned
|rule|HP Percentage Mod: HP is shown in percentages
|rule|One Boost Passer Clause: Limit one Baton Passer that has a way to boost its stats
|rule|Freeze Clause Mod: Limit one foe frozen
|
|t:|1730334048
|start
|switch|p1a: Suicune|Suicune|100/100
|switch|p2a: Tyranitar|Tyranitar, F|100/100
|-weather|Sandstorm|[from] ability: Sand Stream|[of] p2a: Tyranitar
|turn|1
|
|t:|1730334070
|switch|p2a: Blissey|Blissey, F|100/100
|move|p1a: Suicune|Hydro Pump|p2a: Blissey
|-damage|p2a: Blissey|79/100
|
|-weather|Sandstorm|[upkeep]
|-damage|p1a: Suicune|94/100|[from] Sandstorm
|-damage|p2a: Blissey|73/100|[from] Sandstorm
|-heal|p1a: Suicune|100/100|[from] item: Leftovers
|-heal|p2a: Blissey|79/100|[from] item: Leftovers
|upkeep
|turn|2
|
|t:|1730334089
|switch|p1a: Celebi|Celebi|100/100
|move|p2a: Blissey|Thunder Wave|p1a: Celebi
|-status|p1a: Celebi|par
|
|-weather|Sandstorm|[upkeep]
|-damage|p2a: Blissey|73/100|[from] Sandstorm
|-damage|p1a: Celebi|94/100 par|[from] Sandstorm
|-heal|p2a: Blissey|79/100|[from] item: Leftovers
|-heal|p1a: Celebi|100/100 par|[from] item: Leftovers
|upkeep
|turn|3
|
|t:|1730334096
|switch|p2a: Skarmory|Skarmory, M|100/100
|move|p1a: Celebi|Leech Seed|p2a: Skarmory
|-start|p2a: Skarmory|move: Leech Seed
|
|-weather|Sandstorm|[upkeep]
|-damage|p1a: Celebi|94/100 par|[from] Sandstorm
|-damage|p2a: Skarmory|88/100|[from] Leech Seed|[of] p1a: Celebi
|-heal|p1a: Celebi|100/100 par|[silent]
|upkeep
|turn|4
|
|t:|1730334100
|-curestatus|p1a: Celebi|par|[from] ability: Natural Cure
|switch|p1a: Forretress|Forretress, M|100/100
|move|p2a: Skarmory|Spikes|p1a: Forretress
|-sidestart|p1: MintChocolateGuy|Spikes
|
|-weather|Sandstorm|[upkeep]
|-heal|p2a: Skarmory|94/100|[from] item: Leftovers
|-damage|p2a: Skarmory|82/100|[from] Leech Seed|[of] p1a: Forretress
|upkeep
|turn|5
|
|t:|1730334126
|switch|p2a: Tyranitar|Tyranitar, F|100/100
|move|p1a: Forretress|Spikes|p2a: Tyranitar
|-sidestart|p2: hitmonYEE|Spikes
|
|-weather|Sandstorm|[upkeep]
|upkeep
|turn|6
|
|t:|1730334135
|switch|p1a: Suicune|Suicune|100/100
|-damage|p1a: Suicune|88/100|[from] Spikes
|move|p2a: Tyranitar|Fire Blast|p1a: Suicune
|-resisted|p1a: Suicune
|-damage|p1a: Suicune|72/100
|
|-weather|Sandstorm|[upkeep]
|-damage|p1a: Suicune|66/100|[from] Sandstorm
|-heal|p1a: Suicune|72/100|[from] item: Leftovers
|upkeep
|turn|7
|
|t:|1730334144
|switch|p2a: Blissey|Blissey, F|79/100
|-damage|p2a: Blissey|67/100|[from] Spikes
|move|p1a: Suicune|Hydro Pump|p2a: Blissey
|-damage|p2a: Blissey|47/100
|
|-weather|Sandstorm|[upkeep]
|-damage|p1a: Suicune|66/100|[from] Sandstorm
|-damage|p2a: Blissey|41/100|[from] Sandstorm
|-heal|p1a: Suicune|72/100|[from] item: Leftovers
|-heal|p2a: Blissey|47/100|[from] item: Leftovers
|upkeep
|turn|8
|
|t:|1730334149
|switch|p1a: Celebi|Celebi|100/100
|-damage|p1a: Celebi|88/100|[from] Spikes
|move|p2a: Blissey|Soft-Boiled|p2a: Blissey
|-heal|p2a: Blissey|97/100
|
|-weather|Sandstorm|[upkeep]
|-damage|p1a: Celebi|82/100|[from] Sandstorm
|-damage|p2a: Blissey|91/100|[from] Sandstorm
|-heal|p1a: Celebi|88/100|[from] item: Leftovers
|-heal|p2a: Blissey|97/100|[from] item: Leftovers
|upkeep
|turn|9
|
|t:|1730334179
|move|p1a: Celebi|Leech Seed|p2a: Blissey
|-start|p2a: Blissey|move: Leech Seed
|move|p2a: Blissey|Ice Beam|p1a: Celebi
|-supereffective|p1a: Celebi
|-crit|p1a: Celebi
|-damage|p1a: Celebi|14/100
|
|-weather|Sandstorm|[upkeep]
|-damage|p1a: Celebi|8/100|[from] Sandstorm
|-damage|p2a: Blissey|91/100|[from] Sandstorm
|-heal|p1a: Celebi|14/100|[from] item: Leftovers
|-heal|p2a: Blissey|97/100|[from] item: Leftovers
|-damage|p2a: Blissey|84/100|[from] Leech Seed|[of] p1a: Celebi
|-heal|p1a: Celebi|34/100|[silent]
|upkeep
|turn|10
|
|t:|1730334204
|move|p1a: Celebi|Recover|p1a: Celebi
|-heal|p1a: Celebi|84/100
|move|p2a: Blissey|Ice Beam|p1a: Celebi
|-supereffective|p1a: Celebi
|-damage|p1a: Celebi|44/100
|
|-weather|Sandstorm|[upkeep]
|-damage|p1a: Celebi|38/100|[from] Sandstorm
|-damage|p2a: Blissey|78/100|[from] Sandstorm
|-heal|p1a: Celebi|44/100|[from] item: Leftovers
|-heal|p2a: Blissey|84/100|[from] item: Leftovers
|-damage|p2a: Blissey|72/100|[from] Leech Seed|[of] p1a: Celebi
|-heal|p1a: Celebi|64/100|[silent]
|upkeep
|turn|11
|inactive|MintChocolateGuy has 270 seconds left.
|
|t:|1730334245
|switch|p2a: Skarmory|Skarmory, M|82/100
|move|p1a: Celebi|Leech Seed|p2a: Skarmory|[miss]
|-miss|p1a: Celebi|p2a: Skarmory
|
|-weather|Sandstorm|[upkeep]
|-damage|p1a: Celebi|58/100|[from] Sandstorm
|-heal|p1a: Celebi|64/100|[from] item: Leftovers
|-heal|p2a: Skarmory|88/100|[from] item: Leftovers
|upkeep
|turn|12
|
|t:|1730334256
|move|p1a: Celebi|Leech Seed|p2a: Skarmory
|-start|p2a: Skarmory|move: Leech Seed
|move|p2a: Skarmory|Spikes|p1a: Celebi
|-sidestart|p1: MintChocolateGuy|Spikes
|
|-weather|Sandstorm|[upkeep]
|-damage|p1a: Celebi|58/100|[from] Sandstorm
|-heal|p1a: Celebi|64/100|[from] item: Leftovers
|-heal|p2a: Skarmory|94/100|[from] item: Leftovers
|-damage|p2a: Skarmory|82/100|[from] Leech Seed|[of] p1a: Celebi
|-heal|p1a: Celebi|74/100|[silent]
|upkeep
|turn|13
|
|t:|1730334263
|switch|p1a: Forretress|Forretress, M|100/100
|-damage|p1a: Forretress|84/100|[from] Spikes
|move|p2a: Skarmory|Roar|p1a: Forretress
|drag|p1a: Aerodactyl|Aerodactyl, F|100/100
|
|-weather|Sandstorm|[upkeep]
|-heal|p2a: Skarmory|88/100|[from] item: Leftovers
|-damage|p2a: Skarmory|75/100|[from] Leech Seed|[of] p1a: Aerodactyl
|upkeep
|turn|14
|inactive|hitmonYEE has 270 seconds left.
|
|t:|1730334294
|switch|p1a: Forretress|Forretress, M|84/100
|-damage|p1a: Forretress|67/100|[from] Spikes
|switch|p2a: Flygon|Flygon, F|100/100
|
|-weather|Sandstorm|[upkeep]
|-heal|p1a: Forretress|73/100|[from] item: Leftovers
|upkeep
|turn|15
|inactive|hitmonYEE has 270 seconds left.
|
|t:|1730334299
|switch|p2a: Gengar|Gengar, M|100/100
|move|p1a: Forretress|Rapid Spin|p2a: Gengar
|-immune|p2a: Gengar
|
|-weather|Sandstorm|[upkeep]
|-damage|p2a: Gengar|95/100|[from] Sandstorm
|-heal|p2a: Gengar|100/100|[from] item: Leftovers
|-heal|p1a: Forretress|80/100|[from] item: Leftovers
|upkeep
|turn|16
|inactive|MintChocolateGuy has 270 seconds left.
|
|t:|1730334310
|switch|p1a: Tyranitar|Tyranitar, M|100/100
|-damage|p1a: Tyranitar|84/100|[from] Spikes
|move|p2a: Gengar|Will-O-Wisp|p1a: Tyranitar
|-status|p1a: Tyranitar|brn
|
|-weather|Sandstorm|[upkeep]
|-damage|p2a: Gengar|95/100|[from] Sandstorm
|-heal|p2a: Gengar|100/100|[from] item: Leftovers
|-heal|p1a: Tyranitar|90/100 brn|[from] item: Leftovers
|-damage|p1a: Tyranitar|78/100 brn|[from] brn
|upkeep
|turn|17
|
|t:|1730334324
|switch|p2a: Skarmory|Skarmory, M|75/100
|move|p1a: Tyranitar|Rock Slide|p2a: Skarmory|[miss]
|-miss|p1a: Tyranitar|p2a: Skarmory
|
|-weather|Sandstorm|[upkeep]
|-heal|p1a: Tyranitar|84/100 brn|[from] item: Leftovers
|-damage|p1a: Tyranitar|71/100 brn|[from] brn
|-heal|p2a: Skarmory|81/100|[from] item: Leftovers
|upkeep
|turn|18
|
|t:|1730334332
|switch|p1a: Forretress|Forretress, M|80/100
|-damage|p1a: Forretress|63/100|[from] Spikes
|move|p2a: Skarmory|Roar|p1a: Forretress
|drag|p1a: Aerodactyl|Aerodactyl, F|100/100
|
|-weather|Sandstorm|[upkeep]
|-heal|p2a: Skarmory|87/100|[from] item: Leftovers
|upkeep
|turn|19
|
|t:|1730334346
|move|p2a: Skarmory|Protect|p2a: Skarmory
|-singleturn|p2a: Skarmory|Protect
|move|p1a: Aerodactyl|Rock Slide|p2a: Skarmory
|-activate|p2a: Skarmory|Protect
|
|-weather|Sandstorm|[upkeep]
|-heal|p2a: Skarmory|93/100|[from] item: Leftovers
|upkeep
|turn|20
|
|t:|1730334351
|switch|p2a: Flygon|Flygon, F|100/100
|move|p1a: Aerodactyl|Rock Slide|p2a: Flygon
|-resisted|p2a: Flygon
|-damage|p2a: Flygon|80/100
|
|-weather|Sandstorm|[upkeep]
|-heal|p2a: Flygon|86/100|[from] item: Leftovers
|upkeep
|turn|21
|
|t:|1730334366
|switch|p1a: Tyranitar|Tyranitar, M|71/100 brn
|-damage|p1a: Tyranitar|55/100 brn|[from] Spikes
|move|p2a: Flygon|Rock Slide|p1a: Tyranitar
|-damage|p1a: Tyranitar|40/100 brn
|
|-weather|Sandstorm|[upkeep]
|-heal|p2a: Flygon|92/100|[from] item: Leftovers
|-heal|p1a: Tyranitar|47/100 brn|[from] item: Leftovers
|-damage|p1a: Tyranitar|34/100 brn|[from] brn
|upkeep
|turn|22
|
|t:|1730334381
|move|p2a: Flygon|Earthquake|p1a: Tyranitar
|-supereffective|p1a: Tyranitar
|-damage|p1a: Tyranitar|0 fnt
|faint|p1a: Tyranitar
|
|t:|1730334384
|switch|p1a: Suicune|Suicune|72/100
|-damage|p1a: Suicune|55/100|[from] Spikes
|
|-weather|Sandstorm|[upkeep]
|-damage|p1a: Suicune|49/100|[from] Sandstorm
|-heal|p1a: Suicune|55/100|[from] item: Leftovers
|-heal|p2a: Flygon|98/100|[from] item: Leftovers
|upkeep
|turn|23
|
|t:|1730334390
|switch|p2a: Blissey|Blissey, F|72/100
|-damage|p2a: Blissey|59/100|[from] Spikes
|move|p1a: Suicune|Ice Beam|p2a: Blissey
|-damage|p2a: Blissey|48/100
|
|-weather|Sandstorm|[upkeep]
|-damage|p1a: Suicune|49/100|[from] Sandstorm
|-damage|p2a: Blissey|42/100|[from] Sandstorm
|-heal|p1a: Suicune|55/100|[from] item: Leftovers
|-heal|p2a: Blissey|48/100|[from] item: Leftovers
|upkeep
|turn|24
|
|t:|1730334399
|switch|p1a: Celebi|Celebi|74/100
|-damage|p1a: Celebi|57/100|[from] Spikes
|move|p2a: Blissey|Soft-Boiled|p2a: Blissey
|-heal|p2a: Blissey|98/100
|
|-weather|Sandstorm|[upkeep]
|-damage|p1a: Celebi|51/100|[from] Sandstorm
|-damage|p2a: Blissey|92/100|[from] Sandstorm
|-heal|p1a: Celebi|57/100|[from] item: Leftovers
|-heal|p2a: Blissey|98/100|[from] item: Leftovers
|upkeep
|turn|25
|
|t:|1730334425
|switch|p2a: Tyranitar|Tyranitar, F|100/100
|-damage|p2a: Tyranitar|88/100|[from] Spikes
|move|p1a: Celebi|Leech Seed|p2a: Tyranitar
|-start|p2a: Tyranitar|move: Leech Seed
|
|-weather|Sandstorm|[upkeep]
|-damage|p1a: Celebi|51/100|[from] Sandstorm
|-heal|p1a: Celebi|57/100|[from] item: Leftovers
|-heal|p2a: Tyranitar|94/100|[from] item: Leftovers
|-damage|p2a: Tyranitar|82/100|[from] Leech Seed|[of] p1a: Celebi
|-heal|p1a: Celebi|70/100|[silent]
|upkeep
|turn|26
|inactive|hitmonYEE has 270 seconds left.
|
|t:|1730334445
|move|p1a: Celebi|Recover|p1a: Celebi
|-heal|p1a: Celebi|100/100
|move|p2a: Tyranitar|Crunch|p1a: Celebi
|-supereffective|p1a: Celebi
|-damage|p1a: Celebi|40/100
|-unboost|p1a: Celebi|spd|1
|
|-weather|Sandstorm|[upkeep]
|-damage|p1a: Celebi|34/100|[from] Sandstorm
|-heal|p1a: Celebi|40/100|[from] item: Leftovers
|-heal|p2a: Tyranitar|88/100|[from] item: Leftovers
|-damage|p2a: Tyranitar|76/100|[from] Leech Seed|[of] p1a: Celebi
|-heal|p1a: Celebi|52/100|[silent]
|upkeep
|turn|27
|
|t:|1730334460
|-activate|p1a: Celebi|move: Pursuit
|move|p2a: Tyranitar|Pursuit|p1a: Celebi|[from]Pursuit
|-supereffective|p1a: Celebi
|-damage|p1a: Celebi|0 fnt
|faint|p1a: Celebi
|-hint|Previously chosen switches continue in Gen 2-4 after a Pursuit target faints.
|switch|p1a: Aerodactyl|Aerodactyl, F|100/100
|
|-weather|Sandstorm|[upkeep]
|-heal|p2a: Tyranitar|82/100|[from] item: Leftovers
|-damage|p2a: Tyranitar|69/100|[from] Leech Seed|[of] p1a: Aerodactyl
|upkeep
|turn|28
|
|t:|1730334474
|switch|p1a: Forretress|Forretress, M|63/100
|-damage|p1a: Forretress|46/100|[from] Spikes
|switch|p2a: Flygon|Flygon, F|98/100
|
|-weather|Sandstorm|[upkeep]
|-heal|p2a: Flygon|100/100|[from] item: Leftovers
|-heal|p1a: Forretress|52/100|[from] item: Leftovers
|upkeep
|turn|29
|
|t:|1730334480
|switch|p2a: Gengar|Gengar, M|100/100
|move|p1a: Forretress|Zap Cannon|p2a: Gengar
|-damage|p2a: Gengar|85/100
|-status|p2a: Gengar|par
|
|-weather|Sandstorm|[upkeep]
|-damage|p2a: Gengar|79/100 par|[from] Sandstorm
|-heal|p1a: Forretress|59/100|[from] item: Leftovers
|-heal|p2a: Gengar|85/100 par|[from] item: Leftovers
|upkeep
|turn|30
|
|t:|1730334495
|switch|p1a: Aerodactyl|Aerodactyl, F|100/100
|move|p2a: Gengar|Will-O-Wisp|p1a: Aerodactyl
|-status|p1a: Aerodactyl|brn
|
|-weather|Sandstorm|[upkeep]
|-damage|p2a: Gengar|79/100 par|[from] Sandstorm
|-damage|p1a: Aerodactyl|88/100 brn|[from] brn
|-heal|p2a: Gengar|85/100 par|[from] item: Leftovers
|upkeep
|turn|31
|
|t:|1730334505
|move|p1a: Aerodactyl|Rock Slide|p2a: Gengar
|-damage|p2a: Gengar|42/100 par
|cant|p2a: Gengar|flinch
|
|-weather|Sandstorm|[upkeep]
|-damage|p2a: Gengar|36/100 par|[from] Sandstorm
|-damage|p1a: Aerodactyl|76/100 brn|[from] brn
|-heal|p2a: Gengar|42/100 par|[from] item: Leftovers
|upkeep
|turn|32
|
|t:|1730334511
|switch|p2a: Flygon|Flygon, F|100/100
|move|p1a: Aerodactyl|Rock Slide|p2a: Flygon
|-resisted|p2a: Flygon
|-damage|p2a: Flygon|91/100
|
|-weather|Sandstorm|[upkeep]
|-damage|p1a: Aerodactyl|64/100 brn|[from] brn
|-heal|p2a: Flygon|97/100|[from] item: Leftovers
|upkeep
|turn|33
|
|t:|1730334517
|switch|p1a: Forretress|Forretress, M|59/100
|-damage|p1a: Forretress|42/100|[from] Spikes
|move|p2a: Flygon|Rock Slide|p1a: Forretress
|-damage|p1a: Forretress|30/100
|
|-weather|Sandstorm|[upkeep]
|-heal|p2a: Flygon|100/100|[from] item: Leftovers
|-heal|p1a: Forretress|36/100|[from] item: Leftovers
|upkeep
|turn|34
|
|t:|1730334524
|switch|p2a: Gengar|Gengar, M|42/100 par
|move|p1a: Forretress|Rapid Spin|p2a: Gengar
|-immune|p2a: Gengar
|
|-weather|Sandstorm|[upkeep]
|-damage|p2a: Gengar|36/100 par|[from] Sandstorm
|-heal|p1a: Forretress|42/100|[from] item: Leftovers
|-heal|p2a: Gengar|42/100 par|[from] item: Leftovers
|upkeep
|turn|35
|
|t:|1730334528
|move|p1a: Forretress|Spikes|p2a: Gengar
|-sidestart|p2: hitmonYEE|Spikes
|cant|p2a: Gengar|par
|
|-weather|Sandstorm|[upkeep]
|-damage|p2a: Gengar|36/100 par|[from] Sandstorm
|-heal|p1a: Forretress|49/100|[from] item: Leftovers
|-heal|p2a: Gengar|42/100 par|[from] item: Leftovers
|upkeep
|turn|36
|
|t:|1730334534
|move|p1a: Forretress|Spikes|p2a: Gengar
|-sidestart|p2: hitmonYEE|Spikes
|move|p2a: Gengar|Taunt|p1a: Forretress
|-start|p1a: Forretress|move: Taunt
|
|-weather|Sandstorm|[upkeep]
|-damage|p2a: Gengar|36/100 par|[from] Sandstorm
|-heal|p1a: Forretress|55/100|[from] item: Leftovers
|-heal|p2a: Gengar|42/100 par|[from] item: Leftovers
|upkeep
|turn|37
|
|t:|1730334539
|switch|p1a: Aerodactyl|Aerodactyl, F|64/100 brn
|cant|p2a: Gengar|par
|
|-weather|Sandstorm|[upkeep]
|-damage|p2a: Gengar|36/100 par|[from] Sandstorm
|-damage|p1a: Aerodactyl|51/100 brn|[from] brn
|-heal|p2a: Gengar|42/100 par|[from] item: Leftovers
|upkeep
|turn|38
|
|t:|1730334556
|switch|p2a: Flygon|Flygon, F|100/100
|move|p1a: Aerodactyl|Hidden Power|p2a: Flygon
|-damage|p2a: Flygon|83/100
|
|-weather|Sandstorm|[upkeep]
|-damage|p1a: Aerodactyl|39/100 brn|[from] brn
|-heal|p2a: Flygon|89/100|[from] item: Leftovers
|upkeep
|turn|39
|
|t:|1730334562
|move|p1a: Aerodactyl|Hidden Power|p2a: Flygon
|-damage|p2a: Flygon|72/100
|move|p2a: Flygon|Rock Slide|p1a: Aerodactyl
|-supereffective|p1a: Aerodactyl
|-damage|p1a: Aerodactyl|0 fnt
|faint|p1a: Aerodactyl
|
|t:|1730334571
|switch|p1a: Forretress|Forretress, M|55/100
|-damage|p1a: Forretress|38/100|[from] Spikes
|
|-weather|Sandstorm|[upkeep]
|-heal|p2a: Flygon|78/100|[from] item: Leftovers
|-heal|p1a: Forretress|44/100|[from] item: Leftovers
|upkeep
|turn|40
|
|t:|1730334576
|switch|p2a: Gengar|Gengar, M|42/100 par
|switch|p1a: Suicune|Suicune|55/100
|-damage|p1a: Suicune|39/100|[from] Spikes
|
|-weather|Sandstorm|[upkeep]
|-damage|p1a: Suicune|33/100|[from] Sandstorm
|-damage|p2a: Gengar|36/100 par|[from] Sandstorm
|-heal|p1a: Suicune|39/100|[from] item: Leftovers
|-heal|p2a: Gengar|42/100 par|[from] item: Leftovers
|upkeep
|turn|41
|
|t:|1730334583
|move|p1a: Suicune|Calm Mind|p1a: Suicune
|-boost|p1a: Suicune|spa|1
|-boost|p1a: Suicune|spd|1
|move|p2a: Gengar|Thunderbolt|p1a: Suicune
|-supereffective|p1a: Suicune
|-damage|p1a: Suicune|6/100
|
|-weather|Sandstorm|[upkeep]
|-damage|p1a: Suicune|0 fnt|[from] Sandstorm
|-damage|p2a: Gengar|36/100 par|[from] Sandstorm
|faint|p1a: Suicune
|-heal|p2a: Gengar|42/100 par|[from] item: Leftovers
|upkeep
|
|t:|1730334589
|switch|p1a: Forretress|Forretress, M|44/100
|-damage|p1a: Forretress|28/100|[from] Spikes
|turn|42
|
|t:|1730334594
|move|p1a: Forretress|Zap Cannon|p2a: Gengar
|-damage|p2a: Gengar|24/100 par
|cant|p2a: Gengar|par
|
|-weather|Sandstorm|[upkeep]
|-damage|p2a: Gengar|18/100 par|[from] Sandstorm
|-heal|p1a: Forretress|34/100|[from] item: Leftovers
|-heal|p2a: Gengar|24/100 par|[from] item: Leftovers
|upkeep
|turn|43
|
|t:|1730334600
|move|p1a: Forretress|Zap Cannon|p2a: Gengar
|-damage|p2a: Gengar|9/100 par
|move|p2a: Gengar|Thunderbolt|p1a: Forretress
|-damage|p1a: Forretress|10/100
|
|-weather|Sandstorm|[upkeep]
|-damage|p2a: Gengar|3/100 par|[from] Sandstorm
|-heal|p1a: Forretress|16/100|[from] item: Leftovers
|-heal|p2a: Gengar|9/100 par|[from] item: Leftovers
|upkeep
|turn|44
|
|t:|1730334608
|move|p1a: Forretress|Explosion|p2a: Gengar
|-immune|p2a: Gengar
|faint|p1a: Forretress
|
|t:|1730334610
|switch|p1a: Metagross|Metagross|100/100
|-damage|p1a: Metagross|84/100|[from] Spikes
|
|-weather|Sandstorm|[upkeep]
|-damage|p2a: Gengar|3/100 par|[from] Sandstorm
|-heal|p2a: Gengar|9/100 par|[from] item: Leftovers
|upkeep
|turn|45
|
|t:|1730334613
|move|p1a: Metagross|Agility|p1a: Metagross
|-boost|p1a: Metagross|spe|2
|cant|p2a: Gengar|par
|
|-weather|Sandstorm|[upkeep]
|-damage|p2a: Gengar|3/100 par|[from] Sandstorm
|-heal|p2a: Gengar|9/100 par|[from] item: Leftovers
|upkeep
|turn|46
|
|t:|1730334634
|switch|p2a: Flygon|Flygon, F|78/100
|move|p1a: Metagross|Meteor Mash|p2a: Flygon
|-damage|p2a: Flygon|27/100
|-boost|p1a: Metagross|atk|1
|
|-weather|Sandstorm|[upkeep]
|-heal|p2a: Flygon|33/100|[from] item: Leftovers
|upkeep
|turn|47
|
|t:|1730334642
|move|p1a: Metagross|Meteor Mash|p2a: Flygon
|-damage|p2a: Flygon|0 fnt
|faint|p2a: Flygon
|inactive|hitmonYEE has 270 seconds left.
|
|t:|1730334679
|switch|p2a: Zapdos|Zapdos|100/100
|
|-weather|Sandstorm|[upkeep]
|-damage|p2a: Zapdos|94/100|[from] Sandstorm
|-heal|p2a: Zapdos|100/100|[from] item: Leftovers
|upkeep
|turn|48
|
|t:|1730334683
|move|p1a: Metagross|Rock Slide|p2a: Zapdos
|-supereffective|p2a: Zapdos
|-crit|p2a: Zapdos
|-damage|p2a: Zapdos|0 fnt
|faint|p2a: Zapdos
|inactive|hitmonYEE has 270 seconds left.
|inactive|hitmonYEE has 240 seconds left.
|inactive|hitmonYEE has 210 seconds left.
|
|t:|1730334759
|switch|p2a: Tyranitar|Tyranitar, F|69/100
|-damage|p2a: Tyranitar|45/100|[from] Spikes
|
|-weather|Sandstorm|[upkeep]
|-heal|p2a: Tyranitar|51/100|[from] item: Leftovers
|upkeep
|turn|49
|
|t:|1730334771
|move|p1a: Metagross|Earthquake|p2a: Tyranitar
|-supereffective|p2a: Tyranitar
|-damage|p2a: Tyranitar|0 fnt
|faint|p2a: Tyranitar
|
|t:|1730334780
|switch|p2a: Gengar|Gengar, M|9/100 par
|
|-weather|Sandstorm|[upkeep]
|-damage|p2a: Gengar|3/100 par|[from] Sandstorm
|-heal|p2a: Gengar|9/100 par|[from] item: Leftovers
|upkeep
|turn|50
|
|t:|1730334788
|move|p1a: Metagross|Rock Slide|p2a: Gengar
|-crit|p2a: Gengar
|-damage|p2a: Gengar|0 fnt
|faint|p2a: Gengar
|
|t:|1730334793
|switch|p2a: Blissey|Blissey, F|98/100
|-damage|p2a: Blissey|73/100|[from] Spikes
|
|-weather|Sandstorm|[upkeep]
|-damage|p2a: Blissey|67/100|[from] Sandstorm
|-heal|p2a: Blissey|73/100|[from] item: Leftovers
|upkeep
|turn|51
|c|☆hitmonYEE|I threw really hard ngl
|c|☆hitmonYEE|gengar got insanely bad paralysis rng though
|inactive|MintChocolateGuy has 270 seconds left.
|
|t:|1730334829
|move|p1a: Metagross|Meteor Mash|p2a: Blissey
|-damage|p2a: Blissey|0 fnt
|-boost|p1a: Metagross|atk|1
|faint|p2a: Blissey
|
|t:|1730334834
|switch|p2a: Skarmory|Skarmory, M|93/100
|
|-weather|Sandstorm|[upkeep]
|-heal|p2a: Skarmory|99/100|[from] item: Leftovers
|upkeep
|turn|52
|
|t:|1730334844
|move|p1a: Metagross|Rock Slide|p2a: Skarmory|[miss]
|-miss|p1a: Metagross|p2a: Skarmory
|move|p2a: Skarmory|Drill Peck|p1a: Metagross
|-resisted|p1a: Metagross
|-damage|p1a: Metagross|75/100
|
|-weather|Sandstorm|[upkeep]
|-heal|p2a: Skarmory|100/100|[from] item: Leftovers
|upkeep
|turn|53
|inactive|hitmonYEE has 240 seconds left.
|
|t:|1730334852
|move|p1a: Metagross|Rock Slide|p2a: Skarmory|[miss]
|-miss|p1a: Metagross|p2a: Skarmory
|move|p2a: Skarmory|Drill Peck|p1a: Metagross
|-resisted|p1a: Metagross
|-damage|p1a: Metagross|66/100
|
|-weather|Sandstorm|[upkeep]
|upkeep
|turn|54
|c|☆hitmonYEE|now it misses twice lmao
|c|☆hitmonYEE|rip
|inactive|hitmonYEE has 240 seconds left.
|
|t:|1730334863
|move|p1a: Metagross|Rock Slide|p2a: Skarmory
|-damage|p2a: Skarmory|53/100
|move|p2a: Skarmory|Drill Peck|p1a: Metagross
|-resisted|p1a: Metagross
|-damage|p1a: Metagross|57/100
|
|-weather|Sandstorm|[upkeep]
|-heal|p2a: Skarmory|59/100|[from] item: Leftovers
|upkeep
|turn|55
|c|☆MintChocolateGuy|watch it miss 4 times and i die
|
|t:|1730334874
|move|p2a: Skarmory|Protect|p2a: Skarmory
|-singleturn|p2a: Skarmory|Protect
|move|p1a: Metagross|Rock Slide|p2a: Skarmory
|-activate|p2a: Skarmory|Protect
|
|-weather|Sandstorm|[upkeep]
|-heal|p2a: Skarmory|65/100|[from] item: Leftovers
|upkeep
|turn|56
|c|☆hitmonYEE|no shot
|c|☆hitmonYEE|if I got 1 dodge on ttar I won
|inactive|hitmonYEE has 240 seconds left.
|c|☆hitmonYEE|rip
|
|t:|1730334892
|move|p1a: Metagross|Rock Slide|p2a: Skarmory
|-damage|p2a: Skarmory|22/100
|cant|p2a: Skarmory|flinch
|
|-weather|Sandstorm|[upkeep]
|-heal|p2a: Skarmory|28/100|[from] item: Leftovers
|upkeep
|turn|57
|c|☆MintChocolateGuy|i have eq
|
|t:|1730334900
|move|p2a: Skarmory|Protect|p2a: Skarmory
|-singleturn|p2a: Skarmory|Protect
|move|p1a: Metagross|Rock Slide|p2a: Skarmory
|-activate|p2a: Skarmory|Protect
|
|-weather|Sandstorm|[upkeep]
|-heal|p2a: Skarmory|34/100|[from] item: Leftovers
|upkeep
|turn|58
|
|t:|1730334903
|move|p1a: Metagross|Rock Slide|p2a: Skarmory
|-damage|p2a: Skarmory|0 fnt
|faint|p2a: Skarmory
|
|win|MintChocolateGuy
|c|☆hitmonYEE|gg
|c|☆hitmonYEE|I griefed so bad ;-;
|c|☆MintChocolateGuy|gg meta bailout
|c|☆hitmonYEE|lmao
|player|p2|
|player|p1|

</script>
<script type="application/json" class="data" id="replaydata-smogtours-gen3ou-803527">
{"id":"smogtours-gen3ou-803527","format":"[Gen 3] OU","players":["MintChocolateGuy","hitmonYEE"],"uploadtime":1730334903,"views":53,"formatid":"gen3ou","rating":null,"private":0,"password":null}
</script>

<script defer src="js/replays.js?9d40a366"></script>
