<!DOCTYPE html>
<meta charset="utf-8" />
<meta name="viewport" content="width=device-width" />

<title>[Gen 3] OU: horsethatwentjao vs. tamafuyu - Replays - Pok&eacute;mon Showdown!</title>

<meta name="description" content="Watch a replay of a Pok&eacute;mon battle between horsethatwentjao and tamafuyu! Format: [Gen 3] OU; Date: Oct 7, 2024" />
<!--

Hey, you! Looking in the source for the replay log?

You can find them in JSON format, just add `.json` at the end of a replay URL.

https://replay.pokemonshowdown.com/gen7randomdoublesbattle-865046831.json

Or, if you only need the log itself, add `.log` instead:

https://replay.pokemonshowdown.com/gen7randomdoublesbattle-865046831.log

-->

<link rel="stylesheet" href="//pokemonshowdown.com/style/global.css?0.767286132409787" />
<link rel="stylesheet" href="//play.pokemonshowdown.com/style/font-awesome.css?0.9266228007934947" />
<link rel="stylesheet" href="//play.pokemonshowdown.com/style/battle.css?0.7924700842790926" />
<link rel="stylesheet" href="//play.pokemonshowdown.com/style/utilichart.css?0.8777417872839479" />

<!-- Global site tag (gtag.js) - Google Analytics -->
<script async src="https://www.googletagmanager.com/gtag/js?id=UA-26211653-1"></script>
<script>
  window.dataLayer = window.dataLayer || [];
  function gtag(){dataLayer.push(arguments);}
  gtag('js', new Date());

  gtag('config', 'UA-26211653-1');
</script>
<!-- End Google Analytics -->
<!-- Venatus Ad Manager - Install in <HEAD> of page -->
	<script src="https://hb.vntsm.com/v3/live/ad-manager.min.js" type="text/javascript" data-site-id="642aba63ec9a7b11c3c9c1be" data-mode="scan" async></script>
<!-- / Venatus Ad Manager -->

<style>
	@media (max-width:820px) {
		.battle {
			margin: 0 auto;
		}
		.battle-log {
			margin: 7px auto 0;
			max-width: 640px;
			height: 300px;
			position: static;
		}
	}
	.optgroup {
		display: inline-block;
		line-height: 22px;
		font-size: 10pt;
	}
	.optgroup .button {
		height: 25px;
		padding-top: 0;
		padding-bottom: 0;
	}
	.optgroup button.button {
		padding-left: 12px;
		padding-right: 12px;
	}
	.linklist {
		list-style: none;
		margin: 0.5em 0;
		padding: 0;
	}
	.linklist li {
		padding: 2px 0;
	}
	.sidebar {
		float: left;
		width: 320px;
	}
	.bar-wrapper {
		max-width: 1100px;
		margin: 0 auto;
	}
	.bar-wrapper.has-sidebar {
		max-width: 1430px;
	}
	.mainbar {
		margin: 0;
		padding-right: 1px;
	}
	.mainbar.has-sidebar {
		margin-left: 330px;
	}
	@media (min-width: 1511px) {
		.sidebar {
			width: 400px;
		}
		.bar-wrapper.has-sidebar {
			max-width: 1510px;
		}
		.mainbar.has-sidebar {
			margin-left: 410px;
		}
	}
	.section.first-section {
		margin-top: 9px;
	}
	.blocklink small {
		white-space: normal;
	}
	.button {
		vertical-align: middle;
	}
	.replay-controls {
		padding-top: 10px;
	}
	.replay-controls h1 {
		font-size: 16pt;
		font-weight: normal;
		color: #CCC;
	}
	.pagelink {
		text-align: center;
	}
	.pagelink a {
		width: 150px;
	}
	.textbox, .button {
		font-size: 11pt;
		vertical-align: middle;
	}
	@media (max-width: 450px) {
		.button {
			font-size: 9pt;
		}
	}
</style>

<div>

	<header>
		<div class="nav-wrapper"><ul class="nav">
			<li><a class="button nav-first" href="//pokemonshowdown.com/"><img src="//pokemonshowdown.com/images/pokemonshowdownbeta.png" srcset="//pokemonshowdown.com/images/pokemonshowdownbeta.png 1x, //pokemonshowdown.com/images/pokemonshowdownbeta@2x.png 2x" alt="Pok&eacute;mon Showdown" width="146" height="44" /> Home</a></li>
			<li><a class="button" href="//pokemonshowdown.com/dex/">Pok&eacute;dex</a></li>
			<li><a class="button cur" href="/">Replays</a></li>
			<li><a class="button" href="//pokemonshowdown.com/ladder/">Ladder</a></li>
			<li><a class="button nav-last" href="//pokemonshowdown.com/forums/">Forum</a></li>
			<li><a class="button greenbutton nav-first nav-last" href="//play.pokemonshowdown.com/">Play</a></li>
		</ul></div>
	</header>

	<div class="main" id="main">

		<noscript><section class="section">You need to enable JavaScript to use this page; sorry!</section></noscript>

	</div>

</div>

<script defer nomodule src="//play.pokemonshowdown.com/js/lib/ps-polyfill.js"></script>
<script defer src="//play.pokemonshowdown.com/js/lib/preact.min.js"></script>

<script defer src="//play.pokemonshowdown.com/config/config.js?6dec07f6"></script>
<script defer src="//play.pokemonshowdown.com/js/lib/jquery-1.11.0.min.js"></script>
<script defer src="//play.pokemonshowdown.com/js/lib/html-sanitizer-minified.js"></script>
<script defer src="//play.pokemonshowdown.com/js/battle-sound.js"></script>
<script defer src="//play.pokemonshowdown.com/js/battledata.js?0.6315294753075389"></script>
<script defer src="//play.pokemonshowdown.com/data/pokedex-mini.js?0.7603743185311358"></script>
<script defer src="//play.pokemonshowdown.com/data/pokedex-mini-bw.js?0.030888842834281283"></script>
<script defer src="//play.pokemonshowdown.com/data/graphics.js?0.05593094747507488"></script>
<script defer src="//play.pokemonshowdown.com/data/pokedex.js?0.47064822249611904"></script>
<script defer src="//play.pokemonshowdown.com/data/moves.js?0.8583693120512459"></script>
<script defer src="//play.pokemonshowdown.com/data/abilities.js?0.16017181182386842"></script>
<script defer src="//play.pokemonshowdown.com/data/items.js?0.4163379185673943"></script>
<script defer src="//play.pokemonshowdown.com/data/teambuilder-tables.js?0.31075597372830477"></script>
<script defer src="//play.pokemonshowdown.com/js/battle-tooltips.js?0.6536193500708172"></script>
<script defer src="//play.pokemonshowdown.com/js/battle.js?0.1916591943277901"></script>

<script defer src="js/utils.js?e31f9a17"></script>
<script defer src="js/replays-battle.js?7008c182"></script>

<!-- don't scrape this data! just add .json or .log after the URL!
Full API docs: https://github.com/smogon/pokemon-showdown-client/blob/master/WEB-API.md -->
<script type="text/plain" class="log" id="replaylog-smogtours-gen3ou-796191">
|inactive|Battle timer is ON: inactive players will automatically lose when time's up.
|t:|1728326972
|gametype|singles
|player|p1|horsethatwentjao|1|
|player|p2|tamafuyu|sabrina-frlg|
|teamsize|p1|6
|teamsize|p2|6
|gen|3
|tier|[Gen 3] OU
|rule|Sleep Clause Mod: Limit one foe put to sleep
|rule|Switch Priority Clause Mod: Faster Pokémon switch first
|rule|Species Clause: Limit one of each Pokémon
|rule|OHKO Clause: OHKO moves are banned
|rule|Evasion Items Clause: Evasion items are banned
|rule|Evasion Moves Clause: Evasion moves are banned
|rule|Endless Battle Clause: Forcing endless battles is banned
|rule|HP Percentage Mod: HP is shown in percentages
|rule|One Boost Passer Clause: Limit one Baton Passer that has a way to boost its stats
|rule|Freeze Clause Mod: Limit one foe frozen
|
|t:|1728326972
|start
|switch|p1a: Tyranitar|Tyranitar, F|100/100
|switch|p2a: Zapdos|Zapdos|100/100
|-weather|Sandstorm|[from] ability: Sand Stream|[of] p1a: Tyranitar
|turn|1
|c|☆tamafuyu|glhf
|c|☆horsethatwentjao|glhf
|
|t:|1728326982
|move|p2a: Zapdos|Baton Pass|p2a: Zapdos
|
|t:|1728326984
|switch|p2a: Swampert|Swampert, F|100/100|[from] Baton Pass
|move|p1a: Tyranitar|Toxic|p2a: Swampert|[miss]
|-miss|p1a: Tyranitar|p2a: Swampert
|
|-weather|Sandstorm|[upkeep]
|upkeep
|turn|2
|
|t:|1728326993
|switch|p1a: Blissey|Blissey, F|100/100
|move|p2a: Swampert|Earthquake|p1a: Blissey
|-damage|p1a: Blissey|59/100
|
|-weather|Sandstorm|[upkeep]
|-damage|p1a: Blissey|53/100|[from] Sandstorm
|-heal|p1a: Blissey|59/100|[from] item: Leftovers
|upkeep
|turn|3
|
|t:|1728326999
|switch|p1a: Salamence|Salamence, M|100/100
|-ability|p1a: Salamence|Intimidate|boost
|-unboost|p2a: Swampert|atk|1
|switch|p2a: Dugtrio|Dugtrio, M|100/100
|
|-weather|Sandstorm|[upkeep]
|-damage|p1a: Salamence|94/100|[from] Sandstorm
|-heal|p1a: Salamence|100/100|[from] item: Leftovers
|upkeep
|turn|4
|
|t:|1728327005
|switch|p2a: Swampert|Swampert, F|100/100
|move|p1a: Salamence|Toxic|p2a: Swampert
|-status|p2a: Swampert|tox
|
|-weather|Sandstorm|[upkeep]
|-damage|p1a: Salamence|94/100|[from] Sandstorm
|-heal|p1a: Salamence|100/100|[from] item: Leftovers
|-damage|p2a: Swampert|94/100 tox|[from] psn
|upkeep
|turn|5
|
|t:|1728327011
|switch|p1a: Skarmory|Skarmory, F|100/100
|move|p2a: Swampert|Ice Beam|p1a: Skarmory
|-damage|p1a: Skarmory|84/100
|
|-weather|Sandstorm|[upkeep]
|-heal|p1a: Skarmory|90/100|[from] item: Leftovers
|-heal|p2a: Swampert|100/100 tox|[from] item: Leftovers
|-damage|p2a: Swampert|88/100 tox|[from] psn
|upkeep
|turn|6
|
|t:|1728327021
|switch|p2a: Celebi|Celebi|100/100
|move|p1a: Skarmory|Spikes|p2a: Celebi
|-sidestart|p2: tamafuyu|Spikes
|
|-weather|Sandstorm|[upkeep]
|-damage|p2a: Celebi|94/100|[from] Sandstorm
|-heal|p2a: Celebi|100/100|[from] item: Leftovers
|-heal|p1a: Skarmory|96/100|[from] item: Leftovers
|upkeep
|turn|7
|
|t:|1728327032
|move|p2a: Celebi|Leech Seed|p1a: Skarmory
|-start|p1a: Skarmory|move: Leech Seed
|move|p1a: Skarmory|Roar|p2a: Celebi
|drag|p2a: Starmie|Starmie|100/100
|-damage|p2a: Starmie|88/100|[from] Spikes
|
|-weather|Sandstorm|[upkeep]
|-damage|p2a: Starmie|82/100|[from] Sandstorm
|-heal|p2a: Starmie|88/100|[from] item: Leftovers
|-heal|p1a: Skarmory|100/100|[from] item: Leftovers
|-damage|p1a: Skarmory|88/100|[from] Leech Seed|[of] p2a: Starmie
|-heal|p2a: Starmie|100/100|[silent]
|upkeep
|turn|8
|
|t:|1728327042
|switch|p2a: Dugtrio|Dugtrio, M|100/100
|-damage|p2a: Dugtrio|88/100|[from] Spikes
|switch|p1a: Blissey|Blissey, F|59/100
|
|-weather|Sandstorm|[upkeep]
|-damage|p1a: Blissey|53/100|[from] Sandstorm
|-heal|p1a: Blissey|59/100|[from] item: Leftovers
|upkeep
|turn|9
|
|t:|1728327047
|move|p2a: Dugtrio|Earthquake|p1a: Blissey
|-damage|p1a: Blissey|1/100
|move|p1a: Blissey|Ice Beam|p2a: Dugtrio
|-supereffective|p2a: Dugtrio
|-damage|p2a: Dugtrio|0 fnt
|faint|p2a: Dugtrio
|
|t:|1728327053
|switch|p2a: Starmie|Starmie|100/100
|-damage|p2a: Starmie|88/100|[from] Spikes
|
|-weather|Sandstorm|[upkeep]
|-damage|p2a: Starmie|82/100|[from] Sandstorm
|-damage|p1a: Blissey|0 fnt|[from] Sandstorm
|faint|p1a: Blissey
|-heal|p2a: Starmie|88/100|[from] item: Leftovers
|upkeep
|
|t:|1728327057
|switch|p1a: Skarmory|Skarmory, F|88/100
|turn|10
|
|t:|1728327060
|move|p1a: Skarmory|Protect|p1a: Skarmory
|-singleturn|p1a: Skarmory|Protect
|move|p2a: Starmie|Thunderbolt|p1a: Skarmory
|-activate|p1a: Skarmory|Protect
|
|-weather|Sandstorm|[upkeep]
|-damage|p2a: Starmie|82/100|[from] Sandstorm
|-heal|p2a: Starmie|88/100|[from] item: Leftovers
|-heal|p1a: Skarmory|94/100|[from] item: Leftovers
|upkeep
|turn|11
|
|t:|1728327079
|move|p2a: Starmie|Rapid Spin|p1a: Skarmory
|-resisted|p1a: Skarmory
|-damage|p1a: Skarmory|93/100
|-sideend|p2: tamafuyu|Spikes|[from] move: Rapid Spin|[of] p2a: Starmie
|move|p1a: Skarmory|Toxic|p2a: Starmie
|-status|p2a: Starmie|tox
|
|-weather|Sandstorm|[upkeep]
|-damage|p2a: Starmie|82/100 tox|[from] Sandstorm
|-heal|p2a: Starmie|88/100 tox|[from] item: Leftovers
|-damage|p2a: Starmie|82/100 tox|[from] psn
|-heal|p1a: Skarmory|99/100|[from] item: Leftovers
|upkeep
|turn|12
|
|t:|1728327082
|-curestatus|p2a: Starmie|tox|[from] ability: Natural Cure
|switch|p2a: Celebi|Celebi|100/100
|move|p1a: Skarmory|Spikes|p2a: Celebi
|-sidestart|p2: tamafuyu|Spikes
|
|-weather|Sandstorm|[upkeep]
|-damage|p2a: Celebi|94/100|[from] Sandstorm
|-heal|p2a: Celebi|100/100|[from] item: Leftovers
|-heal|p1a: Skarmory|100/100|[from] item: Leftovers
|upkeep
|turn|13
|
|t:|1728327088
|move|p2a: Celebi|Psychic|p1a: Skarmory
|-resisted|p1a: Skarmory
|-damage|p1a: Skarmory|86/100
|move|p1a: Skarmory|Toxic|p2a: Celebi|[miss]
|-miss|p1a: Skarmory|p2a: Celebi
|
|-weather|Sandstorm|[upkeep]
|-damage|p2a: Celebi|94/100|[from] Sandstorm
|-heal|p2a: Celebi|100/100|[from] item: Leftovers
|-heal|p1a: Skarmory|92/100|[from] item: Leftovers
|upkeep
|turn|14
|
|t:|1728327099
|move|p2a: Celebi|Leech Seed|p1a: Skarmory
|-start|p1a: Skarmory|move: Leech Seed
|move|p1a: Skarmory|Spikes|p2a: Celebi
|-sidestart|p2: tamafuyu|Spikes
|
|-weather|Sandstorm|[upkeep]
|-damage|p2a: Celebi|94/100|[from] Sandstorm
|-heal|p2a: Celebi|100/100|[from] item: Leftovers
|-heal|p1a: Skarmory|98/100|[from] item: Leftovers
|-damage|p1a: Skarmory|86/100|[from] Leech Seed|[of] p2a: Celebi
|upkeep
|turn|15
|
|t:|1728327107
|switch|p1a: Metagross|Metagross|100/100
|move|p2a: Celebi|Baton Pass|p2a: Celebi
|
|t:|1728327112
|switch|p2a: Swampert|Swampert, F|88/100 tox|[from] Baton Pass
|-damage|p2a: Swampert|72/100 tox|[from] Spikes
|
|-weather|Sandstorm|[upkeep]
|-heal|p2a: Swampert|78/100 tox|[from] item: Leftovers
|-damage|p2a: Swampert|72/100 tox|[from] psn
|upkeep
|turn|16
|
|t:|1728327119
|move|p1a: Metagross|Protect|p1a: Metagross
|-singleturn|p1a: Metagross|Protect
|move|p2a: Swampert|Hydro Pump|p1a: Metagross|[miss]
|-miss|p2a: Swampert|p1a: Metagross
|
|-weather|Sandstorm|[upkeep]
|-heal|p2a: Swampert|78/100 tox|[from] item: Leftovers
|-damage|p2a: Swampert|65/100 tox|[from] psn
|upkeep
|turn|17
|
|t:|1728327130
|switch|p1a: Skarmory|Skarmory, F|86/100
|switch|p2a: Zapdos|Zapdos|100/100
|
|-weather|Sandstorm|[upkeep]
|-damage|p2a: Zapdos|94/100|[from] Sandstorm
|-heal|p2a: Zapdos|100/100|[from] item: Leftovers
|-heal|p1a: Skarmory|92/100|[from] item: Leftovers
|upkeep
|turn|18
|
|t:|1728327136
|switch|p1a: Jirachi|Jirachi|100/100
|move|p2a: Zapdos|Thunderbolt|p1a: Jirachi
|-damage|p1a: Jirachi|58/100
|
|-weather|Sandstorm|[upkeep]
|-damage|p2a: Zapdos|94/100|[from] Sandstorm
|-heal|p2a: Zapdos|100/100|[from] item: Leftovers
|-heal|p1a: Jirachi|64/100|[from] item: Leftovers
|upkeep
|turn|19
|
|t:|1728327141
|switch|p1a: Tyranitar|Tyranitar, F|100/100
|move|p2a: Zapdos|Thunder Wave|p1a: Tyranitar
|-status|p1a: Tyranitar|par
|
|-weather|Sandstorm|[upkeep]
|-damage|p2a: Zapdos|94/100|[from] Sandstorm
|-heal|p2a: Zapdos|100/100|[from] item: Leftovers
|upkeep
|turn|20
|
|t:|1728327150
|switch|p2a: Swampert|Swampert, F|65/100 tox
|-damage|p2a: Swampert|49/100 tox|[from] Spikes
|cant|p1a: Tyranitar|par
|
|-weather|Sandstorm|[upkeep]
|-heal|p2a: Swampert|55/100 tox|[from] item: Leftovers
|-damage|p2a: Swampert|49/100 tox|[from] psn
|upkeep
|turn|21
|
|t:|1728327157
|switch|p1a: Salamence|Salamence, M|100/100
|-ability|p1a: Salamence|Intimidate|boost
|-unboost|p2a: Swampert|atk|1
|move|p2a: Swampert|Hydro Pump|p1a: Salamence
|-resisted|p1a: Salamence
|-damage|p1a: Salamence|81/100
|
|-weather|Sandstorm|[upkeep]
|-damage|p1a: Salamence|75/100|[from] Sandstorm
|-heal|p1a: Salamence|81/100|[from] item: Leftovers
|-heal|p2a: Swampert|55/100 tox|[from] item: Leftovers
|-damage|p2a: Swampert|43/100 tox|[from] psn
|upkeep
|turn|22
|
|t:|1728327164
|move|p1a: Salamence|Wish|p1a: Salamence
|move|p2a: Swampert|Ice Beam|p1a: Salamence
|-supereffective|p1a: Salamence
|-damage|p1a: Salamence|0 fnt
|faint|p1a: Salamence
|
|t:|1728327166
|switch|p1a: Jirachi|Jirachi|64/100
|
|-weather|Sandstorm|[upkeep]
|-heal|p1a: Jirachi|70/100|[from] item: Leftovers
|-heal|p2a: Swampert|49/100 tox|[from] item: Leftovers
|-damage|p2a: Swampert|30/100 tox|[from] psn
|upkeep
|turn|23
|
|t:|1728327170
|move|p1a: Jirachi|Psychic|p2a: Swampert
|-damage|p2a: Swampert|0 fnt
|faint|p2a: Swampert
|
|t:|1728327175
|switch|p2a: Tyranitar|Tyranitar, F|100/100
|-damage|p2a: Tyranitar|84/100|[from] Spikes
|
|-heal|p1a: Jirachi|100/100|[from] move: Wish|[wisher] Salamence
|-weather|Sandstorm|[upkeep]
|-heal|p2a: Tyranitar|90/100|[from] item: Leftovers
|upkeep
|turn|24
|
|t:|1728327179
|-singleturn|p2a: Tyranitar|move: Focus Punch
|switch|p1a: Skarmory|Skarmory, F|92/100
|move|p2a: Tyranitar|Focus Punch|p1a: Skarmory
|-damage|p1a: Skarmory|48/100
|
|-weather|Sandstorm|[upkeep]
|-heal|p1a: Skarmory|54/100|[from] item: Leftovers
|-heal|p2a: Tyranitar|96/100|[from] item: Leftovers
|upkeep
|turn|25
|
|t:|1728327186
|switch|p2a: Celebi|Celebi|100/100
|-damage|p2a: Celebi|84/100|[from] Spikes
|move|p1a: Skarmory|Toxic|p2a: Celebi
|-status|p2a: Celebi|tox
|
|-weather|Sandstorm|[upkeep]
|-damage|p2a: Celebi|78/100 tox|[from] Sandstorm
|-heal|p2a: Celebi|84/100 tox|[from] item: Leftovers
|-damage|p2a: Celebi|78/100 tox|[from] psn
|-heal|p1a: Skarmory|60/100|[from] item: Leftovers
|upkeep
|turn|26
|
|t:|1728327194
|move|p2a: Celebi|Leech Seed|p1a: Skarmory
|-start|p1a: Skarmory|move: Leech Seed
|move|p1a: Skarmory|Roar|p2a: Celebi
|-curestatus|p2a: Celebi|tox|[from] ability: Natural Cure
|drag|p2a: Zapdos|Zapdos|100/100
|
|-weather|Sandstorm|[upkeep]
|-damage|p2a: Zapdos|94/100|[from] Sandstorm
|-heal|p2a: Zapdos|100/100|[from] item: Leftovers
|-heal|p1a: Skarmory|66/100|[from] item: Leftovers
|-damage|p1a: Skarmory|54/100|[from] Leech Seed|[of] p2a: Zapdos
|upkeep
|turn|27
|
|t:|1728327200
|move|p2a: Zapdos|Thunderbolt|p1a: Skarmory
|-supereffective|p1a: Skarmory
|-damage|p1a: Skarmory|0 fnt
|faint|p1a: Skarmory
|
|t:|1728327202
|switch|p1a: Tyranitar|Tyranitar, F|100/100 par
|
|-weather|Sandstorm|[upkeep]
|-damage|p2a: Zapdos|94/100|[from] Sandstorm
|-heal|p2a: Zapdos|100/100|[from] item: Leftovers
|upkeep
|turn|28
|
|t:|1728327212
|switch|p2a: Celebi|Celebi|78/100
|-damage|p2a: Celebi|61/100|[from] Spikes
|cant|p1a: Tyranitar|par
|
|-weather|Sandstorm|[upkeep]
|-damage|p2a: Celebi|55/100|[from] Sandstorm
|-heal|p2a: Celebi|61/100|[from] item: Leftovers
|upkeep
|turn|29
|
|t:|1728327218
|move|p2a: Celebi|Leech Seed|p1a: Tyranitar|[miss]
|-miss|p2a: Celebi|p1a: Tyranitar
|move|p1a: Tyranitar|Rock Slide|p2a: Celebi
|-damage|p2a: Celebi|31/100
|
|-weather|Sandstorm|[upkeep]
|-damage|p2a: Celebi|25/100|[from] Sandstorm
|-heal|p2a: Celebi|31/100|[from] item: Leftovers
|upkeep
|turn|30
|
|t:|1728327223
|switch|p1a: Metagross|Metagross|100/100
|move|p2a: Celebi|Recover|p2a: Celebi
|-heal|p2a: Celebi|81/100
|
|-weather|Sandstorm|[upkeep]
|-damage|p2a: Celebi|75/100|[from] Sandstorm
|-heal|p2a: Celebi|81/100|[from] item: Leftovers
|upkeep
|turn|31
|
|t:|1728327230
|move|p2a: Celebi|Leech Seed|p1a: Metagross
|-start|p1a: Metagross|move: Leech Seed
|move|p1a: Metagross|Meteor Mash|p2a: Celebi
|-damage|p2a: Celebi|42/100
|
|-weather|Sandstorm|[upkeep]
|-damage|p2a: Celebi|35/100|[from] Sandstorm
|-heal|p2a: Celebi|42/100|[from] item: Leftovers
|-damage|p1a: Metagross|88/100|[from] Leech Seed|[of] p2a: Celebi
|-heal|p2a: Celebi|53/100|[silent]
|upkeep
|turn|32
|
|t:|1728327234
|switch|p1a: Jirachi|Jirachi|100/100
|move|p2a: Celebi|Recover|p2a: Celebi
|-heal|p2a: Celebi|100/100
|
|-weather|Sandstorm|[upkeep]
|-damage|p2a: Celebi|94/100|[from] Sandstorm
|-heal|p2a: Celebi|100/100|[from] item: Leftovers
|upkeep
|turn|33
|
|t:|1728327238
|move|p1a: Jirachi|Fire Punch|p2a: Celebi
|-supereffective|p2a: Celebi
|-damage|p2a: Celebi|70/100
|-status|p2a: Celebi|brn
|move|p2a: Celebi|Leech Seed|p1a: Jirachi
|-start|p1a: Jirachi|move: Leech Seed
|
|-weather|Sandstorm|[upkeep]
|-damage|p2a: Celebi|64/100 brn|[from] Sandstorm
|-damage|p1a: Jirachi|88/100|[from] Leech Seed|[of] p2a: Celebi
|-heal|p2a: Celebi|75/100 brn|[silent]
|-heal|p2a: Celebi|81/100 brn|[from] item: Leftovers
|-damage|p2a: Celebi|69/100 brn|[from] brn
|upkeep
|turn|34
|
|t:|1728327246
|move|p1a: Jirachi|Hidden Power|p2a: Celebi
|-resisted|p2a: Celebi
|-damage|p2a: Celebi|63/100 brn
|move|p2a: Celebi|Baton Pass|p2a: Celebi
|
|t:|1728327250
|-curestatus|p2a: Celebi|brn|[from] ability: Natural Cure
|switch|p2a: Tyranitar|Tyranitar, F|96/100|[from] Baton Pass
|-damage|p2a: Tyranitar|80/100|[from] Spikes
|
|-weather|Sandstorm|[upkeep]
|-heal|p1a: Jirachi|94/100|[from] item: Leftovers
|-damage|p1a: Jirachi|82/100|[from] Leech Seed|[of] p2a: Tyranitar
|-heal|p2a: Tyranitar|91/100|[silent]
|-heal|p2a: Tyranitar|97/100|[from] item: Leftovers
|upkeep
|turn|35
|
|t:|1728327254
|switch|p1a: Tyranitar|Tyranitar, F|100/100 par
|move|p2a: Tyranitar|Earthquake|p1a: Tyranitar
|-supereffective|p1a: Tyranitar
|-damage|p1a: Tyranitar|40/100 par
|
|-weather|Sandstorm|[upkeep]
|-heal|p2a: Tyranitar|100/100|[from] item: Leftovers
|-heal|p1a: Tyranitar|47/100 par|[from] item: Leftovers
|upkeep
|turn|36
|
|t:|1728327256
|move|p2a: Tyranitar|Earthquake|p1a: Tyranitar
|-supereffective|p1a: Tyranitar
|-damage|p1a: Tyranitar|0 fnt
|faint|p1a: Tyranitar
|
|t:|1728327258
|switch|p1a: Metagross|Metagross|88/100
|
|-weather|Sandstorm|[upkeep]
|-heal|p1a: Metagross|94/100|[from] item: Leftovers
|upkeep
|turn|37
|
|t:|1728327264
|switch|p1a: Jirachi|Jirachi|82/100
|move|p2a: Tyranitar|Earthquake|p1a: Jirachi
|-supereffective|p1a: Jirachi
|-damage|p1a: Jirachi|6/100
|
|-weather|Sandstorm|[upkeep]
|-heal|p1a: Jirachi|12/100|[from] item: Leftovers
|upkeep
|turn|38
|
|t:|1728327268
|move|p1a: Jirachi|Hidden Power|p2a: Tyranitar
|-supereffective|p2a: Tyranitar
|-damage|p2a: Tyranitar|66/100
|move|p2a: Tyranitar|Earthquake|p1a: Jirachi
|-supereffective|p1a: Jirachi
|-crit|p1a: Jirachi
|-damage|p1a: Jirachi|0 fnt
|faint|p1a: Jirachi
|
|t:|1728327271
|switch|p1a: Metagross|Metagross|94/100
|
|-weather|Sandstorm|[upkeep]
|-heal|p1a: Metagross|99/100|[from] item: Leftovers
|-heal|p2a: Tyranitar|72/100|[from] item: Leftovers
|upkeep
|turn|39
|
|t:|1728327274
|move|p1a: Metagross|Meteor Mash|p2a: Tyranitar
|-supereffective|p2a: Tyranitar
|-damage|p2a: Tyranitar|0 fnt
|faint|p2a: Tyranitar
|
|t:|1728327276
|switch|p2a: Zapdos|Zapdos|100/100
|
|-weather|Sandstorm|[upkeep]
|-damage|p2a: Zapdos|94/100|[from] Sandstorm
|-heal|p2a: Zapdos|100/100|[from] item: Leftovers
|-heal|p1a: Metagross|100/100|[from] item: Leftovers
|upkeep
|turn|40
|
|t:|1728327279
|move|p2a: Zapdos|Thunder Wave|p1a: Metagross
|-status|p1a: Metagross|par
|move|p1a: Metagross|Meteor Mash|p2a: Zapdos
|-resisted|p2a: Zapdos
|-damage|p2a: Zapdos|72/100
|-boost|p1a: Metagross|atk|1
|
|-weather|Sandstorm|[upkeep]
|-damage|p2a: Zapdos|66/100|[from] Sandstorm
|-heal|p2a: Zapdos|72/100|[from] item: Leftovers
|upkeep
|turn|41
|
|t:|1728327283
|move|p2a: Zapdos|Thunderbolt|p1a: Metagross
|-damage|p1a: Metagross|55/100 par
|cant|p1a: Metagross|par
|
|-weather|Sandstorm|[upkeep]
|-damage|p2a: Zapdos|66/100|[from] Sandstorm
|-heal|p2a: Zapdos|72/100|[from] item: Leftovers
|-heal|p1a: Metagross|61/100 par|[from] item: Leftovers
|upkeep
|turn|42
|
|t:|1728327286
|move|p2a: Zapdos|Thunderbolt|p1a: Metagross
|-damage|p1a: Metagross|12/100 par
|move|p1a: Metagross|Meteor Mash|p2a: Zapdos|[miss]
|-miss|p1a: Metagross|p2a: Zapdos
|
|-weather|Sandstorm|[upkeep]
|-damage|p2a: Zapdos|66/100|[from] Sandstorm
|-heal|p2a: Zapdos|72/100|[from] item: Leftovers
|-heal|p1a: Metagross|18/100 par|[from] item: Leftovers
|upkeep
|turn|43
|
|t:|1728327288
|move|p2a: Zapdos|Thunderbolt|p1a: Metagross
|-damage|p1a: Metagross|0 fnt
|faint|p1a: Metagross
|
|win|tamafuyu
|player|p1|
|c|☆tamafuyu|gg

</script>
<script type="application/json" class="data" id="replaydata-smogtours-gen3ou-796191">
{"id":"smogtours-gen3ou-796191","format":"[Gen 3] OU","players":["horsethatwentjao","tamafuyu"],"uploadtime":1728327288,"views":111,"formatid":"gen3ou","rating":null,"private":0,"password":null}
</script>

<script defer src="js/replays.js?9d40a366"></script>
