<!DOCTYPE html>
<meta charset="utf-8" />
<meta name="viewport" content="width=device-width" />

<title>[Gen 3] OU: CharBoy3000 vs. Milkshook♡ - Replays - Pok&eacute;mon Showdown!</title>

<meta name="description" content="Watch a replay of a Pok&eacute;mon battle between CharBoy3000 and Milkshook♡! Format: [Gen 3] OU; Date: Oct 12, 2024" />
<!--

Hey, you! Looking in the source for the replay log?

You can find them in JSON format, just add `.json` at the end of a replay URL.

https://replay.pokemonshowdown.com/gen7randomdoublesbattle-865046831.json

Or, if you only need the log itself, add `.log` instead:

https://replay.pokemonshowdown.com/gen7randomdoublesbattle-865046831.log

-->

<link rel="stylesheet" href="//pokemonshowdown.com/style/global.css?0.767286132409787" />
<link rel="stylesheet" href="//play.pokemonshowdown.com/style/font-awesome.css?0.9266228007934947" />
<link rel="stylesheet" href="//play.pokemonshowdown.com/style/battle.css?0.7924700842790926" />
<link rel="stylesheet" href="//play.pokemonshowdown.com/style/utilichart.css?0.8777417872839479" />

<!-- Global site tag (gtag.js) - Google Analytics -->
<script async src="https://www.googletagmanager.com/gtag/js?id=UA-26211653-1"></script>
<script>
  window.dataLayer = window.dataLayer || [];
  function gtag(){dataLayer.push(arguments);}
  gtag('js', new Date());

  gtag('config', 'UA-26211653-1');
</script>
<!-- End Google Analytics -->
<!-- Venatus Ad Manager - Install in <HEAD> of page -->
	<script src="https://hb.vntsm.com/v3/live/ad-manager.min.js" type="text/javascript" data-site-id="642aba63ec9a7b11c3c9c1be" data-mode="scan" async></script>
<!-- / Venatus Ad Manager -->

<style>
	@media (max-width:820px) {
		.battle {
			margin: 0 auto;
		}
		.battle-log {
			margin: 7px auto 0;
			max-width: 640px;
			height: 300px;
			position: static;
		}
	}
	.optgroup {
		display: inline-block;
		line-height: 22px;
		font-size: 10pt;
	}
	.optgroup .button {
		height: 25px;
		padding-top: 0;
		padding-bottom: 0;
	}
	.optgroup button.button {
		padding-left: 12px;
		padding-right: 12px;
	}
	.linklist {
		list-style: none;
		margin: 0.5em 0;
		padding: 0;
	}
	.linklist li {
		padding: 2px 0;
	}
	.sidebar {
		float: left;
		width: 320px;
	}
	.bar-wrapper {
		max-width: 1100px;
		margin: 0 auto;
	}
	.bar-wrapper.has-sidebar {
		max-width: 1430px;
	}
	.mainbar {
		margin: 0;
		padding-right: 1px;
	}
	.mainbar.has-sidebar {
		margin-left: 330px;
	}
	@media (min-width: 1511px) {
		.sidebar {
			width: 400px;
		}
		.bar-wrapper.has-sidebar {
			max-width: 1510px;
		}
		.mainbar.has-sidebar {
			margin-left: 410px;
		}
	}
	.section.first-section {
		margin-top: 9px;
	}
	.blocklink small {
		white-space: normal;
	}
	.button {
		vertical-align: middle;
	}
	.replay-controls {
		padding-top: 10px;
	}
	.replay-controls h1 {
		font-size: 16pt;
		font-weight: normal;
		color: #CCC;
	}
	.pagelink {
		text-align: center;
	}
	.pagelink a {
		width: 150px;
	}
	.textbox, .button {
		font-size: 11pt;
		vertical-align: middle;
	}
	@media (max-width: 450px) {
		.button {
			font-size: 9pt;
		}
	}
</style>

<div>

	<header>
		<div class="nav-wrapper"><ul class="nav">
			<li><a class="button nav-first" href="//pokemonshowdown.com/"><img src="//pokemonshowdown.com/images/pokemonshowdownbeta.png" srcset="//pokemonshowdown.com/images/pokemonshowdownbeta.png 1x, //pokemonshowdown.com/images/pokemonshowdownbeta@2x.png 2x" alt="Pok&eacute;mon Showdown" width="146" height="44" /> Home</a></li>
			<li><a class="button" href="//pokemonshowdown.com/dex/">Pok&eacute;dex</a></li>
			<li><a class="button cur" href="/">Replays</a></li>
			<li><a class="button" href="//pokemonshowdown.com/ladder/">Ladder</a></li>
			<li><a class="button nav-last" href="//pokemonshowdown.com/forums/">Forum</a></li>
			<li><a class="button greenbutton nav-first nav-last" href="//play.pokemonshowdown.com/">Play</a></li>
		</ul></div>
	</header>

	<div class="main" id="main">

		<noscript><section class="section">You need to enable JavaScript to use this page; sorry!</section></noscript>

	</div>

</div>

<script defer nomodule src="//play.pokemonshowdown.com/js/lib/ps-polyfill.js"></script>
<script defer src="//play.pokemonshowdown.com/js/lib/preact.min.js"></script>

<script defer src="//play.pokemonshowdown.com/config/config.js?6dec07f6"></script>
<script defer src="//play.pokemonshowdown.com/js/lib/jquery-1.11.0.min.js"></script>
<script defer src="//play.pokemonshowdown.com/js/lib/html-sanitizer-minified.js"></script>
<script defer src="//play.pokemonshowdown.com/js/battle-sound.js"></script>
<script defer src="//play.pokemonshowdown.com/js/battledata.js?0.6315294753075389"></script>
<script defer src="//play.pokemonshowdown.com/data/pokedex-mini.js?0.7603743185311358"></script>
<script defer src="//play.pokemonshowdown.com/data/pokedex-mini-bw.js?0.030888842834281283"></script>
<script defer src="//play.pokemonshowdown.com/data/graphics.js?0.05593094747507488"></script>
<script defer src="//play.pokemonshowdown.com/data/pokedex.js?0.47064822249611904"></script>
<script defer src="//play.pokemonshowdown.com/data/moves.js?0.8583693120512459"></script>
<script defer src="//play.pokemonshowdown.com/data/abilities.js?0.16017181182386842"></script>
<script defer src="//play.pokemonshowdown.com/data/items.js?0.4163379185673943"></script>
<script defer src="//play.pokemonshowdown.com/data/teambuilder-tables.js?0.31075597372830477"></script>
<script defer src="//play.pokemonshowdown.com/js/battle-tooltips.js?0.6536193500708172"></script>
<script defer src="//play.pokemonshowdown.com/js/battle.js?0.1916591943277901"></script>

<script defer src="js/utils.js?e31f9a17"></script>
<script defer src="js/replays-battle.js?7008c182"></script>

<!-- don't scrape this data! just add .json or .log after the URL!
Full API docs: https://github.com/smogon/pokemon-showdown-client/blob/master/WEB-API.md -->
<script type="text/plain" class="log" id="replaylog-smogtours-gen3ou-797859">
|inactive|Battle timer is ON: inactive players will automatically lose when time's up.
|t:|1728773094
|gametype|singles
|player|p1|CharBoy3000|blaine|
|player|p2|Milkshook♡|iris-gen5bw2|
|teamsize|p1|6
|teamsize|p2|6
|gen|3
|tier|[Gen 3] OU
|rule|Sleep Clause Mod: Limit one foe put to sleep
|rule|Switch Priority Clause Mod: Faster Pokémon switch first
|rule|Species Clause: Limit one of each Pokémon
|rule|OHKO Clause: OHKO moves are banned
|rule|Evasion Items Clause: Evasion items are banned
|rule|Evasion Moves Clause: Evasion moves are banned
|rule|Endless Battle Clause: Forcing endless battles is banned
|rule|HP Percentage Mod: HP is shown in percentages
|rule|One Boost Passer Clause: Limit one Baton Passer that has a way to boost its stats
|rule|Freeze Clause Mod: Limit one foe frozen
|
|t:|1728773094
|start
|switch|p1a: Metagross|Metagross|100/100
|switch|p2a: Tyranitar|Tyranitar, M|100/100
|-weather|Sandstorm|[from] ability: Sand Stream|[of] p2a: Tyranitar
|turn|1
|inactive|Milkshook♡ also wants the timer to be on.
|c|☆Milkshook♡|gl hf
|
|t:|1728773110
|switch|p2a: Skarmory|Skarmory, F|100/100
|move|p1a: Metagross|Meteor Mash|p2a: Skarmory
|-resisted|p2a: Skarmory
|-crit|p2a: Skarmory
|-damage|p2a: Skarmory|55/100
|
|-weather|Sandstorm|[upkeep]
|-heal|p2a: Skarmory|61/100|[from] item: Leftovers
|upkeep
|turn|2
|c|☆CharBoy3000|Hf
|
|t:|1728773133
|switch|p1a: Magneton|Magneton|100/100
|move|p2a: Skarmory|Spikes|p1a: Magneton
|-sidestart|p1: CharBoy3000|Spikes
|
|-weather|Sandstorm|[upkeep]
|-heal|p2a: Skarmory|67/100|[from] item: Leftovers
|upkeep
|turn|3
|
|t:|1728773138
|move|p1a: Magneton|Thunderbolt|p2a: Skarmory
|-supereffective|p2a: Skarmory
|-damage|p2a: Skarmory|0 fnt
|faint|p2a: Skarmory
|
|t:|1728773151
|switch|p2a: Flygon|Flygon, M|100/100
|
|-weather|Sandstorm|[upkeep]
|upkeep
|turn|4
|
|t:|1728773168
|switch|p2a: Zapdos|Zapdos|100/100
|switch|p1a: Blissey|Blissey, F|100/100
|-damage|p1a: Blissey|88/100|[from] Spikes
|
|-weather|Sandstorm|[upkeep]
|-damage|p2a: Zapdos|94/100|[from] Sandstorm
|-damage|p1a: Blissey|82/100|[from] Sandstorm
|-heal|p2a: Zapdos|100/100|[from] item: Leftovers
|-heal|p1a: Blissey|88/100|[from] item: Leftovers
|upkeep
|turn|5
|
|t:|1728773181
|move|p1a: Blissey|Seismic Toss|p2a: Zapdos
|-damage|p2a: Zapdos|74/100
|move|p2a: Zapdos|Roar|p1a: Blissey
|drag|p1a: Magneton|Magneton|100/100
|-damage|p1a: Magneton|88/100|[from] Spikes
|
|-weather|Sandstorm|[upkeep]
|-damage|p2a: Zapdos|68/100|[from] Sandstorm
|-heal|p2a: Zapdos|74/100|[from] item: Leftovers
|upkeep
|turn|6
|
|t:|1728773188
|switch|p2a: Flygon|Flygon, M|100/100
|move|p1a: Magneton|Thunder Wave|p2a: Flygon
|-immune|p2a: Flygon
|
|-weather|Sandstorm|[upkeep]
|upkeep
|turn|7
|
|t:|1728773191
|switch|p1a: Blissey|Blissey, F|88/100
|-damage|p1a: Blissey|76/100|[from] Spikes
|move|p2a: Flygon|Earthquake|p1a: Blissey
|-damage|p1a: Blissey|44/100
|
|-weather|Sandstorm|[upkeep]
|-damage|p1a: Blissey|38/100|[from] Sandstorm
|-heal|p1a: Blissey|44/100|[from] item: Leftovers
|upkeep
|turn|8
|
|t:|1728773211
|move|p2a: Flygon|Toxic|p1a: Blissey
|-status|p1a: Blissey|tox
|move|p1a: Blissey|Soft-Boiled|p1a: Blissey
|-heal|p1a: Blissey|94/100 tox
|
|-weather|Sandstorm|[upkeep]
|-damage|p1a: Blissey|88/100 tox|[from] Sandstorm
|-heal|p1a: Blissey|94/100 tox|[from] item: Leftovers
|-damage|p1a: Blissey|88/100 tox|[from] psn
|upkeep
|turn|9
|
|t:|1728773219
|switch|p2a: Zapdos|Zapdos|74/100
|move|p1a: Blissey|Counter|p2a: Zapdos
|
|-weather|Sandstorm|[upkeep]
|-damage|p2a: Zapdos|68/100|[from] Sandstorm
|-damage|p1a: Blissey|82/100 tox|[from] Sandstorm
|-heal|p2a: Zapdos|74/100|[from] item: Leftovers
|-heal|p1a: Blissey|88/100 tox|[from] item: Leftovers
|-damage|p1a: Blissey|76/100 tox|[from] psn
|upkeep
|turn|10
|
|t:|1728773228
|-curestatus|p1a: Blissey|tox|[from] ability: Natural Cure
|switch|p1a: Magneton|Magneton|88/100
|-damage|p1a: Magneton|76/100|[from] Spikes
|move|p2a: Zapdos|Thunderbolt|p1a: Magneton
|-resisted|p1a: Magneton
|-damage|p1a: Magneton|46/100
|
|-weather|Sandstorm|[upkeep]
|-damage|p2a: Zapdos|68/100|[from] Sandstorm
|-heal|p2a: Zapdos|74/100|[from] item: Leftovers
|upkeep
|turn|11
|
|t:|1728773238
|move|p1a: Magneton|Metal Sound|p2a: Zapdos
|-unboost|p2a: Zapdos|spd|2
|move|p2a: Zapdos|Roar|p1a: Magneton
|drag|p1a: Tyranitar|Tyranitar, F|100/100
|-damage|p1a: Tyranitar|88/100|[from] Spikes
|
|-weather|Sandstorm|[upkeep]
|-damage|p2a: Zapdos|68/100|[from] Sandstorm
|-heal|p2a: Zapdos|74/100|[from] item: Leftovers
|-heal|p1a: Tyranitar|94/100|[from] item: Leftovers
|upkeep
|turn|12
|
|t:|1728773258
|switch|p2a: Flygon|Flygon, M|100/100
|move|p1a: Tyranitar|Rock Slide|p2a: Flygon
|-resisted|p2a: Flygon
|-damage|p2a: Flygon|82/100
|
|-weather|Sandstorm|[upkeep]
|-heal|p2a: Flygon|88/100|[from] item: Leftovers
|-heal|p1a: Tyranitar|100/100|[from] item: Leftovers
|upkeep
|turn|13
|
|t:|1728773270
|switch|p1a: Salamence|Salamence, F|100/100
|-ability|p1a: Salamence|Intimidate|boost
|-unboost|p2a: Flygon|atk|1
|move|p2a: Flygon|Toxic|p1a: Salamence
|-status|p1a: Salamence|tox
|
|-weather|Sandstorm|[upkeep]
|-damage|p1a: Salamence|94/100 tox|[from] Sandstorm
|-heal|p1a: Salamence|100/100 tox|[from] item: Leftovers
|-damage|p1a: Salamence|94/100 tox|[from] psn
|-heal|p2a: Flygon|94/100|[from] item: Leftovers
|upkeep
|turn|14
|
|t:|1728773286
|switch|p1a: Blissey|Blissey, F|76/100
|-damage|p1a: Blissey|63/100|[from] Spikes
|move|p2a: Flygon|Rock Slide|p1a: Blissey
|-damage|p1a: Blissey|53/100
|
|-weather|Sandstorm|[upkeep]
|-damage|p1a: Blissey|47/100|[from] Sandstorm
|-heal|p2a: Flygon|100/100|[from] item: Leftovers
|-heal|p1a: Blissey|53/100|[from] item: Leftovers
|upkeep
|turn|15
|
|t:|1728773296
|move|p2a: Flygon|Toxic|p1a: Blissey
|-status|p1a: Blissey|tox
|move|p1a: Blissey|Soft-Boiled|p1a: Blissey
|-heal|p1a: Blissey|100/100 tox
|
|-weather|Sandstorm|[upkeep]
|-damage|p1a: Blissey|94/100 tox|[from] Sandstorm
|-heal|p1a: Blissey|100/100 tox|[from] item: Leftovers
|-damage|p1a: Blissey|94/100 tox|[from] psn
|upkeep
|turn|16
|
|t:|1728773299
|switch|p2a: Zapdos|Zapdos|74/100
|move|p1a: Blissey|Ice Beam|p2a: Zapdos
|-supereffective|p2a: Zapdos
|-damage|p2a: Zapdos|50/100
|
|-weather|Sandstorm|[upkeep]
|-damage|p2a: Zapdos|43/100|[from] Sandstorm
|-damage|p1a: Blissey|88/100 tox|[from] Sandstorm
|-heal|p2a: Zapdos|50/100|[from] item: Leftovers
|-heal|p1a: Blissey|94/100 tox|[from] item: Leftovers
|-damage|p1a: Blissey|82/100 tox|[from] psn
|upkeep
|turn|17
|
|t:|1728773308
|move|p2a: Zapdos|Rest|p2a: Zapdos
|-status|p2a: Zapdos|slp|[from] move: Rest
|-heal|p2a: Zapdos|100/100 slp|[silent]
|move|p1a: Blissey|Ice Beam|p2a: Zapdos
|-supereffective|p2a: Zapdos
|-crit|p2a: Zapdos
|-damage|p2a: Zapdos|50/100 slp
|
|-weather|Sandstorm|[upkeep]
|-damage|p2a: Zapdos|44/100 slp|[from] Sandstorm
|-damage|p1a: Blissey|76/100 tox|[from] Sandstorm
|-heal|p2a: Zapdos|50/100 slp|[from] item: Leftovers
|-heal|p1a: Blissey|82/100 tox|[from] item: Leftovers
|-damage|p1a: Blissey|63/100 tox|[from] psn
|upkeep
|turn|18
|
|t:|1728773320
|-curestatus|p1a: Blissey|tox|[from] ability: Natural Cure
|switch|p1a: Snorlax|Snorlax, F|100/100
|-damage|p1a: Snorlax|88/100|[from] Spikes
|cant|p2a: Zapdos|slp
|
|-weather|Sandstorm|[upkeep]
|-damage|p2a: Zapdos|44/100 slp|[from] Sandstorm
|-damage|p1a: Snorlax|82/100|[from] Sandstorm
|-heal|p2a: Zapdos|50/100 slp|[from] item: Leftovers
|-heal|p1a: Snorlax|88/100|[from] item: Leftovers
|upkeep
|turn|19
|
|t:|1728773344
|switch|p2a: Tyranitar|Tyranitar, M|100/100
|move|p1a: Snorlax|Curse|p1a: Snorlax
|-unboost|p1a: Snorlax|spe|1
|-boost|p1a: Snorlax|atk|1
|-boost|p1a: Snorlax|def|1
|
|-weather|Sandstorm|[upkeep]
|-damage|p1a: Snorlax|82/100|[from] Sandstorm
|-heal|p1a: Snorlax|88/100|[from] item: Leftovers
|upkeep
|turn|20
|
|t:|1728773348
|move|p2a: Tyranitar|Crunch|p1a: Snorlax
|-damage|p1a: Snorlax|67/100
|move|p1a: Snorlax|Earthquake|p2a: Tyranitar
|-supereffective|p2a: Tyranitar
|-damage|p2a: Tyranitar|35/100
|
|-weather|Sandstorm|[upkeep]
|-damage|p1a: Snorlax|60/100|[from] Sandstorm
|-heal|p1a: Snorlax|67/100|[from] item: Leftovers
|upkeep
|turn|21
|
|t:|1728773354
|move|p2a: Tyranitar|Crunch|p1a: Snorlax
|-damage|p1a: Snorlax|48/100
|move|p1a: Snorlax|Earthquake|p2a: Tyranitar
|-supereffective|p2a: Tyranitar
|-damage|p2a: Tyranitar|0 fnt
|faint|p2a: Tyranitar
|inactive|Milkshook♡ has 270 seconds left.
|inactive|Milkshook♡ has 240 seconds left.
|
|t:|1728773434
|switch|p2a: Flygon|Flygon, M|100/100
|
|-weather|Sandstorm|[upkeep]
|-damage|p1a: Snorlax|42/100|[from] Sandstorm
|-heal|p1a: Snorlax|48/100|[from] item: Leftovers
|upkeep
|turn|22
|
|t:|1728773443
|move|p2a: Flygon|Earthquake|p1a: Snorlax
|-damage|p1a: Snorlax|29/100
|move|p1a: Snorlax|Shadow Ball|p2a: Flygon
|-damage|p2a: Flygon|72/100
|
|-weather|Sandstorm|[upkeep]
|-damage|p1a: Snorlax|23/100|[from] Sandstorm
|-heal|p2a: Flygon|78/100|[from] item: Leftovers
|-heal|p1a: Snorlax|29/100|[from] item: Leftovers
|upkeep
|turn|23
|
|t:|1728773455
|move|p2a: Flygon|Protect|p2a: Flygon
|-singleturn|p2a: Flygon|Protect
|move|p1a: Snorlax|Self-Destruct|p2a: Flygon
|-activate|p2a: Flygon|Protect
|faint|p1a: Snorlax
|
|t:|1728773459
|switch|p1a: Blissey|Blissey, F|63/100
|-damage|p1a: Blissey|51/100|[from] Spikes
|
|-weather|Sandstorm|[upkeep]
|-damage|p1a: Blissey|45/100|[from] Sandstorm
|-heal|p2a: Flygon|84/100|[from] item: Leftovers
|-heal|p1a: Blissey|51/100|[from] item: Leftovers
|upkeep
|turn|24
|inactive|Milkshook♡ has 240 seconds left.
|
|t:|1728773475
|switch|p2a: Jirachi|Jirachi|100/100
|move|p1a: Blissey|Soft-Boiled|p1a: Blissey
|-heal|p1a: Blissey|100/100
|
|-weather|Sandstorm|[upkeep]
|-damage|p1a: Blissey|94/100|[from] Sandstorm
|-heal|p1a: Blissey|100/100|[from] item: Leftovers
|upkeep
|turn|25
|
|t:|1728773482
|switch|p1a: Magneton|Magneton|46/100
|-damage|p1a: Magneton|34/100|[from] Spikes
|move|p2a: Jirachi|Toxic|p1a: Magneton
|-immune|p1a: Magneton
|
|-weather|Sandstorm|[upkeep]
|upkeep
|turn|26
|
|t:|1728773488
|move|p2a: Jirachi|Fire Punch|p1a: Magneton
|-supereffective|p1a: Magneton
|-damage|p1a: Magneton|0 fnt
|faint|p1a: Magneton
|
|t:|1728773500
|switch|p1a: Salamence|Salamence, F|94/100 tox
|-ability|p1a: Salamence|Intimidate|boost
|-unboost|p2a: Jirachi|atk|1
|
|-weather|Sandstorm|[upkeep]
|-damage|p1a: Salamence|88/100 tox|[from] Sandstorm
|-heal|p1a: Salamence|94/100 tox|[from] item: Leftovers
|-damage|p1a: Salamence|88/100 tox|[from] psn
|upkeep
|turn|27
|
|t:|1728773509
|switch|p2a: Flygon|Flygon, M|84/100
|move|p1a: Salamence|Dragon Dance|p1a: Salamence
|-boost|p1a: Salamence|atk|1
|-boost|p1a: Salamence|spe|1
|
|-weather|Sandstorm|[upkeep]
|-damage|p1a: Salamence|82/100 tox|[from] Sandstorm
|-heal|p1a: Salamence|88/100 tox|[from] item: Leftovers
|-damage|p1a: Salamence|76/100 tox|[from] psn
|-heal|p2a: Flygon|90/100|[from] item: Leftovers
|upkeep
|turn|28
|
|t:|1728773512
|move|p1a: Salamence|Dragon Dance|p1a: Salamence
|-boost|p1a: Salamence|atk|1
|-boost|p1a: Salamence|spe|1
|move|p2a: Flygon|Rock Slide|p1a: Salamence
|-supereffective|p1a: Salamence
|-damage|p1a: Salamence|35/100 tox
|
|-weather|Sandstorm|[upkeep]
|-damage|p1a: Salamence|29/100 tox|[from] Sandstorm
|-heal|p1a: Salamence|35/100 tox|[from] item: Leftovers
|-damage|p1a: Salamence|17/100 tox|[from] psn
|-heal|p2a: Flygon|96/100|[from] item: Leftovers
|upkeep
|turn|29
|inactive|Milkshook♡ has 270 seconds left.
|
|t:|1728773518
|move|p2a: Flygon|Protect|p2a: Flygon
|-singleturn|p2a: Flygon|Protect
|move|p1a: Salamence|Hidden Power|p2a: Flygon
|-activate|p2a: Flygon|Protect
|
|-weather|Sandstorm|[upkeep]
|-damage|p1a: Salamence|11/100 tox|[from] Sandstorm
|-heal|p1a: Salamence|17/100 tox|[from] item: Leftovers
|-damage|p1a: Salamence|0 fnt|[from] psn
|faint|p1a: Salamence
|-heal|p2a: Flygon|100/100|[from] item: Leftovers
|upkeep
|
|t:|1728773520
|switch|p1a: Blissey|Blissey, F|100/100
|-damage|p1a: Blissey|88/100|[from] Spikes
|turn|30
|
|t:|1728773525
|switch|p2a: Jirachi|Jirachi|100/100
|move|p1a: Blissey|Seismic Toss|p2a: Jirachi
|-damage|p2a: Jirachi|76/100
|
|-weather|Sandstorm|[upkeep]
|-damage|p1a: Blissey|82/100|[from] Sandstorm
|-heal|p2a: Jirachi|82/100|[from] item: Leftovers
|-heal|p1a: Blissey|88/100|[from] item: Leftovers
|upkeep
|turn|31
|
|t:|1728773530
|switch|p1a: Metagross|Metagross|100/100
|-damage|p1a: Metagross|88/100|[from] Spikes
|move|p2a: Jirachi|Toxic|p1a: Metagross|[miss]
|-miss|p2a: Jirachi|p1a: Metagross
|
|-weather|Sandstorm|[upkeep]
|-heal|p2a: Jirachi|88/100|[from] item: Leftovers
|-heal|p1a: Metagross|94/100|[from] item: Leftovers
|upkeep
|turn|32
|
|t:|1728773536
|move|p2a: Jirachi|Fire Punch|p1a: Metagross
|-supereffective|p1a: Metagross
|-crit|p1a: Metagross
|-damage|p1a: Metagross|24/100
|move|p1a: Metagross|Earthquake|p2a: Jirachi
|-supereffective|p2a: Jirachi
|-damage|p2a: Jirachi|23/100
|
|-weather|Sandstorm|[upkeep]
|-heal|p2a: Jirachi|29/100|[from] item: Leftovers
|-heal|p1a: Metagross|30/100|[from] item: Leftovers
|upkeep
|turn|33
|
|t:|1728773549
|move|p2a: Jirachi|Fire Punch|p1a: Metagross
|-supereffective|p1a: Metagross
|-crit|p1a: Metagross
|-damage|p1a: Metagross|0 fnt
|faint|p1a: Metagross
|
|t:|1728773551
|switch|p1a: Tyranitar|Tyranitar, F|100/100
|-damage|p1a: Tyranitar|88/100|[from] Spikes
|
|-weather|Sandstorm|[upkeep]
|-heal|p1a: Tyranitar|94/100|[from] item: Leftovers
|-heal|p2a: Jirachi|35/100|[from] item: Leftovers
|upkeep
|turn|34
|
|t:|1728773559
|switch|p1a: Blissey|Blissey, F|88/100
|-damage|p1a: Blissey|76/100|[from] Spikes
|switch|p2a: Flygon|Flygon, M|100/100
|
|-weather|Sandstorm|[upkeep]
|-damage|p1a: Blissey|70/100|[from] Sandstorm
|-heal|p1a: Blissey|76/100|[from] item: Leftovers
|upkeep
|turn|35
|
|t:|1728773564
|switch|p2a: Jirachi|Jirachi|35/100
|move|p1a: Blissey|Seismic Toss|p2a: Jirachi
|-damage|p2a: Jirachi|10/100
|
|-weather|Sandstorm|[upkeep]
|-damage|p1a: Blissey|70/100|[from] Sandstorm
|-heal|p2a: Jirachi|17/100|[from] item: Leftovers
|-heal|p1a: Blissey|76/100|[from] item: Leftovers
|upkeep
|turn|36
|
|t:|1728773568
|move|p2a: Jirachi|Toxic|p1a: Blissey
|-status|p1a: Blissey|tox
|move|p1a: Blissey|Seismic Toss|p2a: Jirachi
|-damage|p2a: Jirachi|0 fnt
|faint|p2a: Jirachi
|
|t:|1728773579
|switch|p2a: Gyarados|Gyarados, M|100/100
|-ability|p2a: Gyarados|Intimidate|boost
|-unboost|p1a: Blissey|atk|1
|
|-weather|Sandstorm|[upkeep]
|-damage|p2a: Gyarados|94/100|[from] Sandstorm
|-damage|p1a: Blissey|70/100 tox|[from] Sandstorm
|-heal|p2a: Gyarados|100/100|[from] item: Leftovers
|-heal|p1a: Blissey|76/100 tox|[from] item: Leftovers
|-damage|p1a: Blissey|70/100 tox|[from] psn
|upkeep
|turn|37
|
|t:|1728773583
|-curestatus|p1a: Blissey|tox|[from] ability: Natural Cure
|switch|p1a: Tyranitar|Tyranitar, F|94/100
|-damage|p1a: Tyranitar|82/100|[from] Spikes
|move|p2a: Gyarados|Dragon Dance|p2a: Gyarados
|-boost|p2a: Gyarados|atk|1
|-boost|p2a: Gyarados|spe|1
|
|-weather|Sandstorm|[upkeep]
|-damage|p2a: Gyarados|94/100|[from] Sandstorm
|-heal|p2a: Gyarados|100/100|[from] item: Leftovers
|-heal|p1a: Tyranitar|88/100|[from] item: Leftovers
|upkeep
|turn|38
|
|t:|1728773590
|move|p2a: Gyarados|Earthquake|p1a: Tyranitar
|-supereffective|p1a: Tyranitar
|-damage|p1a: Tyranitar|0 fnt
|faint|p1a: Tyranitar
|
|t:|1728773592
|switch|p1a: Blissey|Blissey, F|70/100
|-damage|p1a: Blissey|57/100|[from] Spikes
|
|-weather|Sandstorm|[upkeep]
|-damage|p2a: Gyarados|94/100|[from] Sandstorm
|-damage|p1a: Blissey|51/100|[from] Sandstorm
|-heal|p2a: Gyarados|100/100|[from] item: Leftovers
|-heal|p1a: Blissey|57/100|[from] item: Leftovers
|upkeep
|turn|39
|
|t:|1728773596
|move|p2a: Gyarados|Taunt|p1a: Blissey
|-start|p1a: Blissey|move: Taunt
|move|p1a: Blissey|Counter|p2a: Gyarados
|
|-weather|Sandstorm|[upkeep]
|-damage|p2a: Gyarados|94/100|[from] Sandstorm
|-damage|p1a: Blissey|51/100|[from] Sandstorm
|-heal|p2a: Gyarados|100/100|[from] item: Leftovers
|-heal|p1a: Blissey|57/100|[from] item: Leftovers
|upkeep
|turn|40
|
|t:|1728773600
|move|p2a: Gyarados|Earthquake|p1a: Blissey
|-damage|p1a: Blissey|16/100
|move|p1a: Blissey|Counter|p2a: Gyarados
|-damage|p2a: Gyarados|0 fnt
|faint|p2a: Gyarados
|
|t:|1728773603
|switch|p2a: Flygon|Flygon, M|100/100
|
|-weather|Sandstorm|[upkeep]
|-damage|p1a: Blissey|10/100|[from] Sandstorm
|-heal|p1a: Blissey|16/100|[from] item: Leftovers
|-end|p1a: Blissey|move: Taunt|[silent]
|upkeep
|turn|41
|
|t:|1728773605
|move|p2a: Flygon|Earthquake|p1a: Blissey
|-damage|p1a: Blissey|0 fnt
|faint|p1a: Blissey
|
|win|Milkshook♡
|c|☆Milkshook♡|gg
|c|☆CharBoy3000|Gg wp!
|player|p1|
|c|☆Milkshook♡|u too

</script>
<script type="application/json" class="data" id="replaydata-smogtours-gen3ou-797859">
{"id":"smogtours-gen3ou-797859","format":"[Gen 3] OU","players":["CharBoy3000","Milkshook\u2661"],"uploadtime":1728773605,"views":89,"formatid":"gen3ou","rating":null,"private":0,"password":null}
</script>

<script defer src="js/replays.js?9d40a366"></script>
