<!DOCTYPE html>
<meta charset="utf-8" />
<meta name="viewport" content="width=device-width" />

<title>[Gen 3] OU: Whiscash Cuajao vs. WombatBaby - Replays - Pok&eacute;mon Showdown!</title>

<meta name="description" content="Watch a replay of a Pok&eacute;mon battle between Whiscash Cuajao and WombatBaby! Format: [Gen 3] OU; Date: Oct 1, 2024" />
<!--

Hey, you! Looking in the source for the replay log?

You can find them in JSON format, just add `.json` at the end of a replay URL.

https://replay.pokemonshowdown.com/gen7randomdoublesbattle-865046831.json

Or, if you only need the log itself, add `.log` instead:

https://replay.pokemonshowdown.com/gen7randomdoublesbattle-865046831.log

-->

<link rel="stylesheet" href="//pokemonshowdown.com/style/global.css?0.767286132409787" />
<link rel="stylesheet" href="//play.pokemonshowdown.com/style/font-awesome.css?0.9266228007934947" />
<link rel="stylesheet" href="//play.pokemonshowdown.com/style/battle.css?0.7924700842790926" />
<link rel="stylesheet" href="//play.pokemonshowdown.com/style/utilichart.css?0.8777417872839479" />

<!-- Global site tag (gtag.js) - Google Analytics -->
<script async src="https://www.googletagmanager.com/gtag/js?id=UA-26211653-1"></script>
<script>
  window.dataLayer = window.dataLayer || [];
  function gtag(){dataLayer.push(arguments);}
  gtag('js', new Date());

  gtag('config', 'UA-26211653-1');
</script>
<!-- End Google Analytics -->
<!-- Venatus Ad Manager - Install in <HEAD> of page -->
	<script src="https://hb.vntsm.com/v3/live/ad-manager.min.js" type="text/javascript" data-site-id="642aba63ec9a7b11c3c9c1be" data-mode="scan" async></script>
<!-- / Venatus Ad Manager -->

<style>
	@media (max-width:820px) {
		.battle {
			margin: 0 auto;
		}
		.battle-log {
			margin: 7px auto 0;
			max-width: 640px;
			height: 300px;
			position: static;
		}
	}
	.optgroup {
		display: inline-block;
		line-height: 22px;
		font-size: 10pt;
	}
	.optgroup .button {
		height: 25px;
		padding-top: 0;
		padding-bottom: 0;
	}
	.optgroup button.button {
		padding-left: 12px;
		padding-right: 12px;
	}
	.linklist {
		list-style: none;
		margin: 0.5em 0;
		padding: 0;
	}
	.linklist li {
		padding: 2px 0;
	}
	.sidebar {
		float: left;
		width: 320px;
	}
	.bar-wrapper {
		max-width: 1100px;
		margin: 0 auto;
	}
	.bar-wrapper.has-sidebar {
		max-width: 1430px;
	}
	.mainbar {
		margin: 0;
		padding-right: 1px;
	}
	.mainbar.has-sidebar {
		margin-left: 330px;
	}
	@media (min-width: 1511px) {
		.sidebar {
			width: 400px;
		}
		.bar-wrapper.has-sidebar {
			max-width: 1510px;
		}
		.mainbar.has-sidebar {
			margin-left: 410px;
		}
	}
	.section.first-section {
		margin-top: 9px;
	}
	.blocklink small {
		white-space: normal;
	}
	.button {
		vertical-align: middle;
	}
	.replay-controls {
		padding-top: 10px;
	}
	.replay-controls h1 {
		font-size: 16pt;
		font-weight: normal;
		color: #CCC;
	}
	.pagelink {
		text-align: center;
	}
	.pagelink a {
		width: 150px;
	}
	.textbox, .button {
		font-size: 11pt;
		vertical-align: middle;
	}
	@media (max-width: 450px) {
		.button {
			font-size: 9pt;
		}
	}
</style>

<div>

	<header>
		<div class="nav-wrapper"><ul class="nav">
			<li><a class="button nav-first" href="//pokemonshowdown.com/"><img src="//pokemonshowdown.com/images/pokemonshowdownbeta.png" srcset="//pokemonshowdown.com/images/pokemonshowdownbeta.png 1x, //pokemonshowdown.com/images/pokemonshowdownbeta@2x.png 2x" alt="Pok&eacute;mon Showdown" width="146" height="44" /> Home</a></li>
			<li><a class="button" href="//pokemonshowdown.com/dex/">Pok&eacute;dex</a></li>
			<li><a class="button cur" href="/">Replays</a></li>
			<li><a class="button" href="//pokemonshowdown.com/ladder/">Ladder</a></li>
			<li><a class="button nav-last" href="//pokemonshowdown.com/forums/">Forum</a></li>
			<li><a class="button greenbutton nav-first nav-last" href="//play.pokemonshowdown.com/">Play</a></li>
		</ul></div>
	</header>

	<div class="main" id="main">

		<noscript><section class="section">You need to enable JavaScript to use this page; sorry!</section></noscript>

	</div>

</div>

<script defer nomodule src="//play.pokemonshowdown.com/js/lib/ps-polyfill.js"></script>
<script defer src="//play.pokemonshowdown.com/js/lib/preact.min.js"></script>

<script defer src="//play.pokemonshowdown.com/config/config.js?6dec07f6"></script>
<script defer src="//play.pokemonshowdown.com/js/lib/jquery-1.11.0.min.js"></script>
<script defer src="//play.pokemonshowdown.com/js/lib/html-sanitizer-minified.js"></script>
<script defer src="//play.pokemonshowdown.com/js/battle-sound.js"></script>
<script defer src="//play.pokemonshowdown.com/js/battledata.js?0.6315294753075389"></script>
<script defer src="//play.pokemonshowdown.com/data/pokedex-mini.js?0.7603743185311358"></script>
<script defer src="//play.pokemonshowdown.com/data/pokedex-mini-bw.js?0.030888842834281283"></script>
<script defer src="//play.pokemonshowdown.com/data/graphics.js?0.05593094747507488"></script>
<script defer src="//play.pokemonshowdown.com/data/pokedex.js?0.47064822249611904"></script>
<script defer src="//play.pokemonshowdown.com/data/moves.js?0.8583693120512459"></script>
<script defer src="//play.pokemonshowdown.com/data/abilities.js?0.16017181182386842"></script>
<script defer src="//play.pokemonshowdown.com/data/items.js?0.4163379185673943"></script>
<script defer src="//play.pokemonshowdown.com/data/teambuilder-tables.js?0.31075597372830477"></script>
<script defer src="//play.pokemonshowdown.com/js/battle-tooltips.js?0.6536193500708172"></script>
<script defer src="//play.pokemonshowdown.com/js/battle.js?0.1916591943277901"></script>

<script defer src="js/utils.js?e31f9a17"></script>
<script defer src="js/replays-battle.js?7008c182"></script>

<!-- don't scrape this data! just add .json or .log after the URL!
Full API docs: https://github.com/smogon/pokemon-showdown-client/blob/master/WEB-API.md -->
<script type="text/plain" class="log" id="replaylog-smogtours-gen3ou-793816">
|inactive|Battle timer is ON: inactive players will automatically lose when time's up.
|t:|1727810449
|gametype|singles
|player|p1|Whiscash Cuajao|266|
|player|p2|WombatBaby|2|
|teamsize|p1|6
|teamsize|p2|6
|gen|3
|tier|[Gen 3] OU
|rule|Sleep Clause Mod: Limit one foe put to sleep
|rule|Switch Priority Clause Mod: Faster Pokémon switch first
|rule|Species Clause: Limit one of each Pokémon
|rule|OHKO Clause: OHKO moves are banned
|rule|Evasion Items Clause: Evasion items are banned
|rule|Evasion Moves Clause: Evasion moves are banned
|rule|Endless Battle Clause: Forcing endless battles is banned
|rule|HP Percentage Mod: HP is shown in percentages
|rule|One Boost Passer Clause: Limit one Baton Passer that has a way to boost its stats
|rule|Freeze Clause Mod: Limit one foe frozen
|
|t:|1727810449
|start
|switch|p1a: Hasu|Heracross, M|100/100
|switch|p2a: Tyranitar|Tyranitar, F|100/100
|-weather|Sandstorm|[from] ability: Sand Stream|[of] p2a: Tyranitar
|turn|1
|inactive|Whiscash Cuajao has 270 seconds left.
|
|t:|1727810480
|switch|p2a: Gengar|Gengar, F|100/100
|move|p1a: Hasu|Megahorn|p2a: Gengar|[miss]
|-miss|p1a: Hasu|p2a: Gengar
|
|-weather|Sandstorm|[upkeep]
|-damage|p2a: Gengar|94/100|[from] Sandstorm
|-damage|p1a: Hasu|95/100|[from] Sandstorm
|-heal|p2a: Gengar|100/100|[from] item: Leftovers
|upkeep
|turn|2
|
|t:|1727810494
|switch|p2a: Skarmory|Skarmory, F|100/100
|switch|p1a: C*CKJUICER|Swampert, M|100/100
|
|-weather|Sandstorm|[upkeep]
|upkeep
|turn|3
|
|t:|1727810501
|switch|p1a: O O O|Magneton|100/100
|move|p2a: Skarmory|Spikes|p1a: O O O
|-sidestart|p1: Whiscash Cuajao|Spikes
|
|-weather|Sandstorm|[upkeep]
|upkeep
|turn|4
|
|t:|1727810506
|move|p2a: Skarmory|Protect|p2a: Skarmory
|-singleturn|p2a: Skarmory|Protect
|move|p1a: O O O|Thunderbolt|p2a: Skarmory
|-activate|p2a: Skarmory|Protect
|
|-weather|Sandstorm|[upkeep]
|upkeep
|turn|5
|
|t:|1727810508
|move|p1a: O O O|Thunderbolt|p2a: Skarmory
|-supereffective|p2a: Skarmory
|-damage|p2a: Skarmory|0 fnt
|faint|p2a: Skarmory
|
|t:|1727810522
|switch|p2a: Moltres|Moltres|100/100
|
|-weather|Sandstorm|[upkeep]
|-damage|p2a: Moltres|94/100|[from] Sandstorm
|-heal|p2a: Moltres|100/100|[from] item: Leftovers
|upkeep
|turn|6
|
|t:|1727810545
|switch|p1a: Groao|Salamence, F|100/100
|-ability|p1a: Groao|Intimidate|boost
|-unboost|p2a: Moltres|atk|1
|move|p2a: Moltres|Fire Blast|p1a: Groao
|-resisted|p1a: Groao
|-damage|p1a: Groao|61/100
|
|-weather|Sandstorm|[upkeep]
|-damage|p2a: Moltres|94/100|[from] Sandstorm
|-damage|p1a: Groao|55/100|[from] Sandstorm
|-heal|p2a: Moltres|100/100|[from] item: Leftovers
|-heal|p1a: Groao|61/100|[from] item: Leftovers
|upkeep
|turn|7
|
|t:|1727810567
|switch|p2a: Tyranitar|Tyranitar, F|100/100
|move|p1a: Groao|Rock Slide|p2a: Tyranitar
|-damage|p2a: Tyranitar|76/100
|
|-weather|Sandstorm|[upkeep]
|-damage|p1a: Groao|55/100|[from] Sandstorm
|-heal|p1a: Groao|61/100|[from] item: Leftovers
|-heal|p2a: Tyranitar|82/100|[from] item: Leftovers
|upkeep
|turn|8
|
|t:|1727810583
|switch|p2a: Gengar|Gengar, F|100/100
|move|p1a: Groao|Brick Break|p2a: Gengar
|-immune|p2a: Gengar
|
|-weather|Sandstorm|[upkeep]
|-damage|p2a: Gengar|94/100|[from] Sandstorm
|-damage|p1a: Groao|55/100|[from] Sandstorm
|-heal|p2a: Gengar|100/100|[from] item: Leftovers
|-heal|p1a: Groao|61/100|[from] item: Leftovers
|upkeep
|turn|9
|
|t:|1727810594
|switch|p1a: C*CKJUICER|Swampert, M|100/100
|-damage|p1a: C*CKJUICER|88/100|[from] Spikes
|move|p2a: Gengar|Ice Punch|p1a: C*CKJUICER
|-crit|p1a: C*CKJUICER
|-damage|p1a: C*CKJUICER|58/100
|
|-weather|Sandstorm|[upkeep]
|-damage|p2a: Gengar|94/100|[from] Sandstorm
|-heal|p2a: Gengar|100/100|[from] item: Leftovers
|-heal|p1a: C*CKJUICER|64/100|[from] item: Leftovers
|upkeep
|turn|10
|
|t:|1727810604
|move|p1a: C*CKJUICER|Protect|p1a: C*CKJUICER
|-singleturn|p1a: C*CKJUICER|Protect
|move|p2a: Gengar|Will-O-Wisp|p1a: C*CKJUICER
|-activate|p1a: C*CKJUICER|Protect
|
|-weather|Sandstorm|[upkeep]
|-damage|p2a: Gengar|94/100|[from] Sandstorm
|-heal|p2a: Gengar|100/100|[from] item: Leftovers
|-heal|p1a: C*CKJUICER|70/100|[from] item: Leftovers
|upkeep
|turn|11
|
|t:|1727810609
|move|p2a: Gengar|Will-O-Wisp|p1a: C*CKJUICER
|-status|p1a: C*CKJUICER|brn
|move|p1a: C*CKJUICER|Surf|p2a: Gengar
|-damage|p2a: Gengar|65/100
|
|-weather|Sandstorm|[upkeep]
|-damage|p2a: Gengar|59/100|[from] Sandstorm
|-heal|p2a: Gengar|65/100|[from] item: Leftovers
|-heal|p1a: C*CKJUICER|76/100 brn|[from] item: Leftovers
|-damage|p1a: C*CKJUICER|64/100 brn|[from] brn
|upkeep
|turn|12
|
|t:|1727810615
|switch|p2a: Jirachi|Jirachi|100/100
|move|p1a: C*CKJUICER|Refresh|p1a: C*CKJUICER
|-curestatus|p1a: C*CKJUICER|brn|[msg]
|
|-weather|Sandstorm|[upkeep]
|-heal|p1a: C*CKJUICER|70/100|[from] item: Leftovers
|upkeep
|turn|13
|
|t:|1727810624
|switch|p1a: O O O|Magneton|100/100
|-damage|p1a: O O O|88/100|[from] Spikes
|move|p2a: Jirachi|Wish|p2a: Jirachi
|
|-weather|Sandstorm|[upkeep]
|-heal|p1a: O O O|94/100|[from] item: Leftovers
|upkeep
|turn|14
|
|t:|1727810632
|move|p2a: Jirachi|Fire Punch|p1a: O O O
|-supereffective|p1a: O O O
|-damage|p1a: O O O|44/100
|move|p1a: O O O|Thunder Wave|p2a: Jirachi
|-status|p2a: Jirachi|par
|
|-weather|Sandstorm|[upkeep]
|-heal|p1a: O O O|50/100|[from] item: Leftovers
|upkeep
|turn|15
|
|t:|1727810639
|move|p1a: O O O|Hidden Power|p2a: Jirachi
|-supereffective|p2a: Jirachi
|-damage|p2a: Jirachi|62/100 par
|cant|p2a: Jirachi|par
|
|-weather|Sandstorm|[upkeep]
|-heal|p1a: O O O|57/100|[from] item: Leftovers
|-heal|p2a: Jirachi|68/100 par|[from] item: Leftovers
|upkeep
|turn|16
|
|t:|1727810653
|move|p1a: O O O|Thunderbolt|p2a: Jirachi
|-damage|p2a: Jirachi|34/100 par
|cant|p2a: Jirachi|par
|
|-weather|Sandstorm|[upkeep]
|-heal|p1a: O O O|62/100|[from] item: Leftovers
|-heal|p2a: Jirachi|40/100 par|[from] item: Leftovers
|upkeep
|turn|17
|
|t:|1727810658
|cant|p2a: Jirachi|par
|move|p1a: O O O|Thunderbolt|p2a: Jirachi
|-damage|p2a: Jirachi|1/100 par
|
|-weather|Sandstorm|[upkeep]
|-heal|p1a: O O O|68/100|[from] item: Leftovers
|-heal|p2a: Jirachi|8/100 par|[from] item: Leftovers
|upkeep
|turn|18
|
|t:|1727810665
|move|p2a: Jirachi|Protect|p2a: Jirachi
|-singleturn|p2a: Jirachi|Protect
|move|p1a: O O O|Thunderbolt|p2a: Jirachi
|-activate|p2a: Jirachi|Protect
|
|-weather|Sandstorm|[upkeep]
|-heal|p1a: O O O|74/100|[from] item: Leftovers
|-heal|p2a: Jirachi|14/100 par|[from] item: Leftovers
|upkeep
|turn|19
|
|t:|1727810668
|move|p1a: O O O|Thunderbolt|p2a: Jirachi
|-damage|p2a: Jirachi|0 fnt
|faint|p2a: Jirachi
|
|t:|1727810670
|switch|p2a: Flygon|Flygon, F|100/100
|
|-weather|Sandstorm|[upkeep]
|-heal|p1a: O O O|80/100|[from] item: Leftovers
|upkeep
|turn|20
|
|t:|1727810682
|move|p2a: Flygon|Earthquake|p1a: O O O
|-supereffective|p1a: O O O
|-damage|p1a: O O O|0 fnt
|faint|p1a: O O O
|
|t:|1727810698
|switch|p1a: Enkidu|Claydol|100/100
|
|-weather|Sandstorm|[upkeep]
|upkeep
|turn|21
|
|t:|1727810703
|move|p2a: Flygon|Toxic|p1a: Enkidu|[miss]
|-miss|p2a: Flygon|p1a: Enkidu
|move|p1a: Enkidu|Psychic|p2a: Flygon
|-damage|p2a: Flygon|73/100
|
|-weather|Sandstorm|[upkeep]
|-heal|p2a: Flygon|79/100|[from] item: Leftovers
|upkeep
|turn|22
|
|t:|1727810707
|move|p2a: Flygon|Toxic|p1a: Enkidu
|-status|p1a: Enkidu|tox
|move|p1a: Enkidu|Rapid Spin|p2a: Flygon
|-damage|p2a: Flygon|75/100
|-sideend|p1: Whiscash Cuajao|Spikes|[from] move: Rapid Spin|[of] p1a: Enkidu
|
|-weather|Sandstorm|[upkeep]
|-heal|p2a: Flygon|81/100|[from] item: Leftovers
|-damage|p1a: Enkidu|94/100 tox|[from] psn
|upkeep
|turn|23
|
|t:|1727810715
|switch|p2a: Tyranitar|Tyranitar, F|82/100
|move|p1a: Enkidu|Psychic|p2a: Tyranitar
|-immune|p2a: Tyranitar
|
|-weather|Sandstorm|[upkeep]
|-heal|p1a: Enkidu|100/100 tox|[from] item: Leftovers
|-damage|p1a: Enkidu|88/100 tox|[from] psn
|-heal|p2a: Tyranitar|89/100|[from] item: Leftovers
|upkeep
|turn|24
|
|t:|1727810720
|switch|p1a: Hasu|Heracross, M|95/100
|move|p2a: Tyranitar|Crunch|p1a: Hasu
|-resisted|p1a: Hasu
|-damage|p1a: Hasu|73/100
|
|-weather|Sandstorm|[upkeep]
|-damage|p1a: Hasu|67/100|[from] Sandstorm
|-heal|p2a: Tyranitar|95/100|[from] item: Leftovers
|upkeep
|turn|25
|inactive|Whiscash Cuajao has 270 seconds left.
|
|t:|1727810758
|switch|p2a: Gengar|Gengar, F|65/100
|move|p1a: Hasu|Brick Break|p2a: Gengar
|-immune|p2a: Gengar
|
|-weather|Sandstorm|[upkeep]
|-damage|p2a: Gengar|59/100|[from] Sandstorm
|-damage|p1a: Hasu|61/100|[from] Sandstorm
|-heal|p2a: Gengar|65/100|[from] item: Leftovers
|upkeep
|turn|26
|inactive|Whiscash Cuajao has 270 seconds left.
|
|t:|1727810768
|switch|p1a: C*CKJUICER|Swampert, M|70/100
|move|p2a: Gengar|Ice Punch|p1a: C*CKJUICER
|-damage|p1a: C*CKJUICER|56/100
|
|-weather|Sandstorm|[upkeep]
|-damage|p2a: Gengar|59/100|[from] Sandstorm
|-heal|p2a: Gengar|65/100|[from] item: Leftovers
|-heal|p1a: C*CKJUICER|62/100|[from] item: Leftovers
|upkeep
|turn|27
|inactive|Whiscash Cuajao has 270 seconds left.
|
|t:|1727810774
|move|p1a: C*CKJUICER|Protect|p1a: C*CKJUICER
|-singleturn|p1a: C*CKJUICER|Protect
|move|p2a: Gengar|Will-O-Wisp|p1a: C*CKJUICER
|-activate|p1a: C*CKJUICER|Protect
|
|-weather|Sandstorm|[upkeep]
|-damage|p2a: Gengar|59/100|[from] Sandstorm
|-heal|p2a: Gengar|65/100|[from] item: Leftovers
|-heal|p1a: C*CKJUICER|68/100|[from] item: Leftovers
|upkeep
|turn|28
|inactive|Whiscash Cuajao has 270 seconds left.
|
|t:|1727810784
|switch|p1a: Hasu|Heracross, M|61/100
|move|p2a: Gengar|Will-O-Wisp|p1a: Hasu
|-status|p1a: Hasu|brn
|
|-weather|Sandstorm|[upkeep]
|-damage|p2a: Gengar|59/100|[from] Sandstorm
|-damage|p1a: Hasu|55/100 brn|[from] Sandstorm
|-heal|p2a: Gengar|65/100|[from] item: Leftovers
|-damage|p1a: Hasu|43/100 brn|[from] brn
|upkeep
|turn|29
|
|t:|1727810792
|switch|p2a: Tyranitar|Tyranitar, F|95/100
|move|p1a: Hasu|Megahorn|p2a: Tyranitar
|-supereffective|p2a: Tyranitar
|-damage|p2a: Tyranitar|0 fnt
|faint|p2a: Tyranitar
|
|t:|1727810802
|switch|p2a: Moltres|Moltres|100/100
|
|-weather|Sandstorm|[upkeep]
|-damage|p2a: Moltres|94/100|[from] Sandstorm
|-damage|p1a: Hasu|37/100 brn|[from] Sandstorm
|-heal|p2a: Moltres|100/100|[from] item: Leftovers
|-damage|p1a: Hasu|24/100 brn|[from] brn
|upkeep
|turn|30
|
|t:|1727810808
|move|p2a: Moltres|Fire Blast|p1a: Hasu
|-supereffective|p1a: Hasu
|-damage|p1a: Hasu|0 fnt
|faint|p1a: Hasu
|inactive|Whiscash Cuajao has 270 seconds left.
|
|t:|1727810833
|switch|p1a: Jordi Salvatge|Machamp, F|100/100
|
|-weather|Sandstorm|[upkeep]
|-damage|p2a: Moltres|94/100|[from] Sandstorm
|-damage|p1a: Jordi Salvatge|94/100|[from] Sandstorm
|-heal|p2a: Moltres|100/100|[from] item: Leftovers
|-heal|p1a: Jordi Salvatge|100/100|[from] item: Leftovers
|upkeep
|turn|31
|
|t:|1727810842
|switch|p2a: Flygon|Flygon, F|81/100
|move|p1a: Jordi Salvatge|Rock Slide|p2a: Flygon
|-resisted|p2a: Flygon
|-crit|p2a: Flygon
|-damage|p2a: Flygon|60/100
|
|-weather|Sandstorm|[upkeep]
|-damage|p1a: Jordi Salvatge|94/100|[from] Sandstorm
|-heal|p2a: Flygon|66/100|[from] item: Leftovers
|-heal|p1a: Jordi Salvatge|100/100|[from] item: Leftovers
|upkeep
|turn|32
|
|t:|1727810848
|switch|p1a: Enkidu|Claydol|88/100 tox
|move|p2a: Flygon|Earthquake|p1a: Enkidu
|-immune|p1a: Enkidu
|
|-weather|Sandstorm|[upkeep]
|-heal|p2a: Flygon|72/100|[from] item: Leftovers
|-heal|p1a: Enkidu|94/100 tox|[from] item: Leftovers
|-damage|p1a: Enkidu|88/100 tox|[from] psn
|upkeep
|turn|33
|
|t:|1727810853
|move|p2a: Flygon|Protect|p2a: Flygon
|-singleturn|p2a: Flygon|Protect
|move|p1a: Enkidu|Psychic|p2a: Flygon
|-activate|p2a: Flygon|Protect
|
|-weather|Sandstorm|[upkeep]
|-heal|p2a: Flygon|78/100|[from] item: Leftovers
|-heal|p1a: Enkidu|94/100 tox|[from] item: Leftovers
|-damage|p1a: Enkidu|82/100 tox|[from] psn
|upkeep
|turn|34
|
|t:|1727810871
|move|p2a: Flygon|Rock Slide|p1a: Enkidu
|-resisted|p1a: Enkidu
|-damage|p1a: Enkidu|73/100 tox
|cant|p1a: Enkidu|flinch
|
|-weather|Sandstorm|[upkeep]
|-heal|p2a: Flygon|84/100|[from] item: Leftovers
|-heal|p1a: Enkidu|79/100 tox|[from] item: Leftovers
|-damage|p1a: Enkidu|61/100 tox|[from] psn
|upkeep
|turn|35
|
|t:|1727810877
|switch|p1a: C*CKJUICER|Swampert, M|68/100
|move|p2a: Flygon|Protect||[still]
|-fail|p2a: Flygon
|
|-weather|Sandstorm|[upkeep]
|-heal|p2a: Flygon|90/100|[from] item: Leftovers
|-heal|p1a: C*CKJUICER|74/100|[from] item: Leftovers
|upkeep
|turn|36
|
|t:|1727810892
|switch|p2a: Gengar|Gengar, F|65/100
|move|p1a: C*CKJUICER|Toxic|p2a: Gengar
|-immune|p2a: Gengar
|
|-weather|Sandstorm|[upkeep]
|-damage|p2a: Gengar|59/100|[from] Sandstorm
|-heal|p2a: Gengar|65/100|[from] item: Leftovers
|-heal|p1a: C*CKJUICER|80/100|[from] item: Leftovers
|upkeep
|turn|37
|
|t:|1727810896
|move|p2a: Gengar|Will-O-Wisp|p1a: C*CKJUICER
|-status|p1a: C*CKJUICER|brn
|move|p1a: C*CKJUICER|Surf|p2a: Gengar
|-damage|p2a: Gengar|34/100
|
|-weather|Sandstorm|[upkeep]
|-damage|p2a: Gengar|27/100|[from] Sandstorm
|-heal|p2a: Gengar|34/100|[from] item: Leftovers
|-heal|p1a: C*CKJUICER|87/100 brn|[from] item: Leftovers
|-damage|p1a: C*CKJUICER|74/100 brn|[from] brn
|upkeep
|turn|38
|
|t:|1727810899
|move|p2a: Gengar|Taunt|p1a: C*CKJUICER
|-start|p1a: C*CKJUICER|move: Taunt
|cant|p1a: C*CKJUICER|move: Taunt|Refresh
|
|-weather|Sandstorm|[upkeep]
|-damage|p2a: Gengar|27/100|[from] Sandstorm
|-heal|p2a: Gengar|34/100|[from] item: Leftovers
|-heal|p1a: C*CKJUICER|80/100 brn|[from] item: Leftovers
|-damage|p1a: C*CKJUICER|68/100 brn|[from] brn
|upkeep
|turn|39
|
|t:|1727810903
|move|p2a: Gengar|Ice Punch|p1a: C*CKJUICER
|-damage|p1a: C*CKJUICER|53/100 brn
|move|p1a: C*CKJUICER|Surf|p2a: Gengar
|-damage|p2a: Gengar|3/100
|
|-weather|Sandstorm|[upkeep]
|-damage|p2a: Gengar|0 fnt|[from] Sandstorm
|faint|p2a: Gengar
|-heal|p1a: C*CKJUICER|59/100 brn|[from] item: Leftovers
|-damage|p1a: C*CKJUICER|47/100 brn|[from] brn
|-end|p1a: C*CKJUICER|move: Taunt|[silent]
|upkeep
|
|t:|1727810908
|switch|p2a: Moltres|Moltres|100/100
|turn|40
|
|t:|1727810916
|move|p2a: Moltres|Hidden Power|p1a: C*CKJUICER
|-supereffective|p1a: C*CKJUICER
|-damage|p1a: C*CKJUICER|0 fnt
|faint|p1a: C*CKJUICER
|inactive|Whiscash Cuajao has 270 seconds left.
|
|t:|1727810950
|switch|p1a: Enkidu|Claydol|61/100 tox
|
|-weather|Sandstorm|[upkeep]
|-damage|p2a: Moltres|94/100|[from] Sandstorm
|-heal|p2a: Moltres|100/100|[from] item: Leftovers
|-heal|p1a: Enkidu|67/100 tox|[from] item: Leftovers
|-damage|p1a: Enkidu|61/100 tox|[from] psn
|upkeep
|turn|41
|
|t:|1727810962
|move|p2a: Moltres|Protect|p2a: Moltres
|-singleturn|p2a: Moltres|Protect
|move|p1a: Enkidu|Explosion|p2a: Moltres
|-activate|p2a: Moltres|Protect
|faint|p1a: Enkidu
|inactive|Whiscash Cuajao has 270 seconds left.
|
|t:|1727810986
|switch|p1a: Jordi Salvatge|Machamp, F|100/100
|
|-weather|Sandstorm|[upkeep]
|-damage|p2a: Moltres|94/100|[from] Sandstorm
|-damage|p1a: Jordi Salvatge|94/100|[from] Sandstorm
|-heal|p2a: Moltres|100/100|[from] item: Leftovers
|-heal|p1a: Jordi Salvatge|100/100|[from] item: Leftovers
|upkeep
|turn|42
|inactive|Whiscash Cuajao has 270 seconds left.
|
|t:|1727811002
|switch|p2a: Flygon|Flygon, F|90/100
|move|p1a: Jordi Salvatge|Rock Slide|p2a: Flygon|[miss]
|-miss|p1a: Jordi Salvatge|p2a: Flygon
|
|-weather|Sandstorm|[upkeep]
|-damage|p1a: Jordi Salvatge|94/100|[from] Sandstorm
|-heal|p2a: Flygon|96/100|[from] item: Leftovers
|-heal|p1a: Jordi Salvatge|100/100|[from] item: Leftovers
|upkeep
|turn|43
|
|t:|1727811007
|move|p2a: Flygon|Earthquake|p1a: Jordi Salvatge
|-damage|p1a: Jordi Salvatge|63/100
|move|p1a: Jordi Salvatge|Bulk Up|p1a: Jordi Salvatge
|-boost|p1a: Jordi Salvatge|atk|1
|-boost|p1a: Jordi Salvatge|def|1
|
|-weather|Sandstorm|[upkeep]
|-damage|p1a: Jordi Salvatge|56/100|[from] Sandstorm
|-heal|p2a: Flygon|100/100|[from] item: Leftovers
|-heal|p1a: Jordi Salvatge|63/100|[from] item: Leftovers
|upkeep
|turn|44
|
|t:|1727811012
|move|p2a: Flygon|Earthquake|p1a: Jordi Salvatge
|-damage|p1a: Jordi Salvatge|35/100
|move|p1a: Jordi Salvatge|Brick Break|p2a: Flygon
|-damage|p2a: Flygon|49/100
|
|-weather|Sandstorm|[upkeep]
|-damage|p1a: Jordi Salvatge|29/100|[from] Sandstorm
|-heal|p2a: Flygon|55/100|[from] item: Leftovers
|-heal|p1a: Jordi Salvatge|35/100|[from] item: Leftovers
|upkeep
|turn|45
|inactive|Whiscash Cuajao has 270 seconds left.
|
|t:|1727811062
|switch|p2a: Moltres|Moltres|100/100
|move|p1a: Jordi Salvatge|Brick Break|p2a: Moltres
|-resisted|p2a: Moltres
|-damage|p2a: Moltres|60/100
|
|-weather|Sandstorm|[upkeep]
|-damage|p2a: Moltres|54/100|[from] Sandstorm
|-damage|p1a: Jordi Salvatge|29/100|[from] Sandstorm
|-heal|p2a: Moltres|60/100|[from] item: Leftovers
|-heal|p1a: Jordi Salvatge|35/100|[from] item: Leftovers
|upkeep
|turn|46
|
|t:|1727811070
|move|p2a: Moltres|Fire Blast|p1a: Jordi Salvatge
|-damage|p1a: Jordi Salvatge|0 fnt
|faint|p1a: Jordi Salvatge
|
|t:|1727811073
|switch|p1a: Groao|Salamence, F|61/100
|-ability|p1a: Groao|Intimidate|boost
|-unboost|p2a: Moltres|atk|1
|
|-weather|Sandstorm|[upkeep]
|-damage|p2a: Moltres|54/100|[from] Sandstorm
|-damage|p1a: Groao|55/100|[from] Sandstorm
|-heal|p2a: Moltres|60/100|[from] item: Leftovers
|-heal|p1a: Groao|61/100|[from] item: Leftovers
|upkeep
|turn|47
|
|t:|1727811078
|move|p2a: Moltres|Will-O-Wisp|p1a: Groao
|-status|p1a: Groao|brn
|move|p1a: Groao|Rock Slide|p2a: Moltres
|-supereffective|p2a: Moltres
|-damage|p2a: Moltres|0 fnt
|faint|p2a: Moltres
|
|t:|1727811084
|switch|p2a: Flygon|Flygon, F|55/100
|
|-weather|Sandstorm|[upkeep]
|-damage|p1a: Groao|55/100 brn|[from] Sandstorm
|-heal|p1a: Groao|61/100 brn|[from] item: Leftovers
|-damage|p1a: Groao|49/100 brn|[from] brn
|-heal|p2a: Flygon|61/100|[from] item: Leftovers
|upkeep
|turn|48
|
|t:|1727811087
|move|p1a: Groao|Hidden Power|p2a: Flygon
|-damage|p2a: Flygon|44/100
|move|p2a: Flygon|Rock Slide|p1a: Groao
|-supereffective|p1a: Groao
|-damage|p1a: Groao|5/100 brn
|
|-weather|Sandstorm|[upkeep]
|-damage|p1a: Groao|0 fnt|[from] Sandstorm
|faint|p1a: Groao
|
|win|WombatBaby
|upkeep
|c|☆WombatBaby|gg

</script>
<script type="application/json" class="data" id="replaydata-smogtours-gen3ou-793816">
{"id":"smogtours-gen3ou-793816","format":"[Gen 3] OU","players":["Whiscash Cuajao","WombatBaby"],"uploadtime":1727811087,"views":98,"formatid":"gen3ou","rating":null,"private":0,"password":null}
</script>

<script defer src="js/replays.js?9d40a366"></script>
