<!DOCTYPE html>
<meta charset="utf-8" />
<meta name="viewport" content="width=device-width" />

<title>[Gen 3] OU: wwwmonmon vs. hey its me riley - Replays - Pok&eacute;mon Showdown!</title>

<meta name="description" content="Watch a replay of a Pok&eacute;mon battle between wwwmonmon and hey its me riley! Format: [Gen 3] OU; Date: Oct 4, 2024" />
<!--

Hey, you! Looking in the source for the replay log?

You can find them in JSON format, just add `.json` at the end of a replay URL.

https://replay.pokemonshowdown.com/gen7randomdoublesbattle-865046831.json

Or, if you only need the log itself, add `.log` instead:

https://replay.pokemonshowdown.com/gen7randomdoublesbattle-865046831.log

-->

<link rel="stylesheet" href="//pokemonshowdown.com/style/global.css?0.767286132409787" />
<link rel="stylesheet" href="//play.pokemonshowdown.com/style/font-awesome.css?0.9266228007934947" />
<link rel="stylesheet" href="//play.pokemonshowdown.com/style/battle.css?0.7924700842790926" />
<link rel="stylesheet" href="//play.pokemonshowdown.com/style/utilichart.css?0.8777417872839479" />

<!-- Global site tag (gtag.js) - Google Analytics -->
<script async src="https://www.googletagmanager.com/gtag/js?id=UA-26211653-1"></script>
<script>
  window.dataLayer = window.dataLayer || [];
  function gtag(){dataLayer.push(arguments);}
  gtag('js', new Date());

  gtag('config', 'UA-26211653-1');
</script>
<!-- End Google Analytics -->
<!-- Venatus Ad Manager - Install in <HEAD> of page -->
	<script src="https://hb.vntsm.com/v3/live/ad-manager.min.js" type="text/javascript" data-site-id="642aba63ec9a7b11c3c9c1be" data-mode="scan" async></script>
<!-- / Venatus Ad Manager -->

<style>
	@media (max-width:820px) {
		.battle {
			margin: 0 auto;
		}
		.battle-log {
			margin: 7px auto 0;
			max-width: 640px;
			height: 300px;
			position: static;
		}
	}
	.optgroup {
		display: inline-block;
		line-height: 22px;
		font-size: 10pt;
	}
	.optgroup .button {
		height: 25px;
		padding-top: 0;
		padding-bottom: 0;
	}
	.optgroup button.button {
		padding-left: 12px;
		padding-right: 12px;
	}
	.linklist {
		list-style: none;
		margin: 0.5em 0;
		padding: 0;
	}
	.linklist li {
		padding: 2px 0;
	}
	.sidebar {
		float: left;
		width: 320px;
	}
	.bar-wrapper {
		max-width: 1100px;
		margin: 0 auto;
	}
	.bar-wrapper.has-sidebar {
		max-width: 1430px;
	}
	.mainbar {
		margin: 0;
		padding-right: 1px;
	}
	.mainbar.has-sidebar {
		margin-left: 330px;
	}
	@media (min-width: 1511px) {
		.sidebar {
			width: 400px;
		}
		.bar-wrapper.has-sidebar {
			max-width: 1510px;
		}
		.mainbar.has-sidebar {
			margin-left: 410px;
		}
	}
	.section.first-section {
		margin-top: 9px;
	}
	.blocklink small {
		white-space: normal;
	}
	.button {
		vertical-align: middle;
	}
	.replay-controls {
		padding-top: 10px;
	}
	.replay-controls h1 {
		font-size: 16pt;
		font-weight: normal;
		color: #CCC;
	}
	.pagelink {
		text-align: center;
	}
	.pagelink a {
		width: 150px;
	}
	.textbox, .button {
		font-size: 11pt;
		vertical-align: middle;
	}
	@media (max-width: 450px) {
		.button {
			font-size: 9pt;
		}
	}
</style>

<div>

	<header>
		<div class="nav-wrapper"><ul class="nav">
			<li><a class="button nav-first" href="//pokemonshowdown.com/"><img src="//pokemonshowdown.com/images/pokemonshowdownbeta.png" srcset="//pokemonshowdown.com/images/pokemonshowdownbeta.png 1x, //pokemonshowdown.com/images/pokemonshowdownbeta@2x.png 2x" alt="Pok&eacute;mon Showdown" width="146" height="44" /> Home</a></li>
			<li><a class="button" href="//pokemonshowdown.com/dex/">Pok&eacute;dex</a></li>
			<li><a class="button cur" href="/">Replays</a></li>
			<li><a class="button" href="//pokemonshowdown.com/ladder/">Ladder</a></li>
			<li><a class="button nav-last" href="//pokemonshowdown.com/forums/">Forum</a></li>
			<li><a class="button greenbutton nav-first nav-last" href="//play.pokemonshowdown.com/">Play</a></li>
		</ul></div>
	</header>

	<div class="main" id="main">

		<noscript><section class="section">You need to enable JavaScript to use this page; sorry!</section></noscript>

	</div>

</div>

<script defer nomodule src="//play.pokemonshowdown.com/js/lib/ps-polyfill.js"></script>
<script defer src="//play.pokemonshowdown.com/js/lib/preact.min.js"></script>

<script defer src="//play.pokemonshowdown.com/config/config.js?6dec07f6"></script>
<script defer src="//play.pokemonshowdown.com/js/lib/jquery-1.11.0.min.js"></script>
<script defer src="//play.pokemonshowdown.com/js/lib/html-sanitizer-minified.js"></script>
<script defer src="//play.pokemonshowdown.com/js/battle-sound.js"></script>
<script defer src="//play.pokemonshowdown.com/js/battledata.js?0.6315294753075389"></script>
<script defer src="//play.pokemonshowdown.com/data/pokedex-mini.js?0.7603743185311358"></script>
<script defer src="//play.pokemonshowdown.com/data/pokedex-mini-bw.js?0.030888842834281283"></script>
<script defer src="//play.pokemonshowdown.com/data/graphics.js?0.05593094747507488"></script>
<script defer src="//play.pokemonshowdown.com/data/pokedex.js?0.47064822249611904"></script>
<script defer src="//play.pokemonshowdown.com/data/moves.js?0.8583693120512459"></script>
<script defer src="//play.pokemonshowdown.com/data/abilities.js?0.16017181182386842"></script>
<script defer src="//play.pokemonshowdown.com/data/items.js?0.4163379185673943"></script>
<script defer src="//play.pokemonshowdown.com/data/teambuilder-tables.js?0.31075597372830477"></script>
<script defer src="//play.pokemonshowdown.com/js/battle-tooltips.js?0.6536193500708172"></script>
<script defer src="//play.pokemonshowdown.com/js/battle.js?0.1916591943277901"></script>

<script defer src="js/utils.js?e31f9a17"></script>
<script defer src="js/replays-battle.js?7008c182"></script>

<!-- don't scrape this data! just add .json or .log after the URL!
Full API docs: https://github.com/smogon/pokemon-showdown-client/blob/master/WEB-API.md -->
<script type="text/plain" class="log" id="replaylog-smogtours-gen3ou-794505">
|inactive|Battle timer is ON: inactive players will automatically lose when time's up.
|t:|1728014757
|gametype|singles
|player|p1|wwwmonmon|265|
|player|p2|hey its me riley|bodybuilderf-gen9|
|teamsize|p1|6
|teamsize|p2|6
|gen|3
|tier|[Gen 3] OU
|rule|Sleep Clause Mod: Limit one foe put to sleep
|rule|Switch Priority Clause Mod: Faster Pokémon switch first
|rule|Species Clause: Limit one of each Pokémon
|rule|OHKO Clause: OHKO moves are banned
|rule|Evasion Items Clause: Evasion items are banned
|rule|Evasion Moves Clause: Evasion moves are banned
|rule|Endless Battle Clause: Forcing endless battles is banned
|rule|HP Percentage Mod: HP is shown in percentages
|rule|One Boost Passer Clause: Limit one Baton Passer that has a way to boost its stats
|rule|Freeze Clause Mod: Limit one foe frozen
|
|t:|1728014757
|start
|switch|p1a: Zapdos|Zapdos|100/100
|switch|p2a: Tyranitar|Tyranitar, M|100/100
|-weather|Sandstorm|[from] ability: Sand Stream|[of] p2a: Tyranitar
|turn|1
|
|t:|1728014775
|move|p1a: Zapdos|Baton Pass|p1a: Zapdos
|
|t:|1728014787
|switch|p1a: Jirachi|Jirachi|100/100|[from] Baton Pass
|move|p2a: Tyranitar|Ice Beam|p1a: Jirachi
|-resisted|p1a: Jirachi
|-damage|p1a: Jirachi|89/100
|
|-weather|Sandstorm|[upkeep]
|-heal|p1a: Jirachi|95/100|[from] item: Leftovers
|upkeep
|turn|2
|
|t:|1728014798
|switch|p2a: Skarmory|Skarmory, M|100/100
|move|p1a: Jirachi|Fire Punch|p2a: Skarmory
|-supereffective|p2a: Skarmory
|-damage|p2a: Skarmory|57/100
|
|-weather|Sandstorm|[upkeep]
|-heal|p1a: Jirachi|100/100|[from] item: Leftovers
|-heal|p2a: Skarmory|63/100|[from] item: Leftovers
|upkeep
|turn|3
|
|t:|1728014804
|move|p1a: Jirachi|Fire Punch|p2a: Skarmory
|-supereffective|p2a: Skarmory
|-damage|p2a: Skarmory|24/100
|-status|p2a: Skarmory|brn
|move|p2a: Skarmory|Spikes|p1a: Jirachi
|-sidestart|p1: wwwmonmon|Spikes
|
|-weather|Sandstorm|[upkeep]
|-heal|p2a: Skarmory|30/100 brn|[from] item: Leftovers
|-damage|p2a: Skarmory|18/100 brn|[from] brn
|upkeep
|turn|4
|
|t:|1728014810
|switch|p2a: Tyranitar|Tyranitar, M|100/100
|move|p1a: Jirachi|Fire Punch|p2a: Tyranitar
|-resisted|p2a: Tyranitar
|-damage|p2a: Tyranitar|92/100
|
|-weather|Sandstorm|[upkeep]
|-heal|p2a: Tyranitar|99/100|[from] item: Leftovers
|upkeep
|turn|5
|
|t:|1728014816
|move|p1a: Jirachi|Hidden Power|p2a: Tyranitar
|-supereffective|p2a: Tyranitar
|-damage|p2a: Tyranitar|67/100
|move|p2a: Tyranitar|Earthquake|p1a: Jirachi
|-supereffective|p1a: Jirachi
|-damage|p1a: Jirachi|47/100
|
|-weather|Sandstorm|[upkeep]
|-heal|p1a: Jirachi|53/100|[from] item: Leftovers
|-heal|p2a: Tyranitar|74/100|[from] item: Leftovers
|upkeep
|turn|6
|
|t:|1728014828
|switch|p1a: Celebi|Celebi|100/100
|-damage|p1a: Celebi|88/100|[from] Spikes
|move|p2a: Tyranitar|Earthquake|p1a: Celebi
|-resisted|p1a: Celebi
|-damage|p1a: Celebi|78/100
|
|-weather|Sandstorm|[upkeep]
|-damage|p1a: Celebi|72/100|[from] Sandstorm
|-heal|p1a: Celebi|78/100|[from] item: Leftovers
|-heal|p2a: Tyranitar|80/100|[from] item: Leftovers
|upkeep
|turn|7
|
|t:|1728014835
|switch|p2a: Skarmory|Skarmory, M|18/100 brn
|move|p1a: Celebi|Giga Drain|p2a: Skarmory
|-resisted|p2a: Skarmory
|-damage|p2a: Skarmory|13/100 brn
|-heal|p1a: Celebi|80/100|[from] drain|[of] p2a: Skarmory
|
|-weather|Sandstorm|[upkeep]
|-damage|p1a: Celebi|74/100|[from] Sandstorm
|-heal|p1a: Celebi|80/100|[from] item: Leftovers
|-heal|p2a: Skarmory|19/100 brn|[from] item: Leftovers
|-damage|p2a: Skarmory|6/100 brn|[from] brn
|upkeep
|turn|8
|
|t:|1728014838
|move|p1a: Celebi|Hidden Power|p2a: Skarmory
|-supereffective|p2a: Skarmory
|-damage|p2a: Skarmory|0 fnt
|faint|p2a: Skarmory
|
|t:|1728014842
|switch|p2a: Moltres|Moltres|100/100
|
|-weather|Sandstorm|[upkeep]
|-damage|p2a: Moltres|94/100|[from] Sandstorm
|-damage|p1a: Celebi|74/100|[from] Sandstorm
|-heal|p2a: Moltres|100/100|[from] item: Leftovers
|-heal|p1a: Celebi|80/100|[from] item: Leftovers
|upkeep
|turn|9
|
|t:|1728014862
|switch|p1a: Zapdos|Zapdos|100/100
|move|p2a: Moltres|Will-O-Wisp|p1a: Zapdos
|-status|p1a: Zapdos|brn
|
|-weather|Sandstorm|[upkeep]
|-damage|p2a: Moltres|94/100|[from] Sandstorm
|-damage|p1a: Zapdos|94/100 brn|[from] Sandstorm
|-heal|p2a: Moltres|100/100|[from] item: Leftovers
|-heal|p1a: Zapdos|100/100 brn|[from] item: Leftovers
|-damage|p1a: Zapdos|88/100 brn|[from] brn
|upkeep
|turn|10
|
|t:|1728014872
|switch|p2a: Flygon|Flygon, F|100/100
|move|p1a: Zapdos|Thunderbolt|p2a: Flygon
|-immune|p2a: Flygon
|
|-weather|Sandstorm|[upkeep]
|-damage|p1a: Zapdos|82/100 brn|[from] Sandstorm
|-heal|p1a: Zapdos|88/100 brn|[from] item: Leftovers
|-damage|p1a: Zapdos|76/100 brn|[from] brn
|upkeep
|turn|11
|
|t:|1728014880
|switch|p2a: Tyranitar|Tyranitar, M|80/100
|move|p1a: Zapdos|Baton Pass|p1a: Zapdos
|
|t:|1728014894
|switch|p1a: Suicune|Suicune|100/100|[from] Baton Pass
|-damage|p1a: Suicune|88/100|[from] Spikes
|
|-weather|Sandstorm|[upkeep]
|-damage|p1a: Suicune|82/100|[from] Sandstorm
|-heal|p1a: Suicune|88/100|[from] item: Leftovers
|-heal|p2a: Tyranitar|86/100|[from] item: Leftovers
|upkeep
|turn|12
|
|t:|1728014911
|switch|p2a: Gengar|Gengar, M|100/100
|move|p1a: Suicune|Surf|p2a: Gengar
|-damage|p2a: Gengar|30/100
|
|-weather|Sandstorm|[upkeep]
|-damage|p2a: Gengar|24/100|[from] Sandstorm
|-damage|p1a: Suicune|82/100|[from] Sandstorm
|-heal|p2a: Gengar|30/100|[from] item: Leftovers
|-heal|p1a: Suicune|88/100|[from] item: Leftovers
|upkeep
|turn|13
|
|t:|1728014922
|switch|p1a: Jirachi|Jirachi|53/100
|-damage|p1a: Jirachi|40/100|[from] Spikes
|move|p2a: Gengar|Giga Drain|p1a: Jirachi
|-resisted|p1a: Jirachi
|-damage|p1a: Jirachi|30/100
|-heal|p2a: Gengar|37/100|[from] drain|[of] p1a: Jirachi
|
|-weather|Sandstorm|[upkeep]
|-damage|p2a: Gengar|31/100|[from] Sandstorm
|-heal|p2a: Gengar|37/100|[from] item: Leftovers
|-heal|p1a: Jirachi|36/100|[from] item: Leftovers
|upkeep
|turn|14
|
|t:|1728014931
|switch|p2a: Tyranitar|Tyranitar, M|86/100
|move|p1a: Jirachi|Psychic|p2a: Tyranitar
|-immune|p2a: Tyranitar
|
|-weather|Sandstorm|[upkeep]
|-heal|p1a: Jirachi|42/100|[from] item: Leftovers
|-heal|p2a: Tyranitar|92/100|[from] item: Leftovers
|upkeep
|turn|15
|
|t:|1728014946
|-activate|p1a: Jirachi|move: Pursuit
|move|p2a: Tyranitar|Pursuit|p1a: Jirachi|[from]Pursuit
|-damage|p1a: Jirachi|12/100
|switch|p1a: Celebi|Celebi|80/100
|-damage|p1a: Celebi|68/100|[from] Spikes
|
|-weather|Sandstorm|[upkeep]
|-damage|p1a: Celebi|61/100|[from] Sandstorm
|-heal|p1a: Celebi|68/100|[from] item: Leftovers
|-heal|p2a: Tyranitar|98/100|[from] item: Leftovers
|upkeep
|turn|16
|
|t:|1728014957
|switch|p2a: Moltres|Moltres|100/100
|move|p1a: Celebi|Calm Mind|p1a: Celebi
|-boost|p1a: Celebi|spa|1
|-boost|p1a: Celebi|spd|1
|
|-weather|Sandstorm|[upkeep]
|-damage|p2a: Moltres|94/100|[from] Sandstorm
|-damage|p1a: Celebi|61/100|[from] Sandstorm
|-heal|p2a: Moltres|100/100|[from] item: Leftovers
|-heal|p1a: Celebi|68/100|[from] item: Leftovers
|upkeep
|turn|17
|
|t:|1728014962
|move|p2a: Moltres|Fire Blast|p1a: Celebi
|-supereffective|p1a: Celebi
|-damage|p1a: Celebi|0 fnt
|faint|p1a: Celebi
|
|t:|1728014965
|switch|p1a: Suicune|Suicune|88/100
|-damage|p1a: Suicune|76/100|[from] Spikes
|
|-weather|Sandstorm|[upkeep]
|-damage|p2a: Moltres|94/100|[from] Sandstorm
|-damage|p1a: Suicune|70/100|[from] Sandstorm
|-heal|p2a: Moltres|100/100|[from] item: Leftovers
|-heal|p1a: Suicune|76/100|[from] item: Leftovers
|upkeep
|turn|18
|
|t:|1728014990
|move|p2a: Moltres|Hidden Power|p1a: Suicune
|-supereffective|p1a: Suicune
|-damage|p1a: Suicune|36/100
|move|p1a: Suicune|Surf|p2a: Moltres
|-supereffective|p2a: Moltres
|-damage|p2a: Moltres|11/100
|
|-weather|Sandstorm|[upkeep]
|-damage|p2a: Moltres|5/100|[from] Sandstorm
|-damage|p1a: Suicune|30/100|[from] Sandstorm
|-heal|p2a: Moltres|11/100|[from] item: Leftovers
|-heal|p1a: Suicune|36/100|[from] item: Leftovers
|upkeep
|turn|19
|
|t:|1728015002
|move|p2a: Moltres|Hidden Power|p1a: Suicune
|-supereffective|p1a: Suicune
|-damage|p1a: Suicune|0 fnt
|faint|p1a: Suicune
|
|t:|1728015004
|switch|p1a: Zapdos|Zapdos|76/100 brn
|
|-weather|Sandstorm|[upkeep]
|-damage|p2a: Moltres|5/100|[from] Sandstorm
|-damage|p1a: Zapdos|70/100 brn|[from] Sandstorm
|-heal|p2a: Moltres|11/100|[from] item: Leftovers
|-heal|p1a: Zapdos|76/100 brn|[from] item: Leftovers
|-damage|p1a: Zapdos|64/100 brn|[from] brn
|upkeep
|turn|20
|
|t:|1728015010
|move|p2a: Moltres|Protect|p2a: Moltres
|-singleturn|p2a: Moltres|Protect
|move|p1a: Zapdos|Baton Pass|p1a: Zapdos
|
|t:|1728015018
|switch|p1a: Gengar|Gengar, M|100/100|[from] Baton Pass
|
|-weather|Sandstorm|[upkeep]
|-damage|p1a: Gengar|94/100|[from] Sandstorm
|-damage|p2a: Moltres|5/100|[from] Sandstorm
|-heal|p1a: Gengar|100/100|[from] item: Leftovers
|-heal|p2a: Moltres|11/100|[from] item: Leftovers
|upkeep
|turn|21
|
|t:|1728015024
|switch|p2a: Tyranitar|Tyranitar, M|98/100
|move|p1a: Gengar|Ice Punch|p2a: Tyranitar
|-damage|p2a: Tyranitar|80/100
|
|-weather|Sandstorm|[upkeep]
|-damage|p1a: Gengar|94/100|[from] Sandstorm
|-heal|p1a: Gengar|100/100|[from] item: Leftovers
|-heal|p2a: Tyranitar|86/100|[from] item: Leftovers
|upkeep
|turn|22
|
|t:|1728015028
|move|p1a: Gengar|Will-O-Wisp|p2a: Tyranitar
|-status|p2a: Tyranitar|brn
|move|p2a: Tyranitar|Pursuit|p1a: Gengar
|-supereffective|p1a: Gengar
|-damage|p1a: Gengar|52/100
|
|-weather|Sandstorm|[upkeep]
|-damage|p1a: Gengar|46/100|[from] Sandstorm
|-heal|p1a: Gengar|52/100|[from] item: Leftovers
|-heal|p2a: Tyranitar|93/100 brn|[from] item: Leftovers
|-damage|p2a: Tyranitar|80/100 brn|[from] brn
|upkeep
|turn|23
|
|t:|1728015036
|move|p1a: Gengar|Thunderbolt|p2a: Tyranitar
|-damage|p2a: Tyranitar|56/100 brn
|move|p2a: Tyranitar|Pursuit|p1a: Gengar
|-supereffective|p1a: Gengar
|-damage|p1a: Gengar|7/100
|
|-weather|Sandstorm|[upkeep]
|-damage|p1a: Gengar|1/100|[from] Sandstorm
|-heal|p1a: Gengar|7/100|[from] item: Leftovers
|-heal|p2a: Tyranitar|63/100 brn|[from] item: Leftovers
|-damage|p2a: Tyranitar|50/100 brn|[from] brn
|upkeep
|turn|24
|
|t:|1728015039
|move|p1a: Gengar|Thunderbolt|p2a: Tyranitar
|-crit|p2a: Tyranitar
|-damage|p2a: Tyranitar|6/100 brn
|move|p2a: Tyranitar|Pursuit|p1a: Gengar
|-supereffective|p1a: Gengar
|-damage|p1a: Gengar|0 fnt
|faint|p1a: Gengar
|
|t:|1728015043
|switch|p1a: Dugtrio|Dugtrio, M|100/100
|-damage|p1a: Dugtrio|88/100|[from] Spikes
|
|-weather|Sandstorm|[upkeep]
|-heal|p2a: Tyranitar|12/100 brn|[from] item: Leftovers
|-damage|p2a: Tyranitar|0 fnt|[from] brn
|faint|p2a: Tyranitar
|upkeep
|
|t:|1728015054
|switch|p2a: Flygon|Flygon, F|100/100
|turn|25
|
|t:|1728015065
|move|p1a: Dugtrio|Aerial Ace|p2a: Flygon
|-damage|p2a: Flygon|85/100
|move|p2a: Flygon|Rock Tomb|p1a: Dugtrio
|-resisted|p1a: Dugtrio
|-damage|p1a: Dugtrio|72/100
|-unboost|p1a: Dugtrio|spe|1
|
|-weather|Sandstorm|[upkeep]
|-heal|p2a: Flygon|91/100|[from] item: Leftovers
|upkeep
|turn|26
|
|t:|1728015070
|move|p2a: Flygon|Rock Tomb|p1a: Dugtrio
|-resisted|p1a: Dugtrio
|-damage|p1a: Dugtrio|57/100
|-unboost|p1a: Dugtrio|spe|1
|move|p1a: Dugtrio|Aerial Ace|p2a: Flygon
|-damage|p2a: Flygon|74/100
|
|-weather|Sandstorm|[upkeep]
|-heal|p2a: Flygon|80/100|[from] item: Leftovers
|upkeep
|turn|27
|
|t:|1728015074
|move|p2a: Flygon|Earthquake|p1a: Dugtrio
|-damage|p1a: Dugtrio|0 fnt
|faint|p1a: Dugtrio
|
|t:|1728015077
|switch|p1a: Zapdos|Zapdos|64/100 brn
|
|-weather|Sandstorm|[upkeep]
|-damage|p1a: Zapdos|58/100 brn|[from] Sandstorm
|-heal|p1a: Zapdos|64/100 brn|[from] item: Leftovers
|-damage|p1a: Zapdos|51/100 brn|[from] brn
|-heal|p2a: Flygon|86/100|[from] item: Leftovers
|upkeep
|turn|28
|
|t:|1728015081
|move|p2a: Flygon|Protect|p2a: Flygon
|-singleturn|p2a: Flygon|Protect
|move|p1a: Zapdos|Hidden Power|p2a: Flygon
|-activate|p2a: Flygon|Protect
|
|-weather|Sandstorm|[upkeep]
|-damage|p1a: Zapdos|45/100 brn|[from] Sandstorm
|-heal|p1a: Zapdos|51/100 brn|[from] item: Leftovers
|-damage|p1a: Zapdos|39/100 brn|[from] brn
|-heal|p2a: Flygon|93/100|[from] item: Leftovers
|upkeep
|turn|29
|
|t:|1728015096
|switch|p2a: Moltres|Moltres|11/100
|move|p1a: Zapdos|Hidden Power|p2a: Moltres
|-resisted|p2a: Moltres
|-damage|p2a: Moltres|4/100
|
|-weather|Sandstorm|[upkeep]
|-damage|p2a: Moltres|0 fnt|[from] Sandstorm
|-damage|p1a: Zapdos|33/100 brn|[from] Sandstorm
|faint|p2a: Moltres
|-heal|p1a: Zapdos|39/100 brn|[from] item: Leftovers
|-damage|p1a: Zapdos|27/100 brn|[from] brn
|upkeep
|
|t:|1728015099
|switch|p2a: Gengar|Gengar, M|37/100
|turn|30
|
|t:|1728015102
|move|p2a: Gengar|Thunderbolt|p1a: Zapdos
|-damage|p1a: Zapdos|0 fnt
|faint|p1a: Zapdos
|
|t:|1728015104
|switch|p1a: Jirachi|Jirachi|12/100
|-damage|p1a: Jirachi|0 fnt|[from] Spikes
|faint|p1a: Jirachi
|
|win|hey its me riley
|c|☆wwwmonmon|Gg
|c|☆hey its me riley|2 of 3 lmk when you are ready to go agan
|c|☆hey its me riley|gg

</script>
<script type="application/json" class="data" id="replaydata-smogtours-gen3ou-794505">
{"id":"smogtours-gen3ou-794505","format":"[Gen 3] OU","players":["wwwmonmon","hey its me riley"],"uploadtime":1728015104,"views":112,"formatid":"gen3ou","rating":null,"private":0,"password":null}
</script>

<script defer src="js/replays.js?9d40a366"></script>
