<!DOCTYPE html>
<meta charset="utf-8" />
<meta name="viewport" content="width=device-width" />

<title>[Gen 3] OU: taccat vs. Rizzarro Flame - Replays - Pok&eacute;mon Showdown!</title>

<meta name="description" content="Watch a replay of a Pok&eacute;mon battle between taccat and Rizzarro Flame! Format: [Gen 3] OU; Date: Oct 4, 2024" />
<!--

Hey, you! Looking in the source for the replay log?

You can find them in JSON format, just add `.json` at the end of a replay URL.

https://replay.pokemonshowdown.com/gen7randomdoublesbattle-865046831.json

Or, if you only need the log itself, add `.log` instead:

https://replay.pokemonshowdown.com/gen7randomdoublesbattle-865046831.log

-->

<link rel="stylesheet" href="//pokemonshowdown.com/style/global.css?0.023195364461161105" />
<link rel="stylesheet" href="//play.pokemonshowdown.com/style/font-awesome.css?0.13261647063804238" />
<link rel="stylesheet" href="//play.pokemonshowdown.com/style/battle.css?0.8753245789963631" />
<link rel="stylesheet" href="//play.pokemonshowdown.com/style/utilichart.css?0.8627959624976733" />

<!-- Global site tag (gtag.js) - Google Analytics -->
<script async src="https://www.googletagmanager.com/gtag/js?id=UA-26211653-1"></script>
<script>
  window.dataLayer = window.dataLayer || [];
  function gtag(){dataLayer.push(arguments);}
  gtag('js', new Date());

  gtag('config', 'UA-26211653-1');
</script>
<!-- End Google Analytics -->
<!-- Venatus Ad Manager - Install in <HEAD> of page -->
	<script src="https://hb.vntsm.com/v3/live/ad-manager.min.js" type="text/javascript" data-site-id="642aba63ec9a7b11c3c9c1be" data-mode="scan" async></script>
<!-- / Venatus Ad Manager -->

<style>
	@media (max-width:820px) {
		.battle {
			margin: 0 auto;
		}
		.battle-log {
			margin: 7px auto 0;
			max-width: 640px;
			height: 300px;
			position: static;
		}
	}
	.optgroup {
		display: inline-block;
		line-height: 22px;
		font-size: 10pt;
	}
	.optgroup .button {
		height: 25px;
		padding-top: 0;
		padding-bottom: 0;
	}
	.optgroup button.button {
		padding-left: 12px;
		padding-right: 12px;
	}
	.linklist {
		list-style: none;
		margin: 0.5em 0;
		padding: 0;
	}
	.linklist li {
		padding: 2px 0;
	}
	.sidebar {
		float: left;
		width: 320px;
	}
	.bar-wrapper {
		max-width: 1100px;
		margin: 0 auto;
	}
	.bar-wrapper.has-sidebar {
		max-width: 1430px;
	}
	.mainbar {
		margin: 0;
		padding-right: 1px;
	}
	.mainbar.has-sidebar {
		margin-left: 330px;
	}
	@media (min-width: 1511px) {
		.sidebar {
			width: 400px;
		}
		.bar-wrapper.has-sidebar {
			max-width: 1510px;
		}
		.mainbar.has-sidebar {
			margin-left: 410px;
		}
	}
	.section.first-section {
		margin-top: 9px;
	}
	.blocklink small {
		white-space: normal;
	}
	.button {
		vertical-align: middle;
	}
	.replay-controls {
		padding-top: 10px;
	}
	.replay-controls h1 {
		font-size: 16pt;
		font-weight: normal;
		color: #CCC;
	}
	.pagelink {
		text-align: center;
	}
	.pagelink a {
		width: 150px;
	}
	.textbox, .button {
		font-size: 11pt;
		vertical-align: middle;
	}
	@media (max-width: 450px) {
		.button {
			font-size: 9pt;
		}
	}
</style>

<div>

	<header>
		<div class="nav-wrapper"><ul class="nav">
			<li><a class="button nav-first" href="//pokemonshowdown.com/"><img src="//pokemonshowdown.com/images/pokemonshowdownbeta.png" srcset="//pokemonshowdown.com/images/pokemonshowdownbeta.png 1x, //pokemonshowdown.com/images/pokemonshowdownbeta@2x.png 2x" alt="Pok&eacute;mon Showdown" width="146" height="44" /> Home</a></li>
			<li><a class="button" href="//pokemonshowdown.com/dex/">Pok&eacute;dex</a></li>
			<li><a class="button cur" href="/">Replays</a></li>
			<li><a class="button" href="//pokemonshowdown.com/ladder/">Ladder</a></li>
			<li><a class="button nav-last" href="//pokemonshowdown.com/forums/">Forum</a></li>
			<li><a class="button greenbutton nav-first nav-last" href="//play.pokemonshowdown.com/">Play</a></li>
		</ul></div>
	</header>

	<div class="main" id="main">

		<noscript><section class="section">You need to enable JavaScript to use this page; sorry!</section></noscript>

	</div>

</div>

<script defer nomodule src="//play.pokemonshowdown.com/js/lib/ps-polyfill.js"></script>
<script defer src="//play.pokemonshowdown.com/js/lib/preact.min.js"></script>

<script defer src="//play.pokemonshowdown.com/config/config.js?2bddbc15"></script>
<script defer src="//play.pokemonshowdown.com/js/lib/jquery-1.11.0.min.js"></script>
<script defer src="//play.pokemonshowdown.com/js/lib/html-sanitizer-minified.js"></script>
<script defer src="//play.pokemonshowdown.com/js/battle-sound.js"></script>
<script defer src="//play.pokemonshowdown.com/js/battledata.js?0.7209276989879541"></script>
<script defer src="//play.pokemonshowdown.com/data/pokedex-mini.js?0.6111056340867951"></script>
<script defer src="//play.pokemonshowdown.com/data/pokedex-mini-bw.js?0.3532142036491459"></script>
<script defer src="//play.pokemonshowdown.com/data/graphics.js?0.24223875632456182"></script>
<script defer src="//play.pokemonshowdown.com/data/pokedex.js?0.38839984266356864"></script>
<script defer src="//play.pokemonshowdown.com/data/moves.js?0.21866028504024015"></script>
<script defer src="//play.pokemonshowdown.com/data/abilities.js?0.2005157953846628"></script>
<script defer src="//play.pokemonshowdown.com/data/items.js?0.9894211263848525"></script>
<script defer src="//play.pokemonshowdown.com/data/teambuilder-tables.js?0.6008791140282215"></script>
<script defer src="//play.pokemonshowdown.com/js/battle-tooltips.js?0.7580118955022959"></script>
<script defer src="//play.pokemonshowdown.com/js/battle.js?0.6057722274234274"></script>

<script defer src="js/utils.js?e31f9a17"></script>
<script defer src="js/replays-battle.js?7008c182"></script>

<!-- don't scrape this data! just add .json or .log after the URL!
Full API docs: https://github.com/smogon/pokemon-showdown-client/blob/master/WEB-API.md -->
<script type="text/plain" class="log" id="replaylog-smogtours-gen3ou-794532">
|inactive|Battle timer is ON: inactive players will automatically lose when time's up.
|t:|1728042099
|gametype|singles
|player|p1|taccat|ltsurge|
|player|p2|Rizzarro Flame|2|
|teamsize|p1|6
|teamsize|p2|6
|gen|3
|tier|[Gen 3] OU
|rule|Sleep Clause Mod: Limit one foe put to sleep
|rule|Switch Priority Clause Mod: Faster Pokémon switch first
|rule|Species Clause: Limit one of each Pokémon
|rule|OHKO Clause: OHKO moves are banned
|rule|Evasion Items Clause: Evasion items are banned
|rule|Evasion Moves Clause: Evasion moves are banned
|rule|Endless Battle Clause: Forcing endless battles is banned
|rule|HP Percentage Mod: HP is shown in percentages
|rule|One Boost Passer Clause: Limit one Baton Passer that has a way to boost its stats
|rule|Freeze Clause Mod: Limit one foe frozen
|
|t:|1728042099
|start
|switch|p1a: Skarmory|Skarmory, M, shiny|100/100
|switch|p2a: Suicune|Suicune|100/100
|turn|1
|
|t:|1728042112
|move|p2a: Suicune|Hydro Pump|p1a: Skarmory|[miss]
|-miss|p2a: Suicune|p1a: Skarmory
|move|p1a: Skarmory|Spikes|p2a: Suicune
|-sidestart|p2: Rizzarro Flame|Spikes
|
|upkeep
|turn|2
|
|t:|1728042122
|switch|p1a: Blissey|Blissey, F|100/100
|move|p2a: Suicune|Calm Mind|p2a: Suicune
|-boost|p2a: Suicune|spa|1
|-boost|p2a: Suicune|spd|1
|
|upkeep
|turn|3
|
|t:|1728042139
|move|p2a: Suicune|Calm Mind|p2a: Suicune
|-boost|p2a: Suicune|spa|1
|-boost|p2a: Suicune|spd|1
|move|p1a: Blissey|Thunderbolt|p2a: Suicune
|-supereffective|p2a: Suicune
|-damage|p2a: Suicune|78/100
|
|-heal|p2a: Suicune|84/100|[from] item: Leftovers
|upkeep
|turn|4
|
|t:|1728042146
|move|p2a: Suicune|Calm Mind|p2a: Suicune
|-boost|p2a: Suicune|spa|1
|-boost|p2a: Suicune|spd|1
|move|p1a: Blissey|Sing|p2a: Suicune
|-status|p2a: Suicune|slp|[from] move: Sing
|
|-heal|p2a: Suicune|90/100 slp|[from] item: Leftovers
|upkeep
|turn|5
|
|t:|1728042153
|switch|p1a: Skarmory|Skarmory, M, shiny|100/100
|cant|p2a: Suicune|slp
|
|-heal|p2a: Suicune|96/100 slp|[from] item: Leftovers
|upkeep
|turn|6
|
|t:|1728042157
|-curestatus|p2a: Suicune|slp|[msg]
|move|p2a: Suicune|Calm Mind|p2a: Suicune
|-boost|p2a: Suicune|spa|1
|-boost|p2a: Suicune|spd|1
|move|p1a: Skarmory|Roar|p2a: Suicune
|drag|p2a: Jirachi|Jirachi|100/100
|-damage|p2a: Jirachi|88/100|[from] Spikes
|
|-heal|p2a: Jirachi|94/100|[from] item: Leftovers
|upkeep
|turn|7
|
|t:|1728042180
|move|p2a: Jirachi|Calm Mind|p2a: Jirachi
|-boost|p2a: Jirachi|spa|1
|-boost|p2a: Jirachi|spd|1
|move|p1a: Skarmory|Spikes|p2a: Jirachi
|-sidestart|p2: Rizzarro Flame|Spikes
|
|-heal|p2a: Jirachi|100/100|[from] item: Leftovers
|upkeep
|turn|8
|
|t:|1728042187
|move|p2a: Jirachi|Fire Punch|p1a: Skarmory
|-supereffective|p1a: Skarmory
|-damage|p1a: Skarmory|38/100
|move|p1a: Skarmory|Roar|p2a: Jirachi
|drag|p2a: Porygon2|Porygon2|100/100
|-damage|p2a: Porygon2|84/100|[from] Spikes
|-ability|p2a: Porygon2|Keen Eye|[from] ability: Trace|[of] p1a: Skarmory
|
|-heal|p1a: Skarmory|44/100|[from] item: Leftovers
|-heal|p2a: Porygon2|90/100|[from] item: Leftovers
|upkeep
|turn|9
|
|t:|1728042200
|move|p1a: Skarmory|Protect|p1a: Skarmory
|-singleturn|p1a: Skarmory|Protect
|move|p2a: Porygon2|Thunderbolt|p1a: Skarmory
|-activate|p1a: Skarmory|Protect
|
|-heal|p1a: Skarmory|50/100|[from] item: Leftovers
|-heal|p2a: Porygon2|96/100|[from] item: Leftovers
|upkeep
|turn|10
|
|t:|1728042207
|move|p1a: Skarmory|Toxic|p2a: Porygon2
|-status|p2a: Porygon2|tox
|move|p2a: Porygon2|Toxic|p1a: Skarmory
|-immune|p1a: Skarmory
|
|-heal|p1a: Skarmory|56/100|[from] item: Leftovers
|-heal|p2a: Porygon2|100/100 tox|[from] item: Leftovers
|-damage|p2a: Porygon2|94/100 tox|[from] psn
|upkeep
|turn|11
|
|t:|1728042225
|switch|p1a: Blissey|Blissey, F|100/100
|switch|p2a: Jirachi|Jirachi|100/100
|-damage|p2a: Jirachi|84/100|[from] Spikes
|
|-heal|p2a: Jirachi|90/100|[from] item: Leftovers
|upkeep
|turn|12
|
|t:|1728042242
|switch|p1a: Skarmory|Skarmory, M, shiny|56/100
|move|p2a: Jirachi|Calm Mind|p2a: Jirachi
|-boost|p2a: Jirachi|spa|1
|-boost|p2a: Jirachi|spd|1
|
|-heal|p2a: Jirachi|96/100|[from] item: Leftovers
|-heal|p1a: Skarmory|62/100|[from] item: Leftovers
|upkeep
|turn|13
|
|t:|1728042255
|move|p2a: Jirachi|Calm Mind|p2a: Jirachi
|-boost|p2a: Jirachi|spa|1
|-boost|p2a: Jirachi|spd|1
|move|p1a: Skarmory|Roar|p2a: Jirachi
|drag|p2a: Dugtrio|Dugtrio, F|100/100
|-damage|p2a: Dugtrio|84/100|[from] Spikes
|
|-heal|p1a: Skarmory|68/100|[from] item: Leftovers
|upkeep
|turn|14
|
|t:|1728042266
|move|p2a: Dugtrio|Rock Slide|p1a: Skarmory
|-damage|p1a: Skarmory|44/100
|move|p1a: Skarmory|Spikes|p2a: Dugtrio
|-sidestart|p2: Rizzarro Flame|Spikes
|
|-heal|p1a: Skarmory|50/100|[from] item: Leftovers
|upkeep
|turn|15
|
|t:|1728042278
|switch|p2a: Jirachi|Jirachi|96/100
|-damage|p2a: Jirachi|71/100|[from] Spikes
|move|p1a: Skarmory|Toxic|p2a: Jirachi
|-immune|p2a: Jirachi
|
|-heal|p2a: Jirachi|77/100|[from] item: Leftovers
|-heal|p1a: Skarmory|56/100|[from] item: Leftovers
|upkeep
|turn|16
|
|t:|1728042281
|move|p2a: Jirachi|Fire Punch|p1a: Skarmory
|-supereffective|p1a: Skarmory
|-damage|p1a: Skarmory|12/100
|-status|p1a: Skarmory|brn
|move|p1a: Skarmory|Roar|p2a: Jirachi
|drag|p2a: Raikou|Raikou|100/100
|-damage|p2a: Raikou|76/100|[from] Spikes
|
|-heal|p2a: Raikou|82/100|[from] item: Leftovers
|-heal|p1a: Skarmory|18/100 brn|[from] item: Leftovers
|-damage|p1a: Skarmory|6/100 brn|[from] brn
|upkeep
|turn|17
|
|t:|1728042293
|move|p2a: Raikou|Thunderbolt|p1a: Skarmory
|-supereffective|p1a: Skarmory
|-damage|p1a: Skarmory|0 fnt
|faint|p1a: Skarmory
|inactive|taccat has 270 seconds left.
|
|t:|1728042318
|switch|p1a: Claydol|Claydol|100/100
|
|-heal|p2a: Raikou|88/100|[from] item: Leftovers
|upkeep
|turn|18
|
|t:|1728042329
|switch|p2a: Porygon2|Porygon2|94/100 tox
|-damage|p2a: Porygon2|69/100 tox|[from] Spikes
|-ability|p2a: Porygon2|Levitate|[from] ability: Trace|[of] p1a: Claydol
|move|p1a: Claydol|Earthquake|p2a: Porygon2
|-immune|p2a: Porygon2
|
|-heal|p2a: Porygon2|76/100 tox|[from] item: Leftovers
|-damage|p2a: Porygon2|69/100 tox|[from] psn
|upkeep
|turn|19
|
|t:|1728042338
|switch|p1a: Blissey|Blissey, F|100/100
|move|p2a: Porygon2|Toxic|p1a: Blissey|[miss]
|-miss|p2a: Porygon2|p1a: Blissey
|
|-heal|p2a: Porygon2|76/100 tox|[from] item: Leftovers
|-damage|p2a: Porygon2|63/100 tox|[from] psn
|upkeep
|turn|20
|
|t:|1728042349
|move|p2a: Porygon2|Recover|p2a: Porygon2
|-heal|p2a: Porygon2|100/100 tox
|move|p1a: Blissey|Ice Beam|p2a: Porygon2
|-damage|p2a: Porygon2|78/100 tox
|
|-heal|p2a: Porygon2|84/100 tox|[from] item: Leftovers
|-damage|p2a: Porygon2|66/100 tox|[from] psn
|upkeep
|turn|21
|
|t:|1728042362
|switch|p2a: Celebi|Celebi|100/100
|-damage|p2a: Celebi|76/100|[from] Spikes
|move|p1a: Blissey|Ice Beam|p2a: Celebi
|-supereffective|p2a: Celebi
|-damage|p2a: Celebi|29/100
|
|-heal|p2a: Celebi|35/100|[from] item: Leftovers
|upkeep
|turn|22
|inactive|Rizzarro Flame has 270 seconds left.
|
|t:|1728042410
|move|p2a: Celebi|Calm Mind|p2a: Celebi
|-boost|p2a: Celebi|spa|1
|-boost|p2a: Celebi|spd|1
|move|p1a: Blissey|Thunderbolt|p2a: Celebi
|-resisted|p2a: Celebi
|-damage|p2a: Celebi|27/100
|
|-heal|p2a: Celebi|33/100|[from] item: Leftovers
|upkeep
|turn|23
|
|t:|1728042431
|move|p2a: Celebi|Giga Drain|p1a: Blissey
|-damage|p1a: Blissey|84/100
|-heal|p2a: Celebi|48/100|[from] drain|[of] p1a: Blissey
|move|p1a: Blissey|Ice Beam|p2a: Celebi
|-supereffective|p2a: Celebi
|-damage|p2a: Celebi|18/100
|
|-heal|p2a: Celebi|24/100|[from] item: Leftovers
|-heal|p1a: Blissey|90/100|[from] item: Leftovers
|upkeep
|turn|24
|
|t:|1728042441
|move|p2a: Celebi|Baton Pass|p2a: Celebi
|
|t:|1728042443
|switch|p2a: Jirachi|Jirachi|77/100|[from] Baton Pass
|-damage|p2a: Jirachi|53/100|[from] Spikes
|move|p1a: Blissey|Ice Beam|p2a: Jirachi
|-resisted|p2a: Jirachi
|-damage|p2a: Jirachi|44/100
|
|-heal|p2a: Jirachi|50/100|[from] item: Leftovers
|-heal|p1a: Blissey|97/100|[from] item: Leftovers
|upkeep
|turn|25
|
|t:|1728042456
|switch|p1a: Claydol|Claydol|100/100
|move|p2a: Jirachi|Psychic|p1a: Claydol
|-resisted|p1a: Claydol
|-damage|p1a: Claydol|76/100
|
|-heal|p2a: Jirachi|57/100|[from] item: Leftovers
|-heal|p1a: Claydol|82/100|[from] item: Leftovers
|upkeep
|turn|26
|inactive|Rizzarro Flame has 240 seconds left.
|
|t:|1728042500
|switch|p2a: Porygon2|Porygon2|66/100 tox
|-damage|p2a: Porygon2|41/100 tox|[from] Spikes
|-ability|p2a: Porygon2|Levitate|[from] ability: Trace|[of] p1a: Claydol
|move|p1a: Claydol|Earthquake|p2a: Porygon2
|-immune|p2a: Porygon2
|
|-heal|p1a: Claydol|88/100|[from] item: Leftovers
|-heal|p2a: Porygon2|47/100 tox|[from] item: Leftovers
|-damage|p2a: Porygon2|41/100 tox|[from] psn
|upkeep
|turn|27
|
|t:|1728042521
|switch|p1a: Metagross|Metagross, shiny|100/100
|move|p2a: Porygon2|Recover|p2a: Porygon2
|-heal|p2a: Porygon2|91/100 tox
|
|-heal|p2a: Porygon2|97/100 tox|[from] item: Leftovers
|-damage|p2a: Porygon2|85/100 tox|[from] psn
|upkeep
|turn|28
|
|t:|1728042539
|switch|p1a: Claydol|Claydol|88/100
|move|p2a: Porygon2|Thunderbolt|p1a: Claydol
|-immune|p1a: Claydol
|
|-heal|p1a: Claydol|94/100|[from] item: Leftovers
|-heal|p2a: Porygon2|91/100 tox|[from] item: Leftovers
|-damage|p2a: Porygon2|73/100 tox|[from] psn
|upkeep
|turn|29
|inactive|Rizzarro Flame has 210 seconds left.
|
|t:|1728042563
|move|p1a: Claydol|Psychic|p2a: Porygon2
|-damage|p2a: Porygon2|50/100 tox
|move|p2a: Porygon2|Toxic|p1a: Claydol
|-status|p1a: Claydol|tox
|
|-heal|p1a: Claydol|100/100 tox|[from] item: Leftovers
|-damage|p1a: Claydol|94/100 tox|[from] psn
|-heal|p2a: Porygon2|57/100 tox|[from] item: Leftovers
|-damage|p2a: Porygon2|32/100 tox|[from] psn
|upkeep
|turn|30
|inactive|Rizzarro Flame has 210 seconds left.
|inactive|taccat has 270 seconds left.
|
|t:|1728042596
|switch|p1a: Metagross|Metagross, shiny|100/100
|move|p2a: Porygon2|Thunderbolt|p1a: Metagross
|-damage|p1a: Metagross|77/100
|
|-heal|p1a: Metagross|83/100|[from] item: Leftovers
|-heal|p2a: Porygon2|38/100 tox|[from] item: Leftovers
|-damage|p2a: Porygon2|7/100 tox|[from] psn
|upkeep
|turn|31
|inactive|taccat has 270 seconds left.
|
|t:|1728042611
|switch|p1a: Claydol|Claydol|94/100 tox
|move|p2a: Porygon2|Thunderbolt|p1a: Claydol
|-immune|p1a: Claydol
|
|-heal|p1a: Claydol|100/100 tox|[from] item: Leftovers
|-damage|p1a: Claydol|94/100 tox|[from] psn
|-heal|p2a: Porygon2|14/100 tox|[from] item: Leftovers
|-damage|p2a: Porygon2|0 fnt|[from] psn
|faint|p2a: Porygon2
|upkeep
|
|t:|1728042619
|switch|p2a: Suicune|Suicune|96/100
|-damage|p2a: Suicune|71/100|[from] Spikes
|turn|32
|inactive|taccat has 270 seconds left.
|
|t:|1728042632
|move|p2a: Suicune|Calm Mind|p2a: Suicune
|-boost|p2a: Suicune|spa|1
|-boost|p2a: Suicune|spd|1
|move|p1a: Claydol|Explosion|p2a: Suicune
|-damage|p2a: Suicune|0 fnt
|faint|p1a: Claydol
|faint|p2a: Suicune
|inactive|taccat has 270 seconds left.
|inactive|Rizzarro Flame has 180 seconds left.
|
|t:|1728042665
|switch|p2a: Jirachi|Jirachi|57/100
|switch|p1a: Tyranitar|Tyranitar, M|100/100
|-damage|p2a: Jirachi|32/100|[from] Spikes
|-weather|Sandstorm|[from] ability: Sand Stream|[of] p1a: Tyranitar
|
|-weather|Sandstorm|[upkeep]
|-heal|p2a: Jirachi|38/100|[from] item: Leftovers
|upkeep
|turn|33
|inactive|Rizzarro Flame has 180 seconds left.
|
|t:|1728042690
|move|p2a: Jirachi|Fire Punch|p1a: Tyranitar
|-resisted|p1a: Tyranitar
|-damage|p1a: Tyranitar|92/100
|move|p1a: Tyranitar|Earthquake|p2a: Jirachi
|-supereffective|p2a: Jirachi
|-damage|p2a: Jirachi|0 fnt
|faint|p2a: Jirachi
|inactive|Rizzarro Flame has 180 seconds left.
|
|t:|1728042706
|switch|p2a: Dugtrio|Dugtrio, F|84/100
|-damage|p2a: Dugtrio|59/100|[from] Spikes
|
|-weather|Sandstorm|[upkeep]
|-heal|p1a: Tyranitar|98/100|[from] item: Leftovers
|upkeep
|turn|34
|
|t:|1728042712
|move|p2a: Dugtrio|Earthquake|p1a: Tyranitar
|-supereffective|p1a: Tyranitar
|-damage|p1a: Tyranitar|10/100
|move|p1a: Tyranitar|Earthquake|p2a: Dugtrio
|-crit|p2a: Dugtrio
|-damage|p2a: Dugtrio|0 fnt
|faint|p2a: Dugtrio
|inactive|Rizzarro Flame has 180 seconds left.
|
|t:|1728042723
|switch|p2a: Raikou|Raikou|88/100
|-damage|p2a: Raikou|63/100|[from] Spikes
|
|-weather|Sandstorm|[upkeep]
|-damage|p2a: Raikou|57/100|[from] Sandstorm
|-heal|p2a: Raikou|63/100|[from] item: Leftovers
|-heal|p1a: Tyranitar|16/100|[from] item: Leftovers
|upkeep
|turn|35
|
|t:|1728042730
|move|p2a: Raikou|Thunderbolt|p1a: Tyranitar
|-damage|p1a: Tyranitar|0 fnt
|faint|p1a: Tyranitar
|
|t:|1728042735
|switch|p1a: Metagross|Metagross, shiny|83/100
|
|-weather|Sandstorm|[upkeep]
|-damage|p2a: Raikou|57/100|[from] Sandstorm
|-heal|p2a: Raikou|63/100|[from] item: Leftovers
|-heal|p1a: Metagross|89/100|[from] item: Leftovers
|upkeep
|turn|36
|
|t:|1728042740
|move|p2a: Raikou|Thunderbolt|p1a: Metagross
|-damage|p1a: Metagross|40/100
|move|p1a: Metagross|Earthquake|p2a: Raikou
|-supereffective|p2a: Raikou
|-damage|p2a: Raikou|0 fnt
|faint|p2a: Raikou
|
|t:|1728042745
|switch|p2a: Celebi|Celebi|24/100
|-damage|p2a: Celebi|0 fnt|[from] Spikes
|faint|p2a: Celebi
|
|win|taccat
|c|☆taccat|gg! fun set!

</script>
<script type="application/json" class="data" id="replaydata-smogtours-gen3ou-794532">
{"id":"smogtours-gen3ou-794532","format":"[Gen 3] OU","players":["taccat","Rizzarro Flame"],"uploadtime":1728042745,"views":88,"formatid":"gen3ou","rating":null,"private":0,"password":null}
</script>

<script defer src="js/replays.js?9d40a366"></script>
