<!DOCTYPE html>
<meta charset="utf-8" />
<meta name="viewport" content="width=device-width" />

<title>[Gen 3] OU: salto vs. troglodyte480 - Replays - Pok&eacute;mon Showdown!</title>

<meta name="description" content="Watch a replay of a Pok&eacute;mon battle between salto and troglodyte480! Format: [Gen 3] OU; Date: Oct 22, 2024" />
<!--

Hey, you! Looking in the source for the replay log?

You can find them in JSON format, just add `.json` at the end of a replay URL.

https://replay.pokemonshowdown.com/gen7randomdoublesbattle-865046831.json

Or, if you only need the log itself, add `.log` instead:

https://replay.pokemonshowdown.com/gen7randomdoublesbattle-865046831.log

-->

<link rel="stylesheet" href="//pokemonshowdown.com/style/global.css?0.023195364461161105" />
<link rel="stylesheet" href="//play.pokemonshowdown.com/style/font-awesome.css?0.13261647063804238" />
<link rel="stylesheet" href="//play.pokemonshowdown.com/style/battle.css?0.8753245789963631" />
<link rel="stylesheet" href="//play.pokemonshowdown.com/style/utilichart.css?0.8627959624976733" />

<!-- Global site tag (gtag.js) - Google Analytics -->
<script async src="https://www.googletagmanager.com/gtag/js?id=UA-26211653-1"></script>
<script>
  window.dataLayer = window.dataLayer || [];
  function gtag(){dataLayer.push(arguments);}
  gtag('js', new Date());

  gtag('config', 'UA-26211653-1');
</script>
<!-- End Google Analytics -->
<!-- Venatus Ad Manager - Install in <HEAD> of page -->
	<script src="https://hb.vntsm.com/v3/live/ad-manager.min.js" type="text/javascript" data-site-id="642aba63ec9a7b11c3c9c1be" data-mode="scan" async></script>
<!-- / Venatus Ad Manager -->

<style>
	@media (max-width:820px) {
		.battle {
			margin: 0 auto;
		}
		.battle-log {
			margin: 7px auto 0;
			max-width: 640px;
			height: 300px;
			position: static;
		}
	}
	.optgroup {
		display: inline-block;
		line-height: 22px;
		font-size: 10pt;
	}
	.optgroup .button {
		height: 25px;
		padding-top: 0;
		padding-bottom: 0;
	}
	.optgroup button.button {
		padding-left: 12px;
		padding-right: 12px;
	}
	.linklist {
		list-style: none;
		margin: 0.5em 0;
		padding: 0;
	}
	.linklist li {
		padding: 2px 0;
	}
	.sidebar {
		float: left;
		width: 320px;
	}
	.bar-wrapper {
		max-width: 1100px;
		margin: 0 auto;
	}
	.bar-wrapper.has-sidebar {
		max-width: 1430px;
	}
	.mainbar {
		margin: 0;
		padding-right: 1px;
	}
	.mainbar.has-sidebar {
		margin-left: 330px;
	}
	@media (min-width: 1511px) {
		.sidebar {
			width: 400px;
		}
		.bar-wrapper.has-sidebar {
			max-width: 1510px;
		}
		.mainbar.has-sidebar {
			margin-left: 410px;
		}
	}
	.section.first-section {
		margin-top: 9px;
	}
	.blocklink small {
		white-space: normal;
	}
	.button {
		vertical-align: middle;
	}
	.replay-controls {
		padding-top: 10px;
	}
	.replay-controls h1 {
		font-size: 16pt;
		font-weight: normal;
		color: #CCC;
	}
	.pagelink {
		text-align: center;
	}
	.pagelink a {
		width: 150px;
	}
	.textbox, .button {
		font-size: 11pt;
		vertical-align: middle;
	}
	@media (max-width: 450px) {
		.button {
			font-size: 9pt;
		}
	}
</style>

<div>

	<header>
		<div class="nav-wrapper"><ul class="nav">
			<li><a class="button nav-first" href="//pokemonshowdown.com/"><img src="//pokemonshowdown.com/images/pokemonshowdownbeta.png" srcset="//pokemonshowdown.com/images/pokemonshowdownbeta.png 1x, //pokemonshowdown.com/images/pokemonshowdownbeta@2x.png 2x" alt="Pok&eacute;mon Showdown" width="146" height="44" /> Home</a></li>
			<li><a class="button" href="//pokemonshowdown.com/dex/">Pok&eacute;dex</a></li>
			<li><a class="button cur" href="/">Replays</a></li>
			<li><a class="button" href="//pokemonshowdown.com/ladder/">Ladder</a></li>
			<li><a class="button nav-last" href="//pokemonshowdown.com/forums/">Forum</a></li>
			<li><a class="button greenbutton nav-first nav-last" href="//play.pokemonshowdown.com/">Play</a></li>
		</ul></div>
	</header>

	<div class="main" id="main">

		<noscript><section class="section">You need to enable JavaScript to use this page; sorry!</section></noscript>

	</div>

</div>

<script defer nomodule src="//play.pokemonshowdown.com/js/lib/ps-polyfill.js"></script>
<script defer src="//play.pokemonshowdown.com/js/lib/preact.min.js"></script>

<script defer src="//play.pokemonshowdown.com/config/config.js?2bddbc15"></script>
<script defer src="//play.pokemonshowdown.com/js/lib/jquery-1.11.0.min.js"></script>
<script defer src="//play.pokemonshowdown.com/js/lib/html-sanitizer-minified.js"></script>
<script defer src="//play.pokemonshowdown.com/js/battle-sound.js"></script>
<script defer src="//play.pokemonshowdown.com/js/battledata.js?0.7209276989879541"></script>
<script defer src="//play.pokemonshowdown.com/data/pokedex-mini.js?0.6111056340867951"></script>
<script defer src="//play.pokemonshowdown.com/data/pokedex-mini-bw.js?0.3532142036491459"></script>
<script defer src="//play.pokemonshowdown.com/data/graphics.js?0.24223875632456182"></script>
<script defer src="//play.pokemonshowdown.com/data/pokedex.js?0.38839984266356864"></script>
<script defer src="//play.pokemonshowdown.com/data/moves.js?0.21866028504024015"></script>
<script defer src="//play.pokemonshowdown.com/data/abilities.js?0.2005157953846628"></script>
<script defer src="//play.pokemonshowdown.com/data/items.js?0.9894211263848525"></script>
<script defer src="//play.pokemonshowdown.com/data/teambuilder-tables.js?0.6008791140282215"></script>
<script defer src="//play.pokemonshowdown.com/js/battle-tooltips.js?0.7580118955022959"></script>
<script defer src="//play.pokemonshowdown.com/js/battle.js?0.6057722274234274"></script>

<script defer src="js/utils.js?e31f9a17"></script>
<script defer src="js/replays-battle.js?7008c182"></script>

<!-- don't scrape this data! just add .json or .log after the URL!
Full API docs: https://github.com/smogon/pokemon-showdown-client/blob/master/WEB-API.md -->
<script type="text/plain" class="log" id="replaylog-smogtours-gen3ou-801290">
|inactive|Battle timer is ON: inactive players will automatically lose when time's up.
|t:|1729636812
|gametype|singles
|player|p1|salto|grimsley|
|player|p2|troglodyte480|pokemonbreeder|
|teamsize|p1|6
|teamsize|p2|6
|gen|3
|tier|[Gen 3] OU
|rule|Sleep Clause Mod: Limit one foe put to sleep
|rule|Switch Priority Clause Mod: Faster Pokémon switch first
|rule|Species Clause: Limit one of each Pokémon
|rule|OHKO Clause: OHKO moves are banned
|rule|Evasion Items Clause: Evasion items are banned
|rule|Evasion Moves Clause: Evasion moves are banned
|rule|Endless Battle Clause: Forcing endless battles is banned
|rule|HP Percentage Mod: HP is shown in percentages
|rule|One Boost Passer Clause: Limit one Baton Passer that has a way to boost its stats
|rule|Freeze Clause Mod: Limit one foe frozen
|
|t:|1729636812
|start
|switch|p1a: Zapdos|Zapdos|100/100
|switch|p2a: Metagross|Metagross|100/100
|turn|1
|
|t:|1729636818
|move|p1a: Zapdos|Thunder Wave|p2a: Metagross
|-status|p2a: Metagross|par
|move|p2a: Metagross|Toxic|p1a: Zapdos
|-status|p1a: Zapdos|tox
|
|-damage|p1a: Zapdos|94/100 tox|[from] psn
|upkeep
|turn|2
|inactive|troglodyte480 has 270 seconds left.
|
|t:|1729636849
|switch|p1a: Forretress|Forretress, F|100/100
|switch|p2a: Snorlax|Snorlax, M|100/100
|
|upkeep
|turn|3
|
|t:|1729636855
|move|p1a: Forretress|Spikes|p2a: Snorlax
|-sidestart|p2: troglodyte480|Spikes
|move|p2a: Snorlax|Curse|p2a: Snorlax
|-unboost|p2a: Snorlax|spe|1
|-boost|p2a: Snorlax|atk|1
|-boost|p2a: Snorlax|def|1
|
|upkeep
|turn|4
|
|t:|1729636867
|switch|p1a: Hariyama|Hariyama, F|100/100
|move|p2a: Snorlax|Curse|p2a: Snorlax
|-unboost|p2a: Snorlax|spe|1
|-boost|p2a: Snorlax|atk|1
|-boost|p2a: Snorlax|def|1
|
|upkeep
|turn|5
|
|t:|1729636873
|switch|p2a: Gyarados|Gyarados, M, shiny|100/100
|-ability|p2a: Gyarados|Intimidate|boost
|-unboost|p1a: Hariyama|atk|1
|move|p1a: Hariyama|Whirlwind|p2a: Gyarados
|drag|p2a: Snorlax|Snorlax, M|100/100
|-damage|p2a: Snorlax|88/100|[from] Spikes
|
|-heal|p2a: Snorlax|94/100|[from] item: Leftovers
|upkeep
|turn|6
|
|t:|1729636882
|switch|p1a: Tyranitar|Tyranitar, M|100/100
|-weather|Sandstorm|[from] ability: Sand Stream|[of] p1a: Tyranitar
|switch|p2a: Gyarados|Gyarados, M, shiny|100/100
|-ability|p2a: Gyarados|Intimidate|boost
|-unboost|p1a: Tyranitar|atk|1
|
|-weather|Sandstorm|[upkeep]
|-damage|p2a: Gyarados|94/100|[from] Sandstorm
|-heal|p2a: Gyarados|100/100|[from] item: Leftovers
|upkeep
|turn|7
|
|t:|1729636906
|switch|p1a: Zapdos|Zapdos|94/100 tox
|move|p2a: Gyarados|Dragon Dance|p2a: Gyarados
|-boost|p2a: Gyarados|atk|1
|-boost|p2a: Gyarados|spe|1
|
|-weather|Sandstorm|[upkeep]
|-damage|p2a: Gyarados|94/100|[from] Sandstorm
|-damage|p1a: Zapdos|88/100 tox|[from] Sandstorm
|-heal|p2a: Gyarados|100/100|[from] item: Leftovers
|-heal|p1a: Zapdos|94/100 tox|[from] item: Leftovers
|-damage|p1a: Zapdos|88/100 tox|[from] psn
|upkeep
|turn|8
|inactive|troglodyte480 has 270 seconds left.
|
|t:|1729636946
|switch|p2a: Tyranitar|Tyranitar, F|100/100
|-damage|p2a: Tyranitar|88/100|[from] Spikes
|move|p1a: Zapdos|Thunderbolt|p2a: Tyranitar
|-damage|p2a: Tyranitar|48/100
|
|-weather|Sandstorm|[upkeep]
|-damage|p1a: Zapdos|82/100 tox|[from] Sandstorm
|-heal|p1a: Zapdos|88/100 tox|[from] item: Leftovers
|-damage|p1a: Zapdos|76/100 tox|[from] psn
|-heal|p2a: Tyranitar|54/100|[from] item: Leftovers
|upkeep
|turn|9
|
|t:|1729636957
|switch|p1a: Hariyama|Hariyama, F|100/100
|move|p2a: Tyranitar|Flamethrower|p1a: Hariyama
|-damage|p1a: Hariyama|79/100
|
|-weather|Sandstorm|[upkeep]
|-damage|p1a: Hariyama|73/100|[from] Sandstorm
|-heal|p2a: Tyranitar|60/100|[from] item: Leftovers
|-heal|p1a: Hariyama|79/100|[from] item: Leftovers
|upkeep
|turn|10
|
|t:|1729636967
|switch|p2a: Gyarados|Gyarados, M, shiny|100/100
|-ability|p2a: Gyarados|Intimidate|boost
|-unboost|p1a: Hariyama|atk|1
|move|p1a: Hariyama|Cross Chop|p2a: Gyarados
|-resisted|p2a: Gyarados
|-damage|p2a: Gyarados|84/100
|
|-weather|Sandstorm|[upkeep]
|-damage|p2a: Gyarados|78/100|[from] Sandstorm
|-damage|p1a: Hariyama|73/100|[from] Sandstorm
|-heal|p2a: Gyarados|84/100|[from] item: Leftovers
|-heal|p1a: Hariyama|79/100|[from] item: Leftovers
|upkeep
|turn|11
|
|t:|1729636978
|switch|p1a: Zapdos|Zapdos|76/100 tox
|move|p2a: Gyarados|Dragon Dance|p2a: Gyarados
|-boost|p2a: Gyarados|atk|1
|-boost|p2a: Gyarados|spe|1
|
|-weather|Sandstorm|[upkeep]
|-damage|p2a: Gyarados|78/100|[from] Sandstorm
|-damage|p1a: Zapdos|69/100 tox|[from] Sandstorm
|-heal|p2a: Gyarados|84/100|[from] item: Leftovers
|-heal|p1a: Zapdos|76/100 tox|[from] item: Leftovers
|-damage|p1a: Zapdos|69/100 tox|[from] psn
|upkeep
|turn|12
|inactive|troglodyte480 has 240 seconds left.
|inactive|troglodyte480 has 210 seconds left.
|
|t:|1729637050
|move|p2a: Gyarados|Hidden Power|p1a: Zapdos
|-supereffective|p1a: Zapdos
|-damage|p1a: Zapdos|0 fnt
|faint|p1a: Zapdos
|
|t:|1729637053
|switch|p1a: Jolteon|Jolteon, M|100/100
|
|-weather|Sandstorm|[upkeep]
|-damage|p2a: Gyarados|78/100|[from] Sandstorm
|-damage|p1a: Jolteon|94/100|[from] Sandstorm
|-heal|p2a: Gyarados|84/100|[from] item: Leftovers
|-heal|p1a: Jolteon|100/100|[from] item: Leftovers
|upkeep
|turn|13
|
|t:|1729637062
|move|p2a: Gyarados|Earthquake|p1a: Jolteon
|-supereffective|p1a: Jolteon
|-damage|p1a: Jolteon|0 fnt
|faint|p1a: Jolteon
|
|t:|1729637068
|switch|p1a: Tyranitar|Tyranitar, M|100/100
|
|-weather|Sandstorm|[upkeep]
|-damage|p2a: Gyarados|78/100|[from] Sandstorm
|-heal|p2a: Gyarados|84/100|[from] item: Leftovers
|upkeep
|turn|14
|inactive|troglodyte480 has 210 seconds left.
|
|t:|1729637079
|move|p2a: Gyarados|Earthquake|p1a: Tyranitar
|-supereffective|p1a: Tyranitar
|-damage|p1a: Tyranitar|16/100
|move|p1a: Tyranitar|Rock Slide|p2a: Gyarados
|-supereffective|p2a: Gyarados
|-damage|p2a: Gyarados|0 fnt
|faint|p2a: Gyarados
|
|t:|1729637088
|switch|p2a: Salamence|Salamence, M, shiny|100/100
|-ability|p2a: Salamence|Intimidate|boost
|-unboost|p1a: Tyranitar|atk|1
|
|-weather|Sandstorm|[upkeep]
|-damage|p2a: Salamence|94/100|[from] Sandstorm
|-heal|p2a: Salamence|100/100|[from] item: Leftovers
|-heal|p1a: Tyranitar|22/100|[from] item: Leftovers
|upkeep
|turn|15
|c|☆salto|the max speed gyarados :(
|inactive|troglodyte480 has 210 seconds left.
|
|t:|1729637103
|switch|p1a: Hariyama|Hariyama, F|79/100
|move|p2a: Salamence|Earthquake|p1a: Hariyama
|-damage|p1a: Hariyama|40/100
|
|-weather|Sandstorm|[upkeep]
|-damage|p2a: Salamence|94/100|[from] Sandstorm
|-damage|p1a: Hariyama|34/100|[from] Sandstorm
|-heal|p2a: Salamence|100/100|[from] item: Leftovers
|-heal|p1a: Hariyama|40/100|[from] item: Leftovers
|upkeep
|turn|16
|c|☆salto|unexpected
|inactive|troglodyte480 has 210 seconds left.
|
|t:|1729637112
|move|p2a: Salamence|Hidden Power|p1a: Hariyama
|-supereffective|p1a: Hariyama
|-damage|p1a: Hariyama|0 fnt
|faint|p1a: Hariyama
|
|t:|1729637134
|switch|p1a: Raikou|Raikou|100/100
|
|-weather|Sandstorm|[upkeep]
|-damage|p1a: Raikou|94/100|[from] Sandstorm
|-damage|p2a: Salamence|94/100|[from] Sandstorm
|-heal|p1a: Raikou|100/100|[from] item: Leftovers
|-heal|p2a: Salamence|100/100|[from] item: Leftovers
|upkeep
|turn|17
|inactive|troglodyte480 has 210 seconds left.
|inactive|troglodyte480 has 180 seconds left.
|
|t:|1729637188
|switch|p2a: Snorlax|Snorlax, M|94/100
|-damage|p2a: Snorlax|82/100|[from] Spikes
|move|p1a: Raikou|Thunderbolt|p2a: Snorlax
|-damage|p2a: Snorlax|57/100
|
|-weather|Sandstorm|[upkeep]
|-damage|p1a: Raikou|94/100|[from] Sandstorm
|-damage|p2a: Snorlax|51/100|[from] Sandstorm
|-heal|p1a: Raikou|100/100|[from] item: Leftovers
|-heal|p2a: Snorlax|57/100|[from] item: Leftovers
|upkeep
|turn|18
|inactive|troglodyte480 has 180 seconds left.
|
|t:|1729637198
|switch|p1a: Forretress|Forretress, F|100/100
|move|p2a: Snorlax|Earthquake|p1a: Forretress
|-damage|p1a: Forretress|78/100
|
|-weather|Sandstorm|[upkeep]
|-damage|p2a: Snorlax|51/100|[from] Sandstorm
|-heal|p1a: Forretress|85/100|[from] item: Leftovers
|-heal|p2a: Snorlax|57/100|[from] item: Leftovers
|upkeep
|turn|19
|inactive|troglodyte480 has 180 seconds left.
|
|t:|1729637206
|move|p1a: Forretress|Hidden Power|p2a: Snorlax
|-damage|p2a: Snorlax|40/100
|move|p2a: Snorlax|Body Slam|p1a: Forretress
|-resisted|p1a: Forretress
|-damage|p1a: Forretress|73/100
|
|-weather|Sandstorm|[upkeep]
|-damage|p2a: Snorlax|33/100|[from] Sandstorm
|-heal|p1a: Forretress|79/100|[from] item: Leftovers
|-heal|p2a: Snorlax|40/100|[from] item: Leftovers
|upkeep
|turn|20
|
|t:|1729637222
|switch|p1a: Tyranitar|Tyranitar, M|22/100
|switch|p2a: Magneton|Magneton|100/100
|-damage|p2a: Magneton|88/100|[from] Spikes
|
|-weather|Sandstorm|[upkeep]
|-heal|p1a: Tyranitar|28/100|[from] item: Leftovers
|upkeep
|turn|21
|
|t:|1729637233
|move|p2a: Magneton|Thunderbolt|p1a: Tyranitar
|-damage|p1a: Tyranitar|0 fnt
|faint|p1a: Tyranitar
|
|t:|1729637235
|switch|p1a: Raikou|Raikou|100/100
|
|-weather|Sandstorm|[upkeep]
|-damage|p1a: Raikou|94/100|[from] Sandstorm
|-heal|p1a: Raikou|100/100|[from] item: Leftovers
|upkeep
|turn|22
|
|t:|1729637243
|move|p1a: Raikou|Substitute|p1a: Raikou
|-start|p1a: Raikou|Substitute
|-damage|p1a: Raikou|76/100
|move|p2a: Magneton|Toxic||[still]
|-fail|p2a: Magneton
|
|-weather|Sandstorm|[upkeep]
|-damage|p1a: Raikou|69/100|[from] Sandstorm
|-heal|p1a: Raikou|76/100|[from] item: Leftovers
|upkeep
|turn|23
|
|t:|1729637258
|switch|p2a: Metagross|Metagross|100/100 par
|-damage|p2a: Metagross|88/100 par|[from] Spikes
|move|p1a: Raikou|Calm Mind|p1a: Raikou
|-boost|p1a: Raikou|spa|1
|-boost|p1a: Raikou|spd|1
|
|-weather|Sandstorm|[upkeep]
|-damage|p1a: Raikou|69/100|[from] Sandstorm
|-heal|p1a: Raikou|76/100|[from] item: Leftovers
|-heal|p2a: Metagross|94/100 par|[from] item: Leftovers
|upkeep
|turn|24
|
|t:|1729637269
|move|p1a: Raikou|Thunderbolt|p2a: Metagross
|-damage|p2a: Metagross|23/100 par
|cant|p2a: Metagross|par
|
|-weather|Sandstorm|[upkeep]
|-damage|p1a: Raikou|69/100|[from] Sandstorm
|-heal|p1a: Raikou|76/100|[from] item: Leftovers
|-heal|p2a: Metagross|29/100 par|[from] item: Leftovers
|upkeep
|turn|25
|
|t:|1729637278
|move|p1a: Raikou|Thunderbolt|p2a: Metagross
|-damage|p2a: Metagross|0 fnt
|faint|p2a: Metagross
|
|t:|1729637285
|switch|p2a: Tyranitar|Tyranitar, F|60/100
|-damage|p2a: Tyranitar|48/100|[from] Spikes
|
|-weather|Sandstorm|[upkeep]
|-damage|p1a: Raikou|69/100|[from] Sandstorm
|-heal|p1a: Raikou|76/100|[from] item: Leftovers
|-heal|p2a: Tyranitar|54/100|[from] item: Leftovers
|upkeep
|turn|26
|inactive|troglodyte480 has 210 seconds left.
|
|t:|1729637294
|move|p1a: Raikou|Thunderbolt|p2a: Tyranitar
|-damage|p2a: Tyranitar|0 fnt
|faint|p2a: Tyranitar
|inactive|troglodyte480 has 210 seconds left.
|c|☆troglodyte480|I may have thrown this one
|c|☆salto|maybe :(
|
|t:|1729637313
|switch|p2a: Snorlax|Snorlax, M|40/100
|-damage|p2a: Snorlax|27/100|[from] Spikes
|
|-weather|Sandstorm|[upkeep]
|-damage|p1a: Raikou|69/100|[from] Sandstorm
|-damage|p2a: Snorlax|21/100|[from] Sandstorm
|-heal|p1a: Raikou|76/100|[from] item: Leftovers
|-heal|p2a: Snorlax|27/100|[from] item: Leftovers
|upkeep
|turn|27
|
|t:|1729637324
|move|p1a: Raikou|Thunderbolt|p2a: Snorlax
|-damage|p2a: Snorlax|0 fnt
|faint|p2a: Snorlax
|
|t:|1729637327
|switch|p2a: Salamence|Salamence, M, shiny|100/100
|
|-weather|Sandstorm|[upkeep]
|-damage|p1a: Raikou|69/100|[from] Sandstorm
|-damage|p2a: Salamence|94/100|[from] Sandstorm
|-heal|p1a: Raikou|76/100|[from] item: Leftovers
|-heal|p2a: Salamence|100/100|[from] item: Leftovers
|upkeep
|turn|28
|inactive|troglodyte480 has 210 seconds left.
|
|t:|1729637335
|move|p1a: Raikou|Thunderbolt|p2a: Salamence
|-damage|p2a: Salamence|23/100
|move|p2a: Salamence|Earthquake|p1a: Raikou
|-supereffective|p1a: Raikou
|-end|p1a: Raikou|Substitute
|
|-weather|Sandstorm|[upkeep]
|-damage|p1a: Raikou|69/100|[from] Sandstorm
|-damage|p2a: Salamence|17/100|[from] Sandstorm
|-heal|p1a: Raikou|76/100|[from] item: Leftovers
|-heal|p2a: Salamence|23/100|[from] item: Leftovers
|upkeep
|turn|29
|
|t:|1729637345
|move|p1a: Raikou|Thunderbolt|p2a: Salamence
|-crit|p2a: Salamence
|-damage|p2a: Salamence|0 fnt
|faint|p2a: Salamence
|
|t:|1729637348
|switch|p2a: Magneton|Magneton|88/100
|-damage|p2a: Magneton|76/100|[from] Spikes
|
|-weather|Sandstorm|[upkeep]
|-damage|p1a: Raikou|69/100|[from] Sandstorm
|-heal|p1a: Raikou|76/100|[from] item: Leftovers
|upkeep
|turn|30
|
|t:|1729637355
|move|p1a: Raikou|Thunderbolt|p2a: Magneton
|-resisted|p2a: Magneton
|-damage|p2a: Magneton|16/100
|-status|p2a: Magneton|par
|move|p2a: Magneton|Thunderbolt|p1a: Raikou
|-resisted|p1a: Raikou
|-damage|p1a: Raikou|55/100
|
|-weather|Sandstorm|[upkeep]
|-damage|p1a: Raikou|49/100|[from] Sandstorm
|-heal|p1a: Raikou|55/100|[from] item: Leftovers
|upkeep
|turn|31
|c|☆troglodyte480|gg
|c|☆salto|gg
|
|t:|1729637365
|move|p1a: Raikou|Thunderbolt|p2a: Magneton
|-resisted|p2a: Magneton
|-damage|p2a: Magneton|0 fnt
|faint|p2a: Magneton
|
|win|salto

</script>
<script type="application/json" class="data" id="replaydata-smogtours-gen3ou-801290">
{"id":"smogtours-gen3ou-801290","format":"[Gen 3] OU","players":["salto","troglodyte480"],"uploadtime":1729637365,"views":74,"formatid":"gen3ou","rating":null,"private":0,"password":null}
</script>

<script defer src="js/replays.js?9d40a366"></script>
