<!DOCTYPE html>
<meta charset="utf-8" />
<meta name="viewport" content="width=device-width" />

<title>[Gen 3] OU: Scansafatiche vs. less19chara - Replays - Pok&eacute;mon Showdown!</title>

<meta name="description" content="Watch a replay of a Pok&eacute;mon battle between Scansafatiche and less19chara! Format: [Gen 3] OU; Date: Oct 22, 2024" />
<!--

Hey, you! Looking in the source for the replay log?

You can find them in JSON format, just add `.json` at the end of a replay URL.

https://replay.pokemonshowdown.com/gen7randomdoublesbattle-865046831.json

Or, if you only need the log itself, add `.log` instead:

https://replay.pokemonshowdown.com/gen7randomdoublesbattle-865046831.log

-->

<link rel="stylesheet" href="//pokemonshowdown.com/style/global.css?0.023195364461161105" />
<link rel="stylesheet" href="//play.pokemonshowdown.com/style/font-awesome.css?0.13261647063804238" />
<link rel="stylesheet" href="//play.pokemonshowdown.com/style/battle.css?0.8753245789963631" />
<link rel="stylesheet" href="//play.pokemonshowdown.com/style/utilichart.css?0.8627959624976733" />

<!-- Global site tag (gtag.js) - Google Analytics -->
<script async src="https://www.googletagmanager.com/gtag/js?id=UA-26211653-1"></script>
<script>
  window.dataLayer = window.dataLayer || [];
  function gtag(){dataLayer.push(arguments);}
  gtag('js', new Date());

  gtag('config', 'UA-26211653-1');
</script>
<!-- End Google Analytics -->
<!-- Venatus Ad Manager - Install in <HEAD> of page -->
	<script src="https://hb.vntsm.com/v3/live/ad-manager.min.js" type="text/javascript" data-site-id="642aba63ec9a7b11c3c9c1be" data-mode="scan" async></script>
<!-- / Venatus Ad Manager -->

<style>
	@media (max-width:820px) {
		.battle {
			margin: 0 auto;
		}
		.battle-log {
			margin: 7px auto 0;
			max-width: 640px;
			height: 300px;
			position: static;
		}
	}
	.optgroup {
		display: inline-block;
		line-height: 22px;
		font-size: 10pt;
	}
	.optgroup .button {
		height: 25px;
		padding-top: 0;
		padding-bottom: 0;
	}
	.optgroup button.button {
		padding-left: 12px;
		padding-right: 12px;
	}
	.linklist {
		list-style: none;
		margin: 0.5em 0;
		padding: 0;
	}
	.linklist li {
		padding: 2px 0;
	}
	.sidebar {
		float: left;
		width: 320px;
	}
	.bar-wrapper {
		max-width: 1100px;
		margin: 0 auto;
	}
	.bar-wrapper.has-sidebar {
		max-width: 1430px;
	}
	.mainbar {
		margin: 0;
		padding-right: 1px;
	}
	.mainbar.has-sidebar {
		margin-left: 330px;
	}
	@media (min-width: 1511px) {
		.sidebar {
			width: 400px;
		}
		.bar-wrapper.has-sidebar {
			max-width: 1510px;
		}
		.mainbar.has-sidebar {
			margin-left: 410px;
		}
	}
	.section.first-section {
		margin-top: 9px;
	}
	.blocklink small {
		white-space: normal;
	}
	.button {
		vertical-align: middle;
	}
	.replay-controls {
		padding-top: 10px;
	}
	.replay-controls h1 {
		font-size: 16pt;
		font-weight: normal;
		color: #CCC;
	}
	.pagelink {
		text-align: center;
	}
	.pagelink a {
		width: 150px;
	}
	.textbox, .button {
		font-size: 11pt;
		vertical-align: middle;
	}
	@media (max-width: 450px) {
		.button {
			font-size: 9pt;
		}
	}
</style>

<div>

	<header>
		<div class="nav-wrapper"><ul class="nav">
			<li><a class="button nav-first" href="//pokemonshowdown.com/"><img src="//pokemonshowdown.com/images/pokemonshowdownbeta.png" srcset="//pokemonshowdown.com/images/pokemonshowdownbeta.png 1x, //pokemonshowdown.com/images/pokemonshowdownbeta@2x.png 2x" alt="Pok&eacute;mon Showdown" width="146" height="44" /> Home</a></li>
			<li><a class="button" href="//pokemonshowdown.com/dex/">Pok&eacute;dex</a></li>
			<li><a class="button cur" href="/">Replays</a></li>
			<li><a class="button" href="//pokemonshowdown.com/ladder/">Ladder</a></li>
			<li><a class="button nav-last" href="//pokemonshowdown.com/forums/">Forum</a></li>
			<li><a class="button greenbutton nav-first nav-last" href="//play.pokemonshowdown.com/">Play</a></li>
		</ul></div>
	</header>

	<div class="main" id="main">

		<noscript><section class="section">You need to enable JavaScript to use this page; sorry!</section></noscript>

	</div>

</div>

<script defer nomodule src="//play.pokemonshowdown.com/js/lib/ps-polyfill.js"></script>
<script defer src="//play.pokemonshowdown.com/js/lib/preact.min.js"></script>

<script defer src="//play.pokemonshowdown.com/config/config.js?2bddbc15"></script>
<script defer src="//play.pokemonshowdown.com/js/lib/jquery-1.11.0.min.js"></script>
<script defer src="//play.pokemonshowdown.com/js/lib/html-sanitizer-minified.js"></script>
<script defer src="//play.pokemonshowdown.com/js/battle-sound.js"></script>
<script defer src="//play.pokemonshowdown.com/js/battledata.js?0.7209276989879541"></script>
<script defer src="//play.pokemonshowdown.com/data/pokedex-mini.js?0.6111056340867951"></script>
<script defer src="//play.pokemonshowdown.com/data/pokedex-mini-bw.js?0.3532142036491459"></script>
<script defer src="//play.pokemonshowdown.com/data/graphics.js?0.24223875632456182"></script>
<script defer src="//play.pokemonshowdown.com/data/pokedex.js?0.38839984266356864"></script>
<script defer src="//play.pokemonshowdown.com/data/moves.js?0.21866028504024015"></script>
<script defer src="//play.pokemonshowdown.com/data/abilities.js?0.2005157953846628"></script>
<script defer src="//play.pokemonshowdown.com/data/items.js?0.9894211263848525"></script>
<script defer src="//play.pokemonshowdown.com/data/teambuilder-tables.js?0.6008791140282215"></script>
<script defer src="//play.pokemonshowdown.com/js/battle-tooltips.js?0.7580118955022959"></script>
<script defer src="//play.pokemonshowdown.com/js/battle.js?0.6057722274234274"></script>

<script defer src="js/utils.js?e31f9a17"></script>
<script defer src="js/replays-battle.js?7008c182"></script>

<!-- don't scrape this data! just add .json or .log after the URL!
Full API docs: https://github.com/smogon/pokemon-showdown-client/blob/master/WEB-API.md -->
<script type="text/plain" class="log" id="replaylog-smogtours-gen3ou-801194">
|inactive|Battle timer is ON: inactive players will automatically lose when time's up.
|t:|1729610297
|gametype|singles
|player|p1|Scansafatiche|n|
|player|p2|less19chara|policeman-gen4|
|teamsize|p1|6
|teamsize|p2|6
|gen|3
|tier|[Gen 3] OU
|rule|Sleep Clause Mod: Limit one foe put to sleep
|rule|Switch Priority Clause Mod: Faster Pokémon switch first
|rule|Species Clause: Limit one of each Pokémon
|rule|OHKO Clause: OHKO moves are banned
|rule|Evasion Items Clause: Evasion items are banned
|rule|Evasion Moves Clause: Evasion moves are banned
|rule|Endless Battle Clause: Forcing endless battles is banned
|rule|HP Percentage Mod: HP is shown in percentages
|rule|One Boost Passer Clause: Limit one Baton Passer that has a way to boost its stats
|rule|Freeze Clause Mod: Limit one foe frozen
|
|t:|1729610297
|start
|switch|p1a: Tyranitar|Tyranitar, F|100/100
|switch|p2a: Celebi|Celebi|100/100
|-weather|Sandstorm|[from] ability: Sand Stream|[of] p1a: Tyranitar
|turn|1
|inactive|less19chara has 270 seconds left.
|inactive|less19chara has 240 seconds left.
|
|t:|1729610374
|move|p2a: Celebi|Baton Pass|p2a: Celebi
|inactive|less19chara has 270 seconds left.
|
|t:|1729610394
|switch|p2a: Starmie|Starmie|100/100|[from] Baton Pass
|move|p1a: Tyranitar|Hidden Power|p2a: Starmie
|-supereffective|p2a: Starmie
|-damage|p2a: Starmie|27/100
|
|-weather|Sandstorm|[upkeep]
|-damage|p2a: Starmie|21/100|[from] Sandstorm
|-heal|p2a: Starmie|27/100|[from] item: Leftovers
|upkeep
|turn|2
|
|t:|1729610406
|move|p2a: Starmie|Hydro Pump|p1a: Tyranitar
|-supereffective|p1a: Tyranitar
|-crit|p1a: Tyranitar
|-damage|p1a: Tyranitar|0 fnt
|faint|p1a: Tyranitar
|c|☆Scansafatiche|wow
|
|t:|1729610417
|switch|p1a: Dugtrio|Dugtrio, F|100/100
|
|-weather|Sandstorm|[upkeep]
|-damage|p2a: Starmie|21/100|[from] Sandstorm
|-heal|p2a: Starmie|27/100|[from] item: Leftovers
|upkeep
|turn|3
|
|t:|1729610422
|move|p1a: Dugtrio|Hidden Power|p2a: Starmie
|-supereffective|p2a: Starmie
|-damage|p2a: Starmie|0 fnt
|faint|p2a: Starmie
|
|t:|1729610432
|switch|p2a: Gengar|Gengar, F|100/100
|
|-weather|Sandstorm|[upkeep]
|-damage|p2a: Gengar|94/100|[from] Sandstorm
|-heal|p2a: Gengar|100/100|[from] item: Leftovers
|upkeep
|turn|4
|
|t:|1729610435
|switch|p1a: Blissey|Blissey, F|100/100
|move|p2a: Gengar|Mean Look|p1a: Blissey
|-activate|p1a: Blissey|trapped
|
|-weather|Sandstorm|[upkeep]
|-damage|p2a: Gengar|94/100|[from] Sandstorm
|-damage|p1a: Blissey|94/100|[from] Sandstorm
|-heal|p2a: Gengar|100/100|[from] item: Leftovers
|-heal|p1a: Blissey|100/100|[from] item: Leftovers
|upkeep
|turn|5
|
|t:|1729610447
|move|p2a: Gengar|Perish Song|p2a: Gengar
|-start|p1a: Blissey|perish3|[silent]
|-start|p2a: Gengar|perish3|[silent]
|-fieldactivate|move: Perish Song
|move|p1a: Blissey|Thunder Wave|p2a: Gengar
|-status|p2a: Gengar|par
|
|-weather|Sandstorm|[upkeep]
|-damage|p1a: Blissey|94/100|[from] Sandstorm
|-damage|p2a: Gengar|94/100 par|[from] Sandstorm
|-heal|p1a: Blissey|100/100|[from] item: Leftovers
|-heal|p2a: Gengar|100/100 par|[from] item: Leftovers
|-start|p1a: Blissey|perish3
|-start|p2a: Gengar|perish3
|upkeep
|turn|6
|
|t:|1729610451
|move|p1a: Blissey|Ice Beam|p2a: Gengar
|-damage|p2a: Gengar|75/100 par
|move|p2a: Gengar|Torment|p1a: Blissey
|-start|p1a: Blissey|Torment
|
|-weather|Sandstorm|[upkeep]
|-damage|p1a: Blissey|94/100|[from] Sandstorm
|-damage|p2a: Gengar|69/100 par|[from] Sandstorm
|-heal|p1a: Blissey|100/100|[from] item: Leftovers
|-heal|p2a: Gengar|75/100 par|[from] item: Leftovers
|-start|p1a: Blissey|perish2
|-start|p2a: Gengar|perish2
|upkeep
|turn|7
|
|t:|1729610456
|cant|p2a: Gengar|par
|move|p1a: Blissey|Seismic Toss|p2a: Gengar
|-immune|p2a: Gengar
|
|-weather|Sandstorm|[upkeep]
|-damage|p1a: Blissey|94/100|[from] Sandstorm
|-damage|p2a: Gengar|69/100 par|[from] Sandstorm
|-heal|p1a: Blissey|100/100|[from] item: Leftovers
|-heal|p2a: Gengar|75/100 par|[from] item: Leftovers
|-start|p1a: Blissey|perish1
|-start|p2a: Gengar|perish1
|upkeep
|turn|8
|
|t:|1729610465
|switch|p2a: Jolteon|Jolteon, F|100/100
|move|p1a: Blissey|Ice Beam|p2a: Jolteon
|-crit|p2a: Jolteon
|-damage|p2a: Jolteon|38/100
|
|-weather|Sandstorm|[upkeep]
|-damage|p2a: Jolteon|32/100|[from] Sandstorm
|-damage|p1a: Blissey|94/100|[from] Sandstorm
|-heal|p2a: Jolteon|38/100|[from] item: Leftovers
|-heal|p1a: Blissey|100/100|[from] item: Leftovers
|-start|p1a: Blissey|perish0
|upkeep
|faint|p1a: Blissey
|
|t:|1729610484
|switch|p1a: Dugtrio|Dugtrio, F|100/100
|turn|9
|
|t:|1729610492
|move|p2a: Jolteon|Baton Pass|p2a: Jolteon
|
|t:|1729610496
|switch|p2a: Gengar|Gengar, F|75/100 par|[from] Baton Pass
|move|p1a: Dugtrio|Hidden Power|p2a: Gengar
|-resisted|p2a: Gengar
|-damage|p2a: Gengar|65/100 par
|
|-weather|Sandstorm|[upkeep]
|-damage|p2a: Gengar|58/100 par|[from] Sandstorm
|-heal|p2a: Gengar|65/100 par|[from] item: Leftovers
|upkeep
|turn|10
|
|t:|1729610503
|switch|p1a: Claydol|Claydol|100/100
|move|p2a: Gengar|Mean Look|p1a: Claydol
|-activate|p1a: Claydol|trapped
|
|-weather|Sandstorm|[upkeep]
|-damage|p2a: Gengar|58/100 par|[from] Sandstorm
|-heal|p2a: Gengar|65/100 par|[from] item: Leftovers
|upkeep
|turn|11
|
|t:|1729610521
|switch|p2a: Celebi|Celebi|100/100
|move|p1a: Claydol|Psychic|p2a: Celebi
|-resisted|p2a: Celebi
|-damage|p2a: Celebi|91/100
|
|-weather|Sandstorm|[upkeep]
|-damage|p2a: Celebi|85/100|[from] Sandstorm
|-heal|p2a: Celebi|91/100|[from] item: Leftovers
|upkeep
|turn|12
|
|t:|1729610535
|switch|p1a: Skarmory|Skarmory, M|100/100
|move|p2a: Celebi|Leech Seed|p1a: Skarmory
|-start|p1a: Skarmory|move: Leech Seed
|
|-weather|Sandstorm|[upkeep]
|-damage|p2a: Celebi|85/100|[from] Sandstorm
|-heal|p2a: Celebi|91/100|[from] item: Leftovers
|-damage|p1a: Skarmory|88/100|[from] Leech Seed|[of] p2a: Celebi
|-heal|p2a: Celebi|100/100|[silent]
|upkeep
|turn|13
|
|t:|1729610546
|switch|p2a: Jolteon|Jolteon, F|38/100
|switch|p1a: Dugtrio|Dugtrio, F|100/100
|
|-weather|Sandstorm|[upkeep]
|-damage|p2a: Jolteon|32/100|[from] Sandstorm
|-heal|p2a: Jolteon|38/100|[from] item: Leftovers
|upkeep
|turn|14
|
|t:|1729610560
|move|p2a: Jolteon|Baton Pass|p2a: Jolteon
|
|t:|1729610564
|switch|p2a: Aerodactyl|Aerodactyl, F|100/100|[from] Baton Pass
|move|p1a: Dugtrio|Hidden Power|p2a: Aerodactyl
|-resisted|p2a: Aerodactyl
|-damage|p2a: Aerodactyl|81/100
|
|-weather|Sandstorm|[upkeep]
|-heal|p2a: Aerodactyl|87/100|[from] item: Leftovers
|upkeep
|turn|15
|
|t:|1729610581
|switch|p2a: Tyranitar|Tyranitar, F|100/100
|switch|p1a: Skarmory|Skarmory, M|88/100
|
|-weather|Sandstorm|[upkeep]
|-heal|p1a: Skarmory|94/100|[from] item: Leftovers
|upkeep
|turn|16
|
|t:|1729610588
|switch|p1a: Milotic|Milotic, F|100/100
|move|p2a: Tyranitar|Fire Blast|p1a: Milotic
|-resisted|p1a: Milotic
|-damage|p1a: Milotic|87/100
|
|-weather|Sandstorm|[upkeep]
|-damage|p1a: Milotic|80/100|[from] Sandstorm
|-heal|p1a: Milotic|87/100|[from] item: Leftovers
|upkeep
|turn|17
|
|t:|1729610599
|switch|p2a: Celebi|Celebi|100/100
|move|p1a: Milotic|Surf|p2a: Celebi
|-resisted|p2a: Celebi
|-damage|p2a: Celebi|86/100
|
|-weather|Sandstorm|[upkeep]
|-damage|p2a: Celebi|80/100|[from] Sandstorm
|-damage|p1a: Milotic|80/100|[from] Sandstorm
|-heal|p2a: Celebi|86/100|[from] item: Leftovers
|-heal|p1a: Milotic|87/100|[from] item: Leftovers
|upkeep
|turn|18
|
|t:|1729610606
|switch|p1a: Skarmory|Skarmory, M|94/100
|move|p2a: Celebi|Swords Dance|p2a: Celebi
|-boost|p2a: Celebi|atk|2
|
|-weather|Sandstorm|[upkeep]
|-damage|p2a: Celebi|80/100|[from] Sandstorm
|-heal|p2a: Celebi|86/100|[from] item: Leftovers
|-heal|p1a: Skarmory|99/100|[from] item: Leftovers
|upkeep
|turn|19
|
|t:|1729610610
|move|p2a: Celebi|Leech Seed|p1a: Skarmory
|-start|p1a: Skarmory|move: Leech Seed
|move|p1a: Skarmory|Roar|p2a: Celebi
|drag|p2a: Jolteon|Jolteon, F|38/100
|
|-weather|Sandstorm|[upkeep]
|-damage|p2a: Jolteon|32/100|[from] Sandstorm
|-heal|p2a: Jolteon|38/100|[from] item: Leftovers
|-heal|p1a: Skarmory|100/100|[from] item: Leftovers
|-damage|p1a: Skarmory|88/100|[from] Leech Seed|[of] p2a: Jolteon
|-heal|p2a: Jolteon|53/100|[silent]
|upkeep
|turn|20
|
|t:|1729610623
|switch|p1a: Claydol|Claydol|100/100
|move|p2a: Jolteon|Wish|p2a: Jolteon
|
|-weather|Sandstorm|[upkeep]
|-damage|p2a: Jolteon|47/100|[from] Sandstorm
|-heal|p2a: Jolteon|53/100|[from] item: Leftovers
|upkeep
|turn|21
|
|t:|1729610635
|move|p2a: Jolteon|Substitute|p2a: Jolteon
|-start|p2a: Jolteon|Substitute
|-damage|p2a: Jolteon|28/100
|move|p1a: Claydol|Earthquake|p2a: Jolteon
|-supereffective|p2a: Jolteon
|-end|p2a: Jolteon|Substitute
|
|-heal|p2a: Jolteon|78/100|[from] move: Wish|[wisher] Jolteon
|-weather|Sandstorm|[upkeep]
|-damage|p2a: Jolteon|72/100|[from] Sandstorm
|-heal|p2a: Jolteon|78/100|[from] item: Leftovers
|upkeep
|turn|22
|
|t:|1729610643
|move|p2a: Jolteon|Baton Pass|p2a: Jolteon
|
|t:|1729610646
|switch|p2a: Celebi|Celebi|86/100|[from] Baton Pass
|move|p1a: Claydol|Earthquake|p2a: Celebi
|-resisted|p2a: Celebi
|-crit|p2a: Celebi
|-damage|p2a: Celebi|55/100
|
|-weather|Sandstorm|[upkeep]
|-damage|p2a: Celebi|49/100|[from] Sandstorm
|-heal|p2a: Celebi|55/100|[from] item: Leftovers
|upkeep
|turn|23
|
|t:|1729610657
|switch|p2a: Tyranitar|Tyranitar, F|100/100
|switch|p1a: Dugtrio|Dugtrio, F|100/100
|
|-weather|Sandstorm|[upkeep]
|upkeep
|turn|24
|
|t:|1729610663
|move|p1a: Dugtrio|Earthquake|p2a: Tyranitar
|-supereffective|p2a: Tyranitar
|-damage|p2a: Tyranitar|19/100
|move|p2a: Tyranitar|Ice Beam|p1a: Dugtrio
|-supereffective|p1a: Dugtrio
|-damage|p1a: Dugtrio|0 fnt
|faint|p1a: Dugtrio
|
|t:|1729610668
|switch|p1a: Milotic|Milotic, F|87/100
|
|-weather|Sandstorm|[upkeep]
|-damage|p1a: Milotic|80/100|[from] Sandstorm
|-heal|p1a: Milotic|87/100|[from] item: Leftovers
|-heal|p2a: Tyranitar|25/100|[from] item: Leftovers
|upkeep
|turn|25
|
|t:|1729610673
|switch|p2a: Gengar|Gengar, F|65/100 par
|move|p1a: Milotic|Surf|p2a: Gengar
|-crit|p2a: Gengar
|-damage|p2a: Gengar|0 fnt
|faint|p2a: Gengar
|
|t:|1729610680
|switch|p2a: Jolteon|Jolteon, F|78/100
|
|-weather|Sandstorm|[upkeep]
|-damage|p2a: Jolteon|72/100|[from] Sandstorm
|-damage|p1a: Milotic|80/100|[from] Sandstorm
|-heal|p2a: Jolteon|78/100|[from] item: Leftovers
|-heal|p1a: Milotic|87/100|[from] item: Leftovers
|upkeep
|turn|26
|
|t:|1729610689
|move|p2a: Jolteon|Wish|p2a: Jolteon
|move|p1a: Milotic|Surf|p2a: Jolteon
|-damage|p2a: Jolteon|35/100
|
|-weather|Sandstorm|[upkeep]
|-damage|p2a: Jolteon|29/100|[from] Sandstorm
|-damage|p1a: Milotic|80/100|[from] Sandstorm
|-heal|p2a: Jolteon|35/100|[from] item: Leftovers
|-heal|p1a: Milotic|87/100|[from] item: Leftovers
|upkeep
|turn|27
|
|t:|1729610699
|move|p2a: Jolteon|Baton Pass|p2a: Jolteon
|
|t:|1729610702
|switch|p2a: Celebi|Celebi|55/100|[from] Baton Pass
|move|p1a: Milotic|Surf|p2a: Celebi
|-resisted|p2a: Celebi
|-damage|p2a: Celebi|40/100
|
|-heal|p2a: Celebi|90/100|[from] move: Wish|[wisher] Jolteon
|-weather|Sandstorm|[upkeep]
|-damage|p2a: Celebi|84/100|[from] Sandstorm
|-damage|p1a: Milotic|80/100|[from] Sandstorm
|-heal|p2a: Celebi|90/100|[from] item: Leftovers
|-heal|p1a: Milotic|87/100|[from] item: Leftovers
|upkeep
|turn|28
|
|t:|1729610709
|switch|p1a: Skarmory|Skarmory, M|88/100
|move|p2a: Celebi|Leech Seed|p1a: Skarmory
|-start|p1a: Skarmory|move: Leech Seed
|
|-weather|Sandstorm|[upkeep]
|-damage|p2a: Celebi|84/100|[from] Sandstorm
|-heal|p2a: Celebi|90/100|[from] item: Leftovers
|-heal|p1a: Skarmory|94/100|[from] item: Leftovers
|-damage|p1a: Skarmory|82/100|[from] Leech Seed|[of] p2a: Celebi
|-heal|p2a: Celebi|100/100|[silent]
|upkeep
|turn|29
|
|t:|1729610713
|move|p2a: Celebi|Ancient Power|p1a: Skarmory
|-damage|p1a: Skarmory|70/100
|move|p1a: Skarmory|Spikes|p2a: Celebi
|-sidestart|p2: less19chara|Spikes
|
|-weather|Sandstorm|[upkeep]
|-damage|p2a: Celebi|94/100|[from] Sandstorm
|-heal|p2a: Celebi|100/100|[from] item: Leftovers
|-heal|p1a: Skarmory|76/100|[from] item: Leftovers
|-damage|p1a: Skarmory|63/100|[from] Leech Seed|[of] p2a: Celebi
|upkeep
|turn|30
|
|t:|1729610721
|switch|p2a: Jolteon|Jolteon, F|35/100
|-damage|p2a: Jolteon|23/100|[from] Spikes
|switch|p1a: Milotic|Milotic, F|87/100
|
|-weather|Sandstorm|[upkeep]
|-damage|p2a: Jolteon|17/100|[from] Sandstorm
|-damage|p1a: Milotic|80/100|[from] Sandstorm
|-heal|p2a: Jolteon|23/100|[from] item: Leftovers
|-heal|p1a: Milotic|87/100|[from] item: Leftovers
|upkeep
|turn|31
|
|t:|1729610726
|move|p2a: Jolteon|Thunderbolt|p1a: Milotic
|-supereffective|p1a: Milotic
|-damage|p1a: Milotic|18/100
|move|p1a: Milotic|Surf|p2a: Jolteon
|-damage|p2a: Jolteon|0 fnt
|faint|p2a: Jolteon
|
|t:|1729610733
|switch|p2a: Aerodactyl|Aerodactyl, F|87/100
|
|-weather|Sandstorm|[upkeep]
|-damage|p1a: Milotic|12/100|[from] Sandstorm
|-heal|p2a: Aerodactyl|93/100|[from] item: Leftovers
|-heal|p1a: Milotic|18/100|[from] item: Leftovers
|upkeep
|turn|32
|
|t:|1729610738
|switch|p1a: Claydol|Claydol|100/100
|move|p2a: Aerodactyl|Rock Slide|p1a: Claydol
|-resisted|p1a: Claydol
|-damage|p1a: Claydol|82/100
|
|-weather|Sandstorm|[upkeep]
|-heal|p2a: Aerodactyl|99/100|[from] item: Leftovers
|-heal|p1a: Claydol|88/100|[from] item: Leftovers
|upkeep
|turn|33
|
|t:|1729610744
|switch|p2a: Celebi|Celebi|100/100
|-damage|p2a: Celebi|88/100|[from] Spikes
|move|p1a: Claydol|Psychic|p2a: Celebi
|-resisted|p2a: Celebi
|-damage|p2a: Celebi|78/100
|
|-weather|Sandstorm|[upkeep]
|-damage|p2a: Celebi|72/100|[from] Sandstorm
|-heal|p2a: Celebi|78/100|[from] item: Leftovers
|-heal|p1a: Claydol|94/100|[from] item: Leftovers
|upkeep
|turn|34
|
|t:|1729610756
|switch|p1a: Milotic|Milotic, F|18/100
|move|p2a: Celebi|Swords Dance|p2a: Celebi
|-boost|p2a: Celebi|atk|2
|
|-weather|Sandstorm|[upkeep]
|-damage|p2a: Celebi|72/100|[from] Sandstorm
|-damage|p1a: Milotic|12/100|[from] Sandstorm
|-heal|p2a: Celebi|78/100|[from] item: Leftovers
|-heal|p1a: Milotic|18/100|[from] item: Leftovers
|upkeep
|turn|35
|
|t:|1729610762
|switch|p1a: Claydol|Claydol|94/100
|move|p2a: Celebi|Ancient Power|p1a: Claydol
|-resisted|p1a: Claydol
|-damage|p1a: Claydol|76/100
|
|-weather|Sandstorm|[upkeep]
|-damage|p2a: Celebi|72/100|[from] Sandstorm
|-heal|p2a: Celebi|78/100|[from] item: Leftovers
|-heal|p1a: Claydol|82/100|[from] item: Leftovers
|upkeep
|turn|36
|
|t:|1729610768
|switch|p1a: Skarmory|Skarmory, M|63/100
|move|p2a: Celebi|Leech Seed|p1a: Skarmory
|-start|p1a: Skarmory|move: Leech Seed
|
|-weather|Sandstorm|[upkeep]
|-damage|p2a: Celebi|72/100|[from] Sandstorm
|-heal|p2a: Celebi|78/100|[from] item: Leftovers
|-heal|p1a: Skarmory|69/100|[from] item: Leftovers
|-damage|p1a: Skarmory|57/100|[from] Leech Seed|[of] p2a: Celebi
|-heal|p2a: Celebi|89/100|[silent]
|upkeep
|turn|37
|
|t:|1729610773
|move|p2a: Celebi|Ancient Power|p1a: Skarmory
|-damage|p1a: Skarmory|31/100
|move|p1a: Skarmory|Roar|p2a: Celebi
|drag|p2a: Aerodactyl|Aerodactyl, F|99/100
|
|-weather|Sandstorm|[upkeep]
|-heal|p2a: Aerodactyl|100/100|[from] item: Leftovers
|-heal|p1a: Skarmory|37/100|[from] item: Leftovers
|-damage|p1a: Skarmory|25/100|[from] Leech Seed|[of] p2a: Aerodactyl
|upkeep
|turn|38
|
|t:|1729610780
|move|p2a: Aerodactyl|Double-Edge|p1a: Skarmory
|-resisted|p1a: Skarmory
|-damage|p1a: Skarmory|11/100
|move|p1a: Skarmory|Toxic|p2a: Aerodactyl
|-status|p2a: Aerodactyl|tox
|
|-weather|Sandstorm|[upkeep]
|-damage|p2a: Aerodactyl|95/100 tox|[from] psn
|-heal|p1a: Skarmory|17/100|[from] item: Leftovers
|-damage|p1a: Skarmory|4/100|[from] Leech Seed|[of] p2a: Aerodactyl
|-heal|p2a: Aerodactyl|100/100 tox|[silent]
|upkeep
|turn|39
|
|t:|1729610791
|move|p2a: Aerodactyl|Rock Slide|p1a: Skarmory
|-damage|p1a: Skarmory|0 fnt
|faint|p1a: Skarmory
|
|t:|1729610794
|switch|p1a: Claydol|Claydol|82/100
|
|-weather|Sandstorm|[upkeep]
|-damage|p2a: Aerodactyl|89/100 tox|[from] psn
|-heal|p1a: Claydol|88/100|[from] item: Leftovers
|upkeep
|turn|40
|
|t:|1729610797
|switch|p2a: Celebi|Celebi|89/100
|-damage|p2a: Celebi|76/100|[from] Spikes
|move|p1a: Claydol|Psychic|p2a: Celebi
|-resisted|p2a: Celebi
|-damage|p2a: Celebi|66/100
|
|-weather|Sandstorm|[upkeep]
|-damage|p2a: Celebi|60/100|[from] Sandstorm
|-heal|p2a: Celebi|66/100|[from] item: Leftovers
|-heal|p1a: Claydol|94/100|[from] item: Leftovers
|upkeep
|turn|41
|
|t:|1729610803
|move|p2a: Celebi|Leech Seed|p1a: Claydol
|-start|p1a: Claydol|move: Leech Seed
|move|p1a: Claydol|Earthquake|p2a: Celebi
|-resisted|p2a: Celebi
|-damage|p2a: Celebi|52/100
|
|-weather|Sandstorm|[upkeep]
|-damage|p2a: Celebi|45/100|[from] Sandstorm
|-heal|p2a: Celebi|52/100|[from] item: Leftovers
|-heal|p1a: Claydol|99/100|[from] item: Leftovers
|-damage|p1a: Claydol|88/100|[from] Leech Seed|[of] p2a: Celebi
|-heal|p2a: Celebi|61/100|[silent]
|upkeep
|turn|42
|
|t:|1729610808
|move|p2a: Celebi|Swords Dance|p2a: Celebi
|-boost|p2a: Celebi|atk|2
|move|p1a: Claydol|Rapid Spin|p2a: Celebi
|-damage|p2a: Celebi|57/100
|-end|p1a: Claydol|Leech Seed|[from] move: Rapid Spin|[of] p1a: Claydol
|
|-weather|Sandstorm|[upkeep]
|-damage|p2a: Celebi|51/100|[from] Sandstorm
|-heal|p2a: Celebi|57/100|[from] item: Leftovers
|-heal|p1a: Claydol|94/100|[from] item: Leftovers
|upkeep
|turn|43
|
|t:|1729610813
|move|p2a: Celebi|Leech Seed|p1a: Claydol
|-start|p1a: Claydol|move: Leech Seed
|move|p1a: Claydol|Psychic|p2a: Celebi
|-resisted|p2a: Celebi
|-damage|p2a: Celebi|48/100
|
|-weather|Sandstorm|[upkeep]
|-damage|p2a: Celebi|42/100|[from] Sandstorm
|-heal|p2a: Celebi|48/100|[from] item: Leftovers
|-heal|p1a: Claydol|99/100|[from] item: Leftovers
|-damage|p1a: Claydol|88/100|[from] Leech Seed|[of] p2a: Celebi
|-heal|p2a: Celebi|58/100|[silent]
|upkeep
|turn|44
|
|t:|1729610817
|move|p2a: Celebi|Ancient Power|p1a: Claydol
|-resisted|p1a: Claydol
|-damage|p1a: Claydol|69/100
|move|p1a: Claydol|Rapid Spin|p2a: Celebi
|-damage|p2a: Celebi|53/100
|-end|p1a: Claydol|Leech Seed|[from] move: Rapid Spin|[of] p1a: Claydol
|
|-weather|Sandstorm|[upkeep]
|-damage|p2a: Celebi|47/100|[from] Sandstorm
|-heal|p2a: Celebi|53/100|[from] item: Leftovers
|-heal|p1a: Claydol|75/100|[from] item: Leftovers
|upkeep
|turn|45
|
|t:|1729610822
|move|p2a: Celebi|Leech Seed|p1a: Claydol
|-start|p1a: Claydol|move: Leech Seed
|move|p1a: Claydol|Psychic|p2a: Celebi
|-resisted|p2a: Celebi
|-damage|p2a: Celebi|43/100
|
|-weather|Sandstorm|[upkeep]
|-damage|p2a: Celebi|37/100|[from] Sandstorm
|-heal|p2a: Celebi|43/100|[from] item: Leftovers
|-heal|p1a: Claydol|81/100|[from] item: Leftovers
|-damage|p1a: Claydol|69/100|[from] Leech Seed|[of] p2a: Celebi
|-heal|p2a: Celebi|53/100|[silent]
|upkeep
|turn|46
|
|t:|1729610827
|move|p2a: Celebi|Ancient Power|p1a: Claydol
|-resisted|p1a: Claydol
|-damage|p1a: Claydol|52/100
|move|p1a: Claydol|Rapid Spin|p2a: Celebi
|-damage|p2a: Celebi|49/100
|-end|p1a: Claydol|Leech Seed|[from] move: Rapid Spin|[of] p1a: Claydol
|
|-weather|Sandstorm|[upkeep]
|-damage|p2a: Celebi|43/100|[from] Sandstorm
|-heal|p2a: Celebi|49/100|[from] item: Leftovers
|-heal|p1a: Claydol|58/100|[from] item: Leftovers
|upkeep
|turn|47
|
|t:|1729610832
|move|p2a: Celebi|Leech Seed|p1a: Claydol
|-start|p1a: Claydol|move: Leech Seed
|move|p1a: Claydol|Earthquake|p2a: Celebi
|-resisted|p2a: Celebi
|-damage|p2a: Celebi|33/100
|
|-weather|Sandstorm|[upkeep]
|-damage|p2a: Celebi|27/100|[from] Sandstorm
|-heal|p2a: Celebi|33/100|[from] item: Leftovers
|-heal|p1a: Claydol|64/100|[from] item: Leftovers
|-damage|p1a: Claydol|52/100|[from] Leech Seed|[of] p2a: Celebi
|-heal|p2a: Celebi|43/100|[silent]
|upkeep
|turn|48
|
|t:|1729610840
|move|p2a: Celebi|Swords Dance|p2a: Celebi
|-boost|p2a: Celebi|atk|2
|move|p1a: Claydol|Rapid Spin|p2a: Celebi
|-damage|p2a: Celebi|38/100
|-end|p1a: Claydol|Leech Seed|[from] move: Rapid Spin|[of] p1a: Claydol
|
|-weather|Sandstorm|[upkeep]
|-damage|p2a: Celebi|32/100|[from] Sandstorm
|-heal|p2a: Celebi|38/100|[from] item: Leftovers
|-heal|p1a: Claydol|58/100|[from] item: Leftovers
|upkeep
|turn|49
|
|t:|1729610852
|move|p2a: Celebi|Ancient Power|p1a: Claydol
|-resisted|p1a: Claydol
|-damage|p1a: Claydol|33/100
|move|p1a: Claydol|Psychic|p2a: Celebi
|-resisted|p2a: Celebi
|-damage|p2a: Celebi|28/100
|
|-weather|Sandstorm|[upkeep]
|-damage|p2a: Celebi|21/100|[from] Sandstorm
|-heal|p2a: Celebi|28/100|[from] item: Leftovers
|-heal|p1a: Claydol|39/100|[from] item: Leftovers
|upkeep
|turn|50
|
|t:|1729610858
|move|p2a: Celebi|Ancient Power|p1a: Claydol
|-resisted|p1a: Claydol
|-damage|p1a: Claydol|14/100
|move|p1a: Claydol|Psychic|p2a: Celebi
|-resisted|p2a: Celebi
|-damage|p2a: Celebi|17/100
|
|-weather|Sandstorm|[upkeep]
|-damage|p2a: Celebi|11/100|[from] Sandstorm
|-heal|p2a: Celebi|17/100|[from] item: Leftovers
|-heal|p1a: Claydol|20/100|[from] item: Leftovers
|upkeep
|turn|51
|
|t:|1729610863
|move|p2a: Celebi|Ancient Power|p1a: Claydol
|-resisted|p1a: Claydol
|-damage|p1a: Claydol|0 fnt
|faint|p1a: Claydol
|
|t:|1729610865
|switch|p1a: Milotic|Milotic, F|18/100
|
|-weather|Sandstorm|[upkeep]
|-damage|p2a: Celebi|11/100|[from] Sandstorm
|-damage|p1a: Milotic|12/100|[from] Sandstorm
|-heal|p2a: Celebi|17/100|[from] item: Leftovers
|-heal|p1a: Milotic|18/100|[from] item: Leftovers
|upkeep
|turn|52
|
|t:|1729610872
|move|p2a: Celebi|Baton Pass|p2a: Celebi
|
|t:|1729610880
|switch|p2a: Tyranitar|Tyranitar, F|25/100|[from] Baton Pass
|-damage|p2a: Tyranitar|13/100|[from] Spikes
|move|p1a: Milotic|Recover|p1a: Milotic
|-heal|p1a: Milotic|68/100
|
|-weather|Sandstorm|[upkeep]
|-damage|p1a: Milotic|62/100|[from] Sandstorm
|-heal|p1a: Milotic|68/100|[from] item: Leftovers
|-heal|p2a: Tyranitar|19/100|[from] item: Leftovers
|upkeep
|turn|53
|
|t:|1729610889
|move|p1a: Milotic|Surf|p2a: Tyranitar
|-supereffective|p2a: Tyranitar
|-damage|p2a: Tyranitar|0 fnt
|faint|p2a: Tyranitar
|
|t:|1729610892
|switch|p2a: Celebi|Celebi|17/100
|-damage|p2a: Celebi|5/100|[from] Spikes
|
|-weather|Sandstorm|[upkeep]
|-damage|p2a: Celebi|0 fnt|[from] Sandstorm
|-damage|p1a: Milotic|62/100|[from] Sandstorm
|faint|p2a: Celebi
|-heal|p1a: Milotic|68/100|[from] item: Leftovers
|upkeep
|
|t:|1729610894
|switch|p2a: Aerodactyl|Aerodactyl, F|89/100 tox
|turn|54
|c|☆less19chara|im dumb lol
|
|t:|1729610907
|move|p2a: Aerodactyl|Rock Slide|p1a: Milotic
|-crit|p1a: Milotic
|-damage|p1a: Milotic|17/100
|move|p1a: Milotic|Surf|p2a: Aerodactyl
|-supereffective|p2a: Aerodactyl
|-damage|p2a: Aerodactyl|0 fnt
|faint|p2a: Aerodactyl
|
|win|Scansafatiche
|c|☆Scansafatiche|gg
|c|☆Scansafatiche|that was funny
|c|☆less19chara|gg
|c|☆Scansafatiche|gl with rest of tourney
|c|☆Scansafatiche|and rest of ur day
|c|☆less19chara|gl to u tpp
|player|p2|
|player|p2|less19chara|policeman-gen4|
|player|p2|

</script>
<script type="application/json" class="data" id="replaydata-smogtours-gen3ou-801194">
{"id":"smogtours-gen3ou-801194","format":"[Gen 3] OU","players":["Scansafatiche","less19chara"],"uploadtime":1729610907,"views":93,"formatid":"gen3ou","rating":null,"private":1,"password":null}
</script>

<script defer src="js/replays.js?9d40a366"></script>
