<!DOCTYPE html>
<meta charset="utf-8" />
<meta name="viewport" content="width=device-width" />

<title>[Gen 3] OU: ADV Fella vs. stao - Replays - Pok&eacute;mon Showdown!</title>

<meta name="description" content="Watch a replay of a Pok&eacute;mon battle between ADV Fella and stao! Format: [Gen 3] OU; Date: Oct 1, 2024" />
<!--

Hey, you! Looking in the source for the replay log?

You can find them in JSON format, just add `.json` at the end of a replay URL.

https://replay.pokemonshowdown.com/gen7randomdoublesbattle-865046831.json

Or, if you only need the log itself, add `.log` instead:

https://replay.pokemonshowdown.com/gen7randomdoublesbattle-865046831.log

-->

<link rel="stylesheet" href="//pokemonshowdown.com/style/global.css?0.767286132409787" />
<link rel="stylesheet" href="//play.pokemonshowdown.com/style/font-awesome.css?0.9266228007934947" />
<link rel="stylesheet" href="//play.pokemonshowdown.com/style/battle.css?0.7924700842790926" />
<link rel="stylesheet" href="//play.pokemonshowdown.com/style/utilichart.css?0.8777417872839479" />

<!-- Global site tag (gtag.js) - Google Analytics -->
<script async src="https://www.googletagmanager.com/gtag/js?id=UA-26211653-1"></script>
<script>
  window.dataLayer = window.dataLayer || [];
  function gtag(){dataLayer.push(arguments);}
  gtag('js', new Date());

  gtag('config', 'UA-26211653-1');
</script>
<!-- End Google Analytics -->
<!-- Venatus Ad Manager - Install in <HEAD> of page -->
	<script src="https://hb.vntsm.com/v3/live/ad-manager.min.js" type="text/javascript" data-site-id="642aba63ec9a7b11c3c9c1be" data-mode="scan" async></script>
<!-- / Venatus Ad Manager -->

<style>
	@media (max-width:820px) {
		.battle {
			margin: 0 auto;
		}
		.battle-log {
			margin: 7px auto 0;
			max-width: 640px;
			height: 300px;
			position: static;
		}
	}
	.optgroup {
		display: inline-block;
		line-height: 22px;
		font-size: 10pt;
	}
	.optgroup .button {
		height: 25px;
		padding-top: 0;
		padding-bottom: 0;
	}
	.optgroup button.button {
		padding-left: 12px;
		padding-right: 12px;
	}
	.linklist {
		list-style: none;
		margin: 0.5em 0;
		padding: 0;
	}
	.linklist li {
		padding: 2px 0;
	}
	.sidebar {
		float: left;
		width: 320px;
	}
	.bar-wrapper {
		max-width: 1100px;
		margin: 0 auto;
	}
	.bar-wrapper.has-sidebar {
		max-width: 1430px;
	}
	.mainbar {
		margin: 0;
		padding-right: 1px;
	}
	.mainbar.has-sidebar {
		margin-left: 330px;
	}
	@media (min-width: 1511px) {
		.sidebar {
			width: 400px;
		}
		.bar-wrapper.has-sidebar {
			max-width: 1510px;
		}
		.mainbar.has-sidebar {
			margin-left: 410px;
		}
	}
	.section.first-section {
		margin-top: 9px;
	}
	.blocklink small {
		white-space: normal;
	}
	.button {
		vertical-align: middle;
	}
	.replay-controls {
		padding-top: 10px;
	}
	.replay-controls h1 {
		font-size: 16pt;
		font-weight: normal;
		color: #CCC;
	}
	.pagelink {
		text-align: center;
	}
	.pagelink a {
		width: 150px;
	}
	.textbox, .button {
		font-size: 11pt;
		vertical-align: middle;
	}
	@media (max-width: 450px) {
		.button {
			font-size: 9pt;
		}
	}
</style>

<div>

	<header>
		<div class="nav-wrapper"><ul class="nav">
			<li><a class="button nav-first" href="//pokemonshowdown.com/"><img src="//pokemonshowdown.com/images/pokemonshowdownbeta.png" srcset="//pokemonshowdown.com/images/pokemonshowdownbeta.png 1x, //pokemonshowdown.com/images/pokemonshowdownbeta@2x.png 2x" alt="Pok&eacute;mon Showdown" width="146" height="44" /> Home</a></li>
			<li><a class="button" href="//pokemonshowdown.com/dex/">Pok&eacute;dex</a></li>
			<li><a class="button cur" href="/">Replays</a></li>
			<li><a class="button" href="//pokemonshowdown.com/ladder/">Ladder</a></li>
			<li><a class="button nav-last" href="//pokemonshowdown.com/forums/">Forum</a></li>
			<li><a class="button greenbutton nav-first nav-last" href="//play.pokemonshowdown.com/">Play</a></li>
		</ul></div>
	</header>

	<div class="main" id="main">

		<noscript><section class="section">You need to enable JavaScript to use this page; sorry!</section></noscript>

	</div>

</div>

<script defer nomodule src="//play.pokemonshowdown.com/js/lib/ps-polyfill.js"></script>
<script defer src="//play.pokemonshowdown.com/js/lib/preact.min.js"></script>

<script defer src="//play.pokemonshowdown.com/config/config.js?6dec07f6"></script>
<script defer src="//play.pokemonshowdown.com/js/lib/jquery-1.11.0.min.js"></script>
<script defer src="//play.pokemonshowdown.com/js/lib/html-sanitizer-minified.js"></script>
<script defer src="//play.pokemonshowdown.com/js/battle-sound.js"></script>
<script defer src="//play.pokemonshowdown.com/js/battledata.js?0.6315294753075389"></script>
<script defer src="//play.pokemonshowdown.com/data/pokedex-mini.js?0.7603743185311358"></script>
<script defer src="//play.pokemonshowdown.com/data/pokedex-mini-bw.js?0.030888842834281283"></script>
<script defer src="//play.pokemonshowdown.com/data/graphics.js?0.05593094747507488"></script>
<script defer src="//play.pokemonshowdown.com/data/pokedex.js?0.47064822249611904"></script>
<script defer src="//play.pokemonshowdown.com/data/moves.js?0.8583693120512459"></script>
<script defer src="//play.pokemonshowdown.com/data/abilities.js?0.16017181182386842"></script>
<script defer src="//play.pokemonshowdown.com/data/items.js?0.4163379185673943"></script>
<script defer src="//play.pokemonshowdown.com/data/teambuilder-tables.js?0.31075597372830477"></script>
<script defer src="//play.pokemonshowdown.com/js/battle-tooltips.js?0.6536193500708172"></script>
<script defer src="//play.pokemonshowdown.com/js/battle.js?0.1916591943277901"></script>

<script defer src="js/utils.js?e31f9a17"></script>
<script defer src="js/replays-battle.js?7008c182"></script>

<!-- don't scrape this data! just add .json or .log after the URL!
Full API docs: https://github.com/smogon/pokemon-showdown-client/blob/master/WEB-API.md -->
<script type="text/plain" class="log" id="replaylog-smogtours-gen3ou-793824">
|inactive|Battle timer is ON: inactive players will automatically lose when time's up.
|t:|1727811062
|gametype|singles
|player|p1|ADV Fella|blackbelt-gen4dp|
|player|p2|stao|plasmagruntf-gen5bw|
|teamsize|p1|6
|teamsize|p2|6
|gen|3
|tier|[Gen 3] OU
|rule|Sleep Clause Mod: Limit one foe put to sleep
|rule|Switch Priority Clause Mod: Faster Pokémon switch first
|rule|Species Clause: Limit one of each Pokémon
|rule|OHKO Clause: OHKO moves are banned
|rule|Evasion Items Clause: Evasion items are banned
|rule|Evasion Moves Clause: Evasion moves are banned
|rule|Endless Battle Clause: Forcing endless battles is banned
|rule|HP Percentage Mod: HP is shown in percentages
|rule|One Boost Passer Clause: Limit one Baton Passer that has a way to boost its stats
|rule|Freeze Clause Mod: Limit one foe frozen
|
|t:|1727811062
|start
|switch|p1a: Hitmontop|Hitmontop, M, shiny|100/100
|switch|p2a: Skarmory|Skarmory, F|100/100
|-ability|p1a: Hitmontop|Intimidate|boost
|-unboost|p2a: Skarmory|atk|1
|turn|1
|
|t:|1727811072
|switch|p1a: Magneton|Magneton|100/100
|move|p2a: Skarmory|Toxic|p1a: Magneton
|-immune|p1a: Magneton
|
|upkeep
|turn|2
|
|t:|1727811078
|move|p1a: Magneton|Thunderbolt|p2a: Skarmory
|-supereffective|p2a: Skarmory
|-damage|p2a: Skarmory|19/100
|move|p2a: Skarmory|Spikes|p1a: Magneton
|-sidestart|p1: ADV Fella|Spikes
|
|-heal|p2a: Skarmory|25/100|[from] item: Leftovers
|upkeep
|turn|3
|
|t:|1727811086
|move|p2a: Skarmory|Protect|p2a: Skarmory
|-singleturn|p2a: Skarmory|Protect
|move|p1a: Magneton|Thunderbolt|p2a: Skarmory
|-activate|p2a: Skarmory|Protect
|
|-heal|p2a: Skarmory|31/100|[from] item: Leftovers
|upkeep
|turn|4
|
|t:|1727811094
|move|p1a: Magneton|Thunderbolt|p2a: Skarmory
|-supereffective|p2a: Skarmory
|-damage|p2a: Skarmory|0 fnt
|faint|p2a: Skarmory
|
|t:|1727811101
|switch|p2a: Tyranitar|Tyranitar, M|100/100
|-weather|Sandstorm|[from] ability: Sand Stream|[of] p2a: Tyranitar
|
|-weather|Sandstorm|[upkeep]
|upkeep
|turn|5
|
|t:|1727811114
|switch|p1a: Gyarados|Gyarados, M, shiny|100/100
|-ability|p1a: Gyarados|Intimidate|boost
|-unboost|p2a: Tyranitar|atk|1
|move|p2a: Tyranitar|Dragon Dance|p2a: Tyranitar
|-boost|p2a: Tyranitar|atk|1
|-boost|p2a: Tyranitar|spe|1
|
|-weather|Sandstorm|[upkeep]
|-damage|p1a: Gyarados|94/100|[from] Sandstorm
|-heal|p1a: Gyarados|100/100|[from] item: Leftovers
|upkeep
|turn|6
|
|t:|1727811125
|switch|p1a: Hitmontop|Hitmontop, M, shiny|100/100
|-damage|p1a: Hitmontop|88/100|[from] Spikes
|-ability|p1a: Hitmontop|Intimidate|boost
|-unboost|p2a: Tyranitar|atk|1
|move|p2a: Tyranitar|Rock Slide|p1a: Hitmontop|[miss]
|-miss|p2a: Tyranitar|p1a: Hitmontop
|
|-weather|Sandstorm|[upkeep]
|-damage|p1a: Hitmontop|82/100|[from] Sandstorm
|-heal|p1a: Hitmontop|88/100|[from] item: Leftovers
|upkeep
|turn|7
|
|t:|1727811149
|switch|p2a: Celebi|Celebi|100/100
|move|p1a: Hitmontop|Rapid Spin|p2a: Celebi
|-damage|p2a: Celebi|96/100
|-sideend|p1: ADV Fella|Spikes|[from] move: Rapid Spin|[of] p1a: Hitmontop
|
|-weather|Sandstorm|[upkeep]
|-damage|p2a: Celebi|90/100|[from] Sandstorm
|-damage|p1a: Hitmontop|82/100|[from] Sandstorm
|-heal|p2a: Celebi|96/100|[from] item: Leftovers
|-heal|p1a: Hitmontop|88/100|[from] item: Leftovers
|upkeep
|turn|8
|
|t:|1727811172
|switch|p1a: Gyarados|Gyarados, M, shiny|100/100
|-ability|p1a: Gyarados|Intimidate|boost
|-unboost|p2a: Celebi|atk|1
|move|p2a: Celebi|Calm Mind|p2a: Celebi
|-boost|p2a: Celebi|spa|1
|-boost|p2a: Celebi|spd|1
|
|-weather|Sandstorm|[upkeep]
|-damage|p1a: Gyarados|94/100|[from] Sandstorm
|-damage|p2a: Celebi|90/100|[from] Sandstorm
|-heal|p1a: Gyarados|100/100|[from] item: Leftovers
|-heal|p2a: Celebi|96/100|[from] item: Leftovers
|upkeep
|turn|9
|
|t:|1727811190
|move|p1a: Gyarados|Hidden Power|p2a: Celebi
|-supereffective|p2a: Celebi
|-crit|p2a: Celebi
|-damage|p2a: Celebi|10/100
|move|p2a: Celebi|Calm Mind|p2a: Celebi
|-boost|p2a: Celebi|spa|1
|-boost|p2a: Celebi|spd|1
|
|-weather|Sandstorm|[upkeep]
|-damage|p1a: Gyarados|94/100|[from] Sandstorm
|-damage|p2a: Celebi|4/100|[from] Sandstorm
|-heal|p1a: Gyarados|100/100|[from] item: Leftovers
|-heal|p2a: Celebi|10/100|[from] item: Leftovers
|upkeep
|turn|10
|c|☆stao|Oof
|
|t:|1727811204
|move|p1a: Gyarados|Hidden Power|p2a: Celebi
|-supereffective|p2a: Celebi
|-damage|p2a: Celebi|0 fnt
|faint|p2a: Celebi
|c|☆ADV Fella|Sorry. Unlucky :(
|inactive|stao has 270 seconds left.
|
|t:|1727811218
|switch|p2a: Jirachi|Jirachi|100/100
|
|-weather|Sandstorm|[upkeep]
|-damage|p1a: Gyarados|94/100|[from] Sandstorm
|-heal|p1a: Gyarados|100/100|[from] item: Leftovers
|upkeep
|turn|11
|
|t:|1727811244
|switch|p1a: Steelix|Steelix, F|100/100
|move|p2a: Jirachi|Substitute|p2a: Jirachi
|-start|p2a: Jirachi|Substitute
|-damage|p2a: Jirachi|75/100
|
|-weather|Sandstorm|[upkeep]
|-heal|p2a: Jirachi|82/100|[from] item: Leftovers
|upkeep
|turn|12
|
|t:|1727811254
|move|p2a: Jirachi|Fire Punch|p1a: Steelix
|-supereffective|p1a: Steelix
|-damage|p1a: Steelix|58/100
|move|p1a: Steelix|Roar|p2a: Jirachi
|drag|p2a: Electrode|Electrode|100/100
|
|-weather|Sandstorm|[upkeep]
|-damage|p2a: Electrode|94/100|[from] Sandstorm
|-heal|p1a: Steelix|64/100|[from] item: Leftovers
|upkeep
|turn|13
|
|t:|1727811266
|switch|p2a: Claydol|Claydol|100/100
|move|p1a: Steelix|Earthquake|p2a: Claydol
|-immune|p2a: Claydol
|
|-weather|Sandstorm|[upkeep]
|-heal|p1a: Steelix|70/100|[from] item: Leftovers
|upkeep
|turn|14
|
|t:|1727811286
|switch|p1a: Umbreon|Umbreon, F, shiny|100/100
|move|p2a: Claydol|Earthquake|p1a: Umbreon
|-damage|p1a: Umbreon|72/100
|
|-weather|Sandstorm|[upkeep]
|-damage|p1a: Umbreon|65/100|[from] Sandstorm
|-heal|p1a: Umbreon|72/100|[from] item: Leftovers
|upkeep
|turn|15
|
|t:|1727811297
|move|p2a: Claydol|Explosion|p1a: Umbreon
|-damage|p1a: Umbreon|0 fnt
|faint|p2a: Claydol
|faint|p1a: Umbreon
|
|t:|1727811311
|switch|p2a: Jirachi|Jirachi|82/100
|switch|p1a: Steelix|Steelix, F|70/100
|
|-weather|Sandstorm|[upkeep]
|-heal|p2a: Jirachi|88/100|[from] item: Leftovers
|-heal|p1a: Steelix|76/100|[from] item: Leftovers
|upkeep
|turn|16
|
|t:|1727811324
|move|p2a: Jirachi|Fire Punch|p1a: Steelix
|-supereffective|p1a: Steelix
|-damage|p1a: Steelix|29/100
|move|p1a: Steelix|Earthquake|p2a: Jirachi
|-supereffective|p2a: Jirachi
|-damage|p2a: Jirachi|35/100
|
|-weather|Sandstorm|[upkeep]
|-heal|p2a: Jirachi|42/100|[from] item: Leftovers
|-heal|p1a: Steelix|36/100|[from] item: Leftovers
|upkeep
|turn|17
|
|t:|1727811340
|switch|p1a: Gyarados|Gyarados, M, shiny|100/100
|-ability|p1a: Gyarados|Intimidate|boost
|-unboost|p2a: Jirachi|atk|1
|move|p2a: Jirachi|Fire Punch|p1a: Gyarados
|-resisted|p1a: Gyarados
|-damage|p1a: Gyarados|92/100
|
|-weather|Sandstorm|[upkeep]
|-damage|p1a: Gyarados|86/100|[from] Sandstorm
|-heal|p1a: Gyarados|92/100|[from] item: Leftovers
|-heal|p2a: Jirachi|48/100|[from] item: Leftovers
|upkeep
|turn|18
|
|t:|1727811355
|move|p1a: Gyarados|Earthquake|p2a: Jirachi
|-supereffective|p2a: Jirachi
|-crit|p2a: Jirachi
|-damage|p2a: Jirachi|0 fnt
|faint|p2a: Jirachi
|
|t:|1727811360
|switch|p2a: Tyranitar|Tyranitar, M|100/100
|
|-weather|Sandstorm|[upkeep]
|-damage|p1a: Gyarados|86/100|[from] Sandstorm
|-heal|p1a: Gyarados|92/100|[from] item: Leftovers
|upkeep
|turn|19
|
|t:|1727811372
|switch|p1a: Hitmontop|Hitmontop, M, shiny|88/100
|-ability|p1a: Hitmontop|Intimidate|boost
|-unboost|p2a: Tyranitar|atk|1
|switch|p2a: Electrode|Electrode|94/100
|
|-weather|Sandstorm|[upkeep]
|-damage|p2a: Electrode|88/100|[from] Sandstorm
|-damage|p1a: Hitmontop|82/100|[from] Sandstorm
|-heal|p1a: Hitmontop|88/100|[from] item: Leftovers
|upkeep
|turn|20
|
|t:|1727811384
|switch|p1a: Snorlax|Snorlax, F|100/100
|move|p2a: Electrode|Substitute|p2a: Electrode
|-start|p2a: Electrode|Substitute
|-damage|p2a: Electrode|63/100
|
|-weather|Sandstorm|[upkeep]
|-damage|p2a: Electrode|57/100|[from] Sandstorm
|-damage|p1a: Snorlax|94/100|[from] Sandstorm
|-heal|p1a: Snorlax|100/100|[from] item: Leftovers
|upkeep
|turn|21
|
|t:|1727811394
|move|p2a: Electrode|Thunderbolt|p1a: Snorlax
|-damage|p1a: Snorlax|81/100
|-status|p1a: Snorlax|par
|move|p1a: Snorlax|Earthquake|p2a: Electrode
|-supereffective|p2a: Electrode
|-end|p2a: Electrode|Substitute
|
|-weather|Sandstorm|[upkeep]
|-damage|p2a: Electrode|51/100|[from] Sandstorm
|-damage|p1a: Snorlax|74/100 par|[from] Sandstorm
|-heal|p1a: Snorlax|81/100 par|[from] item: Leftovers
|upkeep
|turn|22
|
|t:|1727811407
|switch|p2a: Tyranitar|Tyranitar, M|100/100
|move|p1a: Snorlax|Earthquake|p2a: Tyranitar
|-supereffective|p2a: Tyranitar
|-damage|p2a: Tyranitar|48/100
|
|-weather|Sandstorm|[upkeep]
|-damage|p1a: Snorlax|74/100 par|[from] Sandstorm
|-heal|p1a: Snorlax|81/100 par|[from] item: Leftovers
|upkeep
|turn|23
|
|t:|1727811418
|switch|p1a: Hitmontop|Hitmontop, M, shiny|88/100
|-ability|p1a: Hitmontop|Intimidate|boost
|-unboost|p2a: Tyranitar|atk|1
|move|p2a: Tyranitar|Rock Slide|p1a: Hitmontop
|-resisted|p1a: Hitmontop
|-crit|p1a: Hitmontop
|-damage|p1a: Hitmontop|37/100
|
|-weather|Sandstorm|[upkeep]
|-damage|p1a: Hitmontop|31/100|[from] Sandstorm
|-heal|p1a: Hitmontop|37/100|[from] item: Leftovers
|upkeep
|turn|24
|
|t:|1727811433
|switch|p2a: Electrode|Electrode|51/100
|move|p1a: Hitmontop|Brick Break|p2a: Electrode
|-damage|p2a: Electrode|0 fnt
|faint|p2a: Electrode
|c|☆stao|Gg
|
|t:|1727811441
|switch|p2a: Tyranitar|Tyranitar, M|48/100
|
|-weather|Sandstorm|[upkeep]
|-damage|p1a: Hitmontop|31/100|[from] Sandstorm
|-heal|p1a: Hitmontop|37/100|[from] item: Leftovers
|upkeep
|turn|25
|c|☆ADV Fella|Gg
|
|t:|1727811449
|move|p2a: Tyranitar|Earthquake|p1a: Hitmontop
|-damage|p1a: Hitmontop|0 fnt
|faint|p1a: Hitmontop
|
|t:|1727811452
|switch|p1a: Gyarados|Gyarados, M, shiny|92/100
|-ability|p1a: Gyarados|Intimidate|boost
|-unboost|p2a: Tyranitar|atk|1
|
|-weather|Sandstorm|[upkeep]
|-damage|p1a: Gyarados|86/100|[from] Sandstorm
|-heal|p1a: Gyarados|92/100|[from] item: Leftovers
|upkeep
|turn|26
|
|t:|1727811463
|move|p1a: Gyarados|Earthquake|p2a: Tyranitar
|-supereffective|p2a: Tyranitar
|-damage|p2a: Tyranitar|0 fnt
|faint|p2a: Tyranitar
|
|win|ADV Fella

</script>
<script type="application/json" class="data" id="replaydata-smogtours-gen3ou-793824">
{"id":"smogtours-gen3ou-793824","format":"[Gen 3] OU","players":["ADV Fella","stao"],"uploadtime":1727811463,"views":153,"formatid":"gen3ou","rating":null,"private":0,"password":null}
</script>

<script defer src="js/replays.js?9d40a366"></script>
