<!DOCTYPE html>
<meta charset="utf-8" />
<meta name="viewport" content="width=device-width" />

<title>[Gen 3] OU: Eduardo Carapinga vs. gxe maxing - Replays - Pok&eacute;mon Showdown!</title>

<meta name="description" content="Watch a replay of a Pok&eacute;mon battle between Eduardo Carapinga and gxe maxing! Format: [Gen 3] OU; Date: Oct 6, 2024" />
<!--

Hey, you! Looking in the source for the replay log?

You can find them in JSON format, just add `.json` at the end of a replay URL.

https://replay.pokemonshowdown.com/gen7randomdoublesbattle-865046831.json

Or, if you only need the log itself, add `.log` instead:

https://replay.pokemonshowdown.com/gen7randomdoublesbattle-865046831.log

-->

<link rel="stylesheet" href="//pokemonshowdown.com/style/global.css?0.023195364461161105" />
<link rel="stylesheet" href="//play.pokemonshowdown.com/style/font-awesome.css?0.13261647063804238" />
<link rel="stylesheet" href="//play.pokemonshowdown.com/style/battle.css?0.8753245789963631" />
<link rel="stylesheet" href="//play.pokemonshowdown.com/style/utilichart.css?0.8627959624976733" />

<!-- Global site tag (gtag.js) - Google Analytics -->
<script async src="https://www.googletagmanager.com/gtag/js?id=UA-26211653-1"></script>
<script>
  window.dataLayer = window.dataLayer || [];
  function gtag(){dataLayer.push(arguments);}
  gtag('js', new Date());

  gtag('config', 'UA-26211653-1');
</script>
<!-- End Google Analytics -->
<!-- Venatus Ad Manager - Install in <HEAD> of page -->
	<script src="https://hb.vntsm.com/v3/live/ad-manager.min.js" type="text/javascript" data-site-id="642aba63ec9a7b11c3c9c1be" data-mode="scan" async></script>
<!-- / Venatus Ad Manager -->

<style>
	@media (max-width:820px) {
		.battle {
			margin: 0 auto;
		}
		.battle-log {
			margin: 7px auto 0;
			max-width: 640px;
			height: 300px;
			position: static;
		}
	}
	.optgroup {
		display: inline-block;
		line-height: 22px;
		font-size: 10pt;
	}
	.optgroup .button {
		height: 25px;
		padding-top: 0;
		padding-bottom: 0;
	}
	.optgroup button.button {
		padding-left: 12px;
		padding-right: 12px;
	}
	.linklist {
		list-style: none;
		margin: 0.5em 0;
		padding: 0;
	}
	.linklist li {
		padding: 2px 0;
	}
	.sidebar {
		float: left;
		width: 320px;
	}
	.bar-wrapper {
		max-width: 1100px;
		margin: 0 auto;
	}
	.bar-wrapper.has-sidebar {
		max-width: 1430px;
	}
	.mainbar {
		margin: 0;
		padding-right: 1px;
	}
	.mainbar.has-sidebar {
		margin-left: 330px;
	}
	@media (min-width: 1511px) {
		.sidebar {
			width: 400px;
		}
		.bar-wrapper.has-sidebar {
			max-width: 1510px;
		}
		.mainbar.has-sidebar {
			margin-left: 410px;
		}
	}
	.section.first-section {
		margin-top: 9px;
	}
	.blocklink small {
		white-space: normal;
	}
	.button {
		vertical-align: middle;
	}
	.replay-controls {
		padding-top: 10px;
	}
	.replay-controls h1 {
		font-size: 16pt;
		font-weight: normal;
		color: #CCC;
	}
	.pagelink {
		text-align: center;
	}
	.pagelink a {
		width: 150px;
	}
	.textbox, .button {
		font-size: 11pt;
		vertical-align: middle;
	}
	@media (max-width: 450px) {
		.button {
			font-size: 9pt;
		}
	}
</style>

<div>

	<header>
		<div class="nav-wrapper"><ul class="nav">
			<li><a class="button nav-first" href="//pokemonshowdown.com/"><img src="//pokemonshowdown.com/images/pokemonshowdownbeta.png" srcset="//pokemonshowdown.com/images/pokemonshowdownbeta.png 1x, //pokemonshowdown.com/images/pokemonshowdownbeta@2x.png 2x" alt="Pok&eacute;mon Showdown" width="146" height="44" /> Home</a></li>
			<li><a class="button" href="//pokemonshowdown.com/dex/">Pok&eacute;dex</a></li>
			<li><a class="button cur" href="/">Replays</a></li>
			<li><a class="button" href="//pokemonshowdown.com/ladder/">Ladder</a></li>
			<li><a class="button nav-last" href="//pokemonshowdown.com/forums/">Forum</a></li>
			<li><a class="button greenbutton nav-first nav-last" href="//play.pokemonshowdown.com/">Play</a></li>
		</ul></div>
	</header>

	<div class="main" id="main">

		<noscript><section class="section">You need to enable JavaScript to use this page; sorry!</section></noscript>

	</div>

</div>

<script defer nomodule src="//play.pokemonshowdown.com/js/lib/ps-polyfill.js"></script>
<script defer src="//play.pokemonshowdown.com/js/lib/preact.min.js"></script>

<script defer src="//play.pokemonshowdown.com/config/config.js?2bddbc15"></script>
<script defer src="//play.pokemonshowdown.com/js/lib/jquery-1.11.0.min.js"></script>
<script defer src="//play.pokemonshowdown.com/js/lib/html-sanitizer-minified.js"></script>
<script defer src="//play.pokemonshowdown.com/js/battle-sound.js"></script>
<script defer src="//play.pokemonshowdown.com/js/battledata.js?0.7209276989879541"></script>
<script defer src="//play.pokemonshowdown.com/data/pokedex-mini.js?0.6111056340867951"></script>
<script defer src="//play.pokemonshowdown.com/data/pokedex-mini-bw.js?0.3532142036491459"></script>
<script defer src="//play.pokemonshowdown.com/data/graphics.js?0.24223875632456182"></script>
<script defer src="//play.pokemonshowdown.com/data/pokedex.js?0.38839984266356864"></script>
<script defer src="//play.pokemonshowdown.com/data/moves.js?0.21866028504024015"></script>
<script defer src="//play.pokemonshowdown.com/data/abilities.js?0.2005157953846628"></script>
<script defer src="//play.pokemonshowdown.com/data/items.js?0.9894211263848525"></script>
<script defer src="//play.pokemonshowdown.com/data/teambuilder-tables.js?0.6008791140282215"></script>
<script defer src="//play.pokemonshowdown.com/js/battle-tooltips.js?0.7580118955022959"></script>
<script defer src="//play.pokemonshowdown.com/js/battle.js?0.6057722274234274"></script>

<script defer src="js/utils.js?e31f9a17"></script>
<script defer src="js/replays-battle.js?7008c182"></script>

<!-- don't scrape this data! just add .json or .log after the URL!
Full API docs: https://github.com/smogon/pokemon-showdown-client/blob/master/WEB-API.md -->
<script type="text/plain" class="log" id="replaylog-gen3ou-2217280994-vxn9lbq55d31ftjm8wn4rjf2v94typzpw">
|j|☆Eduardo Carapinga
|j|☆gxe maxing
|t:|1728242260
|gametype|singles
|player|p1|Eduardo Carapinga|#splxvraiders|
|player|p2|gxe maxing|red|
|teamsize|p1|6
|teamsize|p2|6
|gen|3
|tier|[Gen 3] OU
|rule|Sleep Clause Mod: Limit one foe put to sleep
|rule|Switch Priority Clause Mod: Faster Pokémon switch first
|rule|Species Clause: Limit one of each Pokémon
|rule|OHKO Clause: OHKO moves are banned
|rule|Evasion Items Clause: Evasion items are banned
|rule|Evasion Moves Clause: Evasion moves are banned
|rule|Endless Battle Clause: Forcing endless battles is banned
|rule|HP Percentage Mod: HP is shown in percentages
|rule|One Boost Passer Clause: Limit one Baton Passer that has a way to boost its stats
|rule|Freeze Clause Mod: Limit one foe frozen
|
|t:|1728242260
|start
|switch|p1a: Thor|Zapdos|100/100
|switch|p2a: Zapdos|Zapdos|100/100
|turn|1
|inactive|Battle timer is ON: inactive players will automatically lose when time's up. (requested by Eduardo Carapinga)
|c|☆gxe maxing|Hfhf
|c|☆gxe maxing|Cool ava
|c|☆gxe maxing|Whats it from?
|inactive|Eduardo Carapinga has 270 seconds left.
|inactive|Eduardo Carapinga has 240 seconds left.
|inactive|Eduardo Carapinga has 210 seconds left.
|inactive|Eduardo Carapinga has 180 seconds left.
|c|☆Eduardo Carapinga|sol raiders
|c|☆Eduardo Carapinga|spl
|
|t:|1728242400
|switch|p2a: Celebi|Celebi|100/100
|move|p1a: Thor|Thunderbolt|p2a: Celebi
|-resisted|p2a: Celebi
|-damage|p2a: Celebi|87/100
|-status|p2a: Celebi|par
|
|-heal|p2a: Celebi|93/100 par|[from] item: Leftovers
|upkeep
|turn|2
|
|t:|1728242418
|switch|p1a: Dinamita|Tyranitar, M|100/100
|-weather|Sandstorm|[from] ability: Sand Stream|[of] p1a: Dinamita
|cant|p2a: Celebi|par
|
|-weather|Sandstorm|[upkeep]
|-damage|p2a: Celebi|87/100 par|[from] Sandstorm
|-heal|p2a: Celebi|93/100 par|[from] item: Leftovers
|upkeep
|turn|3
|
|t:|1728242426
|-curestatus|p2a: Celebi|par|[from] ability: Natural Cure
|switch|p2a: Swampert|Swampert, F|100/100
|move|p1a: Dinamita|Hidden Power|p2a: Swampert
|-damage|p2a: Swampert|73/100
|
|-weather|Sandstorm|[upkeep]
|-heal|p2a: Swampert|79/100|[from] item: Leftovers
|upkeep
|turn|4
|inactive|Eduardo Carapinga has 240 seconds left.
|
|t:|1728242433
|switch|p1a: Thor|Zapdos|100/100
|move|p2a: Swampert|Hydro Pump|p1a: Thor
|-damage|p1a: Thor|74/100
|
|-weather|Sandstorm|[upkeep]
|-damage|p1a: Thor|68/100|[from] Sandstorm
|-heal|p1a: Thor|74/100|[from] item: Leftovers
|-heal|p2a: Swampert|85/100|[from] item: Leftovers
|upkeep
|turn|5
|
|t:|1728242441
|switch|p2a: Celebi|Celebi|93/100
|move|p1a: Thor|Hidden Power|p2a: Celebi
|-resisted|p2a: Celebi
|-damage|p2a: Celebi|87/100
|
|-weather|Sandstorm|[upkeep]
|-damage|p1a: Thor|68/100|[from] Sandstorm
|-damage|p2a: Celebi|81/100|[from] Sandstorm
|-heal|p1a: Thor|74/100|[from] item: Leftovers
|-heal|p2a: Celebi|87/100|[from] item: Leftovers
|upkeep
|turn|6
|
|t:|1728242455
|switch|p1a: Ironface|Metagross|100/100
|move|p2a: Celebi|Leech Seed|p1a: Ironface
|-start|p1a: Ironface|move: Leech Seed
|
|-weather|Sandstorm|[upkeep]
|-damage|p2a: Celebi|81/100|[from] Sandstorm
|-heal|p2a: Celebi|87/100|[from] item: Leftovers
|-damage|p1a: Ironface|88/100|[from] Leech Seed|[of] p2a: Celebi
|-heal|p2a: Celebi|98/100|[silent]
|upkeep
|turn|7
|
|t:|1728242459
|switch|p1a: Thor|Zapdos|74/100
|move|p2a: Celebi|Baton Pass|p2a: Celebi
|
|t:|1728242462
|switch|p2a: Tyranitar|Tyranitar, M|100/100|[from] Baton Pass
|
|-weather|Sandstorm|[upkeep]
|-damage|p1a: Thor|68/100|[from] Sandstorm
|-heal|p1a: Thor|74/100|[from] item: Leftovers
|upkeep
|turn|8
|
|t:|1728242467
|-singleturn|p2a: Tyranitar|move: Focus Punch
|switch|p1a: Ironface|Metagross|88/100
|move|p2a: Tyranitar|Focus Punch|p1a: Ironface
|-damage|p1a: Ironface|46/100
|
|-weather|Sandstorm|[upkeep]
|upkeep
|turn|9
|
|t:|1728242492
|switch|p2a: Swampert|Swampert, F|85/100
|move|p1a: Ironface|Explosion|p2a: Swampert
|-crit|p2a: Swampert
|-damage|p2a: Swampert|0 fnt
|faint|p1a: Ironface
|faint|p2a: Swampert
|
|t:|1728242504
|switch|p1a: Dinamita|Tyranitar, M|100/100
|switch|p2a: Dugtrio|Dugtrio, F|100/100
|
|-weather|Sandstorm|[upkeep]
|upkeep
|turn|10
|
|t:|1728242507
|move|p2a: Dugtrio|Earthquake|p1a: Dinamita
|-supereffective|p1a: Dinamita
|-damage|p1a: Dinamita|10/100
|move|p1a: Dinamita|Earthquake|p2a: Dugtrio
|-damage|p2a: Dugtrio|0 fnt
|faint|p2a: Dugtrio
|
|t:|1728242511
|switch|p2a: Zapdos|Zapdos|100/100
|
|-weather|Sandstorm|[upkeep]
|-damage|p2a: Zapdos|94/100|[from] Sandstorm
|-heal|p2a: Zapdos|100/100|[from] item: Leftovers
|upkeep
|turn|11
|
|t:|1728242520
|switch|p1a: Thor|Zapdos|74/100
|move|p2a: Zapdos|Thunderbolt|p1a: Thor
|-damage|p1a: Thor|41/100
|
|-weather|Sandstorm|[upkeep]
|-damage|p2a: Zapdos|94/100|[from] Sandstorm
|-damage|p1a: Thor|35/100|[from] Sandstorm
|-heal|p2a: Zapdos|100/100|[from] item: Leftovers
|-heal|p1a: Thor|41/100|[from] item: Leftovers
|upkeep
|turn|12
|
|t:|1728242537
|switch|p2a: Celebi|Celebi|98/100
|move|p1a: Thor|Toxic|p2a: Celebi
|-status|p2a: Celebi|tox
|
|-weather|Sandstorm|[upkeep]
|-damage|p1a: Thor|35/100|[from] Sandstorm
|-damage|p2a: Celebi|92/100 tox|[from] Sandstorm
|-heal|p1a: Thor|41/100|[from] item: Leftovers
|-heal|p2a: Celebi|98/100 tox|[from] item: Leftovers
|-damage|p2a: Celebi|92/100 tox|[from] psn
|upkeep
|turn|13
|
|t:|1728242544
|switch|p1a: Dinamita|Tyranitar, M|10/100
|move|p2a: Celebi|Baton Pass|p2a: Celebi
|
|t:|1728242547
|-curestatus|p2a: Celebi|tox|[from] ability: Natural Cure
|switch|p2a: Zapdos|Zapdos|100/100|[from] Baton Pass
|
|-weather|Sandstorm|[upkeep]
|-damage|p2a: Zapdos|94/100|[from] Sandstorm
|-heal|p2a: Zapdos|100/100|[from] item: Leftovers
|upkeep
|turn|14
|
|t:|1728242549
|switch|p1a: Lodoso|Swampert, M|100/100
|move|p2a: Zapdos|Thunderbolt|p1a: Lodoso
|-immune|p1a: Lodoso
|
|-weather|Sandstorm|[upkeep]
|-damage|p2a: Zapdos|94/100|[from] Sandstorm
|-heal|p2a: Zapdos|100/100|[from] item: Leftovers
|upkeep
|turn|15
|
|t:|1728242576
|switch|p2a: Celebi|Celebi|92/100
|switch|p1a: Imperius|Aerodactyl, F|100/100
|
|-weather|Sandstorm|[upkeep]
|-damage|p2a: Celebi|86/100|[from] Sandstorm
|-heal|p2a: Celebi|92/100|[from] item: Leftovers
|upkeep
|turn|16
|inactive|gxe maxing has 270 seconds left.
|inactive|gxe maxing has 240 seconds left.
|
|t:|1728242635
|move|p1a: Imperius|Rock Slide|p2a: Celebi
|-damage|p2a: Celebi|52/100
|cant|p2a: Celebi|flinch
|
|-weather|Sandstorm|[upkeep]
|-damage|p2a: Celebi|46/100|[from] Sandstorm
|-heal|p2a: Celebi|52/100|[from] item: Leftovers
|upkeep
|turn|17
|
|t:|1728242663
|move|p1a: Imperius|Rock Slide|p2a: Celebi
|-damage|p2a: Celebi|13/100
|move|p2a: Celebi|Recover|p2a: Celebi
|-heal|p2a: Celebi|63/100
|
|-weather|Sandstorm|[upkeep]
|-damage|p2a: Celebi|57/100|[from] Sandstorm
|-heal|p2a: Celebi|63/100|[from] item: Leftovers
|upkeep
|turn|18
|
|t:|1728242668
|move|p1a: Imperius|Rock Slide|p2a: Celebi
|-damage|p2a: Celebi|25/100
|move|p2a: Celebi|Recover|p2a: Celebi
|-heal|p2a: Celebi|75/100
|
|-weather|Sandstorm|[upkeep]
|-damage|p2a: Celebi|69/100|[from] Sandstorm
|-heal|p2a: Celebi|75/100|[from] item: Leftovers
|upkeep
|turn|19
|
|t:|1728242676
|move|p1a: Imperius|Rock Slide|p2a: Celebi
|-damage|p2a: Celebi|33/100
|move|p2a: Celebi|Leech Seed|p1a: Imperius
|-start|p1a: Imperius|move: Leech Seed
|
|-weather|Sandstorm|[upkeep]
|-damage|p2a: Celebi|27/100|[from] Sandstorm
|-damage|p1a: Imperius|88/100|[from] Leech Seed|[of] p2a: Celebi
|-heal|p2a: Celebi|36/100|[silent]
|-heal|p2a: Celebi|43/100|[from] item: Leftovers
|upkeep
|turn|20
|
|t:|1728242682
|switch|p1a: Orion|Dugtrio, M|100/100
|move|p2a: Celebi|Recover|p2a: Celebi
|-heal|p2a: Celebi|93/100
|
|-weather|Sandstorm|[upkeep]
|-damage|p2a: Celebi|86/100|[from] Sandstorm
|-heal|p2a: Celebi|93/100|[from] item: Leftovers
|upkeep
|turn|21
|
|t:|1728242689
|move|p1a: Orion|Hidden Power|p2a: Celebi
|-supereffective|p2a: Celebi
|-damage|p2a: Celebi|7/100
|move|p2a: Celebi|Baton Pass|p2a: Celebi
|
|t:|1728242695
|switch|p2a: Zapdos|Zapdos|100/100|[from] Baton Pass
|
|-weather|Sandstorm|[upkeep]
|-damage|p2a: Zapdos|94/100|[from] Sandstorm
|-heal|p2a: Zapdos|100/100|[from] item: Leftovers
|upkeep
|turn|22
|
|t:|1728242710
|switch|p1a: Dinamita|Tyranitar, M|10/100
|move|p2a: Zapdos|Thunderbolt|p1a: Dinamita
|-damage|p1a: Dinamita|0 fnt
|faint|p1a: Dinamita
|
|t:|1728242714
|switch|p1a: Imperius|Aerodactyl, F|88/100
|
|-weather|Sandstorm|[upkeep]
|-damage|p2a: Zapdos|94/100|[from] Sandstorm
|-heal|p2a: Zapdos|100/100|[from] item: Leftovers
|upkeep
|turn|23
|inactive|gxe maxing has 270 seconds left.
|
|t:|1728242744
|switch|p2a: Celebi|Celebi|7/100
|move|p1a: Imperius|Rock Slide|p2a: Celebi
|-damage|p2a: Celebi|0 fnt
|faint|p2a: Celebi
|
|t:|1728242750
|switch|p2a: Starmie|Starmie|100/100
|
|-weather|Sandstorm|[upkeep]
|-damage|p2a: Starmie|94/100|[from] Sandstorm
|-heal|p2a: Starmie|100/100|[from] item: Leftovers
|upkeep
|turn|24
|
|t:|1728242759
|switch|p1a: Lodoso|Swampert, M|100/100
|move|p2a: Starmie|Hydro Pump|p1a: Lodoso
|-damage|p1a: Lodoso|54/100
|
|-weather|Sandstorm|[upkeep]
|-damage|p2a: Starmie|94/100|[from] Sandstorm
|-heal|p2a: Starmie|100/100|[from] item: Leftovers
|-heal|p1a: Lodoso|60/100|[from] item: Leftovers
|upkeep
|turn|25
|inactive|gxe maxing has 240 seconds left.
|inactive|gxe maxing has 210 seconds left.
|
|t:|1728242819
|switch|p2a: Zapdos|Zapdos|100/100
|move|p1a: Lodoso|Toxic|p2a: Zapdos
|-status|p2a: Zapdos|tox
|
|-weather|Sandstorm|[upkeep]
|-damage|p2a: Zapdos|94/100 tox|[from] Sandstorm
|-heal|p2a: Zapdos|100/100 tox|[from] item: Leftovers
|-damage|p2a: Zapdos|94/100 tox|[from] psn
|-heal|p1a: Lodoso|66/100|[from] item: Leftovers
|upkeep
|turn|26
|
|t:|1728242838
|move|p1a: Lodoso|Protect|p1a: Lodoso
|-singleturn|p1a: Lodoso|Protect
|move|p2a: Zapdos|Hidden Power|p1a: Lodoso
|-activate|p1a: Lodoso|Protect
|
|-weather|Sandstorm|[upkeep]
|-damage|p2a: Zapdos|88/100 tox|[from] Sandstorm
|-heal|p2a: Zapdos|94/100 tox|[from] item: Leftovers
|-damage|p2a: Zapdos|82/100 tox|[from] psn
|-heal|p1a: Lodoso|72/100|[from] item: Leftovers
|upkeep
|turn|27
|
|t:|1728242854
|switch|p1a: Thor|Zapdos|41/100
|move|p2a: Zapdos|Hidden Power|p1a: Thor
|-resisted|p1a: Thor
|-damage|p1a: Thor|33/100
|
|-weather|Sandstorm|[upkeep]
|-damage|p2a: Zapdos|76/100 tox|[from] Sandstorm
|-damage|p1a: Thor|27/100|[from] Sandstorm
|-heal|p2a: Zapdos|82/100 tox|[from] item: Leftovers
|-damage|p2a: Zapdos|63/100 tox|[from] psn
|-heal|p1a: Thor|33/100|[from] item: Leftovers
|upkeep
|turn|28
|
|t:|1728242874
|switch|p1a: Orion|Dugtrio, M|100/100
|move|p2a: Zapdos|Thunderbolt|p1a: Orion
|-immune|p1a: Orion
|
|-weather|Sandstorm|[upkeep]
|-damage|p2a: Zapdos|57/100 tox|[from] Sandstorm
|-heal|p2a: Zapdos|63/100 tox|[from] item: Leftovers
|-damage|p2a: Zapdos|38/100 tox|[from] psn
|upkeep
|turn|29
|
|t:|1728242887
|switch|p1a: Thor|Zapdos|33/100
|move|p2a: Zapdos|Hidden Power|p1a: Thor
|-resisted|p1a: Thor
|-damage|p1a: Thor|25/100
|
|-weather|Sandstorm|[upkeep]
|-damage|p2a: Zapdos|32/100 tox|[from] Sandstorm
|-damage|p1a: Thor|19/100|[from] Sandstorm
|-heal|p2a: Zapdos|38/100 tox|[from] item: Leftovers
|-damage|p2a: Zapdos|7/100 tox|[from] psn
|-heal|p1a: Thor|25/100|[from] item: Leftovers
|upkeep
|turn|30
|
|t:|1728242893
|move|p2a: Zapdos|Thunderbolt|p1a: Thor
|-crit|p1a: Thor
|-damage|p1a: Thor|0 fnt
|faint|p1a: Thor
|inactive|Eduardo Carapinga has 270 seconds left.
|
|t:|1728242913
|switch|p1a: Imperius|Aerodactyl, F|88/100
|
|-weather|Sandstorm|[upkeep]
|-damage|p2a: Zapdos|1/100 tox|[from] Sandstorm
|-heal|p2a: Zapdos|7/100 tox|[from] item: Leftovers
|-damage|p2a: Zapdos|0 fnt|[from] psn
|faint|p2a: Zapdos
|upkeep
|inactive|gxe maxing has 240 seconds left.
|
|t:|1728242924
|switch|p2a: Tyranitar|Tyranitar, M|100/100
|turn|31
|
|t:|1728242928
|-singleturn|p2a: Tyranitar|move: Focus Punch
|switch|p1a: Lodoso|Swampert, M|72/100
|move|p2a: Tyranitar|Focus Punch|p1a: Lodoso
|-damage|p1a: Lodoso|32/100
|
|-weather|Sandstorm|[upkeep]
|-heal|p1a: Lodoso|38/100|[from] item: Leftovers
|upkeep
|turn|32
|
|t:|1728242938
|move|p1a: Lodoso|Surf|p2a: Tyranitar
|-supereffective|p2a: Tyranitar
|-damage|p2a: Tyranitar|54/100
|move|p2a: Tyranitar|Earthquake|p1a: Lodoso
|-damage|p1a: Lodoso|13/100
|
|-weather|Sandstorm|[upkeep]
|-heal|p1a: Lodoso|20/100|[from] item: Leftovers
|-heal|p2a: Tyranitar|60/100|[from] item: Leftovers
|upkeep
|turn|33
|
|t:|1728242948
|move|p1a: Lodoso|Toxic|p2a: Tyranitar
|-status|p2a: Tyranitar|tox
|move|p2a: Tyranitar|Earthquake|p1a: Lodoso
|-damage|p1a: Lodoso|0 fnt
|faint|p1a: Lodoso
|
|t:|1728242952
|switch|p1a: Orion|Dugtrio, M|100/100
|
|-weather|Sandstorm|[upkeep]
|-heal|p2a: Tyranitar|66/100 tox|[from] item: Leftovers
|-damage|p2a: Tyranitar|60/100 tox|[from] psn
|upkeep
|turn|34
|
|t:|1728242955
|move|p1a: Orion|Earthquake|p2a: Tyranitar
|-supereffective|p2a: Tyranitar
|-damage|p2a: Tyranitar|0 fnt
|faint|p2a: Tyranitar
|
|t:|1728242957
|switch|p2a: Starmie|Starmie|100/100
|
|-weather|Sandstorm|[upkeep]
|-damage|p2a: Starmie|94/100|[from] Sandstorm
|-heal|p2a: Starmie|100/100|[from] item: Leftovers
|upkeep
|turn|35
|
|t:|1728242961
|move|p1a: Orion|Earthquake|p2a: Starmie
|-damage|p2a: Starmie|13/100
|move|p2a: Starmie|Hydro Pump|p1a: Orion
|-supereffective|p1a: Orion
|-damage|p1a: Orion|0 fnt
|faint|p1a: Orion
|
|t:|1728242964
|switch|p1a: Imperius|Aerodactyl, F|88/100
|
|-weather|Sandstorm|[upkeep]
|-damage|p2a: Starmie|7/100|[from] Sandstorm
|-heal|p2a: Starmie|13/100|[from] item: Leftovers
|upkeep
|turn|36
|c|☆Eduardo Carapinga|/log Eduardo Carapinga hid the replay of this battle.
|
|t:|1728242975
|move|p1a: Imperius|Double-Edge|p2a: Starmie
|-damage|p2a: Starmie|0 fnt
|faint|p2a: Starmie
|
|win|Eduardo Carapinga
|l|☆gxe maxing
|player|p2|

</script>
<script type="application/json" class="data" id="replaydata-gen3ou-2217280994-vxn9lbq55d31ftjm8wn4rjf2v94typzpw">
{"id":"gen3ou-2217280994","format":"[Gen 3] OU","players":["Eduardo Carapinga","gxe maxing"],"uploadtime":1728242984,"views":128,"formatid":"gen3ou","rating":null,"private":1,"password":"vxn9lbq55d31ftjm8wn4rjf2v94typz"}
</script>

<script defer src="js/replays.js?9d40a366"></script>
