<!DOCTYPE html>
<meta charset="utf-8" />
<meta name="viewport" content="width=device-width" />

<title>[Gen 3] OU: Xurkiyee vs. Hummusfan - Replays - Pok&eacute;mon Showdown!</title>

<meta name="description" content="Watch a replay of a Pok&eacute;mon battle between Xurkiyee and Hummusfan! Format: [Gen 3] OU; Date: Oct 3, 2024" />
<!--

Hey, you! Looking in the source for the replay log?

You can find them in JSON format, just add `.json` at the end of a replay URL.

https://replay.pokemonshowdown.com/gen7randomdoublesbattle-865046831.json

Or, if you only need the log itself, add `.log` instead:

https://replay.pokemonshowdown.com/gen7randomdoublesbattle-865046831.log

-->

<link rel="stylesheet" href="//pokemonshowdown.com/style/global.css?0.023195364461161105" />
<link rel="stylesheet" href="//play.pokemonshowdown.com/style/font-awesome.css?0.13261647063804238" />
<link rel="stylesheet" href="//play.pokemonshowdown.com/style/battle.css?0.8753245789963631" />
<link rel="stylesheet" href="//play.pokemonshowdown.com/style/utilichart.css?0.8627959624976733" />

<!-- Global site tag (gtag.js) - Google Analytics -->
<script async src="https://www.googletagmanager.com/gtag/js?id=UA-26211653-1"></script>
<script>
  window.dataLayer = window.dataLayer || [];
  function gtag(){dataLayer.push(arguments);}
  gtag('js', new Date());

  gtag('config', 'UA-26211653-1');
</script>
<!-- End Google Analytics -->
<!-- Venatus Ad Manager - Install in <HEAD> of page -->
	<script src="https://hb.vntsm.com/v3/live/ad-manager.min.js" type="text/javascript" data-site-id="642aba63ec9a7b11c3c9c1be" data-mode="scan" async></script>
<!-- / Venatus Ad Manager -->

<style>
	@media (max-width:820px) {
		.battle {
			margin: 0 auto;
		}
		.battle-log {
			margin: 7px auto 0;
			max-width: 640px;
			height: 300px;
			position: static;
		}
	}
	.optgroup {
		display: inline-block;
		line-height: 22px;
		font-size: 10pt;
	}
	.optgroup .button {
		height: 25px;
		padding-top: 0;
		padding-bottom: 0;
	}
	.optgroup button.button {
		padding-left: 12px;
		padding-right: 12px;
	}
	.linklist {
		list-style: none;
		margin: 0.5em 0;
		padding: 0;
	}
	.linklist li {
		padding: 2px 0;
	}
	.sidebar {
		float: left;
		width: 320px;
	}
	.bar-wrapper {
		max-width: 1100px;
		margin: 0 auto;
	}
	.bar-wrapper.has-sidebar {
		max-width: 1430px;
	}
	.mainbar {
		margin: 0;
		padding-right: 1px;
	}
	.mainbar.has-sidebar {
		margin-left: 330px;
	}
	@media (min-width: 1511px) {
		.sidebar {
			width: 400px;
		}
		.bar-wrapper.has-sidebar {
			max-width: 1510px;
		}
		.mainbar.has-sidebar {
			margin-left: 410px;
		}
	}
	.section.first-section {
		margin-top: 9px;
	}
	.blocklink small {
		white-space: normal;
	}
	.button {
		vertical-align: middle;
	}
	.replay-controls {
		padding-top: 10px;
	}
	.replay-controls h1 {
		font-size: 16pt;
		font-weight: normal;
		color: #CCC;
	}
	.pagelink {
		text-align: center;
	}
	.pagelink a {
		width: 150px;
	}
	.textbox, .button {
		font-size: 11pt;
		vertical-align: middle;
	}
	@media (max-width: 450px) {
		.button {
			font-size: 9pt;
		}
	}
</style>

<div>

	<header>
		<div class="nav-wrapper"><ul class="nav">
			<li><a class="button nav-first" href="//pokemonshowdown.com/"><img src="//pokemonshowdown.com/images/pokemonshowdownbeta.png" srcset="//pokemonshowdown.com/images/pokemonshowdownbeta.png 1x, //pokemonshowdown.com/images/pokemonshowdownbeta@2x.png 2x" alt="Pok&eacute;mon Showdown" width="146" height="44" /> Home</a></li>
			<li><a class="button" href="//pokemonshowdown.com/dex/">Pok&eacute;dex</a></li>
			<li><a class="button cur" href="/">Replays</a></li>
			<li><a class="button" href="//pokemonshowdown.com/ladder/">Ladder</a></li>
			<li><a class="button nav-last" href="//pokemonshowdown.com/forums/">Forum</a></li>
			<li><a class="button greenbutton nav-first nav-last" href="//play.pokemonshowdown.com/">Play</a></li>
		</ul></div>
	</header>

	<div class="main" id="main">

		<noscript><section class="section">You need to enable JavaScript to use this page; sorry!</section></noscript>

	</div>

</div>

<script defer nomodule src="//play.pokemonshowdown.com/js/lib/ps-polyfill.js"></script>
<script defer src="//play.pokemonshowdown.com/js/lib/preact.min.js"></script>

<script defer src="//play.pokemonshowdown.com/config/config.js?2bddbc15"></script>
<script defer src="//play.pokemonshowdown.com/js/lib/jquery-1.11.0.min.js"></script>
<script defer src="//play.pokemonshowdown.com/js/lib/html-sanitizer-minified.js"></script>
<script defer src="//play.pokemonshowdown.com/js/battle-sound.js"></script>
<script defer src="//play.pokemonshowdown.com/js/battledata.js?0.7209276989879541"></script>
<script defer src="//play.pokemonshowdown.com/data/pokedex-mini.js?0.6111056340867951"></script>
<script defer src="//play.pokemonshowdown.com/data/pokedex-mini-bw.js?0.3532142036491459"></script>
<script defer src="//play.pokemonshowdown.com/data/graphics.js?0.24223875632456182"></script>
<script defer src="//play.pokemonshowdown.com/data/pokedex.js?0.38839984266356864"></script>
<script defer src="//play.pokemonshowdown.com/data/moves.js?0.21866028504024015"></script>
<script defer src="//play.pokemonshowdown.com/data/abilities.js?0.2005157953846628"></script>
<script defer src="//play.pokemonshowdown.com/data/items.js?0.9894211263848525"></script>
<script defer src="//play.pokemonshowdown.com/data/teambuilder-tables.js?0.6008791140282215"></script>
<script defer src="//play.pokemonshowdown.com/js/battle-tooltips.js?0.7580118955022959"></script>
<script defer src="//play.pokemonshowdown.com/js/battle.js?0.6057722274234274"></script>

<script defer src="js/utils.js?e31f9a17"></script>
<script defer src="js/replays-battle.js?7008c182"></script>

<!-- don't scrape this data! just add .json or .log after the URL!
Full API docs: https://github.com/smogon/pokemon-showdown-client/blob/master/WEB-API.md -->
<script type="text/plain" class="log" id="replaylog-smogtours-gen3ou-794319">
|inactive|Battle timer is ON: inactive players will automatically lose when time's up.
|t:|1727982636
|gametype|singles
|player|p1|Xurkiyee|169|
|player|p2|Hummusfan|102|
|teamsize|p1|6
|teamsize|p2|6
|gen|3
|tier|[Gen 3] OU
|rule|Sleep Clause Mod: Limit one foe put to sleep
|rule|Switch Priority Clause Mod: Faster Pokémon switch first
|rule|Species Clause: Limit one of each Pokémon
|rule|OHKO Clause: OHKO moves are banned
|rule|Evasion Items Clause: Evasion items are banned
|rule|Evasion Moves Clause: Evasion moves are banned
|rule|Endless Battle Clause: Forcing endless battles is banned
|rule|HP Percentage Mod: HP is shown in percentages
|rule|One Boost Passer Clause: Limit one Baton Passer that has a way to boost its stats
|rule|Freeze Clause Mod: Limit one foe frozen
|
|t:|1727982636
|start
|switch|p1a: Salamence|Salamence, F|100/100
|switch|p2a: Stekelvogel|Zapdos|100/100
|-ability|p1a: Salamence|Intimidate|boost
|-unboost|p2a: Stekelvogel|atk|1
|turn|1
|c|☆Xurkiyee|Hf
|
|t:|1727982648
|move|p2a: Stekelvogel|Hidden Power|p1a: Salamence
|-supereffective|p1a: Salamence
|-crit|p1a: Salamence
|-damage|p1a: Salamence|0 fnt
|faint|p1a: Salamence
|
|t:|1727982651
|switch|p1a: Swampert|Swampert, M|100/100
|
|upkeep
|turn|2
|c|☆Hummusfan|u2
|
|t:|1727982676
|switch|p2a: Tingeltangel|Jirachi|100/100
|move|p1a: Swampert|Ice Beam|p2a: Tingeltangel
|-resisted|p2a: Tingeltangel
|-damage|p2a: Tingeltangel|87/100
|
|-heal|p2a: Tingeltangel|93/100|[from] item: Leftovers
|upkeep
|turn|3
|inactive|Hummusfan has 270 seconds left.
|
|t:|1727982699
|switch|p1a: Jirachi|Jirachi|100/100
|move|p2a: Tingeltangel|Calm Mind|p2a: Tingeltangel
|-boost|p2a: Tingeltangel|spa|1
|-boost|p2a: Tingeltangel|spd|1
|
|-heal|p2a: Tingeltangel|99/100|[from] item: Leftovers
|upkeep
|turn|4
|
|t:|1727982706
|move|p2a: Tingeltangel|Fire Punch|p1a: Jirachi
|-supereffective|p1a: Jirachi
|-damage|p1a: Jirachi|49/100
|move|p1a: Jirachi|Calm Mind|p1a: Jirachi
|-boost|p1a: Jirachi|spa|1
|-boost|p1a: Jirachi|spd|1
|
|-heal|p2a: Tingeltangel|100/100|[from] item: Leftovers
|-heal|p1a: Jirachi|55/100|[from] item: Leftovers
|upkeep
|turn|5
|
|t:|1727982718
|move|p2a: Tingeltangel|Calm Mind|p2a: Tingeltangel
|-boost|p2a: Tingeltangel|spa|1
|-boost|p2a: Tingeltangel|spd|1
|move|p1a: Jirachi|Wish|p1a: Jirachi
|
|-heal|p1a: Jirachi|61/100|[from] item: Leftovers
|upkeep
|turn|6
|
|t:|1727982730
|switch|p1a: Swampert|Swampert, M|100/100
|move|p2a: Tingeltangel|Fire Punch|p1a: Swampert
|-resisted|p1a: Swampert
|-damage|p1a: Swampert|75/100
|
|-heal|p1a: Swampert|100/100|[from] move: Wish|[wisher] Jirachi
|upkeep
|turn|7
|
|t:|1727982744
|move|p2a: Tingeltangel|Hidden Power|p1a: Swampert
|-supereffective|p1a: Swampert
|-damage|p1a: Swampert|0 fnt
|faint|p1a: Swampert
|
|t:|1727982747
|switch|p1a: Dugtrio|Dugtrio, F|100/100
|
|upkeep
|turn|8
|
|t:|1727982751
|move|p1a: Dugtrio|Earthquake|p2a: Tingeltangel
|-supereffective|p2a: Tingeltangel
|-damage|p2a: Tingeltangel|0 fnt
|faint|p2a: Tingeltangel
|
|t:|1727982761
|switch|p2a: Stekelvogel|Zapdos|100/100
|
|upkeep
|turn|9
|
|t:|1727982766
|switch|p1a: Raikou|Raikou|100/100
|move|p2a: Stekelvogel|Thunderbolt|p1a: Raikou
|-resisted|p1a: Raikou
|-damage|p1a: Raikou|75/100
|
|-heal|p1a: Raikou|81/100|[from] item: Leftovers
|upkeep
|turn|10
|
|t:|1727982783
|switch|p1a: Porygon2|Porygon2|100/100
|-ability|p1a: Porygon2|Pressure|[from] ability: Trace|[of] p2a: Stekelvogel
|move|p2a: Stekelvogel|Roar|p1a: Porygon2
|drag|p1a: Dugtrio|Dugtrio, F|100/100
|
|upkeep
|turn|11
|
|t:|1727982795
|switch|p1a: Porygon2|Porygon2|100/100
|-ability|p1a: Porygon2|Pressure|[from] ability: Trace|[of] p2a: Stekelvogel
|move|p2a: Stekelvogel|Baton Pass|p2a: Stekelvogel
|
|t:|1727982804
|switch|p2a: Vuurvos|Flareon, M|100/100|[from] Baton Pass
|
|upkeep
|turn|12
|
|t:|1727982811
|move|p2a: Vuurvos|Hidden Power|p1a: Porygon2
|-supereffective|p1a: Porygon2
|-damage|p1a: Porygon2|41/100
|move|p1a: Porygon2|Toxic|p2a: Vuurvos
|-status|p2a: Vuurvos|tox
|
|-damage|p2a: Vuurvos|95/100 tox|[from] psn
|-heal|p1a: Porygon2|47/100|[from] item: Leftovers
|upkeep
|turn|13
|
|t:|1727982831
|switch|p2a: Driemol|Dugtrio, F|100/100
|move|p1a: Porygon2|Recover|p1a: Porygon2
|-heal|p1a: Porygon2|97/100
|
|-heal|p1a: Porygon2|100/100|[from] item: Leftovers
|upkeep
|turn|14
|inactive|Hummusfan has 270 seconds left.
|
|t:|1727982862
|switch|p2a: Vuurvos|Flareon, M|95/100 tox
|move|p1a: Porygon2|Ice Beam|p2a: Vuurvos
|-resisted|p2a: Vuurvos
|-damage|p2a: Vuurvos|82/100 tox
|
|-damage|p2a: Vuurvos|77/100 tox|[from] psn
|upkeep
|turn|15
|inactive|Hummusfan has 270 seconds left.
|
|t:|1727982879
|move|p2a: Vuurvos|Overheat|p1a: Porygon2
|-damage|p1a: Porygon2|58/100
|-unboost|p2a: Vuurvos|spa|2
|move|p1a: Porygon2|Recover|p1a: Porygon2
|-heal|p1a: Porygon2|100/100
|
|-damage|p2a: Vuurvos|65/100 tox|[from] psn
|upkeep
|turn|16
|
|t:|1727982889
|switch|p2a: Narschildwal|Lapras, M|100/100
|move|p1a: Porygon2|Recover||[still]
|-fail|p1a: Porygon2|heal
|
|upkeep
|turn|17
|
|t:|1727982897
|move|p2a: Narschildwal|Perish Song|p2a: Narschildwal
|-start|p1a: Porygon2|perish3|[silent]
|-start|p2a: Narschildwal|perish3|[silent]
|-fieldactivate|move: Perish Song
|move|p1a: Porygon2|Toxic|p2a: Narschildwal
|-status|p2a: Narschildwal|tox
|
|-damage|p2a: Narschildwal|94/100 tox|[from] psn
|-start|p2a: Narschildwal|perish3
|-start|p1a: Porygon2|perish3
|upkeep
|turn|18
|inactive|Hummusfan has 270 seconds left.
|
|t:|1727982905
|move|p2a: Narschildwal|Heal Bell|p2a: Narschildwal
|-activate|p2a: Narschildwal|move: Heal Bell
|-curestatus|p2a: Narschildwal|tox|[silent]
|-curestatus|p2: Vuurvos|tox|[silent]
|move|p1a: Porygon2|Ice Beam|p2a: Narschildwal
|-resisted|p2a: Narschildwal
|-damage|p2a: Narschildwal|90/100
|
|-heal|p2a: Narschildwal|97/100|[from] item: Leftovers
|-start|p2a: Narschildwal|perish2
|-start|p1a: Porygon2|perish2
|upkeep
|turn|19
|inactive|Hummusfan has 270 seconds left.
|
|t:|1727982922
|switch|p2a: Vuurvos|Flareon, M|65/100
|switch|p1a: Jirachi|Jirachi|61/100
|
|-heal|p1a: Jirachi|67/100|[from] item: Leftovers
|upkeep
|turn|20
|inactive|Hummusfan has 270 seconds left.
|
|t:|1727982945
|switch|p1a: Porygon2|Porygon2|100/100
|-ability|p1a: Porygon2|Flash Fire|[from] ability: Trace|[of] p2a: Vuurvos
|move|p2a: Vuurvos|Overheat|p1a: Porygon2|[miss]
|-miss|p2a: Vuurvos|p1a: Porygon2
|
|upkeep
|turn|21
|inactive|Hummusfan has 270 seconds left.
|
|t:|1727982961
|switch|p2a: Narschildwal|Lapras, M|97/100
|move|p1a: Porygon2|Thunderbolt|p2a: Narschildwal
|-supereffective|p2a: Narschildwal
|-damage|p2a: Narschildwal|59/100
|
|-heal|p2a: Narschildwal|65/100|[from] item: Leftovers
|upkeep
|turn|22
|
|t:|1727982974
|move|p2a: Narschildwal|Perish Song|p2a: Narschildwal
|-start|p1a: Porygon2|perish3|[silent]
|-start|p2a: Narschildwal|perish3|[silent]
|-fieldactivate|move: Perish Song
|move|p1a: Porygon2|Thunderbolt|p2a: Narschildwal
|-supereffective|p2a: Narschildwal
|-damage|p2a: Narschildwal|32/100
|-status|p2a: Narschildwal|par
|
|-heal|p2a: Narschildwal|39/100 par|[from] item: Leftovers
|-start|p1a: Porygon2|perish3
|-start|p2a: Narschildwal|perish3
|upkeep
|turn|23
|
|t:|1727982986
|switch|p2a: Piloot|Flygon, M|100/100
|move|p1a: Porygon2|Thunderbolt|p2a: Piloot
|-immune|p2a: Piloot
|
|-start|p1a: Porygon2|perish2
|upkeep
|turn|24
|
|t:|1727982998
|move|p2a: Piloot|Protect|p2a: Piloot
|-singleturn|p2a: Piloot|Protect
|move|p1a: Porygon2|Ice Beam|p2a: Piloot
|-activate|p2a: Piloot|Protect
|
|-start|p1a: Porygon2|perish1
|upkeep
|turn|25
|
|t:|1727983011
|switch|p2a: Vuurvos|Flareon, M|65/100
|switch|p1a: Dugtrio|Dugtrio, F|100/100
|
|upkeep
|turn|26
|inactive|Hummusfan has 270 seconds left.
|
|t:|1727983017
|move|p1a: Dugtrio|Rock Slide|p2a: Vuurvos
|-supereffective|p2a: Vuurvos
|-damage|p2a: Vuurvos|0 fnt
|faint|p2a: Vuurvos
|
|t:|1727983021
|switch|p2a: Driemol|Dugtrio, F|100/100
|
|upkeep
|turn|27
|
|t:|1727983024
|move|p1a: Dugtrio|Rock Slide|p2a: Driemol
|-resisted|p2a: Driemol
|-crit|p2a: Driemol
|-damage|p2a: Driemol|24/100
|move|p2a: Driemol|Earthquake|p1a: Dugtrio
|-damage|p1a: Dugtrio|0 fnt
|faint|p1a: Dugtrio
|
|t:|1727983032
|switch|p1a: Porygon2|Porygon2|100/100
|-ability|p1a: Porygon2|Arena Trap|[from] ability: Trace|[of] p2a: Driemol
|
|upkeep
|turn|28
|
|t:|1727983035
|move|p2a: Driemol|Earthquake|p1a: Porygon2
|-damage|p1a: Porygon2|64/100
|move|p1a: Porygon2|Ice Beam|p2a: Driemol
|-supereffective|p2a: Driemol
|-damage|p2a: Driemol|0 fnt
|faint|p2a: Driemol
|
|t:|1727983046
|switch|p2a: Stekelvogel|Zapdos|100/100
|
|-heal|p1a: Porygon2|70/100|[from] item: Leftovers
|upkeep
|turn|29
|
|t:|1727983049
|move|p2a: Stekelvogel|Thunderbolt|p1a: Porygon2
|-damage|p1a: Porygon2|27/100
|move|p1a: Porygon2|Recover|p1a: Porygon2
|-heal|p1a: Porygon2|77/100
|
|-heal|p1a: Porygon2|83/100|[from] item: Leftovers
|upkeep
|turn|30
|
|t:|1727983053
|move|p2a: Stekelvogel|Thunderbolt|p1a: Porygon2
|-damage|p1a: Porygon2|37/100
|move|p1a: Porygon2|Recover|p1a: Porygon2
|-heal|p1a: Porygon2|87/100
|
|-heal|p1a: Porygon2|94/100|[from] item: Leftovers
|upkeep
|turn|31
|
|t:|1727983061
|move|p1a: Porygon2|Toxic|p2a: Stekelvogel
|-status|p2a: Stekelvogel|tox
|move|p2a: Stekelvogel|Roar|p1a: Porygon2
|drag|p1a: Jirachi|Jirachi|67/100
|
|-damage|p2a: Stekelvogel|94/100 tox|[from] psn
|-heal|p1a: Jirachi|73/100|[from] item: Leftovers
|upkeep
|turn|32
|
|t:|1727983070
|move|p2a: Stekelvogel|Thunderbolt|p1a: Jirachi
|-damage|p1a: Jirachi|31/100
|move|p1a: Jirachi|Wish|p1a: Jirachi
|
|-heal|p2a: Stekelvogel|100/100 tox|[from] item: Leftovers
|-damage|p2a: Stekelvogel|88/100 tox|[from] psn
|-heal|p1a: Jirachi|37/100|[from] item: Leftovers
|upkeep
|turn|33
|
|t:|1727983077
|switch|p1a: Raikou|Raikou|81/100
|move|p2a: Stekelvogel|Baton Pass|p2a: Stekelvogel
|
|t:|1727983085
|switch|p2a: Piloot|Flygon, M|100/100|[from] Baton Pass
|
|-heal|p1a: Raikou|100/100|[from] move: Wish|[wisher] Jirachi
|upkeep
|turn|34
|
|t:|1727983094
|move|p1a: Raikou|Substitute|p1a: Raikou
|-start|p1a: Raikou|Substitute
|-damage|p1a: Raikou|76/100
|move|p2a: Piloot|Dragon Breath|p1a: Raikou
|-activate|p1a: Raikou|Substitute|[damage]
|
|-heal|p1a: Raikou|82/100|[from] item: Leftovers
|upkeep
|turn|35
|
|t:|1727983111
|move|p1a: Raikou|Hidden Power|p2a: Piloot
|-damage|p2a: Piloot|65/100
|move|p2a: Piloot|Dragon Breath|p1a: Raikou
|-end|p1a: Raikou|Substitute
|
|-heal|p1a: Raikou|88/100|[from] item: Leftovers
|-heal|p2a: Piloot|71/100|[from] item: Leftovers
|upkeep
|turn|36
|
|t:|1727983127
|switch|p1a: Porygon2|Porygon2|94/100
|-ability|p1a: Porygon2|Levitate|[from] ability: Trace|[of] p2a: Piloot
|switch|p2a: Stekelvogel|Zapdos|88/100 tox
|
|-heal|p2a: Stekelvogel|94/100 tox|[from] item: Leftovers
|-damage|p2a: Stekelvogel|88/100 tox|[from] psn
|-heal|p1a: Porygon2|99/100|[from] item: Leftovers
|upkeep
|turn|37
|
|t:|1727983136
|move|p2a: Stekelvogel|Thunderbolt|p1a: Porygon2
|-damage|p1a: Porygon2|58/100
|move|p1a: Porygon2|Ice Beam|p2a: Stekelvogel
|-supereffective|p2a: Stekelvogel
|-damage|p2a: Stekelvogel|35/100 tox
|
|-heal|p2a: Stekelvogel|41/100 tox|[from] item: Leftovers
|-damage|p2a: Stekelvogel|29/100 tox|[from] psn
|-heal|p1a: Porygon2|64/100|[from] item: Leftovers
|upkeep
|turn|38
|
|t:|1727983150
|move|p2a: Stekelvogel|Thunderbolt|p1a: Porygon2
|-damage|p1a: Porygon2|19/100
|move|p1a: Porygon2|Recover|p1a: Porygon2
|-heal|p1a: Porygon2|69/100
|
|-heal|p2a: Stekelvogel|35/100 tox|[from] item: Leftovers
|-damage|p2a: Stekelvogel|16/100 tox|[from] psn
|-heal|p1a: Porygon2|75/100|[from] item: Leftovers
|upkeep
|turn|39
|
|t:|1727983157
|switch|p1a: Raikou|Raikou|88/100
|move|p2a: Stekelvogel|Thunderbolt|p1a: Raikou
|-resisted|p1a: Raikou
|-damage|p1a: Raikou|62/100
|
|-heal|p1a: Raikou|69/100|[from] item: Leftovers
|-heal|p2a: Stekelvogel|23/100 tox|[from] item: Leftovers
|-damage|p2a: Stekelvogel|0 fnt|[from] psn
|faint|p2a: Stekelvogel
|upkeep
|
|t:|1727983165
|switch|p2a: Piloot|Flygon, M|71/100
|turn|40
|
|t:|1727983182
|switch|p1a: Porygon2|Porygon2|75/100
|-ability|p1a: Porygon2|Levitate|[from] ability: Trace|[of] p2a: Piloot
|move|p2a: Piloot|Flamethrower|p1a: Porygon2
|-damage|p1a: Porygon2|51/100
|
|-heal|p2a: Piloot|77/100|[from] item: Leftovers
|-heal|p1a: Porygon2|57/100|[from] item: Leftovers
|upkeep
|turn|41
|
|t:|1727983196
|move|p2a: Piloot|Dragon Breath|p1a: Porygon2
|-damage|p1a: Porygon2|36/100
|move|p1a: Porygon2|Recover|p1a: Porygon2
|-heal|p1a: Porygon2|86/100
|
|-heal|p2a: Piloot|83/100|[from] item: Leftovers
|-heal|p1a: Porygon2|92/100|[from] item: Leftovers
|upkeep
|turn|42
|
|t:|1727983202
|move|p2a: Piloot|Dragon Breath|p1a: Porygon2
|-damage|p1a: Porygon2|72/100
|-status|p1a: Porygon2|par
|cant|p1a: Porygon2|par
|
|-heal|p2a: Piloot|89/100|[from] item: Leftovers
|-heal|p1a: Porygon2|78/100 par|[from] item: Leftovers
|upkeep
|turn|43
|
|t:|1727983209
|switch|p2a: Narschildwal|Lapras, M|39/100 par
|cant|p1a: Porygon2|par
|
|-heal|p2a: Narschildwal|45/100 par|[from] item: Leftovers
|-heal|p1a: Porygon2|84/100 par|[from] item: Leftovers
|upkeep
|turn|44
|
|t:|1727983216
|switch|p2a: Piloot|Flygon, M|89/100
|move|p1a: Porygon2|Thunderbolt|p2a: Piloot
|-immune|p2a: Piloot
|
|-heal|p2a: Piloot|95/100|[from] item: Leftovers
|-heal|p1a: Porygon2|91/100 par|[from] item: Leftovers
|upkeep
|turn|45
|
|t:|1727983228
|move|p2a: Piloot|Flamethrower|p1a: Porygon2
|-damage|p1a: Porygon2|70/100 par
|move|p1a: Porygon2|Toxic|p2a: Piloot
|-status|p2a: Piloot|tox
|
|-heal|p2a: Piloot|100/100 tox|[from] item: Leftovers
|-damage|p2a: Piloot|95/100 tox|[from] psn
|-heal|p1a: Porygon2|76/100 par|[from] item: Leftovers
|upkeep
|turn|46
|
|t:|1727983233
|move|p2a: Piloot|Flamethrower|p1a: Porygon2
|-damage|p1a: Porygon2|54/100 par
|cant|p1a: Porygon2|par
|
|-heal|p2a: Piloot|100/100 tox|[from] item: Leftovers
|-damage|p2a: Piloot|89/100 tox|[from] psn
|-heal|p1a: Porygon2|60/100 par|[from] item: Leftovers
|upkeep
|turn|47
|
|t:|1727983237
|switch|p2a: Narschildwal|Lapras, M|45/100 par
|move|p1a: Porygon2|Recover|p1a: Porygon2
|-heal|p1a: Porygon2|100/100 par
|
|-heal|p2a: Narschildwal|51/100 par|[from] item: Leftovers
|upkeep
|turn|48
|
|t:|1727983244
|move|p2a: Narschildwal|Perish Song|p2a: Narschildwal
|-start|p1a: Porygon2|perish3|[silent]
|-start|p2a: Narschildwal|perish3|[silent]
|-fieldactivate|move: Perish Song
|move|p1a: Porygon2|Thunderbolt|p2a: Narschildwal
|-supereffective|p2a: Narschildwal
|-damage|p2a: Narschildwal|13/100 par
|
|-heal|p2a: Narschildwal|19/100 par|[from] item: Leftovers
|-start|p2a: Narschildwal|perish3
|-start|p1a: Porygon2|perish3
|upkeep
|turn|49
|
|t:|1727983253
|switch|p1a: Jirachi|Jirachi|37/100
|move|p2a: Narschildwal|Heal Bell|p2a: Narschildwal
|-activate|p2a: Narschildwal|move: Heal Bell
|-curestatus|p2a: Narschildwal|par|[silent]
|-curestatus|p2: Piloot|tox|[silent]
|
|-heal|p1a: Jirachi|43/100|[from] item: Leftovers
|-heal|p2a: Narschildwal|26/100|[from] item: Leftovers
|-start|p2a: Narschildwal|perish2
|upkeep
|turn|50
|
|t:|1727983266
|move|p1a: Jirachi|Psychic|p2a: Narschildwal
|-damage|p2a: Narschildwal|2/100
|move|p2a: Narschildwal|Thunderbolt|p1a: Jirachi
|-damage|p1a: Jirachi|21/100
|
|-heal|p1a: Jirachi|27/100|[from] item: Leftovers
|-heal|p2a: Narschildwal|8/100|[from] item: Leftovers
|-start|p2a: Narschildwal|perish1
|upkeep
|turn|51
|
|t:|1727983274
|switch|p2a: Piloot|Flygon, M|89/100
|move|p1a: Jirachi|Psychic|p2a: Piloot
|-damage|p2a: Piloot|49/100
|
|-heal|p2a: Piloot|55/100|[from] item: Leftovers
|-heal|p1a: Jirachi|33/100|[from] item: Leftovers
|upkeep
|turn|52
|
|t:|1727983284
|switch|p1a: Porygon2|Porygon2|100/100 par
|-ability|p1a: Porygon2|Levitate|[from] ability: Trace|[of] p2a: Piloot
|move|p2a: Piloot|Flamethrower|p1a: Porygon2
|-damage|p1a: Porygon2|79/100 par
|
|-heal|p2a: Piloot|61/100|[from] item: Leftovers
|-heal|p1a: Porygon2|85/100 par|[from] item: Leftovers
|upkeep
|turn|53
|
|t:|1727983297
|move|p2a: Piloot|Flamethrower|p1a: Porygon2
|-damage|p1a: Porygon2|64/100 par
|move|p1a: Porygon2|Ice Beam|p2a: Piloot
|-supereffective|p2a: Piloot
|-crit|p2a: Piloot
|-damage|p2a: Piloot|0 fnt
|faint|p2a: Piloot
|
|t:|1727983302
|switch|p2a: Narschildwal|Lapras, M|8/100
|
|-heal|p2a: Narschildwal|15/100|[from] item: Leftovers
|-heal|p1a: Porygon2|70/100 par|[from] item: Leftovers
|upkeep
|turn|54
|
|t:|1727983306
|move|p2a: Narschildwal|Ice Beam|p1a: Porygon2
|-damage|p1a: Porygon2|31/100 par
|move|p1a: Porygon2|Thunderbolt|p2a: Narschildwal
|-supereffective|p2a: Narschildwal
|-damage|p2a: Narschildwal|0 fnt
|faint|p2a: Narschildwal
|
|win|Xurkiyee
|c|☆Xurkiyee|gg
|c|☆Hummusfan|ggs
|c|☆Hummusfan|gl in next one
|c|☆Xurkiyee|gl in rest

</script>
<script type="application/json" class="data" id="replaydata-smogtours-gen3ou-794319">
{"id":"smogtours-gen3ou-794319","format":"[Gen 3] OU","players":["Xurkiyee","Hummusfan"],"uploadtime":1727983306,"views":136,"formatid":"gen3ou","rating":null,"private":0,"password":null}
</script>

<script defer src="js/replays.js?9d40a366"></script>
