<!DOCTYPE html>
<meta charset="utf-8" />
<meta name="viewport" content="width=device-width" />

<title>[Gen 3] OU: BlerpDerpSkerp vs. LilBigBamSam - Replays - Pok&eacute;mon Showdown!</title>

<meta name="description" content="Watch a replay of a Pok&eacute;mon battle between BlerpDerpSkerp and LilBigBamSam! Format: [Gen 3] OU; Date: Oct 3, 2024" />
<!--

Hey, you! Looking in the source for the replay log?

You can find them in JSON format, just add `.json` at the end of a replay URL.

https://replay.pokemonshowdown.com/gen7randomdoublesbattle-865046831.json

Or, if you only need the log itself, add `.log` instead:

https://replay.pokemonshowdown.com/gen7randomdoublesbattle-865046831.log

-->

<link rel="stylesheet" href="//pokemonshowdown.com/style/global.css?0.023195364461161105" />
<link rel="stylesheet" href="//play.pokemonshowdown.com/style/font-awesome.css?0.13261647063804238" />
<link rel="stylesheet" href="//play.pokemonshowdown.com/style/battle.css?0.8753245789963631" />
<link rel="stylesheet" href="//play.pokemonshowdown.com/style/utilichart.css?0.8627959624976733" />

<!-- Global site tag (gtag.js) - Google Analytics -->
<script async src="https://www.googletagmanager.com/gtag/js?id=UA-26211653-1"></script>
<script>
  window.dataLayer = window.dataLayer || [];
  function gtag(){dataLayer.push(arguments);}
  gtag('js', new Date());

  gtag('config', 'UA-26211653-1');
</script>
<!-- End Google Analytics -->
<!-- Venatus Ad Manager - Install in <HEAD> of page -->
	<script src="https://hb.vntsm.com/v3/live/ad-manager.min.js" type="text/javascript" data-site-id="642aba63ec9a7b11c3c9c1be" data-mode="scan" async></script>
<!-- / Venatus Ad Manager -->

<style>
	@media (max-width:820px) {
		.battle {
			margin: 0 auto;
		}
		.battle-log {
			margin: 7px auto 0;
			max-width: 640px;
			height: 300px;
			position: static;
		}
	}
	.optgroup {
		display: inline-block;
		line-height: 22px;
		font-size: 10pt;
	}
	.optgroup .button {
		height: 25px;
		padding-top: 0;
		padding-bottom: 0;
	}
	.optgroup button.button {
		padding-left: 12px;
		padding-right: 12px;
	}
	.linklist {
		list-style: none;
		margin: 0.5em 0;
		padding: 0;
	}
	.linklist li {
		padding: 2px 0;
	}
	.sidebar {
		float: left;
		width: 320px;
	}
	.bar-wrapper {
		max-width: 1100px;
		margin: 0 auto;
	}
	.bar-wrapper.has-sidebar {
		max-width: 1430px;
	}
	.mainbar {
		margin: 0;
		padding-right: 1px;
	}
	.mainbar.has-sidebar {
		margin-left: 330px;
	}
	@media (min-width: 1511px) {
		.sidebar {
			width: 400px;
		}
		.bar-wrapper.has-sidebar {
			max-width: 1510px;
		}
		.mainbar.has-sidebar {
			margin-left: 410px;
		}
	}
	.section.first-section {
		margin-top: 9px;
	}
	.blocklink small {
		white-space: normal;
	}
	.button {
		vertical-align: middle;
	}
	.replay-controls {
		padding-top: 10px;
	}
	.replay-controls h1 {
		font-size: 16pt;
		font-weight: normal;
		color: #CCC;
	}
	.pagelink {
		text-align: center;
	}
	.pagelink a {
		width: 150px;
	}
	.textbox, .button {
		font-size: 11pt;
		vertical-align: middle;
	}
	@media (max-width: 450px) {
		.button {
			font-size: 9pt;
		}
	}
</style>

<div>

	<header>
		<div class="nav-wrapper"><ul class="nav">
			<li><a class="button nav-first" href="//pokemonshowdown.com/"><img src="//pokemonshowdown.com/images/pokemonshowdownbeta.png" srcset="//pokemonshowdown.com/images/pokemonshowdownbeta.png 1x, //pokemonshowdown.com/images/pokemonshowdownbeta@2x.png 2x" alt="Pok&eacute;mon Showdown" width="146" height="44" /> Home</a></li>
			<li><a class="button" href="//pokemonshowdown.com/dex/">Pok&eacute;dex</a></li>
			<li><a class="button cur" href="/">Replays</a></li>
			<li><a class="button" href="//pokemonshowdown.com/ladder/">Ladder</a></li>
			<li><a class="button nav-last" href="//pokemonshowdown.com/forums/">Forum</a></li>
			<li><a class="button greenbutton nav-first nav-last" href="//play.pokemonshowdown.com/">Play</a></li>
		</ul></div>
	</header>

	<div class="main" id="main">

		<noscript><section class="section">You need to enable JavaScript to use this page; sorry!</section></noscript>

	</div>

</div>

<script defer nomodule src="//play.pokemonshowdown.com/js/lib/ps-polyfill.js"></script>
<script defer src="//play.pokemonshowdown.com/js/lib/preact.min.js"></script>

<script defer src="//play.pokemonshowdown.com/config/config.js?2bddbc15"></script>
<script defer src="//play.pokemonshowdown.com/js/lib/jquery-1.11.0.min.js"></script>
<script defer src="//play.pokemonshowdown.com/js/lib/html-sanitizer-minified.js"></script>
<script defer src="//play.pokemonshowdown.com/js/battle-sound.js"></script>
<script defer src="//play.pokemonshowdown.com/js/battledata.js?0.7209276989879541"></script>
<script defer src="//play.pokemonshowdown.com/data/pokedex-mini.js?0.6111056340867951"></script>
<script defer src="//play.pokemonshowdown.com/data/pokedex-mini-bw.js?0.3532142036491459"></script>
<script defer src="//play.pokemonshowdown.com/data/graphics.js?0.24223875632456182"></script>
<script defer src="//play.pokemonshowdown.com/data/pokedex.js?0.38839984266356864"></script>
<script defer src="//play.pokemonshowdown.com/data/moves.js?0.21866028504024015"></script>
<script defer src="//play.pokemonshowdown.com/data/abilities.js?0.2005157953846628"></script>
<script defer src="//play.pokemonshowdown.com/data/items.js?0.9894211263848525"></script>
<script defer src="//play.pokemonshowdown.com/data/teambuilder-tables.js?0.6008791140282215"></script>
<script defer src="//play.pokemonshowdown.com/js/battle-tooltips.js?0.7580118955022959"></script>
<script defer src="//play.pokemonshowdown.com/js/battle.js?0.6057722274234274"></script>

<script defer src="js/utils.js?e31f9a17"></script>
<script defer src="js/replays-battle.js?7008c182"></script>

<!-- don't scrape this data! just add .json or .log after the URL!
Full API docs: https://github.com/smogon/pokemon-showdown-client/blob/master/WEB-API.md -->
<script type="text/plain" class="log" id="replaylog-smogtours-gen3ou-794196">
|inactive|Battle timer is ON: inactive players will automatically lose when time's up.
|t:|1727957658
|gametype|singles
|player|p1|BlerpDerpSkerp|2|
|player|p2|LilBigBamSam|266|
|teamsize|p1|6
|teamsize|p2|6
|gen|3
|tier|[Gen 3] OU
|rule|Sleep Clause Mod: Limit one foe put to sleep
|rule|Switch Priority Clause Mod: Faster Pokémon switch first
|rule|Species Clause: Limit one of each Pokémon
|rule|OHKO Clause: OHKO moves are banned
|rule|Evasion Items Clause: Evasion items are banned
|rule|Evasion Moves Clause: Evasion moves are banned
|rule|Endless Battle Clause: Forcing endless battles is banned
|rule|HP Percentage Mod: HP is shown in percentages
|rule|One Boost Passer Clause: Limit one Baton Passer that has a way to boost its stats
|rule|Freeze Clause Mod: Limit one foe frozen
|
|t:|1727957658
|start
|switch|p1a: Medicham|Medicham, F|100/100
|switch|p2a: Starmie|Starmie|100/100
|turn|1
|c|☆LilBigBamSam|hf
|c|☆BlerpDerpSkerp|u2
|inactive|LilBigBamSam has 270 seconds left.
|
|t:|1727957702
|switch|p1a: Celebi|Celebi|100/100
|move|p2a: Starmie|Ice Beam|p1a: Celebi
|-supereffective|p1a: Celebi
|-damage|p1a: Celebi|53/100
|
|-heal|p1a: Celebi|60/100|[from] item: Leftovers
|upkeep
|turn|2
|
|t:|1727957731
|switch|p2a: Skarmory|Skarmory, F|100/100
|move|p1a: Celebi|Hidden Power|p2a: Skarmory
|-resisted|p2a: Skarmory
|-damage|p2a: Skarmory|93/100
|
|-heal|p1a: Celebi|66/100|[from] item: Leftovers
|-heal|p2a: Skarmory|99/100|[from] item: Leftovers
|upkeep
|turn|3
|
|t:|1727957740
|switch|p2a: Charizard|Charizard, F|100/100
|move|p1a: Celebi|Leech Seed|p2a: Charizard|[miss]
|-miss|p1a: Celebi|p2a: Charizard
|
|-heal|p1a: Celebi|72/100|[from] item: Leftovers
|upkeep
|turn|4
|
|t:|1727957752
|move|p2a: Charizard|Substitute|p2a: Charizard
|-start|p2a: Charizard|Substitute
|-damage|p2a: Charizard|76/100
|move|p1a: Celebi|Psychic|p2a: Charizard
|-end|p2a: Charizard|Substitute
|
|-heal|p2a: Charizard|82/100|[from] item: Leftovers
|-heal|p1a: Celebi|78/100|[from] item: Leftovers
|upkeep
|turn|5
|
|t:|1727957759
|switch|p1a: Starmie|Starmie|100/100
|move|p2a: Charizard|Fire Blast|p1a: Starmie|[miss]
|-miss|p2a: Charizard|p1a: Starmie
|
|-heal|p2a: Charizard|88/100|[from] item: Leftovers
|upkeep
|turn|6
|
|t:|1727957769
|switch|p2a: Blissey|Blissey, F|100/100
|move|p1a: Starmie|Thunder Wave|p2a: Blissey
|-status|p2a: Blissey|par
|
|upkeep
|turn|7
|
|t:|1727957784
|switch|p1a: Celebi|Celebi|78/100
|move|p2a: Blissey|Toxic|p1a: Celebi
|-status|p1a: Celebi|tox
|
|-heal|p1a: Celebi|84/100 tox|[from] item: Leftovers
|-damage|p1a: Celebi|78/100 tox|[from] psn
|upkeep
|turn|8
|
|t:|1727957793
|-curestatus|p2a: Blissey|par|[from] ability: Natural Cure
|switch|p2a: Skarmory|Skarmory, F|99/100
|move|p1a: Celebi|Leech Seed|p2a: Skarmory
|-start|p2a: Skarmory|move: Leech Seed
|
|-heal|p1a: Celebi|84/100 tox|[from] item: Leftovers
|-damage|p1a: Celebi|72/100 tox|[from] psn
|-heal|p2a: Skarmory|100/100|[from] item: Leftovers
|-damage|p2a: Skarmory|88/100|[from] Leech Seed|[of] p1a: Celebi
|-heal|p1a: Celebi|83/100 tox|[silent]
|upkeep
|turn|9
|inactive|BlerpDerpSkerp has 270 seconds left.
|
|t:|1727957828
|-curestatus|p1a: Celebi|tox|[from] ability: Natural Cure
|switch|p1a: Starmie|Starmie|100/100
|move|p2a: Skarmory|Spikes|p1a: Starmie
|-sidestart|p1: BlerpDerpSkerp|Spikes
|
|-heal|p2a: Skarmory|94/100|[from] item: Leftovers
|-damage|p2a: Skarmory|82/100|[from] Leech Seed|[of] p1a: Starmie
|upkeep
|turn|10
|inactive|LilBigBamSam has 270 seconds left.
|
|t:|1727957875
|switch|p2a: Blissey|Blissey, F|100/100
|move|p1a: Starmie|Rapid Spin|p2a: Blissey
|-damage|p2a: Blissey|98/100
|-sideend|p1: BlerpDerpSkerp|Spikes|[from] move: Rapid Spin|[of] p1a: Starmie
|
|-heal|p2a: Blissey|100/100|[from] item: Leftovers
|upkeep
|turn|11
|
|t:|1727957886
|switch|p1a: Porygon2|Porygon2|100/100
|-ability|p1a: Porygon2|Natural Cure|[from] ability: Trace|[of] p2a: Blissey
|move|p2a: Blissey|Seismic Toss|p1a: Porygon2
|-damage|p1a: Porygon2|74/100
|
|-heal|p1a: Porygon2|80/100|[from] item: Leftovers
|upkeep
|turn|12
|
|t:|1727957912
|move|p2a: Blissey|Toxic|p1a: Porygon2
|-status|p1a: Porygon2|tox
|move|p1a: Porygon2|Thunder Wave|p2a: Blissey
|-status|p2a: Blissey|par
|
|-heal|p1a: Porygon2|86/100 tox|[from] item: Leftovers
|-damage|p1a: Porygon2|80/100 tox|[from] psn
|upkeep
|turn|13
|
|t:|1727957919
|move|p1a: Porygon2|Recover|p1a: Porygon2
|-heal|p1a: Porygon2|100/100 tox
|move|p2a: Blissey|Seismic Toss|p1a: Porygon2
|-damage|p1a: Porygon2|74/100 tox
|
|-heal|p1a: Porygon2|80/100 tox|[from] item: Leftovers
|-damage|p1a: Porygon2|67/100 tox|[from] psn
|upkeep
|turn|14
|
|t:|1727957927
|-curestatus|p1a: Porygon2|tox|[from] ability: Natural Cure
|switch|p1a: Celebi|Celebi|83/100
|move|p2a: Blissey|Seismic Toss|p1a: Celebi
|-damage|p1a: Celebi|57/100
|
|-heal|p1a: Celebi|63/100|[from] item: Leftovers
|upkeep
|turn|15
|
|t:|1727957941
|-curestatus|p2a: Blissey|par|[from] ability: Natural Cure
|switch|p2a: Charizard|Charizard, F|88/100
|move|p1a: Celebi|Leech Seed|p2a: Charizard
|-start|p2a: Charizard|move: Leech Seed
|
|-heal|p2a: Charizard|94/100|[from] item: Leftovers
|-damage|p2a: Charizard|81/100|[from] Leech Seed|[of] p1a: Celebi
|-heal|p1a: Celebi|72/100|[silent]
|-heal|p1a: Celebi|79/100|[from] item: Leftovers
|upkeep
|turn|16
|
|t:|1727957966
|switch|p1a: Starmie|Starmie|100/100
|move|p2a: Charizard|Fire Blast|p1a: Starmie
|-resisted|p1a: Starmie
|-damage|p1a: Starmie|63/100
|
|-heal|p1a: Starmie|70/100|[from] item: Leftovers
|-heal|p2a: Charizard|87/100|[from] item: Leftovers
|-damage|p2a: Charizard|75/100|[from] Leech Seed|[of] p1a: Starmie
|-heal|p1a: Starmie|81/100|[silent]
|upkeep
|turn|17
|inactive|LilBigBamSam has 240 seconds left.
|
|t:|1727958007
|switch|p2a: Blissey|Blissey, F|100/100
|move|p1a: Starmie|Surf|p2a: Blissey
|-damage|p2a: Blissey|89/100
|
|-heal|p1a: Starmie|87/100|[from] item: Leftovers
|-heal|p2a: Blissey|95/100|[from] item: Leftovers
|upkeep
|turn|18
|
|t:|1727958019
|switch|p1a: Porygon2|Porygon2|67/100
|-ability|p1a: Porygon2|Natural Cure|[from] ability: Trace|[of] p2a: Blissey
|move|p2a: Blissey|Toxic|p1a: Porygon2
|-status|p1a: Porygon2|tox
|
|-heal|p2a: Blissey|100/100|[from] item: Leftovers
|-heal|p1a: Porygon2|74/100 tox|[from] item: Leftovers
|-damage|p1a: Porygon2|67/100 tox|[from] psn
|upkeep
|turn|19
|
|t:|1727958030
|move|p2a: Blissey|Seismic Toss|p1a: Porygon2
|-damage|p1a: Porygon2|40/100 tox
|move|p1a: Porygon2|Recover|p1a: Porygon2
|-heal|p1a: Porygon2|90/100 tox
|
|-heal|p1a: Porygon2|96/100 tox|[from] item: Leftovers
|-damage|p1a: Porygon2|84/100 tox|[from] psn
|upkeep
|turn|20
|
|t:|1727958038
|-curestatus|p1a: Porygon2|tox|[from] ability: Natural Cure
|switch|p1a: Medicham|Medicham, F|100/100
|move|p2a: Blissey|Seismic Toss|p1a: Medicham
|-damage|p1a: Medicham|62/100
|
|upkeep
|turn|21
|
|t:|1727958067
|switch|p2a: Skarmory|Skarmory, F|82/100
|move|p1a: Medicham|Brick Break|p2a: Skarmory
|-damage|p2a: Skarmory|25/100
|
|-heal|p2a: Skarmory|31/100|[from] item: Leftovers
|upkeep
|turn|22
|
|t:|1727958081
|move|p2a: Skarmory|Protect|p2a: Skarmory
|-singleturn|p2a: Skarmory|Protect
|move|p1a: Medicham|Brick Break|p2a: Skarmory
|-activate|p2a: Skarmory|Protect
|
|-heal|p2a: Skarmory|37/100|[from] item: Leftovers
|upkeep
|turn|23
|inactive|LilBigBamSam has 210 seconds left.
|
|t:|1727958116
|switch|p2a: Starmie|Starmie|100/100
|move|p1a: Medicham|Brick Break|p2a: Starmie
|-resisted|p2a: Starmie
|-damage|p2a: Starmie|44/100
|
|-heal|p2a: Starmie|50/100|[from] item: Leftovers
|upkeep
|turn|24
|
|t:|1727958135
|switch|p1a: Porygon2|Porygon2|84/100
|-ability|p1a: Porygon2|Natural Cure|[from] ability: Trace|[of] p2a: Starmie
|move|p2a: Starmie|Hydro Pump|p1a: Porygon2|[miss]
|-miss|p2a: Starmie|p1a: Porygon2
|
|-heal|p2a: Starmie|56/100|[from] item: Leftovers
|-heal|p1a: Porygon2|90/100|[from] item: Leftovers
|upkeep
|turn|25
|inactive|LilBigBamSam has 180 seconds left.
|
|t:|1727958156
|switch|p2a: Blissey|Blissey, F|100/100
|move|p1a: Porygon2|Thunder Wave|p2a: Blissey
|-status|p2a: Blissey|par
|
|-heal|p1a: Porygon2|96/100|[from] item: Leftovers
|upkeep
|turn|26
|inactive|LilBigBamSam has 180 seconds left.
|
|t:|1727958164
|switch|p1a: Medicham|Medicham, F|62/100
|move|p2a: Blissey|Seismic Toss|p1a: Medicham
|-damage|p1a: Medicham|24/100
|
|upkeep
|turn|27
|inactive|LilBigBamSam has 180 seconds left.
|
|t:|1727958191
|-curestatus|p2a: Blissey|par|[from] ability: Natural Cure
|switch|p2a: Skarmory|Skarmory, F|37/100
|move|p1a: Medicham|Brick Break|p2a: Skarmory
|-crit|p2a: Skarmory
|-damage|p2a: Skarmory|0 fnt
|faint|p2a: Skarmory
|inactive|LilBigBamSam has 150 seconds left.
|
|t:|1727958215
|switch|p2a: Charizard|Charizard, F|75/100
|
|-heal|p2a: Charizard|81/100|[from] item: Leftovers
|upkeep
|turn|28
|
|t:|1727958220
|switch|p1a: Starmie|Starmie|87/100
|move|p2a: Charizard|Substitute|p2a: Charizard
|-start|p2a: Charizard|Substitute
|-damage|p2a: Charizard|56/100
|
|-heal|p1a: Starmie|93/100|[from] item: Leftovers
|-heal|p2a: Charizard|62/100|[from] item: Leftovers
|upkeep
|turn|29
|
|t:|1727958227
|move|p1a: Starmie|Surf|p2a: Charizard
|-supereffective|p2a: Charizard
|-end|p2a: Charizard|Substitute
|move|p2a: Charizard|Hidden Power|p1a: Starmie
|-supereffective|p1a: Starmie
|-damage|p1a: Starmie|36/100
|
|-heal|p1a: Starmie|42/100|[from] item: Leftovers
|-heal|p2a: Charizard|68/100|[from] item: Leftovers
|upkeep
|turn|30
|inactive|LilBigBamSam has 150 seconds left.
|
|t:|1727958258
|move|p1a: Starmie|Surf|p2a: Charizard
|-supereffective|p2a: Charizard
|-damage|p2a: Charizard|0 fnt
|faint|p2a: Charizard
|inactive|LilBigBamSam has 120 seconds left.
|
|t:|1727958305
|switch|p2a: Jolteon|Jolteon, M|100/100
|
|-heal|p1a: Starmie|48/100|[from] item: Leftovers
|upkeep
|turn|31
|
|t:|1727958319
|switch|p1a: Porygon2|Porygon2|96/100
|-ability|p1a: Porygon2|Volt Absorb|[from] ability: Trace|[of] p2a: Jolteon
|move|p2a: Jolteon|Thunderbolt|p1a: Porygon2
|-heal|p1a: Porygon2|100/100|[from] ability: Volt Absorb|[of] p2a: Jolteon
|
|upkeep
|turn|32
|
|t:|1727958328
|move|p2a: Jolteon|Baton Pass|p2a: Jolteon
|
|t:|1727958330
|switch|p2a: Blissey|Blissey, F|100/100|[from] Baton Pass
|move|p1a: Porygon2|Hidden Power|p2a: Blissey
|-supereffective|p2a: Blissey
|-damage|p2a: Blissey|76/100
|
|-heal|p2a: Blissey|82/100|[from] item: Leftovers
|upkeep
|turn|33
|inactive|LilBigBamSam has 120 seconds left.
|
|t:|1727958344
|switch|p1a: Jirachi|Jirachi|100/100
|move|p2a: Blissey|Seismic Toss|p1a: Jirachi
|-damage|p1a: Jirachi|76/100
|
|-heal|p1a: Jirachi|82/100|[from] item: Leftovers
|-heal|p2a: Blissey|88/100|[from] item: Leftovers
|upkeep
|turn|34
|inactive|LilBigBamSam has 120 seconds left.
|inactive|LilBigBamSam has 90 seconds left.
|inactive|LilBigBamSam has 60 seconds left.
|
|t:|1727958428
|switch|p2a: Starmie|Starmie|56/100
|move|p1a: Jirachi|Toxic|p2a: Starmie
|-status|p2a: Starmie|tox
|
|-heal|p2a: Starmie|62/100 tox|[from] item: Leftovers
|-damage|p2a: Starmie|56/100 tox|[from] psn
|-heal|p1a: Jirachi|88/100|[from] item: Leftovers
|upkeep
|turn|35
|
|t:|1727958449
|move|p2a: Starmie|Thunderbolt|p1a: Jirachi
|-damage|p1a: Jirachi|65/100
|move|p1a: Jirachi|Wish|p1a: Jirachi
|
|-heal|p2a: Starmie|62/100 tox|[from] item: Leftovers
|-damage|p2a: Starmie|50/100 tox|[from] psn
|-heal|p1a: Jirachi|71/100|[from] item: Leftovers
|upkeep
|turn|36
|inactive|LilBigBamSam has 30 seconds left.
|
|t:|1727958470
|-curestatus|p2a: Starmie|tox|[from] ability: Natural Cure
|switch|p2a: Poliwrath|Poliwrath, M|100/100
|move|p1a: Jirachi|Protect||[still]
|-fail|p1a: Jirachi
|
|-heal|p1a: Jirachi|100/100|[from] move: Wish|[wisher] Jirachi
|upkeep
|turn|37
|inactive|LilBigBamSam has 30 seconds left.
|
|t:|1727958478
|move|p1a: Jirachi|Toxic|p2a: Poliwrath
|-status|p2a: Poliwrath|tox
|move|p2a: Poliwrath|Hypnosis|p1a: Jirachi|[miss]
|-miss|p2a: Poliwrath|p1a: Jirachi
|
|-damage|p2a: Poliwrath|94/100 tox|[from] psn
|upkeep
|turn|38
|inactive|LilBigBamSam has 30 seconds left.
|
|t:|1727958490
|switch|p2a: Blissey|Blissey, F|88/100
|move|p1a: Jirachi|Protect||[still]
|-fail|p1a: Jirachi
|
|-heal|p2a: Blissey|94/100|[from] item: Leftovers
|upkeep
|turn|39
|inactive|LilBigBamSam has 30 seconds left.
|
|t:|1727958505
|move|p1a: Jirachi|Toxic|p2a: Blissey
|-status|p2a: Blissey|tox
|move|p2a: Blissey|Aromatherapy|p2a: Blissey
|-cureteam|p2a: Blissey|[from] move: Aromatherapy
|
|-heal|p2a: Blissey|100/100|[from] item: Leftovers
|upkeep
|turn|40
|
|t:|1727958512
|move|p1a: Jirachi|Toxic|p2a: Blissey
|-status|p2a: Blissey|tox
|move|p2a: Blissey|Seismic Toss|p1a: Jirachi
|-damage|p1a: Jirachi|76/100
|
|-heal|p1a: Jirachi|82/100|[from] item: Leftovers
|-damage|p2a: Blissey|94/100 tox|[from] psn
|upkeep
|turn|41
|inactive|LilBigBamSam has 30 seconds left.
|inactive|LilBigBamSam has 20 seconds left.
|
|t:|1727958537
|switch|p1a: Starmie|Starmie|48/100
|-curestatus|p2a: Blissey|tox|[from] ability: Natural Cure
|switch|p2a: Jolteon|Jolteon, M|100/100
|
|-heal|p1a: Starmie|55/100|[from] item: Leftovers
|upkeep
|turn|42
|inactive|LilBigBamSam has 30 seconds left this turn.
|
|t:|1727958545
|switch|p1a: Celebi|Celebi|79/100
|move|p2a: Jolteon|Baton Pass|p2a: Jolteon
|inactive|LilBigBamSam has 30 seconds left this turn.
|inactive|LilBigBamSam has 20 seconds left.
|
|t:|1727958557
|switch|p2a: Blissey|Blissey, F|94/100|[from] Baton Pass
|
|-heal|p1a: Celebi|85/100|[from] item: Leftovers
|-heal|p2a: Blissey|100/100|[from] item: Leftovers
|upkeep
|turn|43
|inactive|LilBigBamSam has 30 seconds left this turn.
|
|t:|1727958563
|move|p1a: Celebi|Leech Seed|p2a: Blissey
|-start|p2a: Blissey|move: Leech Seed
|move|p2a: Blissey|Toxic|p1a: Celebi
|-status|p1a: Celebi|tox
|
|-heal|p1a: Celebi|91/100 tox|[from] item: Leftovers
|-damage|p1a: Celebi|85/100 tox|[from] psn
|-damage|p2a: Blissey|88/100|[from] Leech Seed|[of] p1a: Celebi
|-heal|p1a: Celebi|100/100 tox|[silent]
|upkeep
|turn|44
|inactive|LilBigBamSam has 30 seconds left.
|
|t:|1727958575
|switch|p2a: Jolteon|Jolteon, M|100/100
|move|p1a: Celebi|Psychic|p2a: Jolteon
|-damage|p2a: Jolteon|45/100
|
|-heal|p2a: Jolteon|51/100|[from] item: Leftovers
|-damage|p1a: Celebi|88/100 tox|[from] psn
|upkeep
|turn|45
|inactive|LilBigBamSam has 30 seconds left.
|
|t:|1727958588
|switch|p2a: Blissey|Blissey, F|88/100
|move|p1a: Celebi|Psychic|p2a: Blissey
|-damage|p2a: Blissey|73/100
|
|-heal|p1a: Celebi|94/100 tox|[from] item: Leftovers
|-damage|p1a: Celebi|76/100 tox|[from] psn
|-heal|p2a: Blissey|79/100|[from] item: Leftovers
|upkeep
|turn|46
|inactive|LilBigBamSam has 30 seconds left.
|
|t:|1727958598
|-curestatus|p1a: Celebi|tox|[from] ability: Natural Cure
|switch|p1a: Starmie|Starmie|55/100
|move|p2a: Blissey|Seismic Toss|p1a: Starmie
|-damage|p1a: Starmie|24/100
|
|-heal|p1a: Starmie|30/100|[from] item: Leftovers
|-heal|p2a: Blissey|85/100|[from] item: Leftovers
|upkeep
|turn|47
|inactive|LilBigBamSam has 30 seconds left.
|inactive|LilBigBamSam has 20 seconds left.
|inactive|LilBigBamSam has 15 seconds left.
|
|t:|1727958624
|switch|p2a: Poliwrath|Poliwrath, M|94/100
|move|p1a: Starmie|Recover|p1a: Starmie
|-heal|p1a: Starmie|80/100
|
|-heal|p1a: Starmie|86/100|[from] item: Leftovers
|-heal|p2a: Poliwrath|100/100|[from] item: Leftovers
|upkeep
|turn|48
|inactive|LilBigBamSam has 25 seconds left this turn.
|inactive|LilBigBamSam has 20 seconds left.
|inactive|LilBigBamSam has 15 seconds left.
|
|t:|1727958637
|move|p1a: Starmie|Thunder Wave|p2a: Poliwrath
|-status|p2a: Poliwrath|par
|cant|p2a: Poliwrath|par
|
|-heal|p1a: Starmie|92/100|[from] item: Leftovers
|upkeep
|turn|49
|inactive|LilBigBamSam has 25 seconds left this turn.
|inactive|LilBigBamSam has 20 seconds left.
|
|t:|1727958651
|switch|p1a: Medicham|Medicham, F|24/100
|move|p2a: Poliwrath|Substitute|p2a: Poliwrath
|-start|p2a: Poliwrath|Substitute
|-damage|p2a: Poliwrath|75/100 par
|
|-heal|p2a: Poliwrath|82/100 par|[from] item: Leftovers
|upkeep
|turn|50
|inactive|LilBigBamSam has 30 seconds left this turn.
|
|t:|1727958661
|-singleturn|p2a: Poliwrath|move: Focus Punch
|switch|p1a: Celebi|Celebi|76/100
|move|p2a: Poliwrath|Focus Punch|p1a: Celebi
|-resisted|p1a: Celebi
|-damage|p1a: Celebi|52/100
|
|-heal|p1a: Celebi|58/100|[from] item: Leftovers
|-heal|p2a: Poliwrath|88/100 par|[from] item: Leftovers
|upkeep
|turn|51
|inactive|LilBigBamSam has 30 seconds left.
|
|t:|1727958673
|move|p1a: Celebi|Psychic|p2a: Poliwrath
|-supereffective|p2a: Poliwrath
|-end|p2a: Poliwrath|Substitute
|move|p2a: Poliwrath|Hidden Power|p1a: Celebi
|-supereffective|p1a: Celebi
|-damage|p1a: Celebi|24/100
|
|-heal|p1a: Celebi|31/100|[from] item: Leftovers
|-heal|p2a: Poliwrath|94/100 par|[from] item: Leftovers
|upkeep
|turn|52
|inactive|LilBigBamSam has 30 seconds left.
|inactive|LilBigBamSam has 20 seconds left.
|
|t:|1727958688
|switch|p2a: Blissey|Blissey, F|85/100
|move|p1a: Celebi|Recover|p1a: Celebi
|-heal|p1a: Celebi|80/100
|
|-heal|p1a: Celebi|87/100|[from] item: Leftovers
|-heal|p2a: Blissey|91/100|[from] item: Leftovers
|upkeep
|turn|53
|inactive|LilBigBamSam has 30 seconds left this turn.
|
|t:|1727958697
|move|p1a: Celebi|Leech Seed|p2a: Blissey
|-start|p2a: Blissey|move: Leech Seed
|move|p2a: Blissey|Toxic|p1a: Celebi
|-status|p1a: Celebi|tox
|
|-heal|p1a: Celebi|93/100 tox|[from] item: Leftovers
|-damage|p1a: Celebi|87/100 tox|[from] psn
|-heal|p2a: Blissey|98/100|[from] item: Leftovers
|-damage|p2a: Blissey|85/100|[from] Leech Seed|[of] p1a: Celebi
|-heal|p1a: Celebi|100/100 tox|[silent]
|upkeep
|turn|54
|inactive|LilBigBamSam has 30 seconds left.
|inactive|LilBigBamSam has 20 seconds left.
|inactive|LilBigBamSam has 15 seconds left.
|
|t:|1727958719
|-curestatus|p1a: Celebi|tox|[from] ability: Natural Cure
|switch|p1a: Jirachi|Jirachi|82/100
|move|p2a: Blissey|Soft-Boiled|p2a: Blissey
|-heal|p2a: Blissey|100/100
|
|-heal|p1a: Jirachi|88/100|[from] item: Leftovers
|-damage|p2a: Blissey|88/100|[from] Leech Seed|[of] p1a: Jirachi
|-heal|p1a: Jirachi|100/100|[silent]
|upkeep
|turn|55
|inactive|LilBigBamSam has 25 seconds left this turn.
|inactive|LilBigBamSam has 20 seconds left.
|inactive|LilBigBamSam has 15 seconds left.
|
|t:|1727958729
|switch|p2a: Jolteon|Jolteon, M|51/100
|move|p1a: Jirachi|Wish|p1a: Jirachi
|
|-heal|p2a: Jolteon|57/100|[from] item: Leftovers
|upkeep
|turn|56
|inactive|LilBigBamSam has 25 seconds left this turn.
|inactive|LilBigBamSam has 20 seconds left.
|
|t:|1727958734
|move|p2a: Jolteon|Wish|p2a: Jolteon
|move|p1a: Jirachi|Fire Punch|p2a: Jolteon
|-damage|p2a: Jolteon|35/100
|
|-heal|p2a: Jolteon|41/100|[from] item: Leftovers
|upkeep
|turn|57
|inactive|LilBigBamSam has 30 seconds left this turn.
|
|t:|1727958751
|switch|p2a: Starmie|Starmie|50/100
|move|p1a: Jirachi|Fire Punch|p2a: Starmie
|-resisted|p2a: Starmie
|-crit|p2a: Starmie
|-damage|p2a: Starmie|22/100
|
|-heal|p2a: Starmie|72/100|[from] move: Wish|[wisher] Jolteon
|-heal|p2a: Starmie|78/100|[from] item: Leftovers
|upkeep
|turn|58
|inactive|LilBigBamSam has 30 seconds left.
|
|t:|1727958761
|move|p2a: Starmie|Hydro Pump|p1a: Jirachi|[miss]
|-miss|p2a: Starmie|p1a: Jirachi
|move|p1a: Jirachi|Toxic|p2a: Starmie
|-status|p2a: Starmie|tox
|
|-heal|p2a: Starmie|84/100 tox|[from] item: Leftovers
|-damage|p2a: Starmie|78/100 tox|[from] psn
|upkeep
|turn|59
|
|t:|1727958771
|-curestatus|p2a: Starmie|tox|[from] ability: Natural Cure
|switch|p2a: Blissey|Blissey, F|88/100
|move|p1a: Jirachi|Wish|p1a: Jirachi
|
|-heal|p2a: Blissey|94/100|[from] item: Leftovers
|upkeep
|turn|60
|
|t:|1727958801
|switch|p1a: Medicham|Medicham, F|24/100
|move|p2a: Blissey|Seismic Toss|p1a: Medicham
|-damage|p1a: Medicham|0 fnt
|faint|p1a: Medicham
|
|t:|1727958804
|switch|p1a: Raikou|Raikou|100/100
|
|-heal|p2a: Blissey|99/100|[from] item: Leftovers
|upkeep
|turn|61
|inactive|BlerpDerpSkerp has 270 seconds left.
|
|t:|1727958826
|switch|p1a: Celebi|Celebi|100/100
|move|p2a: Blissey|Seismic Toss|p1a: Celebi
|-damage|p1a: Celebi|75/100
|
|-heal|p1a: Celebi|81/100|[from] item: Leftovers
|-heal|p2a: Blissey|100/100|[from] item: Leftovers
|upkeep
|turn|62
|
|t:|1727958838
|move|p1a: Celebi|Leech Seed|p2a: Blissey
|-start|p2a: Blissey|move: Leech Seed
|move|p2a: Blissey|Aromatherapy|p2a: Blissey
|-cureteam|p2a: Blissey|[from] move: Aromatherapy
|
|-heal|p1a: Celebi|87/100|[from] item: Leftovers
|-damage|p2a: Blissey|88/100|[from] Leech Seed|[of] p1a: Celebi
|-heal|p1a: Celebi|100/100|[silent]
|upkeep
|turn|63
|
|t:|1727958857
|move|p1a: Celebi|Psychic|p2a: Blissey
|-damage|p2a: Blissey|72/100
|move|p2a: Blissey|Toxic|p1a: Celebi
|-status|p1a: Celebi|tox
|
|-damage|p1a: Celebi|94/100 tox|[from] psn
|-heal|p2a: Blissey|78/100|[from] item: Leftovers
|-damage|p2a: Blissey|66/100|[from] Leech Seed|[of] p1a: Celebi
|-heal|p1a: Celebi|100/100 tox|[silent]
|upkeep
|turn|64
|
|t:|1727958866
|move|p1a: Celebi|Psychic|p2a: Blissey
|-damage|p2a: Blissey|49/100
|move|p2a: Blissey|Soft-Boiled|p2a: Blissey
|-heal|p2a: Blissey|99/100
|
|-damage|p1a: Celebi|88/100 tox|[from] psn
|-heal|p2a: Blissey|100/100|[from] item: Leftovers
|-damage|p2a: Blissey|88/100|[from] Leech Seed|[of] p1a: Celebi
|-heal|p1a: Celebi|100/100 tox|[silent]
|upkeep
|turn|65
|
|t:|1727958876
|move|p1a: Celebi|Hidden Power|p2a: Blissey
|-damage|p2a: Blissey|75/100
|move|p2a: Blissey|Seismic Toss|p1a: Celebi
|-damage|p1a: Celebi|75/100 tox
|
|-heal|p1a: Celebi|81/100 tox|[from] item: Leftovers
|-damage|p1a: Celebi|62/100 tox|[from] psn
|-heal|p2a: Blissey|81/100|[from] item: Leftovers
|-damage|p2a: Blissey|68/100|[from] Leech Seed|[of] p1a: Celebi
|-heal|p1a: Celebi|85/100 tox|[silent]
|upkeep
|turn|66
|
|t:|1727958887
|move|p1a: Celebi|Hidden Power|p2a: Blissey
|-damage|p2a: Blissey|55/100
|move|p2a: Blissey|Soft-Boiled|p2a: Blissey
|-heal|p2a: Blissey|100/100
|
|-heal|p1a: Celebi|92/100 tox|[from] item: Leftovers
|-damage|p1a: Celebi|67/100 tox|[from] psn
|-damage|p2a: Blissey|88/100|[from] Leech Seed|[of] p1a: Celebi
|-heal|p1a: Celebi|90/100 tox|[silent]
|upkeep
|turn|67
|
|t:|1727958900
|-curestatus|p1a: Celebi|tox|[from] ability: Natural Cure
|switch|p1a: Porygon2|Porygon2|100/100
|-ability|p1a: Porygon2|Natural Cure|[from] ability: Trace|[of] p2a: Blissey
|move|p2a: Blissey|Seismic Toss|p1a: Porygon2
|-damage|p1a: Porygon2|74/100
|
|-heal|p2a: Blissey|94/100|[from] item: Leftovers
|-damage|p2a: Blissey|82/100|[from] Leech Seed|[of] p1a: Porygon2
|-heal|p1a: Porygon2|98/100|[silent]
|-heal|p1a: Porygon2|100/100|[from] item: Leftovers
|upkeep
|turn|68
|inactive|LilBigBamSam has 30 seconds left.
|
|t:|1727958930
|switch|p2a: Poliwrath|Poliwrath, M|94/100
|move|p1a: Porygon2|Thunder Wave|p2a: Poliwrath
|-status|p2a: Poliwrath|par
|
|-heal|p2a: Poliwrath|100/100 par|[from] item: Leftovers
|upkeep
|turn|69
|inactive|LilBigBamSam has 30 seconds left.
|
|t:|1727958939
|switch|p1a: Celebi|Celebi|90/100
|move|p2a: Poliwrath|Substitute|p2a: Poliwrath
|-start|p2a: Poliwrath|Substitute
|-damage|p2a: Poliwrath|75/100 par
|
|-heal|p1a: Celebi|96/100|[from] item: Leftovers
|-heal|p2a: Poliwrath|82/100 par|[from] item: Leftovers
|upkeep
|turn|70
|
|t:|1727958948
|move|p1a: Celebi|Hidden Power|p2a: Poliwrath
|-supereffective|p2a: Poliwrath
|-crit|p2a: Poliwrath
|-end|p2a: Poliwrath|Substitute
|cant|p2a: Poliwrath|par
|
|-heal|p1a: Celebi|100/100|[from] item: Leftovers
|-heal|p2a: Poliwrath|88/100 par|[from] item: Leftovers
|upkeep
|turn|71
|
|t:|1727958957
|switch|p2a: Blissey|Blissey, F|82/100
|move|p1a: Celebi|Leech Seed|p2a: Blissey
|-start|p2a: Blissey|move: Leech Seed
|
|-heal|p2a: Blissey|88/100|[from] item: Leftovers
|-damage|p2a: Blissey|75/100|[from] Leech Seed|[of] p1a: Celebi
|upkeep
|turn|72
|
|t:|1727958964
|switch|p1a: Jirachi|Jirachi|100/100
|move|p2a: Blissey|Toxic|p1a: Jirachi
|-immune|p1a: Jirachi
|
|-heal|p2a: Blissey|82/100|[from] item: Leftovers
|-damage|p2a: Blissey|69/100|[from] Leech Seed|[of] p1a: Jirachi
|upkeep
|turn|73
|
|t:|1727958975
|move|p1a: Jirachi|Toxic|p2a: Blissey
|-status|p2a: Blissey|tox
|move|p2a: Blissey|Soft-Boiled|p2a: Blissey
|-heal|p2a: Blissey|100/100 tox
|
|-damage|p2a: Blissey|88/100 tox|[from] Leech Seed|[of] p1a: Jirachi
|-damage|p2a: Blissey|82/100 tox|[from] psn
|upkeep
|turn|74
|
|t:|1727958993
|switch|p1a: Porygon2|Porygon2|100/100
|-ability|p1a: Porygon2|Natural Cure|[from] ability: Trace|[of] p2a: Blissey
|-curestatus|p2a: Blissey|tox|[from] ability: Natural Cure
|switch|p2a: Poliwrath|Poliwrath, M|88/100 par
|
|-heal|p2a: Poliwrath|94/100 par|[from] item: Leftovers
|upkeep
|turn|75
|
|t:|1727959009
|-singleturn|p2a: Poliwrath|move: Focus Punch
|switch|p1a: Celebi|Celebi|100/100
|move|p2a: Poliwrath|Focus Punch|p1a: Celebi
|-resisted|p1a: Celebi
|-damage|p1a: Celebi|73/100
|
|-heal|p1a: Celebi|79/100|[from] item: Leftovers
|-heal|p2a: Poliwrath|100/100 par|[from] item: Leftovers
|upkeep
|turn|76
|
|t:|1727959021
|switch|p2a: Starmie|Starmie|78/100
|move|p1a: Celebi|Hidden Power|p2a: Starmie
|-supereffective|p2a: Starmie
|-damage|p2a: Starmie|0 fnt
|faint|p2a: Starmie
|inactive|LilBigBamSam has 30 seconds left.
|
|t:|1727959038
|switch|p2a: Blissey|Blissey, F|82/100
|
|-heal|p1a: Celebi|86/100|[from] item: Leftovers
|-heal|p2a: Blissey|88/100|[from] item: Leftovers
|upkeep
|turn|77
|inactive|LilBigBamSam has 30 seconds left.
|
|t:|1727959049
|switch|p2a: Jolteon|Jolteon, M|41/100
|move|p1a: Celebi|Leech Seed|p2a: Jolteon
|-start|p2a: Jolteon|move: Leech Seed
|
|-heal|p2a: Jolteon|47/100|[from] item: Leftovers
|-damage|p2a: Jolteon|35/100|[from] Leech Seed|[of] p1a: Celebi
|-heal|p1a: Celebi|95/100|[silent]
|-heal|p1a: Celebi|100/100|[from] item: Leftovers
|upkeep
|turn|78
|
|t:|1727959060
|switch|p2a: Blissey|Blissey, F|88/100
|move|p1a: Celebi|Psychic|p2a: Blissey
|-damage|p2a: Blissey|71/100
|
|-heal|p2a: Blissey|77/100|[from] item: Leftovers
|upkeep
|turn|79
|
|t:|1727959067
|move|p1a: Celebi|Leech Seed|p2a: Blissey
|-start|p2a: Blissey|move: Leech Seed
|move|p2a: Blissey|Seismic Toss|p1a: Celebi
|-damage|p1a: Celebi|75/100
|
|-heal|p1a: Celebi|81/100|[from] item: Leftovers
|-heal|p2a: Blissey|83/100|[from] item: Leftovers
|-damage|p2a: Blissey|71/100|[from] Leech Seed|[of] p1a: Celebi
|-heal|p1a: Celebi|100/100|[silent]
|upkeep
|turn|80
|
|t:|1727959080
|switch|p1a: Porygon2|Porygon2|100/100
|-ability|p1a: Porygon2|Natural Cure|[from] ability: Trace|[of] p2a: Blissey
|switch|p2a: Jolteon|Jolteon, M|35/100
|
|-heal|p2a: Jolteon|41/100|[from] item: Leftovers
|upkeep
|turn|81
|
|t:|1727959092
|move|p2a: Jolteon|Wish|p2a: Jolteon
|move|p1a: Porygon2|Thunder Wave|p2a: Jolteon
|-status|p2a: Jolteon|par
|
|-heal|p2a: Jolteon|47/100 par|[from] item: Leftovers
|upkeep
|turn|82
|
|t:|1727959100
|move|p1a: Porygon2|Ice Beam|p2a: Jolteon
|-damage|p2a: Jolteon|19/100 par
|cant|p2a: Jolteon|par
|
|-heal|p2a: Jolteon|69/100 par|[from] move: Wish|[wisher] Jolteon
|-heal|p2a: Jolteon|76/100 par|[from] item: Leftovers
|upkeep
|turn|83
|
|t:|1727959108
|move|p1a: Porygon2|Hidden Power|p2a: Jolteon
|-damage|p2a: Jolteon|50/100 par
|move|p2a: Jolteon|Wish|p2a: Jolteon
|
|-heal|p2a: Jolteon|57/100 par|[from] item: Leftovers
|upkeep
|turn|84
|inactive|LilBigBamSam has 60 seconds left.
|
|t:|1727959116
|switch|p2a: Blissey|Blissey, F|71/100
|move|p1a: Porygon2|Ice Beam|p2a: Blissey
|-damage|p2a: Blissey|62/100
|
|-heal|p2a: Blissey|100/100|[from] move: Wish|[wisher] Jolteon
|upkeep
|turn|85
|
|t:|1727959125
|switch|p2a: Poliwrath|Poliwrath, M|100/100 par
|move|p1a: Porygon2|Thunder Wave|p2a: Poliwrath
|-fail|p2a: Poliwrath|par
|
|upkeep
|turn|86
|inactive|LilBigBamSam has 60 seconds left.
|
|t:|1727959144
|switch|p1a: Celebi|Celebi|100/100
|move|p2a: Poliwrath|Hypnosis|p1a: Celebi
|-status|p1a: Celebi|slp|[from] move: Hypnosis
|
|upkeep
|turn|87
|
|t:|1727959157
|-curestatus|p1a: Celebi|slp|[from] ability: Natural Cure
|switch|p1a: Porygon2|Porygon2|100/100
|-ability|p1a: Porygon2|Water Absorb|[from] ability: Trace|[of] p2a: Poliwrath
|move|p2a: Poliwrath|Substitute|p2a: Poliwrath
|-start|p2a: Poliwrath|Substitute
|-damage|p2a: Poliwrath|75/100 par
|
|-heal|p2a: Poliwrath|82/100 par|[from] item: Leftovers
|upkeep
|turn|88
|
|t:|1727959166
|switch|p1a: Celebi|Celebi|100/100
|move|p2a: Poliwrath|Hypnosis|p1a: Celebi
|-status|p1a: Celebi|slp|[from] move: Hypnosis
|
|-heal|p2a: Poliwrath|88/100 par|[from] item: Leftovers
|upkeep
|turn|89
|
|t:|1727959176
|-singleturn|p2a: Poliwrath|move: Focus Punch
|cant|p1a: Celebi|slp
|move|p2a: Poliwrath|Focus Punch|p1a: Celebi
|-resisted|p1a: Celebi
|-damage|p1a: Celebi|74/100 slp
|
|-heal|p1a: Celebi|80/100 slp|[from] item: Leftovers
|-heal|p2a: Poliwrath|94/100 par|[from] item: Leftovers
|upkeep
|turn|90
|
|t:|1727959185
|cant|p1a: Celebi|slp
|cant|p2a: Poliwrath|par
|
|-heal|p1a: Celebi|86/100 slp|[from] item: Leftovers
|-heal|p2a: Poliwrath|100/100 par|[from] item: Leftovers
|upkeep
|turn|91
|
|t:|1727959191
|cant|p1a: Celebi|slp
|move|p2a: Poliwrath|Hidden Power|p1a: Celebi
|-supereffective|p1a: Celebi
|-damage|p1a: Celebi|52/100 slp
|
|-heal|p1a: Celebi|58/100 slp|[from] item: Leftovers
|upkeep
|turn|92
|inactive|LilBigBamSam has 90 seconds left.
|
|t:|1727959198
|-curestatus|p1a: Celebi|slp|[msg]
|move|p1a: Celebi|Recover|p1a: Celebi
|-heal|p1a: Celebi|100/100
|move|p2a: Poliwrath|Hidden Power|p1a: Celebi
|-supereffective|p1a: Celebi
|-damage|p1a: Celebi|66/100
|
|-heal|p1a: Celebi|72/100|[from] item: Leftovers
|upkeep
|turn|93
|
|t:|1727959208
|move|p1a: Celebi|Hidden Power|p2a: Poliwrath
|-supereffective|p2a: Poliwrath
|-end|p2a: Poliwrath|Substitute
|move|p2a: Poliwrath|Hypnosis|p1a: Celebi
|-status|p1a: Celebi|slp|[from] move: Hypnosis
|
|-heal|p1a: Celebi|79/100 slp|[from] item: Leftovers
|upkeep
|turn|94
|
|t:|1727959221
|cant|p1a: Celebi|slp
|cant|p2a: Poliwrath|par
|
|-heal|p1a: Celebi|85/100 slp|[from] item: Leftovers
|upkeep
|turn|95
|
|t:|1727959227
|cant|p1a: Celebi|slp
|cant|p2a: Poliwrath|par
|
|-heal|p1a: Celebi|91/100 slp|[from] item: Leftovers
|upkeep
|turn|96
|
|t:|1727959232
|cant|p1a: Celebi|slp
|move|p2a: Poliwrath|Substitute|p2a: Poliwrath
|-start|p2a: Poliwrath|Substitute
|-damage|p2a: Poliwrath|75/100 par
|
|-heal|p1a: Celebi|97/100 slp|[from] item: Leftovers
|-heal|p2a: Poliwrath|82/100 par|[from] item: Leftovers
|upkeep
|turn|97
|
|t:|1727959239
|-curestatus|p1a: Celebi|slp|[msg]
|move|p1a: Celebi|Hidden Power|p2a: Poliwrath
|-supereffective|p2a: Poliwrath
|-crit|p2a: Poliwrath
|-end|p2a: Poliwrath|Substitute
|move|p2a: Poliwrath|Hidden Power|p1a: Celebi
|-supereffective|p1a: Celebi
|-damage|p1a: Celebi|66/100
|
|-heal|p1a: Celebi|72/100|[from] item: Leftovers
|-heal|p2a: Poliwrath|88/100 par|[from] item: Leftovers
|upkeep
|turn|98
|inactive|LilBigBamSam has 120 seconds left.
|
|t:|1727959251
|switch|p2a: Blissey|Blissey, F|100/100
|move|p1a: Celebi|Hidden Power|p2a: Blissey
|-damage|p2a: Blissey|89/100
|
|-heal|p1a: Celebi|78/100|[from] item: Leftovers
|-heal|p2a: Blissey|95/100|[from] item: Leftovers
|upkeep
|turn|99
|inactive|LilBigBamSam has 120 seconds left.
|
|t:|1727959260
|move|p1a: Celebi|Leech Seed|p2a: Blissey
|-start|p2a: Blissey|move: Leech Seed
|move|p2a: Blissey|Aromatherapy|p2a: Blissey
|-cureteam|p2a: Blissey|[from] move: Aromatherapy
|
|-heal|p1a: Celebi|84/100|[from] item: Leftovers
|-heal|p2a: Blissey|100/100|[from] item: Leftovers
|-damage|p2a: Blissey|88/100|[from] Leech Seed|[of] p1a: Celebi
|-heal|p1a: Celebi|100/100|[silent]
|upkeep
|turn|100
|inactive|LilBigBamSam has 120 seconds left.
|
|t:|1727959271
|switch|p1a: Raikou|Raikou|100/100
|move|p2a: Blissey|Toxic|p1a: Raikou
|-status|p1a: Raikou|tox
|
|-damage|p1a: Raikou|94/100 tox|[from] psn
|-heal|p2a: Blissey|94/100|[from] item: Leftovers
|-damage|p2a: Blissey|82/100|[from] Leech Seed|[of] p1a: Raikou
|-heal|p1a: Raikou|100/100 tox|[silent]
|upkeep
|turn|101
|inactive|LilBigBamSam has 120 seconds left.
|
|t:|1727959281
|switch|p2a: Jolteon|Jolteon, M|57/100
|move|p1a: Raikou|Calm Mind|p1a: Raikou
|-boost|p1a: Raikou|spa|1
|-boost|p1a: Raikou|spd|1
|
|-heal|p2a: Jolteon|63/100|[from] item: Leftovers
|-damage|p1a: Raikou|88/100 tox|[from] psn
|upkeep
|turn|102
|
|t:|1727959289
|switch|p2a: Blissey|Blissey, F|82/100
|move|p1a: Raikou|Hidden Power|p2a: Blissey
|-damage|p2a: Blissey|70/100
|
|-heal|p1a: Raikou|94/100 tox|[from] item: Leftovers
|-damage|p1a: Raikou|76/100 tox|[from] psn
|-heal|p2a: Blissey|76/100|[from] item: Leftovers
|upkeep
|turn|103
|
|t:|1727959299
|move|p1a: Raikou|Calm Mind|p1a: Raikou
|-boost|p1a: Raikou|spa|1
|-boost|p1a: Raikou|spd|1
|move|p2a: Blissey|Seismic Toss|p1a: Raikou
|-damage|p1a: Raikou|45/100 tox
|
|-heal|p1a: Raikou|51/100 tox|[from] item: Leftovers
|-damage|p1a: Raikou|26/100 tox|[from] psn
|-heal|p2a: Blissey|82/100|[from] item: Leftovers
|upkeep
|turn|104
|
|t:|1727959314
|move|p1a: Raikou|Hidden Power|p2a: Blissey
|-damage|p2a: Blissey|66/100
|move|p2a: Blissey|Seismic Toss|p1a: Raikou
|-damage|p1a: Raikou|0 fnt
|faint|p1a: Raikou
|
|t:|1727959318
|switch|p1a: Celebi|Celebi|100/100
|
|-heal|p2a: Blissey|72/100|[from] item: Leftovers
|upkeep
|turn|105
|
|t:|1727959331
|switch|p2a: Jolteon|Jolteon, M|63/100
|move|p1a: Celebi|Leech Seed|p2a: Jolteon
|-start|p2a: Jolteon|move: Leech Seed
|
|-heal|p2a: Jolteon|69/100|[from] item: Leftovers
|-damage|p2a: Jolteon|57/100|[from] Leech Seed|[of] p1a: Celebi
|upkeep
|turn|106
|
|t:|1727959350
|switch|p2a: Blissey|Blissey, F|72/100
|switch|p1a: Porygon2|Porygon2|100/100
|-ability|p1a: Porygon2|Natural Cure|[from] ability: Trace|[of] p2a: Blissey
|
|-heal|p2a: Blissey|78/100|[from] item: Leftovers
|upkeep
|turn|107
|
|t:|1727959363
|switch|p2a: Poliwrath|Poliwrath, M|88/100
|move|p1a: Porygon2|Thunder Wave|p2a: Poliwrath
|-status|p2a: Poliwrath|par
|
|-heal|p2a: Poliwrath|94/100 par|[from] item: Leftovers
|upkeep
|turn|108
|
|t:|1727959370
|move|p1a: Porygon2|Hidden Power|p2a: Poliwrath
|-damage|p2a: Poliwrath|81/100 par
|move|p2a: Poliwrath|Substitute|p2a: Poliwrath
|-start|p2a: Poliwrath|Substitute
|-damage|p2a: Poliwrath|56/100 par
|
|-heal|p2a: Poliwrath|63/100 par|[from] item: Leftovers
|upkeep
|turn|109
|
|t:|1727959380
|switch|p1a: Celebi|Celebi|100/100
|cant|p2a: Poliwrath|par
|
|-heal|p2a: Poliwrath|69/100 par|[from] item: Leftovers
|upkeep
|turn|110
|
|t:|1727959386
|move|p1a: Celebi|Hidden Power|p2a: Poliwrath
|-supereffective|p2a: Poliwrath
|-end|p2a: Poliwrath|Substitute
|move|p2a: Poliwrath|Hypnosis|p1a: Celebi
|-status|p1a: Celebi|slp|[from] move: Hypnosis
|
|-heal|p2a: Poliwrath|75/100 par|[from] item: Leftovers
|upkeep
|turn|111
|inactive|LilBigBamSam has 150 seconds left.
|
|t:|1727959393
|cant|p1a: Celebi|slp
|move|p2a: Poliwrath|Substitute|p2a: Poliwrath
|-start|p2a: Poliwrath|Substitute
|-damage|p2a: Poliwrath|50/100 par
|
|-heal|p2a: Poliwrath|56/100 par|[from] item: Leftovers
|upkeep
|turn|112
|
|t:|1727959399
|cant|p1a: Celebi|slp
|move|p2a: Poliwrath|Hidden Power|p1a: Celebi
|-supereffective|p1a: Celebi
|-damage|p1a: Celebi|67/100 slp
|
|-heal|p1a: Celebi|73/100 slp|[from] item: Leftovers
|-heal|p2a: Poliwrath|63/100 par|[from] item: Leftovers
|upkeep
|turn|113
|
|t:|1727959407
|cant|p1a: Celebi|slp
|move|p2a: Poliwrath|Hidden Power|p1a: Celebi
|-supereffective|p1a: Celebi
|-damage|p1a: Celebi|38/100 slp
|
|-heal|p1a: Celebi|44/100 slp|[from] item: Leftovers
|-heal|p2a: Poliwrath|69/100 par|[from] item: Leftovers
|upkeep
|turn|114
|
|t:|1727959416
|cant|p1a: Celebi|slp
|move|p2a: Poliwrath|Hidden Power|p1a: Celebi
|-supereffective|p1a: Celebi
|-damage|p1a: Celebi|12/100 slp
|
|-heal|p1a: Celebi|18/100 slp|[from] item: Leftovers
|-heal|p2a: Poliwrath|75/100 par|[from] item: Leftovers
|upkeep
|turn|115
|
|t:|1727959425
|-curestatus|p1a: Celebi|slp|[from] ability: Natural Cure
|switch|p1a: Starmie|Starmie|92/100
|move|p2a: Poliwrath|Hidden Power|p1a: Starmie
|-supereffective|p1a: Starmie
|-crit|p1a: Starmie
|-damage|p1a: Starmie|5/100
|
|-heal|p1a: Starmie|11/100|[from] item: Leftovers
|-heal|p2a: Poliwrath|81/100 par|[from] item: Leftovers
|upkeep
|turn|116
|
|t:|1727959444
|move|p1a: Starmie|Recover|p1a: Starmie
|-heal|p1a: Starmie|61/100
|move|p2a: Poliwrath|Hidden Power|p1a: Starmie
|-supereffective|p1a: Starmie
|-damage|p1a: Starmie|18/100
|
|-heal|p1a: Starmie|25/100|[from] item: Leftovers
|-heal|p2a: Poliwrath|88/100 par|[from] item: Leftovers
|upkeep
|turn|117
|
|t:|1727959453
|switch|p1a: Jirachi|Jirachi|100/100
|cant|p2a: Poliwrath|par
|
|-heal|p2a: Poliwrath|94/100 par|[from] item: Leftovers
|upkeep
|turn|118
|
|t:|1727959458
|move|p1a: Jirachi|Protect|p1a: Jirachi
|-singleturn|p1a: Jirachi|Protect
|cant|p2a: Poliwrath|par
|
|-heal|p2a: Poliwrath|99/100 par|[from] item: Leftovers
|upkeep
|turn|119
|inactive|LilBigBamSam has 180 seconds left.
|
|t:|1727959464
|move|p1a: Jirachi|Wish|p1a: Jirachi
|move|p2a: Poliwrath|Hypnosis|p1a: Jirachi|[miss]
|-miss|p2a: Poliwrath|p1a: Jirachi
|
|-heal|p2a: Poliwrath|100/100 par|[from] item: Leftovers
|upkeep
|turn|120
|
|t:|1727959471
|move|p1a: Jirachi|Fire Punch|p2a: Poliwrath
|-resisted|p2a: Poliwrath
|-activate|p2a: Poliwrath|Substitute|[damage]
|move|p2a: Poliwrath|Hidden Power|p1a: Jirachi
|-damage|p1a: Jirachi|88/100
|
|-heal|p1a: Jirachi|100/100|[from] move: Wish|[wisher] Jirachi
|upkeep
|turn|121
|
|t:|1727959480
|move|p1a: Jirachi|Fire Punch|p2a: Poliwrath
|-resisted|p2a: Poliwrath
|-activate|p2a: Poliwrath|Substitute|[damage]
|move|p2a: Poliwrath|Hypnosis|p1a: Jirachi
|-status|p1a: Jirachi|slp|[from] move: Hypnosis
|
|upkeep
|turn|122
|
|t:|1727959490
|-singleturn|p2a: Poliwrath|move: Focus Punch
|cant|p1a: Jirachi|slp
|move|p2a: Poliwrath|Focus Punch|p1a: Jirachi
|-damage|p1a: Jirachi|67/100 slp
|
|-heal|p1a: Jirachi|73/100 slp|[from] item: Leftovers
|upkeep
|turn|123
|
|t:|1727959498
|-singleturn|p2a: Poliwrath|move: Focus Punch
|cant|p1a: Jirachi|slp
|move|p2a: Poliwrath|Focus Punch|p1a: Jirachi
|-damage|p1a: Jirachi|36/100 slp
|
|-heal|p1a: Jirachi|43/100 slp|[from] item: Leftovers
|upkeep
|turn|124
|
|t:|1727959506
|-singleturn|p2a: Poliwrath|move: Focus Punch
|cant|p1a: Jirachi|slp
|move|p2a: Poliwrath|Focus Punch|p1a: Jirachi
|-damage|p1a: Jirachi|6/100 slp
|
|-heal|p1a: Jirachi|12/100 slp|[from] item: Leftovers
|upkeep
|turn|125
|
|t:|1727959514
|-singleturn|p2a: Poliwrath|move: Focus Punch
|switch|p1a: Porygon2|Porygon2|100/100
|-ability|p1a: Porygon2|Water Absorb|[from] ability: Trace|[of] p2a: Poliwrath
|move|p2a: Poliwrath|Focus Punch|p1a: Porygon2
|-supereffective|p1a: Porygon2
|-damage|p1a: Porygon2|7/100
|
|-heal|p1a: Porygon2|13/100|[from] item: Leftovers
|upkeep
|turn|126
|inactive|LilBigBamSam has 210 seconds left.
|
|t:|1727959524
|-singleturn|p2a: Poliwrath|move: Focus Punch
|move|p1a: Porygon2|Hidden Power|p2a: Poliwrath
|-end|p2a: Poliwrath|Substitute
|move|p2a: Poliwrath|Focus Punch|p1a: Porygon2
|-supereffective|p1a: Porygon2
|-damage|p1a: Porygon2|0 fnt
|faint|p1a: Porygon2
|
|t:|1727959531
|switch|p1a: Celebi|Celebi|18/100
|
|-heal|p1a: Celebi|24/100|[from] item: Leftovers
|upkeep
|turn|127
|inactive|LilBigBamSam has 210 seconds left.
|
|t:|1727959558
|switch|p2a: Blissey|Blissey, F|78/100
|move|p1a: Celebi|Recover|p1a: Celebi
|-heal|p1a: Celebi|74/100
|
|-heal|p1a: Celebi|80/100|[from] item: Leftovers
|-heal|p2a: Blissey|85/100|[from] item: Leftovers
|upkeep
|turn|128
|
|t:|1727959567
|move|p1a: Celebi|Leech Seed|p2a: Blissey
|-start|p2a: Blissey|move: Leech Seed
|move|p2a: Blissey|Toxic|p1a: Celebi|[miss]
|-miss|p2a: Blissey|p1a: Celebi
|
|-heal|p1a: Celebi|86/100|[from] item: Leftovers
|-heal|p2a: Blissey|91/100|[from] item: Leftovers
|-damage|p2a: Blissey|78/100|[from] Leech Seed|[of] p1a: Celebi
|-heal|p1a: Celebi|100/100|[silent]
|upkeep
|turn|129
|
|t:|1727959585
|move|p1a: Celebi|Psychic|p2a: Blissey
|-damage|p2a: Blissey|62/100
|move|p2a: Blissey|Seismic Toss|p1a: Celebi
|-damage|p1a: Celebi|75/100
|
|-heal|p1a: Celebi|81/100|[from] item: Leftovers
|-heal|p2a: Blissey|68/100|[from] item: Leftovers
|-damage|p2a: Blissey|56/100|[from] Leech Seed|[of] p1a: Celebi
|-heal|p1a: Celebi|100/100|[silent]
|upkeep
|turn|130
|
|t:|1727959599
|move|p1a: Celebi|Psychic|p2a: Blissey
|-damage|p2a: Blissey|39/100
|move|p2a: Blissey|Toxic|p1a: Celebi|[miss]
|-miss|p2a: Blissey|p1a: Celebi
|
|-heal|p2a: Blissey|45/100|[from] item: Leftovers
|-damage|p2a: Blissey|33/100|[from] Leech Seed|[of] p1a: Celebi
|upkeep
|turn|131
|
|t:|1727959611
|move|p1a: Celebi|Psychic|p2a: Blissey
|-damage|p2a: Blissey|18/100
|move|p2a: Blissey|Soft-Boiled|p2a: Blissey
|-heal|p2a: Blissey|68/100
|
|-heal|p2a: Blissey|74/100|[from] item: Leftovers
|-damage|p2a: Blissey|61/100|[from] Leech Seed|[of] p1a: Celebi
|upkeep
|turn|132
|inactive|LilBigBamSam has 210 seconds left.
|
|t:|1727959620
|move|p1a: Celebi|Recover||[still]
|-fail|p1a: Celebi|heal
|move|p2a: Blissey|Soft-Boiled|p2a: Blissey
|-heal|p2a: Blissey|100/100
|
|-damage|p2a: Blissey|88/100|[from] Leech Seed|[of] p1a: Celebi
|upkeep
|turn|133
|
|t:|1727959628
|move|p1a: Celebi|Hidden Power|p2a: Blissey
|-damage|p2a: Blissey|75/100
|move|p2a: Blissey|Toxic|p1a: Celebi
|-status|p1a: Celebi|tox
|
|-damage|p1a: Celebi|94/100 tox|[from] psn
|-heal|p2a: Blissey|81/100|[from] item: Leftovers
|-damage|p2a: Blissey|68/100|[from] Leech Seed|[of] p1a: Celebi
|-heal|p1a: Celebi|100/100 tox|[silent]
|upkeep
|turn|134
|
|t:|1727959638
|move|p1a: Celebi|Hidden Power|p2a: Blissey
|-damage|p2a: Blissey|57/100
|move|p2a: Blissey|Seismic Toss|p1a: Celebi
|-damage|p1a: Celebi|75/100 tox
|
|-heal|p1a: Celebi|81/100 tox|[from] item: Leftovers
|-damage|p1a: Celebi|69/100 tox|[from] psn
|-heal|p2a: Blissey|63/100|[from] item: Leftovers
|-damage|p2a: Blissey|50/100|[from] Leech Seed|[of] p1a: Celebi
|-heal|p1a: Celebi|92/100 tox|[silent]
|upkeep
|turn|135
|
|t:|1727959648
|-curestatus|p1a: Celebi|tox|[from] ability: Natural Cure
|switch|p1a: Starmie|Starmie|25/100
|move|p2a: Blissey|Soft-Boiled|p2a: Blissey
|-heal|p2a: Blissey|99/100
|
|-heal|p1a: Starmie|31/100|[from] item: Leftovers
|-heal|p2a: Blissey|100/100|[from] item: Leftovers
|-damage|p2a: Blissey|88/100|[from] Leech Seed|[of] p1a: Starmie
|-heal|p1a: Starmie|58/100|[silent]
|upkeep
|turn|136
|
|t:|1727959658
|switch|p2a: Poliwrath|Poliwrath, M|100/100 par
|move|p1a: Starmie|Thunder Wave|p2a: Poliwrath
|-fail|p2a: Poliwrath|par
|
|-heal|p1a: Starmie|64/100|[from] item: Leftovers
|upkeep
|turn|137
|
|t:|1727959678
|switch|p1a: Celebi|Celebi|92/100
|cant|p2a: Poliwrath|par
|
|-heal|p1a: Celebi|98/100|[from] item: Leftovers
|upkeep
|turn|138
|inactive|LilBigBamSam has 210 seconds left.
|
|t:|1727959696
|switch|p2a: Jolteon|Jolteon, M|57/100
|move|p1a: Celebi|Hidden Power|p2a: Jolteon
|-damage|p2a: Jolteon|13/100
|
|-heal|p2a: Jolteon|19/100|[from] item: Leftovers
|-heal|p1a: Celebi|100/100|[from] item: Leftovers
|upkeep
|turn|139
|inactive|LilBigBamSam has 210 seconds left.
|
|t:|1727959708
|switch|p2a: Blissey|Blissey, F|88/100
|move|p1a: Celebi|Hidden Power|p2a: Blissey
|-damage|p2a: Blissey|75/100
|
|-heal|p2a: Blissey|81/100|[from] item: Leftovers
|upkeep
|turn|140
|inactive|LilBigBamSam has 210 seconds left.
|
|t:|1727959744
|switch|p2a: Jolteon|Jolteon, M|19/100
|move|p1a: Celebi|Leech Seed|p2a: Jolteon
|-start|p2a: Jolteon|move: Leech Seed
|
|-heal|p2a: Jolteon|26/100|[from] item: Leftovers
|-damage|p2a: Jolteon|13/100|[from] Leech Seed|[of] p1a: Celebi
|upkeep
|turn|141
|
|t:|1727959756
|switch|p2a: Blissey|Blissey, F|81/100
|move|p1a: Celebi|Hidden Power|p2a: Blissey
|-damage|p2a: Blissey|69/100
|
|-heal|p2a: Blissey|75/100|[from] item: Leftovers
|upkeep
|turn|142
|
|t:|1727959768
|move|p1a: Celebi|Hidden Power|p2a: Blissey
|-damage|p2a: Blissey|62/100
|move|p2a: Blissey|Toxic|p1a: Celebi|[miss]
|-miss|p2a: Blissey|p1a: Celebi
|
|-heal|p2a: Blissey|68/100|[from] item: Leftovers
|upkeep
|turn|143
|inactive|LilBigBamSam has 180 seconds left.
|
|t:|1727959789
|switch|p1a: Starmie|Starmie|64/100
|move|p2a: Blissey|Seismic Toss|p1a: Starmie
|-damage|p1a: Starmie|34/100
|
|-heal|p1a: Starmie|40/100|[from] item: Leftovers
|-heal|p2a: Blissey|74/100|[from] item: Leftovers
|upkeep
|turn|144
|
|t:|1727959797
|switch|p2a: Poliwrath|Poliwrath, M|100/100 par
|move|p1a: Starmie|Recover|p1a: Starmie
|-heal|p1a: Starmie|90/100
|
|-heal|p1a: Starmie|96/100|[from] item: Leftovers
|upkeep
|turn|145
|
|t:|1727959809
|switch|p1a: Celebi|Celebi|100/100
|move|p2a: Poliwrath|Hypnosis|p1a: Celebi
|-message|Sleep Clause Mod activated.
|-hint|Sleep Clause Mod prevents players from putting more than one of their opponent's Pokémon to sleep at a time
|
|upkeep
|turn|146
|
|t:|1727959821
|switch|p2a: Blissey|Blissey, F|74/100
|move|p1a: Celebi|Psychic|p2a: Blissey
|-damage|p2a: Blissey|57/100
|
|-heal|p2a: Blissey|63/100|[from] item: Leftovers
|upkeep
|turn|147
|
|t:|1727959828
|move|p1a: Celebi|Leech Seed|p2a: Blissey
|-start|p2a: Blissey|move: Leech Seed
|move|p2a: Blissey|Soft-Boiled|p2a: Blissey
|-heal|p2a: Blissey|100/100
|
|-damage|p2a: Blissey|88/100|[from] Leech Seed|[of] p1a: Celebi
|upkeep
|turn|148
|
|t:|1727959835
|move|p1a: Celebi|Psychic|p2a: Blissey
|-damage|p2a: Blissey|73/100
|move|p2a: Blissey|Toxic|p1a: Celebi
|-status|p1a: Celebi|tox
|
|-damage|p1a: Celebi|94/100 tox|[from] psn
|-heal|p2a: Blissey|79/100|[from] item: Leftovers
|-damage|p2a: Blissey|67/100|[from] Leech Seed|[of] p1a: Celebi
|-heal|p1a: Celebi|100/100 tox|[silent]
|upkeep
|turn|149
|
|t:|1727959845
|move|p1a: Celebi|Psychic|p2a: Blissey
|-damage|p2a: Blissey|51/100
|move|p2a: Blissey|Soft-Boiled|p2a: Blissey
|-heal|p2a: Blissey|100/100
|
|-damage|p1a: Celebi|88/100 tox|[from] psn
|-damage|p2a: Blissey|88/100|[from] Leech Seed|[of] p1a: Celebi
|-heal|p1a: Celebi|100/100 tox|[silent]
|upkeep
|turn|150
|
|t:|1727959865
|-curestatus|p1a: Celebi|tox|[from] ability: Natural Cure
|switch|p1a: Starmie|Starmie|96/100
|move|p2a: Blissey|Seismic Toss|p1a: Starmie
|-damage|p1a: Starmie|65/100
|
|-heal|p1a: Starmie|71/100|[from] item: Leftovers
|-heal|p2a: Blissey|94/100|[from] item: Leftovers
|-damage|p2a: Blissey|82/100|[from] Leech Seed|[of] p1a: Starmie
|-heal|p1a: Starmie|99/100|[silent]
|upkeep
|turn|151
|
|t:|1727959876
|switch|p2a: Poliwrath|Poliwrath, M|100/100 par
|move|p1a: Starmie|Rapid Spin|p2a: Poliwrath
|-damage|p2a: Poliwrath|98/100 par
|
|-heal|p1a: Starmie|100/100|[from] item: Leftovers
|-heal|p2a: Poliwrath|100/100 par|[from] item: Leftovers
|upkeep
|turn|152
|
|t:|1727959887
|switch|p1a: Celebi|Celebi|100/100
|move|p2a: Poliwrath|Hidden Power|p1a: Celebi
|-supereffective|p1a: Celebi
|-damage|p1a: Celebi|70/100
|
|-heal|p1a: Celebi|76/100|[from] item: Leftovers
|upkeep
|turn|153
|
|t:|1727959896
|switch|p2a: Blissey|Blissey, F|82/100
|move|p1a: Celebi|Hidden Power|p2a: Blissey
|-damage|p2a: Blissey|70/100
|
|-heal|p1a: Celebi|83/100|[from] item: Leftovers
|-heal|p2a: Blissey|76/100|[from] item: Leftovers
|upkeep
|turn|154
|inactive|LilBigBamSam has 210 seconds left.
|
|t:|1727959905
|move|p1a: Celebi|Recover|p1a: Celebi
|-heal|p1a: Celebi|100/100
|move|p2a: Blissey|Aromatherapy|p2a: Blissey
|-cureteam|p2a: Blissey|[from] move: Aromatherapy
|
|-heal|p2a: Blissey|82/100|[from] item: Leftovers
|upkeep
|turn|155
|inactive|LilBigBamSam has 210 seconds left.
|
|t:|1727959919
|move|p1a: Celebi|Leech Seed|p2a: Blissey
|-start|p2a: Blissey|move: Leech Seed
|move|p2a: Blissey|Seismic Toss|p1a: Celebi
|-damage|p1a: Celebi|75/100
|
|-heal|p1a: Celebi|81/100|[from] item: Leftovers
|-heal|p2a: Blissey|88/100|[from] item: Leftovers
|-damage|p2a: Blissey|76/100|[from] Leech Seed|[of] p1a: Celebi
|-heal|p1a: Celebi|100/100|[silent]
|upkeep
|turn|156
|
|t:|1727959932
|switch|p1a: Jirachi|Jirachi|12/100 slp
|move|p2a: Blissey|Toxic||[still]
|-fail|p2a: Blissey
|
|-heal|p1a: Jirachi|18/100 slp|[from] item: Leftovers
|-heal|p2a: Blissey|82/100|[from] item: Leftovers
|-damage|p2a: Blissey|69/100|[from] Leech Seed|[of] p1a: Jirachi
|-heal|p1a: Jirachi|40/100 slp|[silent]
|upkeep
|turn|157
|
|t:|1727959945
|switch|p1a: Starmie|Starmie|100/100
|switch|p2a: Poliwrath|Poliwrath, M|100/100
|
|upkeep
|turn|158
|
|t:|1727959956
|move|p1a: Starmie|Thunder Wave|p2a: Poliwrath
|-status|p2a: Poliwrath|par
|move|p2a: Poliwrath|Hidden Power|p1a: Starmie
|-supereffective|p1a: Starmie
|-damage|p1a: Starmie|56/100
|
|-heal|p1a: Starmie|62/100|[from] item: Leftovers
|upkeep
|turn|159
|
|t:|1727959967
|-singleturn|p2a: Poliwrath|move: Focus Punch
|switch|p1a: Celebi|Celebi|100/100
|cant|p2a: Poliwrath|par
|
|upkeep
|turn|160
|
|t:|1727959973
|switch|p2a: Blissey|Blissey, F|69/100
|move|p1a: Celebi|Psychic|p2a: Blissey
|-damage|p2a: Blissey|52/100
|
|-heal|p2a: Blissey|58/100|[from] item: Leftovers
|upkeep
|turn|161
|
|t:|1727959981
|switch|p1a: Jirachi|Jirachi|40/100 slp
|move|p2a: Blissey|Soft-Boiled|p2a: Blissey
|-heal|p2a: Blissey|100/100
|
|-heal|p1a: Jirachi|46/100 slp|[from] item: Leftovers
|upkeep
|turn|162
|
|t:|1727959988
|-curestatus|p1a: Jirachi|slp|[msg]
|move|p1a: Jirachi|Wish|p1a: Jirachi
|move|p2a: Blissey|Seismic Toss|p1a: Jirachi
|-damage|p1a: Jirachi|22/100
|
|-heal|p1a: Jirachi|28/100|[from] item: Leftovers
|upkeep
|turn|163
|inactive|LilBigBamSam has 240 seconds left.
|
|t:|1727959998
|switch|p2a: Poliwrath|Poliwrath, M|100/100 par
|move|p1a: Jirachi|Fire Punch|p2a: Poliwrath
|-resisted|p2a: Poliwrath
|-damage|p2a: Poliwrath|91/100 par
|
|-heal|p1a: Jirachi|78/100|[from] move: Wish|[wisher] Jirachi
|-heal|p1a: Jirachi|84/100|[from] item: Leftovers
|-heal|p2a: Poliwrath|98/100 par|[from] item: Leftovers
|upkeep
|turn|164
|inactive|LilBigBamSam has 240 seconds left.
|
|t:|1727960010
|switch|p1a: Celebi|Celebi|100/100
|move|p2a: Poliwrath|Hypnosis|p1a: Celebi
|-status|p1a: Celebi|slp|[from] move: Hypnosis
|
|-heal|p2a: Poliwrath|100/100 par|[from] item: Leftovers
|upkeep
|turn|165
|inactive|LilBigBamSam has 240 seconds left.
|
|t:|1727960023
|switch|p2a: Jolteon|Jolteon, M|13/100
|cant|p1a: Celebi|slp
|
|-heal|p2a: Jolteon|19/100|[from] item: Leftovers
|upkeep
|turn|166
|inactive|LilBigBamSam has 240 seconds left.
|
|t:|1727960033
|move|p2a: Jolteon|Wish|p2a: Jolteon
|cant|p1a: Celebi|slp
|
|-heal|p2a: Jolteon|26/100|[from] item: Leftovers
|upkeep
|turn|167
|
|t:|1727960043
|move|p2a: Jolteon|Hidden Power|p1a: Celebi
|-supereffective|p1a: Celebi
|-damage|p1a: Celebi|65/100 slp
|cant|p1a: Celebi|slp
|
|-heal|p2a: Jolteon|76/100|[from] move: Wish|[wisher] Jolteon
|-heal|p2a: Jolteon|82/100|[from] item: Leftovers
|-heal|p1a: Celebi|71/100 slp|[from] item: Leftovers
|upkeep
|turn|168
|inactive|LilBigBamSam has 240 seconds left.
|
|t:|1727960065
|move|p2a: Jolteon|Hidden Power|p1a: Celebi
|-supereffective|p1a: Celebi
|-damage|p1a: Celebi|36/100 slp
|cant|p1a: Celebi|slp
|
|-heal|p2a: Jolteon|88/100|[from] item: Leftovers
|-heal|p1a: Celebi|43/100 slp|[from] item: Leftovers
|upkeep
|turn|169
|inactive|LilBigBamSam has 240 seconds left.
|
|t:|1727960073
|move|p2a: Jolteon|Thunderbolt|p1a: Celebi
|-resisted|p1a: Celebi
|-crit|p1a: Celebi
|-damage|p1a: Celebi|6/100 slp
|-curestatus|p1a: Celebi|slp|[msg]
|move|p1a: Celebi|Recover|p1a: Celebi
|-heal|p1a: Celebi|56/100
|
|-heal|p2a: Jolteon|94/100|[from] item: Leftovers
|-heal|p1a: Celebi|62/100|[from] item: Leftovers
|upkeep
|turn|170
|
|t:|1727960082
|move|p2a: Jolteon|Hidden Power|p1a: Celebi
|-supereffective|p1a: Celebi
|-crit|p1a: Celebi
|-damage|p1a: Celebi|0 fnt
|faint|p1a: Celebi
|
|t:|1727960091
|switch|p1a: Jirachi|Jirachi|84/100
|
|-heal|p2a: Jolteon|100/100|[from] item: Leftovers
|-heal|p1a: Jirachi|90/100|[from] item: Leftovers
|upkeep
|turn|171
|
|t:|1727960109
|move|p2a: Jolteon|Thunderbolt|p1a: Jirachi
|-damage|p1a: Jirachi|54/100
|move|p1a: Jirachi|Toxic|p2a: Jolteon
|-status|p2a: Jolteon|tox
|
|-damage|p2a: Jolteon|94/100 tox|[from] psn
|-heal|p1a: Jirachi|60/100|[from] item: Leftovers
|upkeep
|turn|172
|
|t:|1727960117
|switch|p2a: Blissey|Blissey, F|100/100
|move|p1a: Jirachi|Wish|p1a: Jirachi
|
|-heal|p1a: Jirachi|66/100|[from] item: Leftovers
|upkeep
|turn|173
|
|t:|1727960123
|move|p1a: Jirachi|Fire Punch|p2a: Blissey
|-damage|p2a: Blissey|94/100
|-status|p2a: Blissey|brn
|move|p2a: Blissey|Aromatherapy|p2a: Blissey
|-cureteam|p2a: Blissey|[from] move: Aromatherapy
|
|-heal|p1a: Jirachi|100/100|[from] move: Wish|[wisher] Jirachi
|-heal|p2a: Blissey|99/100|[from] item: Leftovers
|upkeep
|turn|174
|
|t:|1727960138
|switch|p2a: Jolteon|Jolteon, M|94/100
|move|p1a: Jirachi|Fire Punch|p2a: Jolteon
|-damage|p2a: Jolteon|71/100
|
|-heal|p2a: Jolteon|77/100|[from] item: Leftovers
|upkeep
|turn|175
|
|t:|1727960145
|move|p2a: Jolteon|Thunderbolt|p1a: Jirachi
|-damage|p1a: Jirachi|68/100
|move|p1a: Jirachi|Fire Punch|p2a: Jolteon
|-damage|p2a: Jolteon|56/100
|
|-heal|p2a: Jolteon|62/100|[from] item: Leftovers
|-heal|p1a: Jirachi|75/100|[from] item: Leftovers
|upkeep
|turn|176
|
|t:|1727960153
|move|p2a: Jolteon|Wish|p2a: Jolteon
|move|p1a: Jirachi|Wish|p1a: Jirachi
|
|-heal|p2a: Jolteon|68/100|[from] item: Leftovers
|-heal|p1a: Jirachi|81/100|[from] item: Leftovers
|upkeep
|turn|177
|inactive|LilBigBamSam has 270 seconds left.
|
|t:|1727960159
|move|p2a: Jolteon|Thunderbolt|p1a: Jirachi
|-damage|p1a: Jirachi|45/100
|-status|p1a: Jirachi|par
|cant|p1a: Jirachi|par
|
|-heal|p2a: Jolteon|100/100|[from] move: Wish|[wisher] Jolteon
|-heal|p1a: Jirachi|95/100 par|[from] move: Wish|[wisher] Jirachi
|-heal|p1a: Jirachi|100/100 par|[from] item: Leftovers
|upkeep
|turn|178
|inactive|LilBigBamSam has 270 seconds left.
|
|t:|1727960169
|move|p2a: Jolteon|Thunderbolt|p1a: Jirachi
|-damage|p1a: Jirachi|64/100 par
|move|p1a: Jirachi|Toxic|p2a: Jolteon
|-status|p2a: Jolteon|tox
|
|-damage|p2a: Jolteon|94/100 tox|[from] psn
|-heal|p1a: Jirachi|70/100 par|[from] item: Leftovers
|upkeep
|turn|179
|
|t:|1727960178
|switch|p2a: Blissey|Blissey, F|99/100
|cant|p1a: Jirachi|par
|
|-heal|p2a: Blissey|100/100|[from] item: Leftovers
|-heal|p1a: Jirachi|76/100 par|[from] item: Leftovers
|upkeep
|turn|180
|inactive|LilBigBamSam has 270 seconds left.
|
|t:|1727960193
|move|p2a: Blissey|Seismic Toss|p1a: Jirachi
|-damage|p1a: Jirachi|52/100 par
|move|p1a: Jirachi|Wish|p1a: Jirachi
|
|-heal|p1a: Jirachi|58/100 par|[from] item: Leftovers
|upkeep
|turn|181
|
|t:|1727960203
|switch|p2a: Poliwrath|Poliwrath, M|100/100
|move|p1a: Jirachi|Fire Punch|p2a: Poliwrath
|-resisted|p2a: Poliwrath
|-damage|p2a: Poliwrath|93/100
|
|-heal|p1a: Jirachi|100/100 par|[from] move: Wish|[wisher] Jirachi
|-heal|p2a: Poliwrath|99/100|[from] item: Leftovers
|upkeep
|turn|182
|
|t:|1727960213
|move|p2a: Poliwrath|Substitute|p2a: Poliwrath
|-start|p2a: Poliwrath|Substitute
|-damage|p2a: Poliwrath|74/100
|cant|p1a: Jirachi|par
|
|-heal|p2a: Poliwrath|80/100|[from] item: Leftovers
|upkeep
|turn|183
|
|t:|1727960221
|-singleturn|p2a: Poliwrath|move: Focus Punch
|cant|p1a: Jirachi|par
|move|p2a: Poliwrath|Focus Punch|p1a: Jirachi
|-damage|p1a: Jirachi|64/100 par
|
|-heal|p2a: Poliwrath|86/100|[from] item: Leftovers
|-heal|p1a: Jirachi|70/100 par|[from] item: Leftovers
|upkeep
|turn|184
|
|t:|1727960230
|-singleturn|p2a: Poliwrath|move: Focus Punch
|cant|p1a: Jirachi|par
|move|p2a: Poliwrath|Focus Punch|p1a: Jirachi
|-crit|p1a: Jirachi
|-damage|p1a: Jirachi|0 fnt
|faint|p1a: Jirachi
|
|t:|1727960234
|switch|p1a: Starmie|Starmie|62/100
|
|-heal|p1a: Starmie|68/100|[from] item: Leftovers
|-heal|p2a: Poliwrath|93/100|[from] item: Leftovers
|upkeep
|turn|185
|
|t:|1727960242
|move|p1a: Starmie|Recover|p1a: Starmie
|-heal|p1a: Starmie|100/100
|move|p2a: Poliwrath|Hidden Power|p1a: Starmie
|-supereffective|p1a: Starmie
|-damage|p1a: Starmie|56/100
|
|-heal|p1a: Starmie|62/100|[from] item: Leftovers
|-heal|p2a: Poliwrath|99/100|[from] item: Leftovers
|upkeep
|turn|186
|
|t:|1727960253
|move|p1a: Starmie|Recover|p1a: Starmie
|-heal|p1a: Starmie|100/100
|move|p2a: Poliwrath|Hypnosis|p1a: Starmie
|-status|p1a: Starmie|slp|[from] move: Hypnosis
|
|-heal|p2a: Poliwrath|100/100|[from] item: Leftovers
|upkeep
|turn|187
|
|t:|1727960260
|cant|p1a: Starmie|slp
|move|p2a: Poliwrath|Hidden Power|p1a: Starmie
|-supereffective|p1a: Starmie
|-damage|p1a: Starmie|61/100 slp
|
|-heal|p1a: Starmie|67/100 slp|[from] item: Leftovers
|upkeep
|turn|188
|
|t:|1727960267
|cant|p1a: Starmie|slp
|move|p2a: Poliwrath|Hidden Power|p1a: Starmie
|-supereffective|p1a: Starmie
|-damage|p1a: Starmie|26/100 slp
|
|-heal|p1a: Starmie|32/100 slp|[from] item: Leftovers
|upkeep
|turn|189
|
|t:|1727960274
|cant|p1a: Starmie|slp
|move|p2a: Poliwrath|Hidden Power|p1a: Starmie
|-supereffective|p1a: Starmie
|-damage|p1a: Starmie|0 fnt
|faint|p1a: Starmie
|
|win|LilBigBamSam
|player|p1|
|c|☆LilBigBamSam|what a match
|c|☆LilBigBamSam|gg

</script>
<script type="application/json" class="data" id="replaydata-smogtours-gen3ou-794196">
{"id":"smogtours-gen3ou-794196","format":"[Gen 3] OU","players":["BlerpDerpSkerp","LilBigBamSam"],"uploadtime":1727960274,"views":103,"formatid":"gen3ou","rating":null,"private":0,"password":null}
</script>

<script defer src="js/replays.js?9d40a366"></script>
