<!DOCTYPE html>
<meta charset="utf-8" />
<meta name="viewport" content="width=device-width" />

<title>[Gen 3] OU: yt-cyber-dj vs. resen65 - Replays - Pok&eacute;mon Showdown!</title>

<meta name="description" content="Watch a replay of a Pok&eacute;mon battle between yt-cyber-dj and resen65! Format: [Gen 3] OU; Date: Oct 21, 2024" />
<!--

Hey, you! Looking in the source for the replay log?

You can find them in JSON format, just add `.json` at the end of a replay URL.

https://replay.pokemonshowdown.com/gen7randomdoublesbattle-865046831.json

Or, if you only need the log itself, add `.log` instead:

https://replay.pokemonshowdown.com/gen7randomdoublesbattle-865046831.log

-->

<link rel="stylesheet" href="//pokemonshowdown.com/style/global.css?0.023195364461161105" />
<link rel="stylesheet" href="//play.pokemonshowdown.com/style/font-awesome.css?0.13261647063804238" />
<link rel="stylesheet" href="//play.pokemonshowdown.com/style/battle.css?0.8753245789963631" />
<link rel="stylesheet" href="//play.pokemonshowdown.com/style/utilichart.css?0.8627959624976733" />

<!-- Global site tag (gtag.js) - Google Analytics -->
<script async src="https://www.googletagmanager.com/gtag/js?id=UA-26211653-1"></script>
<script>
  window.dataLayer = window.dataLayer || [];
  function gtag(){dataLayer.push(arguments);}
  gtag('js', new Date());

  gtag('config', 'UA-26211653-1');
</script>
<!-- End Google Analytics -->
<!-- Venatus Ad Manager - Install in <HEAD> of page -->
	<script src="https://hb.vntsm.com/v3/live/ad-manager.min.js" type="text/javascript" data-site-id="642aba63ec9a7b11c3c9c1be" data-mode="scan" async></script>
<!-- / Venatus Ad Manager -->

<style>
	@media (max-width:820px) {
		.battle {
			margin: 0 auto;
		}
		.battle-log {
			margin: 7px auto 0;
			max-width: 640px;
			height: 300px;
			position: static;
		}
	}
	.optgroup {
		display: inline-block;
		line-height: 22px;
		font-size: 10pt;
	}
	.optgroup .button {
		height: 25px;
		padding-top: 0;
		padding-bottom: 0;
	}
	.optgroup button.button {
		padding-left: 12px;
		padding-right: 12px;
	}
	.linklist {
		list-style: none;
		margin: 0.5em 0;
		padding: 0;
	}
	.linklist li {
		padding: 2px 0;
	}
	.sidebar {
		float: left;
		width: 320px;
	}
	.bar-wrapper {
		max-width: 1100px;
		margin: 0 auto;
	}
	.bar-wrapper.has-sidebar {
		max-width: 1430px;
	}
	.mainbar {
		margin: 0;
		padding-right: 1px;
	}
	.mainbar.has-sidebar {
		margin-left: 330px;
	}
	@media (min-width: 1511px) {
		.sidebar {
			width: 400px;
		}
		.bar-wrapper.has-sidebar {
			max-width: 1510px;
		}
		.mainbar.has-sidebar {
			margin-left: 410px;
		}
	}
	.section.first-section {
		margin-top: 9px;
	}
	.blocklink small {
		white-space: normal;
	}
	.button {
		vertical-align: middle;
	}
	.replay-controls {
		padding-top: 10px;
	}
	.replay-controls h1 {
		font-size: 16pt;
		font-weight: normal;
		color: #CCC;
	}
	.pagelink {
		text-align: center;
	}
	.pagelink a {
		width: 150px;
	}
	.textbox, .button {
		font-size: 11pt;
		vertical-align: middle;
	}
	@media (max-width: 450px) {
		.button {
			font-size: 9pt;
		}
	}
</style>

<div>

	<header>
		<div class="nav-wrapper"><ul class="nav">
			<li><a class="button nav-first" href="//pokemonshowdown.com/"><img src="//pokemonshowdown.com/images/pokemonshowdownbeta.png" srcset="//pokemonshowdown.com/images/pokemonshowdownbeta.png 1x, //pokemonshowdown.com/images/pokemonshowdownbeta@2x.png 2x" alt="Pok&eacute;mon Showdown" width="146" height="44" /> Home</a></li>
			<li><a class="button" href="//pokemonshowdown.com/dex/">Pok&eacute;dex</a></li>
			<li><a class="button cur" href="/">Replays</a></li>
			<li><a class="button" href="//pokemonshowdown.com/ladder/">Ladder</a></li>
			<li><a class="button nav-last" href="//pokemonshowdown.com/forums/">Forum</a></li>
			<li><a class="button greenbutton nav-first nav-last" href="//play.pokemonshowdown.com/">Play</a></li>
		</ul></div>
	</header>

	<div class="main" id="main">

		<noscript><section class="section">You need to enable JavaScript to use this page; sorry!</section></noscript>

	</div>

</div>

<script defer nomodule src="//play.pokemonshowdown.com/js/lib/ps-polyfill.js"></script>
<script defer src="//play.pokemonshowdown.com/js/lib/preact.min.js"></script>

<script defer src="//play.pokemonshowdown.com/config/config.js?2bddbc15"></script>
<script defer src="//play.pokemonshowdown.com/js/lib/jquery-1.11.0.min.js"></script>
<script defer src="//play.pokemonshowdown.com/js/lib/html-sanitizer-minified.js"></script>
<script defer src="//play.pokemonshowdown.com/js/battle-sound.js"></script>
<script defer src="//play.pokemonshowdown.com/js/battledata.js?0.7209276989879541"></script>
<script defer src="//play.pokemonshowdown.com/data/pokedex-mini.js?0.6111056340867951"></script>
<script defer src="//play.pokemonshowdown.com/data/pokedex-mini-bw.js?0.3532142036491459"></script>
<script defer src="//play.pokemonshowdown.com/data/graphics.js?0.24223875632456182"></script>
<script defer src="//play.pokemonshowdown.com/data/pokedex.js?0.38839984266356864"></script>
<script defer src="//play.pokemonshowdown.com/data/moves.js?0.21866028504024015"></script>
<script defer src="//play.pokemonshowdown.com/data/abilities.js?0.2005157953846628"></script>
<script defer src="//play.pokemonshowdown.com/data/items.js?0.9894211263848525"></script>
<script defer src="//play.pokemonshowdown.com/data/teambuilder-tables.js?0.6008791140282215"></script>
<script defer src="//play.pokemonshowdown.com/js/battle-tooltips.js?0.7580118955022959"></script>
<script defer src="//play.pokemonshowdown.com/js/battle.js?0.6057722274234274"></script>

<script defer src="js/utils.js?e31f9a17"></script>
<script defer src="js/replays-battle.js?7008c182"></script>

<!-- don't scrape this data! just add .json or .log after the URL!
Full API docs: https://github.com/smogon/pokemon-showdown-client/blob/master/WEB-API.md -->
<script type="text/plain" class="log" id="replaylog-smogtours-gen3ou-801074">
|inactive|Battle timer is ON: inactive players will automatically lose when time's up.
|t:|1729537793
|gametype|singles
|player|p1|yt-cyber-dj|gambler|
|player|p2|resen65|170|
|teamsize|p1|6
|teamsize|p2|6
|gen|3
|tier|[Gen 3] OU
|rule|Sleep Clause Mod: Limit one foe put to sleep
|rule|Switch Priority Clause Mod: Faster Pokémon switch first
|rule|Species Clause: Limit one of each Pokémon
|rule|OHKO Clause: OHKO moves are banned
|rule|Evasion Items Clause: Evasion items are banned
|rule|Evasion Moves Clause: Evasion moves are banned
|rule|Endless Battle Clause: Forcing endless battles is banned
|rule|HP Percentage Mod: HP is shown in percentages
|rule|One Boost Passer Clause: Limit one Baton Passer that has a way to boost its stats
|rule|Freeze Clause Mod: Limit one foe frozen
|
|t:|1729537793
|start
|switch|p1a: Skarmory|Skarmory, M|100/100
|switch|p2a: Jynx|Jynx, F|100/100
|turn|1
|c|☆yt-cyber-dj|GLHF
|c|☆resen65|glhf!
|
|t:|1729537814
|move|p2a: Jynx|Lovely Kiss|p1a: Skarmory|[miss]
|-miss|p2a: Jynx|p1a: Skarmory
|move|p1a: Skarmory|Roar|p2a: Jynx
|drag|p2a: Metagross|Metagross|100/100
|
|upkeep
|turn|2
|
|t:|1729537837
|switch|p2a: Jynx|Jynx, F|100/100
|move|p1a: Skarmory|Spikes|p2a: Jynx
|-sidestart|p2: resen65|Spikes
|
|upkeep
|turn|3
|inactive|yt-cyber-dj has 270 seconds left.
|
|t:|1729537858
|switch|p1a: Magneton|Magneton|100/100
|move|p2a: Jynx|Lovely Kiss|p1a: Magneton
|-status|p1a: Magneton|slp|[from] move: Lovely Kiss
|
|upkeep
|turn|4
|
|t:|1729537872
|switch|p1a: Blissey|Blissey, F|100/100
|move|p2a: Jynx|Mean Look|p1a: Blissey
|-activate|p1a: Blissey|trapped
|
|upkeep
|turn|5
|
|t:|1729537878
|move|p2a: Jynx|Perish Song|p2a: Jynx
|-start|p1a: Blissey|perish3|[silent]
|-start|p2a: Jynx|perish3|[silent]
|-fieldactivate|move: Perish Song
|move|p1a: Blissey|Thunder Wave|p2a: Jynx
|-status|p2a: Jynx|par
|
|-start|p1a: Blissey|perish3
|-start|p2a: Jynx|perish3
|upkeep
|turn|6
|
|t:|1729537884
|move|p1a: Blissey|Seismic Toss|p2a: Jynx
|-damage|p2a: Jynx|67/100 par
|move|p2a: Jynx|Ice Beam|p1a: Blissey
|-damage|p1a: Blissey|83/100
|
|-heal|p1a: Blissey|89/100|[from] item: Leftovers
|-heal|p2a: Jynx|73/100 par|[from] item: Leftovers
|-start|p1a: Blissey|perish2
|-start|p2a: Jynx|perish2
|upkeep
|turn|7
|
|t:|1729537890
|move|p1a: Blissey|Aromatherapy|p1a: Blissey
|-cureteam|p1a: Blissey|[from] move: Aromatherapy
|move|p2a: Jynx|Ice Beam|p1a: Blissey
|-damage|p1a: Blissey|73/100
|
|-heal|p1a: Blissey|79/100|[from] item: Leftovers
|-heal|p2a: Jynx|79/100 par|[from] item: Leftovers
|-start|p1a: Blissey|perish1
|-start|p2a: Jynx|perish1
|upkeep
|turn|8
|
|t:|1729537919
|switch|p2a: Dugtrio|Dugtrio, F|100/100
|-damage|p2a: Dugtrio|88/100|[from] Spikes
|move|p1a: Blissey|Seismic Toss|p2a: Dugtrio
|-damage|p2a: Dugtrio|41/100
|
|-heal|p1a: Blissey|86/100|[from] item: Leftovers
|-start|p1a: Blissey|perish0
|upkeep
|faint|p1a: Blissey
|
|t:|1729537931
|switch|p1a: Skarmory|Skarmory, M|100/100
|turn|9
|
|t:|1729537936
|switch|p2a: Claydol|Claydol|100/100
|move|p1a: Skarmory|Drill Peck|p2a: Claydol
|-damage|p2a: Claydol|81/100
|
|-heal|p2a: Claydol|87/100|[from] item: Leftovers
|upkeep
|turn|10
|
|t:|1729537944
|move|p1a: Skarmory|Drill Peck|p2a: Claydol
|-damage|p2a: Claydol|67/100
|move|p2a: Claydol|Rapid Spin|p1a: Skarmory
|-resisted|p1a: Skarmory
|-damage|p1a: Skarmory|99/100
|-sideend|p2: resen65|Spikes|[from] move: Rapid Spin|[of] p2a: Claydol
|
|-heal|p1a: Skarmory|100/100|[from] item: Leftovers
|-heal|p2a: Claydol|73/100|[from] item: Leftovers
|upkeep
|turn|11
|
|t:|1729537967
|switch|p2a: Zapdos|Zapdos|100/100
|move|p1a: Skarmory|Spikes|p2a: Zapdos
|-sidestart|p2: resen65|Spikes
|
|upkeep
|turn|12
|
|t:|1729537988
|switch|p2a: Claydol|Claydol|73/100
|switch|p1a: Celebi|Celebi|100/100
|
|-heal|p2a: Claydol|79/100|[from] item: Leftovers
|upkeep
|turn|13
|inactive|resen65 has 270 seconds left.
|
|t:|1729538028
|switch|p2a: Metagross|Metagross|100/100
|-damage|p2a: Metagross|88/100|[from] Spikes
|move|p1a: Celebi|Hidden Power|p2a: Metagross
|-resisted|p2a: Metagross
|-damage|p2a: Metagross|77/100
|
|upkeep
|turn|14
|inactive|resen65 has 240 seconds left.
|
|t:|1729538062
|switch|p1a: Magneton|Magneton|100/100
|move|p2a: Metagross|Meteor Mash|p1a: Magneton
|-resisted|p1a: Magneton
|-damage|p1a: Magneton|72/100
|
|upkeep
|turn|15
|
|t:|1729538071
|move|p1a: Magneton|Hidden Power|p2a: Metagross
|-supereffective|p2a: Metagross
|-damage|p2a: Metagross|24/100
|move|p2a: Metagross|Meteor Mash|p1a: Magneton
|-resisted|p1a: Magneton
|-damage|p1a: Magneton|44/100
|
|upkeep
|turn|16
|
|t:|1729538075
|move|p1a: Magneton|Hidden Power|p2a: Metagross
|-supereffective|p2a: Metagross
|-damage|p2a: Metagross|0 fnt
|faint|p2a: Metagross
|
|t:|1729538079
|switch|p2a: Dugtrio|Dugtrio, F|41/100
|-damage|p2a: Dugtrio|29/100|[from] Spikes
|
|upkeep
|turn|17
|
|t:|1729538086
|move|p2a: Dugtrio|Earthquake|p1a: Magneton
|-supereffective|p1a: Magneton
|-damage|p1a: Magneton|0 fnt
|faint|p1a: Magneton
|
|t:|1729538100
|switch|p1a: Aerodactyl|Aerodactyl, M|100/100
|
|upkeep
|turn|18
|inactive|resen65 has 270 seconds left.
|inactive|resen65 has 240 seconds left.
|inactive|resen65 has 210 seconds left.
|inactive|resen65 has 180 seconds left.
|
|t:|1729538202
|switch|p2a: Zapdos|Zapdos|100/100
|move|p1a: Aerodactyl|Double-Edge|p2a: Zapdos
|-damage|p2a: Zapdos|40/100
|
|-heal|p2a: Zapdos|46/100|[from] item: Leftovers
|upkeep
|turn|19
|inactive|resen65 has 180 seconds left.
|
|t:|1729538223
|move|p1a: Aerodactyl|Double-Edge|p2a: Zapdos
|-damage|p2a: Zapdos|0 fnt
|faint|p2a: Zapdos
|
|t:|1729538231
|switch|p2a: Suicune|Suicune|100/100
|-damage|p2a: Suicune|88/100|[from] Spikes
|
|-heal|p2a: Suicune|94/100|[from] item: Leftovers
|upkeep
|turn|20
|
|t:|1729538239
|switch|p1a: Celebi|Celebi|100/100
|move|p2a: Suicune|Ice Beam|p1a: Celebi
|-supereffective|p1a: Celebi
|-damage|p1a: Celebi|68/100
|
|-heal|p1a: Celebi|75/100|[from] item: Leftovers
|-heal|p2a: Suicune|100/100|[from] item: Leftovers
|upkeep
|turn|21
|inactive|resen65 has 180 seconds left.
|
|t:|1729538246
|switch|p2a: Jynx|Jynx, F|79/100 par
|-damage|p2a: Jynx|67/100 par|[from] Spikes
|move|p1a: Celebi|Hidden Power|p2a: Jynx
|-damage|p2a: Jynx|36/100 par
|
|-heal|p1a: Celebi|81/100|[from] item: Leftovers
|-heal|p2a: Jynx|42/100 par|[from] item: Leftovers
|upkeep
|turn|22
|
|t:|1729538268
|switch|p1a: Skarmory|Skarmory, M|100/100
|move|p2a: Jynx|Lovely Kiss|p1a: Skarmory
|-status|p1a: Skarmory|slp|[from] move: Lovely Kiss
|
|-heal|p2a: Jynx|48/100 par|[from] item: Leftovers
|upkeep
|turn|23
|
|t:|1729538279
|switch|p1a: Swampert|Swampert, M|100/100
|move|p2a: Jynx|Ice Beam|p1a: Swampert
|-damage|p1a: Swampert|61/100
|
|-heal|p1a: Swampert|67/100|[from] item: Leftovers
|-heal|p2a: Jynx|54/100 par|[from] item: Leftovers
|upkeep
|turn|24
|inactive|resen65 has 180 seconds left.
|
|t:|1729538296
|move|p1a: Swampert|Earthquake|p2a: Jynx
|-damage|p2a: Jynx|0 fnt
|faint|p2a: Jynx
|inactive|resen65 has 180 seconds left.
|
|t:|1729538302
|switch|p2a: Suicune|Suicune|100/100
|-damage|p2a: Suicune|88/100|[from] Spikes
|
|-heal|p2a: Suicune|94/100|[from] item: Leftovers
|-heal|p1a: Swampert|73/100|[from] item: Leftovers
|upkeep
|turn|25
|
|t:|1729538318
|move|p2a: Suicune|Calm Mind|p2a: Suicune
|-boost|p2a: Suicune|spa|1
|-boost|p2a: Suicune|spd|1
|move|p1a: Swampert|Curse|p1a: Swampert
|-unboost|p1a: Swampert|spe|1
|-boost|p1a: Swampert|atk|1
|-boost|p1a: Swampert|def|1
|
|-heal|p2a: Suicune|100/100|[from] item: Leftovers
|-heal|p1a: Swampert|79/100|[from] item: Leftovers
|upkeep
|turn|26
|
|t:|1729538322
|move|p2a: Suicune|Surf|p1a: Swampert
|-damage|p1a: Swampert|36/100
|move|p1a: Swampert|Earthquake|p2a: Suicune
|-damage|p2a: Suicune|65/100
|
|-heal|p2a: Suicune|71/100|[from] item: Leftovers
|-heal|p1a: Swampert|42/100|[from] item: Leftovers
|upkeep
|turn|27
|
|t:|1729538326
|move|p2a: Suicune|Surf|p1a: Swampert
|-damage|p1a: Swampert|0 fnt
|faint|p1a: Swampert
|
|t:|1729538330
|switch|p1a: Celebi|Celebi|81/100
|
|-heal|p1a: Celebi|87/100|[from] item: Leftovers
|-heal|p2a: Suicune|77/100|[from] item: Leftovers
|upkeep
|turn|28
|inactive|resen65 has 210 seconds left.
|
|t:|1729538357
|move|p1a: Celebi|Perish Song|p1a: Celebi
|-start|p1a: Celebi|perish3|[silent]
|-start|p2a: Suicune|perish3|[silent]
|-fieldactivate|move: Perish Song
|move|p2a: Suicune|Ice Beam|p1a: Celebi
|-supereffective|p1a: Celebi
|-crit|p1a: Celebi
|-damage|p1a: Celebi|0 fnt
|faint|p1a: Celebi
|
|t:|1729538366
|switch|p1a: Skarmory|Skarmory, M|100/100 slp
|
|-heal|p2a: Suicune|84/100|[from] item: Leftovers
|-start|p2a: Suicune|perish3
|upkeep
|turn|29
|inactive|resen65 has 210 seconds left.
|
|t:|1729538386
|cant|p1a: Skarmory|slp
|move|p2a: Suicune|Surf|p1a: Skarmory
|-damage|p1a: Skarmory|54/100 slp
|
|-heal|p2a: Suicune|90/100|[from] item: Leftovers
|-heal|p1a: Skarmory|60/100 slp|[from] item: Leftovers
|-start|p2a: Suicune|perish2
|upkeep
|turn|30
|
|t:|1729538394
|switch|p2a: Claydol|Claydol|79/100
|cant|p1a: Skarmory|slp
|
|-heal|p1a: Skarmory|66/100 slp|[from] item: Leftovers
|-heal|p2a: Claydol|85/100|[from] item: Leftovers
|upkeep
|turn|31
|
|t:|1729538399
|switch|p1a: Aerodactyl|Aerodactyl, M|100/100
|move|p2a: Claydol|Rapid Spin|p1a: Aerodactyl
|-resisted|p1a: Aerodactyl
|-damage|p1a: Aerodactyl|97/100
|-sideend|p2: resen65|Spikes|[from] move: Rapid Spin|[of] p2a: Claydol
|
|-heal|p2a: Claydol|92/100|[from] item: Leftovers
|upkeep
|turn|32
|
|t:|1729538403
|move|p1a: Aerodactyl|Hidden Power|p2a: Claydol
|-supereffective|p2a: Claydol
|-damage|p2a: Claydol|26/100
|move|p2a: Claydol|Explosion|p1a: Aerodactyl
|-resisted|p1a: Aerodactyl
|-damage|p1a: Aerodactyl|6/100
|faint|p2a: Claydol
|
|t:|1729538406
|switch|p2a: Suicune|Suicune|90/100
|
|-heal|p2a: Suicune|96/100|[from] item: Leftovers
|upkeep
|turn|33
|
|t:|1729538409
|move|p1a: Aerodactyl|Hidden Power|p2a: Suicune
|-damage|p2a: Suicune|76/100
|move|p2a: Suicune|Surf|p1a: Aerodactyl
|-supereffective|p1a: Aerodactyl
|-damage|p1a: Aerodactyl|0 fnt
|faint|p1a: Aerodactyl
|
|t:|1729538411
|switch|p1a: Skarmory|Skarmory, M|66/100 slp
|
|-heal|p2a: Suicune|82/100|[from] item: Leftovers
|-heal|p1a: Skarmory|72/100 slp|[from] item: Leftovers
|upkeep
|turn|34
|
|t:|1729538414
|move|p2a: Suicune|Calm Mind|p2a: Suicune
|-boost|p2a: Suicune|spa|1
|-boost|p2a: Suicune|spd|1
|cant|p1a: Skarmory|slp
|
|-heal|p2a: Suicune|88/100|[from] item: Leftovers
|-heal|p1a: Skarmory|78/100 slp|[from] item: Leftovers
|upkeep
|turn|35
|
|t:|1729538418
|move|p2a: Suicune|Surf|p1a: Skarmory
|-damage|p1a: Skarmory|30/100 slp
|cant|p1a: Skarmory|slp
|
|-heal|p2a: Suicune|94/100|[from] item: Leftovers
|-heal|p1a: Skarmory|36/100 slp|[from] item: Leftovers
|upkeep
|turn|36
|
|t:|1729538421
|move|p2a: Suicune|Surf|p1a: Skarmory
|-damage|p1a: Skarmory|0 fnt
|faint|p1a: Skarmory
|
|win|resen65
|c|☆yt-cyber-dj|GG
|c|☆resen65|gg

</script>
<script type="application/json" class="data" id="replaydata-smogtours-gen3ou-801074">
{"id":"smogtours-gen3ou-801074","format":"[Gen 3] OU","players":["yt-cyber-dj","resen65"],"uploadtime":1729538421,"views":71,"formatid":"gen3ou","rating":null,"private":0,"password":null}
</script>

<script defer src="js/replays.js?9d40a366"></script>
