<!DOCTYPE html>
<meta charset="utf-8" />
<meta name="viewport" content="width=device-width" />

<title>[Gen 3] OU: Big Nut Bill vs. dicerat8 - Replays - Pok&eacute;mon Showdown!</title>

<meta name="description" content="Watch a replay of a Pok&eacute;mon battle between Big Nut Bill and dicerat8! Format: [Gen 3] OU; Date: Oct 4, 2024" />
<!--

Hey, you! Looking in the source for the replay log?

You can find them in JSON format, just add `.json` at the end of a replay URL.

https://replay.pokemonshowdown.com/gen7randomdoublesbattle-865046831.json

Or, if you only need the log itself, add `.log` instead:

https://replay.pokemonshowdown.com/gen7randomdoublesbattle-865046831.log

-->

<link rel="stylesheet" href="//pokemonshowdown.com/style/global.css?0.023195364461161105" />
<link rel="stylesheet" href="//play.pokemonshowdown.com/style/font-awesome.css?0.13261647063804238" />
<link rel="stylesheet" href="//play.pokemonshowdown.com/style/battle.css?0.8753245789963631" />
<link rel="stylesheet" href="//play.pokemonshowdown.com/style/utilichart.css?0.8627959624976733" />

<!-- Global site tag (gtag.js) - Google Analytics -->
<script async src="https://www.googletagmanager.com/gtag/js?id=UA-26211653-1"></script>
<script>
  window.dataLayer = window.dataLayer || [];
  function gtag(){dataLayer.push(arguments);}
  gtag('js', new Date());

  gtag('config', 'UA-26211653-1');
</script>
<!-- End Google Analytics -->
<!-- Venatus Ad Manager - Install in <HEAD> of page -->
	<script src="https://hb.vntsm.com/v3/live/ad-manager.min.js" type="text/javascript" data-site-id="642aba63ec9a7b11c3c9c1be" data-mode="scan" async></script>
<!-- / Venatus Ad Manager -->

<style>
	@media (max-width:820px) {
		.battle {
			margin: 0 auto;
		}
		.battle-log {
			margin: 7px auto 0;
			max-width: 640px;
			height: 300px;
			position: static;
		}
	}
	.optgroup {
		display: inline-block;
		line-height: 22px;
		font-size: 10pt;
	}
	.optgroup .button {
		height: 25px;
		padding-top: 0;
		padding-bottom: 0;
	}
	.optgroup button.button {
		padding-left: 12px;
		padding-right: 12px;
	}
	.linklist {
		list-style: none;
		margin: 0.5em 0;
		padding: 0;
	}
	.linklist li {
		padding: 2px 0;
	}
	.sidebar {
		float: left;
		width: 320px;
	}
	.bar-wrapper {
		max-width: 1100px;
		margin: 0 auto;
	}
	.bar-wrapper.has-sidebar {
		max-width: 1430px;
	}
	.mainbar {
		margin: 0;
		padding-right: 1px;
	}
	.mainbar.has-sidebar {
		margin-left: 330px;
	}
	@media (min-width: 1511px) {
		.sidebar {
			width: 400px;
		}
		.bar-wrapper.has-sidebar {
			max-width: 1510px;
		}
		.mainbar.has-sidebar {
			margin-left: 410px;
		}
	}
	.section.first-section {
		margin-top: 9px;
	}
	.blocklink small {
		white-space: normal;
	}
	.button {
		vertical-align: middle;
	}
	.replay-controls {
		padding-top: 10px;
	}
	.replay-controls h1 {
		font-size: 16pt;
		font-weight: normal;
		color: #CCC;
	}
	.pagelink {
		text-align: center;
	}
	.pagelink a {
		width: 150px;
	}
	.textbox, .button {
		font-size: 11pt;
		vertical-align: middle;
	}
	@media (max-width: 450px) {
		.button {
			font-size: 9pt;
		}
	}
</style>

<div>

	<header>
		<div class="nav-wrapper"><ul class="nav">
			<li><a class="button nav-first" href="//pokemonshowdown.com/"><img src="//pokemonshowdown.com/images/pokemonshowdownbeta.png" srcset="//pokemonshowdown.com/images/pokemonshowdownbeta.png 1x, //pokemonshowdown.com/images/pokemonshowdownbeta@2x.png 2x" alt="Pok&eacute;mon Showdown" width="146" height="44" /> Home</a></li>
			<li><a class="button" href="//pokemonshowdown.com/dex/">Pok&eacute;dex</a></li>
			<li><a class="button cur" href="/">Replays</a></li>
			<li><a class="button" href="//pokemonshowdown.com/ladder/">Ladder</a></li>
			<li><a class="button nav-last" href="//pokemonshowdown.com/forums/">Forum</a></li>
			<li><a class="button greenbutton nav-first nav-last" href="//play.pokemonshowdown.com/">Play</a></li>
		</ul></div>
	</header>

	<div class="main" id="main">

		<noscript><section class="section">You need to enable JavaScript to use this page; sorry!</section></noscript>

	</div>

</div>

<script defer nomodule src="//play.pokemonshowdown.com/js/lib/ps-polyfill.js"></script>
<script defer src="//play.pokemonshowdown.com/js/lib/preact.min.js"></script>

<script defer src="//play.pokemonshowdown.com/config/config.js?2bddbc15"></script>
<script defer src="//play.pokemonshowdown.com/js/lib/jquery-1.11.0.min.js"></script>
<script defer src="//play.pokemonshowdown.com/js/lib/html-sanitizer-minified.js"></script>
<script defer src="//play.pokemonshowdown.com/js/battle-sound.js"></script>
<script defer src="//play.pokemonshowdown.com/js/battledata.js?0.7209276989879541"></script>
<script defer src="//play.pokemonshowdown.com/data/pokedex-mini.js?0.6111056340867951"></script>
<script defer src="//play.pokemonshowdown.com/data/pokedex-mini-bw.js?0.3532142036491459"></script>
<script defer src="//play.pokemonshowdown.com/data/graphics.js?0.24223875632456182"></script>
<script defer src="//play.pokemonshowdown.com/data/pokedex.js?0.38839984266356864"></script>
<script defer src="//play.pokemonshowdown.com/data/moves.js?0.21866028504024015"></script>
<script defer src="//play.pokemonshowdown.com/data/abilities.js?0.2005157953846628"></script>
<script defer src="//play.pokemonshowdown.com/data/items.js?0.9894211263848525"></script>
<script defer src="//play.pokemonshowdown.com/data/teambuilder-tables.js?0.6008791140282215"></script>
<script defer src="//play.pokemonshowdown.com/js/battle-tooltips.js?0.7580118955022959"></script>
<script defer src="//play.pokemonshowdown.com/js/battle.js?0.6057722274234274"></script>

<script defer src="js/utils.js?e31f9a17"></script>
<script defer src="js/replays-battle.js?7008c182"></script>

<!-- don't scrape this data! just add .json or .log after the URL!
Full API docs: https://github.com/smogon/pokemon-showdown-client/blob/master/WEB-API.md -->
<script type="text/plain" class="log" id="replaylog-gen3ou-2215841170">
|j|☆Big Nut Bill
|j|☆dicerat8
|t:|1728055368
|gametype|singles
|player|p1|Big Nut Bill|medium|
|player|p2|dicerat8|eusine|
|teamsize|p1|6
|teamsize|p2|6
|gen|3
|tier|[Gen 3] OU
|rule|Sleep Clause Mod: Limit one foe put to sleep
|rule|Switch Priority Clause Mod: Faster Pokémon switch first
|rule|Species Clause: Limit one of each Pokémon
|rule|OHKO Clause: OHKO moves are banned
|rule|Evasion Items Clause: Evasion items are banned
|rule|Evasion Moves Clause: Evasion moves are banned
|rule|Endless Battle Clause: Forcing endless battles is banned
|rule|HP Percentage Mod: HP is shown in percentages
|rule|One Boost Passer Clause: Limit one Baton Passer that has a way to boost its stats
|rule|Freeze Clause Mod: Limit one foe frozen
|
|t:|1728055368
|start
|switch|p1a: Salamence|Salamence, M|100/100
|switch|p2a: Zapdos|Zapdos|100/100
|-ability|p1a: Salamence|Intimidate|boost
|-unboost|p2a: Zapdos|atk|1
|turn|1
|inactive|Battle timer is ON: inactive players will automatically lose when time's up. (requested by dicerat8)
|c|☆dicerat8|gl
|c|☆Big Nut Bill|gl
|c|☆Big Nut Bill|do we put the link to the live battle or just the replay in chat
|inactive|Big Nut Bill has 270 seconds left.
|c|☆dicerat8|i believe we just put replay
|inactive|Big Nut Bill has 240 seconds left.
|c|☆Big Nut Bill|kk
|
|t:|1728055439
|switch|p1a: Blissey|Blissey, F|100/100
|move|p2a: Zapdos|Thunderbolt|p1a: Blissey
|-damage|p1a: Blissey|86/100
|-status|p1a: Blissey|par
|
|-heal|p1a: Blissey|92/100 par|[from] item: Leftovers
|upkeep
|turn|2
|
|t:|1728055450
|switch|p2a: Forretress|Forretress, M|100/100
|move|p1a: Blissey|Thunder Wave|p2a: Forretress
|-status|p2a: Forretress|par
|
|-heal|p1a: Blissey|98/100 par|[from] item: Leftovers
|upkeep
|turn|3
|
|t:|1728055461
|-curestatus|p1a: Blissey|par|[from] ability: Natural Cure
|switch|p1a: Jirachi|Jirachi|100/100
|move|p2a: Forretress|Spikes|p1a: Jirachi
|-sidestart|p1: Big Nut Bill|Spikes
|
|upkeep
|turn|4
|
|t:|1728055469
|switch|p2a: Tyranitar|Tyranitar, F|100/100
|-weather|Sandstorm|[from] ability: Sand Stream|[of] p2a: Tyranitar
|move|p1a: Jirachi|Fire Punch|p2a: Tyranitar
|-resisted|p2a: Tyranitar
|-damage|p2a: Tyranitar|94/100
|
|-weather|Sandstorm|[upkeep]
|-heal|p2a: Tyranitar|99/100|[from] item: Leftovers
|upkeep
|turn|5
|
|t:|1728055481
|move|p1a: Jirachi|Toxic|p2a: Tyranitar
|-status|p2a: Tyranitar|tox
|move|p2a: Tyranitar|Earthquake|p1a: Jirachi
|-supereffective|p1a: Jirachi
|-damage|p1a: Jirachi|62/100
|
|-weather|Sandstorm|[upkeep]
|-heal|p1a: Jirachi|68/100|[from] item: Leftovers
|-heal|p2a: Tyranitar|100/100 tox|[from] item: Leftovers
|-damage|p2a: Tyranitar|94/100 tox|[from] psn
|upkeep
|turn|6
|
|t:|1728055492
|move|p1a: Jirachi|Wish|p1a: Jirachi
|move|p2a: Tyranitar|Earthquake|p1a: Jirachi
|-supereffective|p1a: Jirachi
|-damage|p1a: Jirachi|29/100
|
|-weather|Sandstorm|[upkeep]
|-heal|p1a: Jirachi|35/100|[from] item: Leftovers
|-heal|p2a: Tyranitar|100/100 tox|[from] item: Leftovers
|-damage|p2a: Tyranitar|88/100 tox|[from] psn
|upkeep
|turn|7
|
|t:|1728055517
|switch|p1a: Aerodactyl|Aerodactyl, F|100/100
|switch|p2a: Zapdos|Zapdos|100/100
|
|-weather|Sandstorm|[upkeep]
|-damage|p2a: Zapdos|94/100|[from] Sandstorm
|-heal|p2a: Zapdos|100/100|[from] item: Leftovers
|upkeep
|turn|8
|
|t:|1728055529
|switch|p2a: Swampert|Swampert, F|100/100
|move|p1a: Aerodactyl|Rock Slide|p2a: Swampert
|-resisted|p2a: Swampert
|-damage|p2a: Swampert|82/100
|
|-weather|Sandstorm|[upkeep]
|-heal|p2a: Swampert|89/100|[from] item: Leftovers
|upkeep
|turn|9
|inactive|Big Nut Bill has 270 seconds left.
|
|t:|1728055560
|switch|p1a: Forretress|Forretress, F|100/100
|-damage|p1a: Forretress|88/100|[from] Spikes
|move|p2a: Swampert|Surf|p1a: Forretress
|-damage|p1a: Forretress|62/100
|
|-weather|Sandstorm|[upkeep]
|-heal|p2a: Swampert|95/100|[from] item: Leftovers
|-heal|p1a: Forretress|68/100|[from] item: Leftovers
|upkeep
|turn|10
|
|t:|1728055573
|switch|p2a: Tyranitar|Tyranitar, F|88/100 tox
|move|p1a: Forretress|Spikes|p2a: Tyranitar
|-sidestart|p2: dicerat8|Spikes
|
|-weather|Sandstorm|[upkeep]
|-heal|p2a: Tyranitar|94/100 tox|[from] item: Leftovers
|-damage|p2a: Tyranitar|88/100 tox|[from] psn
|-heal|p1a: Forretress|75/100|[from] item: Leftovers
|upkeep
|turn|11
|
|t:|1728055589
|move|p2a: Tyranitar|Flamethrower|p1a: Forretress
|-supereffective|p1a: Forretress
|-damage|p1a: Forretress|0 fnt
|faint|p1a: Forretress
|inactive|Big Nut Bill has 240 seconds left.
|
|t:|1728055616
|switch|p1a: Salamence|Salamence, M|100/100
|-ability|p1a: Salamence|Intimidate|boost
|-unboost|p2a: Tyranitar|atk|1
|
|-weather|Sandstorm|[upkeep]
|-damage|p1a: Salamence|95/100|[from] Sandstorm
|-heal|p1a: Salamence|100/100|[from] item: Leftovers
|-heal|p2a: Tyranitar|94/100 tox|[from] item: Leftovers
|-damage|p2a: Tyranitar|82/100 tox|[from] psn
|upkeep
|turn|12
|inactive|Big Nut Bill has 240 seconds left.
|
|t:|1728055629
|switch|p2a: Zapdos|Zapdos|100/100
|move|p1a: Salamence|Brick Break|p2a: Zapdos
|-resisted|p2a: Zapdos
|-damage|p2a: Zapdos|89/100
|
|-weather|Sandstorm|[upkeep]
|-damage|p1a: Salamence|95/100|[from] Sandstorm
|-damage|p2a: Zapdos|83/100|[from] Sandstorm
|-heal|p1a: Salamence|100/100|[from] item: Leftovers
|-heal|p2a: Zapdos|89/100|[from] item: Leftovers
|upkeep
|turn|13
|inactive|Big Nut Bill has 240 seconds left.
|
|t:|1728055658
|switch|p1a: Blissey|Blissey, F|98/100
|-damage|p1a: Blissey|85/100|[from] Spikes
|move|p2a: Zapdos|Thunderbolt|p1a: Blissey
|-damage|p1a: Blissey|70/100
|
|-weather|Sandstorm|[upkeep]
|-damage|p2a: Zapdos|83/100|[from] Sandstorm
|-damage|p1a: Blissey|64/100|[from] Sandstorm
|-heal|p2a: Zapdos|89/100|[from] item: Leftovers
|-heal|p1a: Blissey|70/100|[from] item: Leftovers
|upkeep
|turn|14
|
|t:|1728055666
|switch|p2a: Forretress|Forretress, M|100/100 par
|-damage|p2a: Forretress|88/100 par|[from] Spikes
|move|p1a: Blissey|Thunder Wave|p2a: Forretress
|-fail|p2a: Forretress|par
|
|-weather|Sandstorm|[upkeep]
|-damage|p1a: Blissey|64/100|[from] Sandstorm
|-heal|p1a: Blissey|70/100|[from] item: Leftovers
|-heal|p2a: Forretress|94/100 par|[from] item: Leftovers
|upkeep
|turn|15
|
|t:|1728055671
|move|p1a: Blissey|Seismic Toss|p2a: Forretress
|-damage|p2a: Forretress|66/100 par
|cant|p2a: Forretress|par
|
|-weather|Sandstorm|[upkeep]
|-damage|p1a: Blissey|64/100|[from] Sandstorm
|-heal|p1a: Blissey|70/100|[from] item: Leftovers
|-heal|p2a: Forretress|72/100 par|[from] item: Leftovers
|upkeep
|turn|16
|
|t:|1728055688
|switch|p1a: Tyranitar|Tyranitar, F|100/100
|-damage|p1a: Tyranitar|88/100|[from] Spikes
|move|p2a: Forretress|Rapid Spin|p1a: Tyranitar
|-resisted|p1a: Tyranitar
|-damage|p1a: Tyranitar|87/100
|-sideend|p2: dicerat8|Spikes|[from] move: Rapid Spin|[of] p2a: Forretress
|
|-weather|Sandstorm|[upkeep]
|-heal|p1a: Tyranitar|93/100|[from] item: Leftovers
|-heal|p2a: Forretress|78/100 par|[from] item: Leftovers
|upkeep
|turn|17
|inactive|Big Nut Bill has 210 seconds left.
|
|t:|1728055719
|switch|p2a: Tyranitar|Tyranitar, F|82/100 tox
|move|p1a: Tyranitar|Crunch|p2a: Tyranitar
|-resisted|p2a: Tyranitar
|-crit|p2a: Tyranitar
|-damage|p2a: Tyranitar|50/100 tox
|-unboost|p2a: Tyranitar|spd|1
|
|-weather|Sandstorm|[upkeep]
|-heal|p1a: Tyranitar|99/100|[from] item: Leftovers
|-heal|p2a: Tyranitar|56/100 tox|[from] item: Leftovers
|-damage|p2a: Tyranitar|50/100 tox|[from] psn
|upkeep
|turn|18
|inactive|Big Nut Bill has 210 seconds left.
|
|t:|1728055734
|move|p2a: Tyranitar|Crunch|p1a: Tyranitar
|-resisted|p1a: Tyranitar
|-damage|p1a: Tyranitar|82/100
|move|p1a: Tyranitar|Counter|p2a: Tyranitar
|
|-weather|Sandstorm|[upkeep]
|-heal|p1a: Tyranitar|88/100|[from] item: Leftovers
|-heal|p2a: Tyranitar|56/100 tox|[from] item: Leftovers
|-damage|p2a: Tyranitar|43/100 tox|[from] psn
|upkeep
|turn|19
|inactive|Big Nut Bill has 180 seconds left.
|
|t:|1728055765
|switch|p1a: Blissey|Blissey, F|70/100
|-damage|p1a: Blissey|58/100|[from] Spikes
|move|p2a: Tyranitar|Earthquake|p1a: Blissey
|-damage|p1a: Blissey|33/100
|
|-weather|Sandstorm|[upkeep]
|-damage|p1a: Blissey|27/100|[from] Sandstorm
|-heal|p1a: Blissey|33/100|[from] item: Leftovers
|-heal|p2a: Tyranitar|50/100 tox|[from] item: Leftovers
|-damage|p2a: Tyranitar|31/100 tox|[from] psn
|upkeep
|turn|20
|inactive|Big Nut Bill has 180 seconds left.
|
|t:|1728055778
|switch|p2a: Blissey|Blissey, F|100/100
|move|p1a: Blissey|Soft-Boiled|p1a: Blissey
|-heal|p1a: Blissey|83/100
|
|-weather|Sandstorm|[upkeep]
|-damage|p2a: Blissey|94/100|[from] Sandstorm
|-damage|p1a: Blissey|77/100|[from] Sandstorm
|-heal|p2a: Blissey|100/100|[from] item: Leftovers
|-heal|p1a: Blissey|83/100|[from] item: Leftovers
|upkeep
|turn|21
|inactive|Big Nut Bill has 180 seconds left.
|
|t:|1728055789
|move|p2a: Blissey|Wish|p2a: Blissey
|move|p1a: Blissey|Seismic Toss|p2a: Blissey
|-damage|p2a: Blissey|85/100
|
|-weather|Sandstorm|[upkeep]
|-damage|p2a: Blissey|79/100|[from] Sandstorm
|-damage|p1a: Blissey|77/100|[from] Sandstorm
|-heal|p2a: Blissey|85/100|[from] item: Leftovers
|-heal|p1a: Blissey|83/100|[from] item: Leftovers
|upkeep
|turn|22
|inactive|Big Nut Bill has 180 seconds left.
|
|t:|1728055802
|switch|p1a: Aerodactyl|Aerodactyl, F|100/100
|move|p2a: Blissey|Thunder Wave|p1a: Aerodactyl
|-status|p1a: Aerodactyl|par
|
|-heal|p2a: Blissey|100/100|[from] move: Wish|[wisher] Blissey
|-weather|Sandstorm|[upkeep]
|-damage|p2a: Blissey|94/100|[from] Sandstorm
|-heal|p2a: Blissey|100/100|[from] item: Leftovers
|upkeep
|turn|23
|
|t:|1728055809
|move|p2a: Blissey|Wish|p2a: Blissey
|move|p1a: Aerodactyl|Earthquake|p2a: Blissey
|-damage|p2a: Blissey|57/100
|
|-weather|Sandstorm|[upkeep]
|-damage|p2a: Blissey|51/100|[from] Sandstorm
|-heal|p2a: Blissey|57/100|[from] item: Leftovers
|upkeep
|turn|24
|
|t:|1728055818
|move|p2a: Blissey|Seismic Toss|p1a: Aerodactyl
|-damage|p1a: Aerodactyl|67/100 par
|move|p1a: Aerodactyl|Earthquake|p2a: Blissey
|-damage|p2a: Blissey|13/100
|
|-heal|p2a: Blissey|63/100|[from] move: Wish|[wisher] Blissey
|-weather|Sandstorm|[upkeep]
|-damage|p2a: Blissey|57/100|[from] Sandstorm
|-heal|p2a: Blissey|63/100|[from] item: Leftovers
|upkeep
|turn|25
|
|t:|1728055822
|switch|p2a: Aerodactyl|Aerodactyl, M|100/100
|move|p1a: Aerodactyl|Earthquake|p2a: Aerodactyl
|-immune|p2a: Aerodactyl
|
|-weather|Sandstorm|[upkeep]
|upkeep
|turn|26
|inactive|Big Nut Bill has 210 seconds left.
|
|t:|1728055846
|switch|p1a: Jirachi|Jirachi|35/100
|-damage|p1a: Jirachi|23/100|[from] Spikes
|move|p2a: Aerodactyl|Rock Slide|p1a: Jirachi
|-resisted|p1a: Jirachi
|-damage|p1a: Jirachi|8/100
|
|-weather|Sandstorm|[upkeep]
|-heal|p1a: Jirachi|14/100|[from] item: Leftovers
|upkeep
|turn|27
|
|t:|1728055858
|switch|p2a: Zapdos|Zapdos|89/100
|move|p1a: Jirachi|Protect||[still]
|-fail|p1a: Jirachi
|
|-weather|Sandstorm|[upkeep]
|-damage|p2a: Zapdos|83/100|[from] Sandstorm
|-heal|p2a: Zapdos|89/100|[from] item: Leftovers
|-heal|p1a: Jirachi|21/100|[from] item: Leftovers
|upkeep
|turn|28
|
|t:|1728055863
|move|p1a: Jirachi|Toxic|p2a: Zapdos
|-status|p2a: Zapdos|tox
|move|p2a: Zapdos|Thunderbolt|p1a: Jirachi
|-damage|p1a: Jirachi|0 fnt
|faint|p1a: Jirachi
|
|t:|1728055882
|switch|p1a: Tyranitar|Tyranitar, F|88/100
|-damage|p1a: Tyranitar|75/100|[from] Spikes
|
|-weather|Sandstorm|[upkeep]
|-damage|p2a: Zapdos|83/100 tox|[from] Sandstorm
|-heal|p2a: Zapdos|89/100 tox|[from] item: Leftovers
|-damage|p2a: Zapdos|83/100 tox|[from] psn
|-heal|p1a: Tyranitar|81/100|[from] item: Leftovers
|upkeep
|turn|29
|
|t:|1728055899
|move|p2a: Zapdos|Thunderbolt|p1a: Tyranitar
|-damage|p1a: Tyranitar|46/100
|move|p1a: Tyranitar|Fire Blast|p2a: Zapdos
|-damage|p2a: Zapdos|58/100 tox
|
|-weather|Sandstorm|[upkeep]
|-damage|p2a: Zapdos|52/100 tox|[from] Sandstorm
|-heal|p2a: Zapdos|58/100 tox|[from] item: Leftovers
|-damage|p2a: Zapdos|46/100 tox|[from] psn
|-heal|p1a: Tyranitar|52/100|[from] item: Leftovers
|upkeep
|turn|30
|
|t:|1728055913
|move|p2a: Zapdos|Rest|p2a: Zapdos
|-status|p2a: Zapdos|slp|[from] move: Rest
|-heal|p2a: Zapdos|100/100 slp|[silent]
|move|p1a: Tyranitar|Pursuit|p2a: Zapdos
|-damage|p2a: Zapdos|88/100 slp
|
|-weather|Sandstorm|[upkeep]
|-damage|p2a: Zapdos|82/100 slp|[from] Sandstorm
|-heal|p2a: Zapdos|88/100 slp|[from] item: Leftovers
|-heal|p1a: Tyranitar|58/100|[from] item: Leftovers
|upkeep
|turn|31
|
|t:|1728055921
|cant|p2a: Zapdos|slp
|move|p2a: Zapdos|Sleep Talk|p2a: Zapdos
|move|p2a: Zapdos|Thunderbolt|p1a: Tyranitar|[from]Sleep Talk
|-damage|p1a: Tyranitar|23/100
|move|p1a: Tyranitar|Crunch|p2a: Zapdos
|-damage|p2a: Zapdos|62/100 slp
|
|-weather|Sandstorm|[upkeep]
|-damage|p2a: Zapdos|56/100 slp|[from] Sandstorm
|-heal|p2a: Zapdos|62/100 slp|[from] item: Leftovers
|-heal|p1a: Tyranitar|29/100|[from] item: Leftovers
|upkeep
|turn|32
|
|t:|1728055926
|cant|p2a: Zapdos|slp
|move|p2a: Zapdos|Sleep Talk|p2a: Zapdos
|move|p2a: Zapdos|Rest|p2a: Zapdos|[from]Sleep Talk
|move|p1a: Tyranitar|Crunch|p2a: Zapdos
|-damage|p2a: Zapdos|37/100 slp
|
|-weather|Sandstorm|[upkeep]
|-damage|p2a: Zapdos|31/100 slp|[from] Sandstorm
|-heal|p2a: Zapdos|37/100 slp|[from] item: Leftovers
|-heal|p1a: Tyranitar|35/100|[from] item: Leftovers
|upkeep
|turn|33
|
|t:|1728055932
|-curestatus|p2a: Zapdos|slp|[msg]
|move|p2a: Zapdos|Thunderbolt|p1a: Tyranitar
|-damage|p1a: Tyranitar|0 fnt
|faint|p1a: Tyranitar
|
|t:|1728055945
|switch|p1a: Salamence|Salamence, M|100/100
|-ability|p1a: Salamence|Intimidate|boost
|-unboost|p2a: Zapdos|atk|1
|
|-weather|Sandstorm|[upkeep]
|-damage|p1a: Salamence|95/100|[from] Sandstorm
|-damage|p2a: Zapdos|31/100|[from] Sandstorm
|-heal|p1a: Salamence|100/100|[from] item: Leftovers
|-heal|p2a: Zapdos|37/100|[from] item: Leftovers
|upkeep
|turn|34
|
|t:|1728055959
|move|p2a: Zapdos|Rest|p2a: Zapdos
|-status|p2a: Zapdos|slp|[from] move: Rest
|-heal|p2a: Zapdos|100/100 slp|[silent]
|move|p1a: Salamence|Roar|p2a: Zapdos
|drag|p2a: Tyranitar|Tyranitar, F|31/100 tox
|
|-weather|Sandstorm|[upkeep]
|-damage|p1a: Salamence|95/100|[from] Sandstorm
|-heal|p1a: Salamence|100/100|[from] item: Leftovers
|-heal|p2a: Tyranitar|37/100 tox|[from] item: Leftovers
|-damage|p2a: Tyranitar|31/100 tox|[from] psn
|upkeep
|turn|35
|
|t:|1728055963
|move|p1a: Salamence|Brick Break|p2a: Tyranitar
|-supereffective|p2a: Tyranitar
|-damage|p2a: Tyranitar|0 fnt
|faint|p2a: Tyranitar
|
|t:|1728055967
|switch|p2a: Aerodactyl|Aerodactyl, M|100/100
|
|-weather|Sandstorm|[upkeep]
|-damage|p1a: Salamence|95/100|[from] Sandstorm
|-heal|p1a: Salamence|100/100|[from] item: Leftovers
|upkeep
|turn|36
|
|t:|1728055973
|move|p2a: Aerodactyl|Rock Slide|p1a: Salamence
|-supereffective|p1a: Salamence
|-damage|p1a: Salamence|0 fnt
|faint|p1a: Salamence
|
|t:|1728055978
|switch|p1a: Blissey|Blissey, F|83/100
|-damage|p1a: Blissey|71/100|[from] Spikes
|
|-weather|Sandstorm|[upkeep]
|-damage|p1a: Blissey|65/100|[from] Sandstorm
|-heal|p1a: Blissey|71/100|[from] item: Leftovers
|upkeep
|turn|37
|
|t:|1728055983
|switch|p2a: Swampert|Swampert, F|95/100
|move|p1a: Blissey|Thunder Wave|p2a: Swampert
|-immune|p2a: Swampert
|
|-weather|Sandstorm|[upkeep]
|-damage|p1a: Blissey|65/100|[from] Sandstorm
|-heal|p2a: Swampert|100/100|[from] item: Leftovers
|-heal|p1a: Blissey|71/100|[from] item: Leftovers
|upkeep
|turn|38
|
|t:|1728055992
|move|p2a: Swampert|Toxic|p1a: Blissey
|-status|p1a: Blissey|tox
|move|p1a: Blissey|Seismic Toss|p2a: Swampert
|-damage|p2a: Swampert|76/100
|
|-weather|Sandstorm|[upkeep]
|-damage|p1a: Blissey|65/100 tox|[from] Sandstorm
|-heal|p2a: Swampert|82/100|[from] item: Leftovers
|-heal|p1a: Blissey|71/100 tox|[from] item: Leftovers
|-damage|p1a: Blissey|65/100 tox|[from] psn
|upkeep
|turn|39
|inactive|Big Nut Bill has 240 seconds left.
|
|t:|1728056005
|-curestatus|p1a: Blissey|tox|[from] ability: Natural Cure
|switch|p1a: Aerodactyl|Aerodactyl, F|67/100 par
|move|p2a: Swampert|Surf|p1a: Aerodactyl
|-supereffective|p1a: Aerodactyl
|-damage|p1a: Aerodactyl|0 fnt
|faint|p1a: Aerodactyl
|
|t:|1728056012
|switch|p1a: Blissey|Blissey, F|65/100
|-damage|p1a: Blissey|52/100|[from] Spikes
|
|-weather|Sandstorm|[upkeep]
|-damage|p1a: Blissey|46/100|[from] Sandstorm
|-heal|p2a: Swampert|88/100|[from] item: Leftovers
|-heal|p1a: Blissey|52/100|[from] item: Leftovers
|upkeep
|turn|40
|inactive|Big Nut Bill has 240 seconds left.
|
|t:|1728056023
|move|p2a: Swampert|Toxic|p1a: Blissey
|-status|p1a: Blissey|tox
|move|p1a: Blissey|Seismic Toss|p2a: Swampert
|-damage|p2a: Swampert|63/100
|
|-weather|Sandstorm|[upkeep]
|-damage|p1a: Blissey|46/100 tox|[from] Sandstorm
|-heal|p2a: Swampert|69/100|[from] item: Leftovers
|-heal|p1a: Blissey|52/100 tox|[from] item: Leftovers
|-damage|p1a: Blissey|46/100 tox|[from] psn
|upkeep
|turn|41
|
|t:|1728056027
|move|p2a: Swampert|Surf|p1a: Blissey
|-damage|p1a: Blissey|35/100 tox
|move|p1a: Blissey|Seismic Toss|p2a: Swampert
|-damage|p2a: Swampert|45/100
|
|-weather|Sandstorm|[upkeep]
|-damage|p1a: Blissey|29/100 tox|[from] Sandstorm
|-heal|p2a: Swampert|51/100|[from] item: Leftovers
|-heal|p1a: Blissey|35/100 tox|[from] item: Leftovers
|-damage|p1a: Blissey|23/100 tox|[from] psn
|upkeep
|turn|42
|
|t:|1728056035
|move|p2a: Swampert|Surf|p1a: Blissey
|-damage|p1a: Blissey|13/100 tox
|move|p1a: Blissey|Soft-Boiled|p1a: Blissey
|-heal|p1a: Blissey|63/100 tox
|
|-weather|Sandstorm|[upkeep]
|-damage|p1a: Blissey|57/100 tox|[from] Sandstorm
|-heal|p2a: Swampert|57/100|[from] item: Leftovers
|-heal|p1a: Blissey|63/100 tox|[from] item: Leftovers
|-damage|p1a: Blissey|44/100 tox|[from] psn
|upkeep
|turn|43
|
|t:|1728056045
|move|p2a: Swampert|Surf|p1a: Blissey
|-damage|p1a: Blissey|35/100 tox
|move|p1a: Blissey|Seismic Toss|p2a: Swampert
|-damage|p2a: Swampert|32/100
|
|-weather|Sandstorm|[upkeep]
|-damage|p1a: Blissey|29/100 tox|[from] Sandstorm
|-heal|p2a: Swampert|38/100|[from] item: Leftovers
|-heal|p1a: Blissey|35/100 tox|[from] item: Leftovers
|-damage|p1a: Blissey|10/100 tox|[from] psn
|upkeep
|turn|44
|c|☆dicerat8|ggwp
|
|t:|1728056052
|move|p2a: Swampert|Surf|p1a: Blissey
|-damage|p1a: Blissey|0 fnt
|faint|p1a: Blissey
|
|win|dicerat8
|c|☆Big Nut Bill|gg
|c|☆dicerat8|copied replay

</script>
<script type="application/json" class="data" id="replaydata-gen3ou-2215841170">
{"id":"gen3ou-2215841170","format":"[Gen 3] OU","players":["Big Nut Bill","dicerat8"],"uploadtime":1728056065,"views":170,"formatid":"gen3ou","rating":null,"private":0,"password":null}
</script>

<script defer src="js/replays.js?9d40a366"></script>
