<!DOCTYPE html>
<meta charset="utf-8" />
<meta name="viewport" content="width=device-width" />

<title>[Gen 3] OU: G3neralR3van vs. UDM31 - Replays - Pok&eacute;mon Showdown!</title>

<meta name="description" content="Watch a replay of a Pok&eacute;mon battle between G3neralR3van and UDM31! Format: [Gen 3] OU; Date: Nov 13, 2024" />
<!--

Hey, you! Looking in the source for the replay log?

You can find them in JSON format, just add `.json` at the end of a replay URL.

https://replay.pokemonshowdown.com/gen7randomdoublesbattle-865046831.json

Or, if you only need the log itself, add `.log` instead:

https://replay.pokemonshowdown.com/gen7randomdoublesbattle-865046831.log

-->

<link rel="stylesheet" href="//pokemonshowdown.com/style/global.css?0.767286132409787" />
<link rel="stylesheet" href="//play.pokemonshowdown.com/style/font-awesome.css?0.9266228007934947" />
<link rel="stylesheet" href="//play.pokemonshowdown.com/style/battle.css?0.7924700842790926" />
<link rel="stylesheet" href="//play.pokemonshowdown.com/style/utilichart.css?0.8777417872839479" />

<!-- Global site tag (gtag.js) - Google Analytics -->
<script async src="https://www.googletagmanager.com/gtag/js?id=UA-26211653-1"></script>
<script>
  window.dataLayer = window.dataLayer || [];
  function gtag(){dataLayer.push(arguments);}
  gtag('js', new Date());

  gtag('config', 'UA-26211653-1');
</script>
<!-- End Google Analytics -->
<!-- Venatus Ad Manager - Install in <HEAD> of page -->
	<script src="https://hb.vntsm.com/v3/live/ad-manager.min.js" type="text/javascript" data-site-id="642aba63ec9a7b11c3c9c1be" data-mode="scan" async></script>
<!-- / Venatus Ad Manager -->

<style>
	@media (max-width:820px) {
		.battle {
			margin: 0 auto;
		}
		.battle-log {
			margin: 7px auto 0;
			max-width: 640px;
			height: 300px;
			position: static;
		}
	}
	.optgroup {
		display: inline-block;
		line-height: 22px;
		font-size: 10pt;
	}
	.optgroup .button {
		height: 25px;
		padding-top: 0;
		padding-bottom: 0;
	}
	.optgroup button.button {
		padding-left: 12px;
		padding-right: 12px;
	}
	.linklist {
		list-style: none;
		margin: 0.5em 0;
		padding: 0;
	}
	.linklist li {
		padding: 2px 0;
	}
	.sidebar {
		float: left;
		width: 320px;
	}
	.bar-wrapper {
		max-width: 1100px;
		margin: 0 auto;
	}
	.bar-wrapper.has-sidebar {
		max-width: 1430px;
	}
	.mainbar {
		margin: 0;
		padding-right: 1px;
	}
	.mainbar.has-sidebar {
		margin-left: 330px;
	}
	@media (min-width: 1511px) {
		.sidebar {
			width: 400px;
		}
		.bar-wrapper.has-sidebar {
			max-width: 1510px;
		}
		.mainbar.has-sidebar {
			margin-left: 410px;
		}
	}
	.section.first-section {
		margin-top: 9px;
	}
	.blocklink small {
		white-space: normal;
	}
	.button {
		vertical-align: middle;
	}
	.replay-controls {
		padding-top: 10px;
	}
	.replay-controls h1 {
		font-size: 16pt;
		font-weight: normal;
		color: #CCC;
	}
	.pagelink {
		text-align: center;
	}
	.pagelink a {
		width: 150px;
	}
	.textbox, .button {
		font-size: 11pt;
		vertical-align: middle;
	}
	@media (max-width: 450px) {
		.button {
			font-size: 9pt;
		}
	}
</style>

<div>

	<header>
		<div class="nav-wrapper"><ul class="nav">
			<li><a class="button nav-first" href="//pokemonshowdown.com/"><img src="//pokemonshowdown.com/images/pokemonshowdownbeta.png" srcset="//pokemonshowdown.com/images/pokemonshowdownbeta.png 1x, //pokemonshowdown.com/images/pokemonshowdownbeta@2x.png 2x" alt="Pok&eacute;mon Showdown" width="146" height="44" /> Home</a></li>
			<li><a class="button" href="//pokemonshowdown.com/dex/">Pok&eacute;dex</a></li>
			<li><a class="button cur" href="/">Replays</a></li>
			<li><a class="button" href="//pokemonshowdown.com/ladder/">Ladder</a></li>
			<li><a class="button nav-last" href="//pokemonshowdown.com/forums/">Forum</a></li>
			<li><a class="button greenbutton nav-first nav-last" href="//play.pokemonshowdown.com/">Play</a></li>
		</ul></div>
	</header>

	<div class="main" id="main">

		<noscript><section class="section">You need to enable JavaScript to use this page; sorry!</section></noscript>

	</div>

</div>

<script defer nomodule src="//play.pokemonshowdown.com/js/lib/ps-polyfill.js"></script>
<script defer src="//play.pokemonshowdown.com/js/lib/preact.min.js"></script>

<script defer src="//play.pokemonshowdown.com/config/config.js?6dec07f6"></script>
<script defer src="//play.pokemonshowdown.com/js/lib/jquery-1.11.0.min.js"></script>
<script defer src="//play.pokemonshowdown.com/js/lib/html-sanitizer-minified.js"></script>
<script defer src="//play.pokemonshowdown.com/js/battle-sound.js"></script>
<script defer src="//play.pokemonshowdown.com/js/battledata.js?0.6315294753075389"></script>
<script defer src="//play.pokemonshowdown.com/data/pokedex-mini.js?0.7603743185311358"></script>
<script defer src="//play.pokemonshowdown.com/data/pokedex-mini-bw.js?0.030888842834281283"></script>
<script defer src="//play.pokemonshowdown.com/data/graphics.js?0.05593094747507488"></script>
<script defer src="//play.pokemonshowdown.com/data/pokedex.js?0.47064822249611904"></script>
<script defer src="//play.pokemonshowdown.com/data/moves.js?0.8583693120512459"></script>
<script defer src="//play.pokemonshowdown.com/data/abilities.js?0.16017181182386842"></script>
<script defer src="//play.pokemonshowdown.com/data/items.js?0.4163379185673943"></script>
<script defer src="//play.pokemonshowdown.com/data/teambuilder-tables.js?0.31075597372830477"></script>
<script defer src="//play.pokemonshowdown.com/js/battle-tooltips.js?0.6536193500708172"></script>
<script defer src="//play.pokemonshowdown.com/js/battle.js?0.1916591943277901"></script>

<script defer src="js/utils.js?e31f9a17"></script>
<script defer src="js/replays-battle.js?7008c182"></script>

<!-- don't scrape this data! just add .json or .log after the URL!
Full API docs: https://github.com/smogon/pokemon-showdown-client/blob/master/WEB-API.md -->
<script type="text/plain" class="log" id="replaylog-smogtours-gen3ou-806181">
|inactive|Battle timer is ON: inactive players will automatically lose when time's up.
|t:|1731532800
|gametype|singles
|player|p1|G3neralR3van|volkner|
|player|p2|UDM31|lucas|
|teamsize|p1|6
|teamsize|p2|6
|gen|3
|tier|[Gen 3] OU
|rule|Sleep Clause Mod: Limit one foe put to sleep
|rule|Switch Priority Clause Mod: Faster Pokémon switch first
|rule|Species Clause: Limit one of each Pokémon
|rule|OHKO Clause: OHKO moves are banned
|rule|Evasion Items Clause: Evasion items are banned
|rule|Evasion Moves Clause: Evasion moves are banned
|rule|Endless Battle Clause: Forcing endless battles is banned
|rule|HP Percentage Mod: HP is shown in percentages
|rule|One Boost Passer Clause: Limit one Baton Passer that has a way to boost its stats
|rule|Freeze Clause Mod: Limit one foe frozen
|
|t:|1731532800
|start
|switch|p1a: Tyranitar|Tyranitar, M|100/100
|switch|p2a: Aerodactyl|Aerodactyl, M|100/100
|-weather|Sandstorm|[from] ability: Sand Stream|[of] p1a: Tyranitar
|turn|1
|
|t:|1731532816
|switch|p2a: Skarmory|Skarmory, M|100/100
|switch|p1a: Celebi|Celebi|100/100
|
|-weather|Sandstorm|[upkeep]
|-damage|p1a: Celebi|94/100|[from] Sandstorm
|-heal|p1a: Celebi|100/100|[from] item: Leftovers
|upkeep
|turn|2
|
|t:|1731532820
|move|p1a: Celebi|Leech Seed|p2a: Skarmory
|-start|p2a: Skarmory|move: Leech Seed
|move|p2a: Skarmory|Spikes|p1a: Celebi
|-sidestart|p1: G3neralR3van|Spikes
|
|-weather|Sandstorm|[upkeep]
|-damage|p1a: Celebi|94/100|[from] Sandstorm
|-heal|p1a: Celebi|100/100|[from] item: Leftovers
|-damage|p2a: Skarmory|88/100|[from] Leech Seed|[of] p1a: Celebi
|upkeep
|turn|3
|
|t:|1731532841
|switch|p1a: Jirachi|Jirachi|100/100
|-damage|p1a: Jirachi|88/100|[from] Spikes
|switch|p2a: Tyranitar|Tyranitar, M|100/100
|
|-weather|Sandstorm|[upkeep]
|-heal|p1a: Jirachi|94/100|[from] item: Leftovers
|upkeep
|turn|4
|c|☆G3neralR3van|gl hf again
|c|☆UDM31|u2
|c|☆UDM31|sorry I didn't say that earlier
|c|☆G3neralR3van|np at all lol
|
|t:|1731532860
|switch|p1a: Flygon|Flygon, F|100/100
|move|p2a: Tyranitar|Dragon Dance|p2a: Tyranitar
|-boost|p2a: Tyranitar|atk|1
|-boost|p2a: Tyranitar|spe|1
|
|-weather|Sandstorm|[upkeep]
|upkeep
|turn|5
|inactive|UDM31 has 270 seconds left.
|
|t:|1731532877
|switch|p2a: Gengar|Gengar, F|100/100
|move|p1a: Flygon|Earthquake|p2a: Gengar
|-immune|p2a: Gengar
|
|-weather|Sandstorm|[upkeep]
|-damage|p2a: Gengar|94/100|[from] Sandstorm
|-heal|p2a: Gengar|100/100|[from] item: Leftovers
|upkeep
|turn|6
|
|t:|1731532885
|switch|p2a: Skarmory|Skarmory, M|88/100
|move|p1a: Flygon|Protect||[still]
|-fail|p1a: Flygon
|
|-weather|Sandstorm|[upkeep]
|-heal|p2a: Skarmory|94/100|[from] item: Leftovers
|upkeep
|turn|7
|inactive|UDM31 has 270 seconds left.
|
|t:|1731532902
|switch|p1a: Breloom|Breloom, F|100/100
|-damage|p1a: Breloom|88/100|[from] Spikes
|move|p2a: Skarmory|Roar|p1a: Breloom
|drag|p1a: Milotic|Milotic, F|100/100
|-damage|p1a: Milotic|88/100|[from] Spikes
|
|-weather|Sandstorm|[upkeep]
|-damage|p1a: Milotic|82/100|[from] Sandstorm
|-heal|p1a: Milotic|88/100|[from] item: Leftovers
|-heal|p2a: Skarmory|99/100|[from] item: Leftovers
|upkeep
|turn|8
|inactive|UDM31 has 270 seconds left.
|inactive|UDM31 has 240 seconds left.
|
|t:|1731532947
|switch|p1a: Jirachi|Jirachi|94/100
|-damage|p1a: Jirachi|82/100|[from] Spikes
|move|p2a: Skarmory|Spikes|p1a: Jirachi
|-sidestart|p1: G3neralR3van|Spikes
|
|-weather|Sandstorm|[upkeep]
|-heal|p1a: Jirachi|88/100|[from] item: Leftovers
|-heal|p2a: Skarmory|100/100|[from] item: Leftovers
|upkeep
|turn|9
|
|t:|1731532955
|move|p1a: Jirachi|Calm Mind|p1a: Jirachi
|-boost|p1a: Jirachi|spa|1
|-boost|p1a: Jirachi|spd|1
|move|p2a: Skarmory|Spikes|p1a: Jirachi
|-sidestart|p1: G3neralR3van|Spikes
|
|-weather|Sandstorm|[upkeep]
|-heal|p1a: Jirachi|94/100|[from] item: Leftovers
|upkeep
|turn|10
|
|t:|1731532962
|move|p1a: Jirachi|Fire Punch|p2a: Skarmory
|-supereffective|p2a: Skarmory
|-crit|p2a: Skarmory
|-damage|p2a: Skarmory|0 fnt
|faint|p2a: Skarmory
|
|t:|1731532968
|switch|p2a: Blissey|Blissey, F|100/100
|
|-weather|Sandstorm|[upkeep]
|-damage|p2a: Blissey|94/100|[from] Sandstorm
|-heal|p1a: Jirachi|100/100|[from] item: Leftovers
|-heal|p2a: Blissey|100/100|[from] item: Leftovers
|upkeep
|turn|11
|
|t:|1731532971
|move|p1a: Jirachi|Calm Mind|p1a: Jirachi
|-boost|p1a: Jirachi|spa|1
|-boost|p1a: Jirachi|spd|1
|move|p2a: Blissey|Thunder Wave|p1a: Jirachi
|-status|p1a: Jirachi|par
|
|-weather|Sandstorm|[upkeep]
|-damage|p2a: Blissey|94/100|[from] Sandstorm
|-heal|p2a: Blissey|100/100|[from] item: Leftovers
|upkeep
|turn|12
|
|t:|1731532975
|move|p2a: Blissey|Seismic Toss|p1a: Jirachi
|-damage|p1a: Jirachi|71/100 par
|move|p1a: Jirachi|Calm Mind|p1a: Jirachi
|-boost|p1a: Jirachi|spa|1
|-boost|p1a: Jirachi|spd|1
|
|-weather|Sandstorm|[upkeep]
|-damage|p2a: Blissey|94/100|[from] Sandstorm
|-heal|p2a: Blissey|100/100|[from] item: Leftovers
|-heal|p1a: Jirachi|77/100 par|[from] item: Leftovers
|upkeep
|turn|13
|
|t:|1731532981
|move|p2a: Blissey|Seismic Toss|p1a: Jirachi
|-damage|p1a: Jirachi|48/100 par
|move|p1a: Jirachi|Psychic|p2a: Blissey
|-damage|p2a: Blissey|60/100
|
|-weather|Sandstorm|[upkeep]
|-damage|p2a: Blissey|54/100|[from] Sandstorm
|-heal|p2a: Blissey|60/100|[from] item: Leftovers
|-heal|p1a: Jirachi|54/100 par|[from] item: Leftovers
|upkeep
|turn|14
|inactive|UDM31 has 270 seconds left.
|
|t:|1731533016
|switch|p1a: Breloom|Breloom, F|88/100
|-damage|p1a: Breloom|63/100|[from] Spikes
|move|p2a: Blissey|Soft-Boiled|p2a: Blissey
|-heal|p2a: Blissey|100/100
|
|-weather|Sandstorm|[upkeep]
|-damage|p1a: Breloom|57/100|[from] Sandstorm
|-damage|p2a: Blissey|94/100|[from] Sandstorm
|-heal|p1a: Breloom|63/100|[from] item: Leftovers
|-heal|p2a: Blissey|100/100|[from] item: Leftovers
|upkeep
|turn|15
|inactive|UDM31 has 240 seconds left.
|
|t:|1731533066
|move|p1a: Breloom|Spore|p2a: Blissey
|-status|p2a: Blissey|slp|[from] move: Spore
|cant|p2a: Blissey|slp
|
|-weather|Sandstorm|[upkeep]
|-damage|p1a: Breloom|57/100|[from] Sandstorm
|-damage|p2a: Blissey|94/100 slp|[from] Sandstorm
|-heal|p1a: Breloom|63/100|[from] item: Leftovers
|-heal|p2a: Blissey|100/100 slp|[from] item: Leftovers
|upkeep
|turn|16
|
|t:|1731533070
|-curestatus|p2a: Blissey|slp|[from] ability: Natural Cure
|switch|p2a: Gengar|Gengar, F|100/100
|move|p1a: Breloom|Spore|p2a: Gengar
|-status|p2a: Gengar|slp|[from] move: Spore
|
|-weather|Sandstorm|[upkeep]
|-damage|p2a: Gengar|94/100 slp|[from] Sandstorm
|-damage|p1a: Breloom|57/100|[from] Sandstorm
|-heal|p2a: Gengar|100/100 slp|[from] item: Leftovers
|-heal|p1a: Breloom|63/100|[from] item: Leftovers
|upkeep
|turn|17
|
|t:|1731533092
|switch|p2a: Swampert|Swampert, M|100/100
|move|p1a: Breloom|Stun Spore|p2a: Swampert
|-status|p2a: Swampert|par
|
|-weather|Sandstorm|[upkeep]
|-damage|p1a: Breloom|57/100|[from] Sandstorm
|-heal|p1a: Breloom|63/100|[from] item: Leftovers
|upkeep
|turn|18
|
|t:|1731533112
|switch|p1a: Milotic|Milotic, F|88/100
|-damage|p1a: Milotic|63/100|[from] Spikes
|move|p2a: Swampert|Ice Beam|p1a: Milotic
|-resisted|p1a: Milotic
|-damage|p1a: Milotic|56/100
|-status|p1a: Milotic|frz
|
|-weather|Sandstorm|[upkeep]
|-damage|p1a: Milotic|50/100 frz|[from] Sandstorm
|-heal|p1a: Milotic|56/100 frz|[from] item: Leftovers
|upkeep
|turn|19
|inactive|UDM31 has 210 seconds left.
|
|t:|1731533138
|switch|p2a: Tyranitar|Tyranitar, M|100/100
|cant|p1a: Milotic|frz
|
|-weather|Sandstorm|[upkeep]
|-damage|p1a: Milotic|50/100 frz|[from] Sandstorm
|-heal|p1a: Milotic|56/100 frz|[from] item: Leftovers
|upkeep
|turn|20
|
|t:|1731533142
|switch|p1a: Flygon|Flygon, F|100/100
|move|p2a: Tyranitar|Dragon Dance|p2a: Tyranitar
|-boost|p2a: Tyranitar|atk|1
|-boost|p2a: Tyranitar|spe|1
|
|-weather|Sandstorm|[upkeep]
|upkeep
|turn|21
|
|t:|1731533152
|switch|p2a: Swampert|Swampert, M|100/100 par
|move|p1a: Flygon|Earthquake|p2a: Swampert
|-damage|p2a: Swampert|77/100 par
|
|-weather|Sandstorm|[upkeep]
|-heal|p2a: Swampert|83/100 par|[from] item: Leftovers
|upkeep
|turn|22
|
|t:|1731533166
|move|p1a: Flygon|Earthquake|p2a: Swampert
|-damage|p2a: Swampert|59/100 par
|cant|p2a: Swampert|par
|
|-weather|Sandstorm|[upkeep]
|-heal|p2a: Swampert|65/100 par|[from] item: Leftovers
|upkeep
|turn|23
|
|t:|1731533176
|switch|p1a: Jirachi|Jirachi|54/100 par
|-damage|p1a: Jirachi|29/100 par|[from] Spikes
|cant|p2a: Swampert|par
|
|-weather|Sandstorm|[upkeep]
|-heal|p1a: Jirachi|35/100 par|[from] item: Leftovers
|-heal|p2a: Swampert|71/100 par|[from] item: Leftovers
|upkeep
|turn|24
|
|t:|1731533190
|switch|p2a: Blissey|Blissey, F|100/100
|cant|p1a: Jirachi|par
|
|-weather|Sandstorm|[upkeep]
|-damage|p2a: Blissey|94/100|[from] Sandstorm
|-heal|p2a: Blissey|100/100|[from] item: Leftovers
|-heal|p1a: Jirachi|42/100 par|[from] item: Leftovers
|upkeep
|turn|25
|
|t:|1731533205
|switch|p1a: Celebi|Celebi|100/100
|-damage|p1a: Celebi|75/100|[from] Spikes
|move|p2a: Blissey|Seismic Toss|p1a: Celebi
|-damage|p1a: Celebi|51/100
|
|-weather|Sandstorm|[upkeep]
|-damage|p1a: Celebi|45/100|[from] Sandstorm
|-damage|p2a: Blissey|94/100|[from] Sandstorm
|-heal|p1a: Celebi|51/100|[from] item: Leftovers
|-heal|p2a: Blissey|100/100|[from] item: Leftovers
|upkeep
|turn|26
|
|t:|1731533214
|move|p1a: Celebi|Leech Seed|p2a: Blissey
|-start|p2a: Blissey|move: Leech Seed
|move|p2a: Blissey|Ice Beam|p1a: Celebi
|-supereffective|p1a: Celebi
|-damage|p1a: Celebi|14/100
|
|-weather|Sandstorm|[upkeep]
|-damage|p1a: Celebi|8/100|[from] Sandstorm
|-damage|p2a: Blissey|94/100|[from] Sandstorm
|-heal|p1a: Celebi|14/100|[from] item: Leftovers
|-heal|p2a: Blissey|100/100|[from] item: Leftovers
|-damage|p2a: Blissey|88/100|[from] Leech Seed|[of] p1a: Celebi
|-heal|p1a: Celebi|34/100|[silent]
|upkeep
|turn|27
|
|t:|1731533219
|switch|p2a: Tyranitar|Tyranitar, M|100/100
|move|p1a: Celebi|Recover|p1a: Celebi
|-heal|p1a: Celebi|84/100
|
|-weather|Sandstorm|[upkeep]
|-damage|p1a: Celebi|78/100|[from] Sandstorm
|-heal|p1a: Celebi|84/100|[from] item: Leftovers
|upkeep
|turn|28
|
|t:|1731533230
|switch|p1a: Flygon|Flygon, F|100/100
|switch|p2a: Blissey|Blissey, F|88/100
|
|-weather|Sandstorm|[upkeep]
|-damage|p2a: Blissey|82/100|[from] Sandstorm
|-heal|p2a: Blissey|88/100|[from] item: Leftovers
|upkeep
|turn|29
|
|t:|1731533238
|switch|p1a: Tyranitar|Tyranitar, M|100/100
|-damage|p1a: Tyranitar|76/100|[from] Spikes
|move|p2a: Blissey|Ice Beam|p1a: Tyranitar
|-damage|p1a: Tyranitar|56/100
|
|-weather|Sandstorm|[upkeep]
|-damage|p2a: Blissey|82/100|[from] Sandstorm
|-heal|p1a: Tyranitar|62/100|[from] item: Leftovers
|-heal|p2a: Blissey|88/100|[from] item: Leftovers
|upkeep
|turn|30
|
|t:|1731533252
|switch|p2a: Swampert|Swampert, M|71/100 par
|move|p1a: Tyranitar|Rock Slide|p2a: Swampert
|-resisted|p2a: Swampert
|-damage|p2a: Swampert|56/100 par
|
|-weather|Sandstorm|[upkeep]
|-heal|p1a: Tyranitar|68/100|[from] item: Leftovers
|-heal|p2a: Swampert|63/100 par|[from] item: Leftovers
|upkeep
|turn|31
|
|t:|1731533272
|switch|p1a: Celebi|Celebi|84/100
|-damage|p1a: Celebi|59/100|[from] Spikes
|cant|p2a: Swampert|par
|
|-weather|Sandstorm|[upkeep]
|-damage|p1a: Celebi|53/100|[from] Sandstorm
|-heal|p1a: Celebi|59/100|[from] item: Leftovers
|-heal|p2a: Swampert|69/100 par|[from] item: Leftovers
|upkeep
|turn|32
|inactive|UDM31 has 240 seconds left.
|
|t:|1731533293
|switch|p2a: Blissey|Blissey, F|88/100
|move|p1a: Celebi|Leech Seed|p2a: Blissey
|-start|p2a: Blissey|move: Leech Seed
|
|-weather|Sandstorm|[upkeep]
|-damage|p1a: Celebi|53/100|[from] Sandstorm
|-damage|p2a: Blissey|82/100|[from] Sandstorm
|-heal|p1a: Celebi|59/100|[from] item: Leftovers
|-heal|p2a: Blissey|88/100|[from] item: Leftovers
|-damage|p2a: Blissey|76/100|[from] Leech Seed|[of] p1a: Celebi
|-heal|p1a: Celebi|79/100|[silent]
|upkeep
|turn|33
|
|t:|1731533308
|move|p1a: Celebi|Hidden Power|p2a: Blissey
|-damage|p2a: Blissey|66/100
|move|p2a: Blissey|Thunder Wave|p1a: Celebi
|-status|p1a: Celebi|par
|
|-weather|Sandstorm|[upkeep]
|-damage|p2a: Blissey|60/100|[from] Sandstorm
|-damage|p1a: Celebi|73/100 par|[from] Sandstorm
|-heal|p2a: Blissey|66/100|[from] item: Leftovers
|-damage|p2a: Blissey|53/100|[from] Leech Seed|[of] p1a: Celebi
|-heal|p1a: Celebi|93/100 par|[silent]
|-heal|p1a: Celebi|99/100 par|[from] item: Leftovers
|upkeep
|turn|34
|inactive|UDM31 has 240 seconds left.
|
|t:|1731533328
|switch|p2a: Aerodactyl|Aerodactyl, M|100/100
|move|p1a: Celebi|Hidden Power|p2a: Aerodactyl
|-damage|p2a: Aerodactyl|62/100
|
|-weather|Sandstorm|[upkeep]
|-damage|p1a: Celebi|93/100 par|[from] Sandstorm
|-heal|p1a: Celebi|99/100 par|[from] item: Leftovers
|upkeep
|turn|35
|inactive|UDM31 has 240 seconds left.
|
|t:|1731533336
|-curestatus|p1a: Celebi|par|[from] ability: Natural Cure
|switch|p1a: Milotic|Milotic, F|56/100 frz
|-damage|p1a: Milotic|31/100 frz|[from] Spikes
|move|p2a: Aerodactyl|Hidden Power|p1a: Milotic
|-damage|p1a: Milotic|7/100 frz
|
|-weather|Sandstorm|[upkeep]
|-damage|p1a: Milotic|1/100 frz|[from] Sandstorm
|-heal|p1a: Milotic|7/100 frz|[from] item: Leftovers
|upkeep
|turn|36
|
|t:|1731533343
|move|p2a: Aerodactyl|Hidden Power|p1a: Milotic
|-damage|p1a: Milotic|0 fnt
|faint|p1a: Milotic
|
|t:|1731533345
|switch|p1a: Flygon|Flygon, F|100/100
|
|-weather|Sandstorm|[upkeep]
|upkeep
|turn|37
|
|t:|1731533355
|switch|p2a: Gengar|Gengar, F|100/100 slp
|move|p1a: Flygon|Rock Slide|p2a: Gengar|[miss]
|-miss|p1a: Flygon|p2a: Gengar
|
|-weather|Sandstorm|[upkeep]
|-damage|p2a: Gengar|94/100 slp|[from] Sandstorm
|-heal|p2a: Gengar|100/100 slp|[from] item: Leftovers
|upkeep
|turn|38
|
|t:|1731533363
|switch|p2a: Swampert|Swampert, M|69/100 par
|move|p1a: Flygon|Rock Slide|p2a: Swampert
|-resisted|p2a: Swampert
|-damage|p2a: Swampert|63/100 par
|
|-weather|Sandstorm|[upkeep]
|-heal|p2a: Swampert|69/100 par|[from] item: Leftovers
|upkeep
|turn|39
|inactive|UDM31 has 270 seconds left.
|
|t:|1731533374
|switch|p1a: Jirachi|Jirachi|42/100 par
|-damage|p1a: Jirachi|17/100 par|[from] Spikes
|move|p2a: Swampert|Ice Beam|p1a: Jirachi
|-resisted|p1a: Jirachi
|-damage|p1a: Jirachi|7/100 par
|
|-weather|Sandstorm|[upkeep]
|-heal|p1a: Jirachi|13/100 par|[from] item: Leftovers
|-heal|p2a: Swampert|75/100 par|[from] item: Leftovers
|upkeep
|turn|40
|inactive|UDM31 has 270 seconds left.
|
|t:|1731533386
|switch|p2a: Blissey|Blissey, F|53/100
|move|p1a: Jirachi|Hidden Power|p2a: Blissey
|-damage|p2a: Blissey|45/100
|
|-weather|Sandstorm|[upkeep]
|-damage|p2a: Blissey|39/100|[from] Sandstorm
|-heal|p2a: Blissey|45/100|[from] item: Leftovers
|-heal|p1a: Jirachi|20/100 par|[from] item: Leftovers
|upkeep
|turn|41
|
|t:|1731533391
|move|p2a: Blissey|Soft-Boiled|p2a: Blissey
|-heal|p2a: Blissey|95/100
|move|p1a: Jirachi|Psychic|p2a: Blissey
|-damage|p2a: Blissey|79/100
|
|-weather|Sandstorm|[upkeep]
|-damage|p2a: Blissey|73/100|[from] Sandstorm
|-heal|p2a: Blissey|79/100|[from] item: Leftovers
|-heal|p1a: Jirachi|26/100 par|[from] item: Leftovers
|upkeep
|turn|42
|inactive|UDM31 has 270 seconds left.
|
|t:|1731533408
|move|p2a: Blissey|Seismic Toss|p1a: Jirachi
|-damage|p1a: Jirachi|0 fnt
|faint|p1a: Jirachi
|
|t:|1731533414
|switch|p1a: Breloom|Breloom, F|63/100
|-damage|p1a: Breloom|38/100|[from] Spikes
|
|-weather|Sandstorm|[upkeep]
|-damage|p1a: Breloom|32/100|[from] Sandstorm
|-damage|p2a: Blissey|73/100|[from] Sandstorm
|-heal|p1a: Breloom|38/100|[from] item: Leftovers
|-heal|p2a: Blissey|79/100|[from] item: Leftovers
|upkeep
|turn|43
|inactive|UDM31 has 270 seconds left.
|
|t:|1731533443
|switch|p1a: Tyranitar|Tyranitar, M|68/100
|-damage|p1a: Tyranitar|44/100|[from] Spikes
|switch|p2a: Gengar|Gengar, F|100/100 slp
|
|-weather|Sandstorm|[upkeep]
|-damage|p2a: Gengar|94/100 slp|[from] Sandstorm
|-heal|p2a: Gengar|100/100 slp|[from] item: Leftovers
|-heal|p1a: Tyranitar|50/100|[from] item: Leftovers
|upkeep
|turn|44
|
|t:|1731533452
|switch|p2a: Swampert|Swampert, M|75/100 par
|move|p1a: Tyranitar|Earthquake|p2a: Swampert
|-damage|p2a: Swampert|48/100 par
|
|-weather|Sandstorm|[upkeep]
|-heal|p1a: Tyranitar|56/100|[from] item: Leftovers
|-heal|p2a: Swampert|54/100 par|[from] item: Leftovers
|upkeep
|turn|45
|inactive|UDM31 has 270 seconds left.
|
|t:|1731533463
|move|p1a: Tyranitar|Earthquake|p2a: Swampert
|-damage|p2a: Swampert|28/100 par
|move|p2a: Swampert|Earthquake|p1a: Tyranitar
|-supereffective|p1a: Tyranitar
|-damage|p1a: Tyranitar|0 fnt
|faint|p1a: Tyranitar
|
|t:|1731533468
|switch|p1a: Celebi|Celebi|99/100
|-damage|p1a: Celebi|75/100|[from] Spikes
|
|-weather|Sandstorm|[upkeep]
|-damage|p1a: Celebi|68/100|[from] Sandstorm
|-heal|p1a: Celebi|75/100|[from] item: Leftovers
|-heal|p2a: Swampert|34/100 par|[from] item: Leftovers
|upkeep
|turn|46
|inactive|UDM31 has 270 seconds left.
|
|t:|1731533510
|switch|p2a: Blissey|Blissey, F|79/100
|move|p1a: Celebi|Hidden Power|p2a: Blissey
|-damage|p2a: Blissey|68/100
|
|-weather|Sandstorm|[upkeep]
|-damage|p1a: Celebi|68/100|[from] Sandstorm
|-damage|p2a: Blissey|62/100|[from] Sandstorm
|-heal|p1a: Celebi|75/100|[from] item: Leftovers
|-heal|p2a: Blissey|68/100|[from] item: Leftovers
|upkeep
|turn|47
|
|t:|1731533519
|move|p1a: Celebi|Leech Seed|p2a: Blissey
|-start|p2a: Blissey|move: Leech Seed
|move|p2a: Blissey|Ice Beam|p1a: Celebi
|-supereffective|p1a: Celebi
|-damage|p1a: Celebi|37/100
|
|-weather|Sandstorm|[upkeep]
|-damage|p1a: Celebi|31/100|[from] Sandstorm
|-damage|p2a: Blissey|62/100|[from] Sandstorm
|-heal|p1a: Celebi|37/100|[from] item: Leftovers
|-heal|p2a: Blissey|68/100|[from] item: Leftovers
|-damage|p2a: Blissey|56/100|[from] Leech Seed|[of] p1a: Celebi
|-heal|p1a: Celebi|57/100|[silent]
|upkeep
|turn|48
|
|t:|1731533534
|move|p1a: Celebi|Recover|p1a: Celebi
|-heal|p1a: Celebi|100/100
|move|p2a: Blissey|Ice Beam|p1a: Celebi
|-supereffective|p1a: Celebi
|-damage|p1a: Celebi|65/100
|
|-weather|Sandstorm|[upkeep]
|-damage|p1a: Celebi|59/100|[from] Sandstorm
|-damage|p2a: Blissey|50/100|[from] Sandstorm
|-heal|p1a: Celebi|65/100|[from] item: Leftovers
|-heal|p2a: Blissey|56/100|[from] item: Leftovers
|-damage|p2a: Blissey|44/100|[from] Leech Seed|[of] p1a: Celebi
|-heal|p1a: Celebi|85/100|[silent]
|upkeep
|turn|49
|
|t:|1731533547
|move|p1a: Celebi|Hidden Power|p2a: Blissey
|-damage|p2a: Blissey|32/100
|move|p2a: Blissey|Soft-Boiled|p2a: Blissey
|-heal|p2a: Blissey|82/100
|
|-weather|Sandstorm|[upkeep]
|-damage|p1a: Celebi|79/100|[from] Sandstorm
|-damage|p2a: Blissey|76/100|[from] Sandstorm
|-heal|p1a: Celebi|85/100|[from] item: Leftovers
|-heal|p2a: Blissey|82/100|[from] item: Leftovers
|-damage|p2a: Blissey|70/100|[from] Leech Seed|[of] p1a: Celebi
|-heal|p1a: Celebi|100/100|[silent]
|upkeep
|turn|50
|inactive|UDM31 has 240 seconds left.
|
|t:|1731533590
|move|p1a: Celebi|Hidden Power|p2a: Blissey
|-damage|p2a: Blissey|60/100
|move|p2a: Blissey|Soft-Boiled|p2a: Blissey
|-heal|p2a: Blissey|100/100
|
|-weather|Sandstorm|[upkeep]
|-damage|p1a: Celebi|94/100|[from] Sandstorm
|-damage|p2a: Blissey|94/100|[from] Sandstorm
|-heal|p1a: Celebi|100/100|[from] item: Leftovers
|-heal|p2a: Blissey|100/100|[from] item: Leftovers
|-damage|p2a: Blissey|88/100|[from] Leech Seed|[of] p1a: Celebi
|upkeep
|turn|51
|
|t:|1731533596
|move|p1a: Celebi|Hidden Power|p2a: Blissey
|-damage|p2a: Blissey|77/100
|move|p2a: Blissey|Thunder Wave|p1a: Celebi
|-status|p1a: Celebi|par
|
|-weather|Sandstorm|[upkeep]
|-damage|p2a: Blissey|71/100|[from] Sandstorm
|-damage|p1a: Celebi|94/100 par|[from] Sandstorm
|-heal|p2a: Blissey|77/100|[from] item: Leftovers
|-damage|p2a: Blissey|65/100|[from] Leech Seed|[of] p1a: Celebi
|-heal|p1a: Celebi|100/100 par|[silent]
|upkeep
|turn|52
|inactive|UDM31 has 240 seconds left.
|
|t:|1731533609
|switch|p2a: Tyranitar|Tyranitar, M|100/100
|cant|p1a: Celebi|par
|
|-weather|Sandstorm|[upkeep]
|-damage|p1a: Celebi|94/100 par|[from] Sandstorm
|-heal|p1a: Celebi|100/100 par|[from] item: Leftovers
|upkeep
|turn|53
|inactive|UDM31 has 240 seconds left.
|
|t:|1731533620
|switch|p2a: Blissey|Blissey, F|65/100
|-curestatus|p1a: Celebi|par|[from] ability: Natural Cure
|switch|p1a: Flygon|Flygon, F|100/100
|
|-weather|Sandstorm|[upkeep]
|-damage|p2a: Blissey|58/100|[from] Sandstorm
|-heal|p2a: Blissey|65/100|[from] item: Leftovers
|upkeep
|turn|54
|
|t:|1731533638
|move|p1a: Flygon|Toxic|p2a: Blissey
|-status|p2a: Blissey|tox
|move|p2a: Blissey|Ice Beam|p1a: Flygon
|-supereffective|p1a: Flygon
|-damage|p1a: Flygon|0 fnt
|faint|p1a: Flygon
|
|t:|1731533652
|switch|p1a: Breloom|Breloom, F|38/100
|-damage|p1a: Breloom|14/100|[from] Spikes
|
|-weather|Sandstorm|[upkeep]
|-damage|p1a: Breloom|7/100|[from] Sandstorm
|-damage|p2a: Blissey|58/100 tox|[from] Sandstorm
|-heal|p1a: Breloom|14/100|[from] item: Leftovers
|-heal|p2a: Blissey|65/100 tox|[from] item: Leftovers
|-damage|p2a: Blissey|58/100 tox|[from] psn
|upkeep
|turn|55
|inactive|UDM31 has 240 seconds left.
|
|t:|1731533693
|-curestatus|p2a: Blissey|tox|[from] ability: Natural Cure
|switch|p2a: Gengar|Gengar, F|100/100 slp
|move|p1a: Breloom|Brick Break|p2a: Gengar
|-immune|p2a: Gengar
|
|-weather|Sandstorm|[upkeep]
|-damage|p2a: Gengar|94/100 slp|[from] Sandstorm
|-damage|p1a: Breloom|7/100|[from] Sandstorm
|-heal|p2a: Gengar|100/100 slp|[from] item: Leftovers
|-heal|p1a: Breloom|14/100|[from] item: Leftovers
|upkeep
|turn|56
|
|t:|1731533701
|-singleturn|p1a: Breloom|move: Focus Punch
|cant|p2a: Gengar|slp
|move|p1a: Breloom|Focus Punch|p2a: Gengar
|-immune|p2a: Gengar
|
|-weather|Sandstorm|[upkeep]
|-damage|p2a: Gengar|94/100 slp|[from] Sandstorm
|-damage|p1a: Breloom|7/100|[from] Sandstorm
|-heal|p2a: Gengar|100/100 slp|[from] item: Leftovers
|-heal|p1a: Breloom|14/100|[from] item: Leftovers
|upkeep
|turn|57
|
|t:|1731533705
|-singleturn|p1a: Breloom|move: Focus Punch
|cant|p2a: Gengar|slp
|move|p1a: Breloom|Focus Punch|p2a: Gengar
|-immune|p2a: Gengar
|
|-weather|Sandstorm|[upkeep]
|-damage|p2a: Gengar|94/100 slp|[from] Sandstorm
|-damage|p1a: Breloom|7/100|[from] Sandstorm
|-heal|p2a: Gengar|100/100 slp|[from] item: Leftovers
|-heal|p1a: Breloom|14/100|[from] item: Leftovers
|upkeep
|turn|58
|
|t:|1731533708
|-singleturn|p1a: Breloom|move: Focus Punch
|cant|p2a: Gengar|slp
|move|p1a: Breloom|Focus Punch|p2a: Gengar
|-immune|p2a: Gengar
|
|-weather|Sandstorm|[upkeep]
|-damage|p2a: Gengar|94/100 slp|[from] Sandstorm
|-damage|p1a: Breloom|7/100|[from] Sandstorm
|-heal|p2a: Gengar|100/100 slp|[from] item: Leftovers
|-heal|p1a: Breloom|14/100|[from] item: Leftovers
|upkeep
|turn|59
|
|t:|1731533714
|cant|p2a: Gengar|slp
|move|p1a: Breloom|Stun Spore||[still]
|-fail|p1a: Breloom
|
|-weather|Sandstorm|[upkeep]
|-damage|p2a: Gengar|94/100 slp|[from] Sandstorm
|-damage|p1a: Breloom|7/100|[from] Sandstorm
|-heal|p2a: Gengar|100/100 slp|[from] item: Leftovers
|-heal|p1a: Breloom|14/100|[from] item: Leftovers
|upkeep
|turn|60
|
|t:|1731533717
|-curestatus|p2a: Gengar|slp|[msg]
|move|p2a: Gengar|Ice Punch|p1a: Breloom
|-supereffective|p1a: Breloom
|-damage|p1a: Breloom|0 fnt
|faint|p1a: Breloom
|
|t:|1731533720
|switch|p1a: Celebi|Celebi|100/100
|-damage|p1a: Celebi|75/100|[from] Spikes
|
|-weather|Sandstorm|[upkeep]
|-damage|p2a: Gengar|94/100|[from] Sandstorm
|-damage|p1a: Celebi|69/100|[from] Sandstorm
|-heal|p2a: Gengar|100/100|[from] item: Leftovers
|-heal|p1a: Celebi|75/100|[from] item: Leftovers
|upkeep
|turn|61
|
|t:|1731533727
|move|p2a: Gengar|Explosion|p1a: Celebi
|-damage|p1a: Celebi|22/100
|faint|p2a: Gengar
|
|t:|1731533730
|switch|p2a: Aerodactyl|Aerodactyl, M|62/100
|
|-weather|Sandstorm|[upkeep]
|-damage|p1a: Celebi|16/100|[from] Sandstorm
|-heal|p1a: Celebi|22/100|[from] item: Leftovers
|upkeep
|turn|62
|c|☆G3neralR3van|gg
|
|t:|1731533733
|move|p2a: Aerodactyl|Hidden Power|p1a: Celebi
|-supereffective|p1a: Celebi
|-damage|p1a: Celebi|0 fnt
|faint|p1a: Celebi
|
|win|UDM31
|c|☆UDM31|gg
|player|p1|

</script>
<script type="application/json" class="data" id="replaydata-smogtours-gen3ou-806181">
{"id":"smogtours-gen3ou-806181","format":"[Gen 3] OU","players":["G3neralR3van","UDM31"],"uploadtime":1731533733,"views":18,"formatid":"gen3ou","rating":null,"private":1,"password":null}
</script>

<script defer src="js/replays.js?9d40a366"></script>
