<!DOCTYPE html>
<meta charset="utf-8" />
<meta name="viewport" content="width=device-width" />

<title>[Gen 3] OU: urenext°•° vs. 13ased - Replays - Pok&eacute;mon Showdown!</title>

<meta name="description" content="Watch a replay of a Pok&eacute;mon battle between urenext°•° and 13ased! Format: [Gen 3] OU; Date: Oct 9, 2024" />
<!--

Hey, you! Looking in the source for the replay log?

You can find them in JSON format, just add `.json` at the end of a replay URL.

https://replay.pokemonshowdown.com/gen7randomdoublesbattle-865046831.json

Or, if you only need the log itself, add `.log` instead:

https://replay.pokemonshowdown.com/gen7randomdoublesbattle-865046831.log

-->

<link rel="stylesheet" href="//pokemonshowdown.com/style/global.css?0.767286132409787" />
<link rel="stylesheet" href="//play.pokemonshowdown.com/style/font-awesome.css?0.9266228007934947" />
<link rel="stylesheet" href="//play.pokemonshowdown.com/style/battle.css?0.7924700842790926" />
<link rel="stylesheet" href="//play.pokemonshowdown.com/style/utilichart.css?0.8777417872839479" />

<!-- Global site tag (gtag.js) - Google Analytics -->
<script async src="https://www.googletagmanager.com/gtag/js?id=UA-26211653-1"></script>
<script>
  window.dataLayer = window.dataLayer || [];
  function gtag(){dataLayer.push(arguments);}
  gtag('js', new Date());

  gtag('config', 'UA-26211653-1');
</script>
<!-- End Google Analytics -->
<!-- Venatus Ad Manager - Install in <HEAD> of page -->
	<script src="https://hb.vntsm.com/v3/live/ad-manager.min.js" type="text/javascript" data-site-id="642aba63ec9a7b11c3c9c1be" data-mode="scan" async></script>
<!-- / Venatus Ad Manager -->

<style>
	@media (max-width:820px) {
		.battle {
			margin: 0 auto;
		}
		.battle-log {
			margin: 7px auto 0;
			max-width: 640px;
			height: 300px;
			position: static;
		}
	}
	.optgroup {
		display: inline-block;
		line-height: 22px;
		font-size: 10pt;
	}
	.optgroup .button {
		height: 25px;
		padding-top: 0;
		padding-bottom: 0;
	}
	.optgroup button.button {
		padding-left: 12px;
		padding-right: 12px;
	}
	.linklist {
		list-style: none;
		margin: 0.5em 0;
		padding: 0;
	}
	.linklist li {
		padding: 2px 0;
	}
	.sidebar {
		float: left;
		width: 320px;
	}
	.bar-wrapper {
		max-width: 1100px;
		margin: 0 auto;
	}
	.bar-wrapper.has-sidebar {
		max-width: 1430px;
	}
	.mainbar {
		margin: 0;
		padding-right: 1px;
	}
	.mainbar.has-sidebar {
		margin-left: 330px;
	}
	@media (min-width: 1511px) {
		.sidebar {
			width: 400px;
		}
		.bar-wrapper.has-sidebar {
			max-width: 1510px;
		}
		.mainbar.has-sidebar {
			margin-left: 410px;
		}
	}
	.section.first-section {
		margin-top: 9px;
	}
	.blocklink small {
		white-space: normal;
	}
	.button {
		vertical-align: middle;
	}
	.replay-controls {
		padding-top: 10px;
	}
	.replay-controls h1 {
		font-size: 16pt;
		font-weight: normal;
		color: #CCC;
	}
	.pagelink {
		text-align: center;
	}
	.pagelink a {
		width: 150px;
	}
	.textbox, .button {
		font-size: 11pt;
		vertical-align: middle;
	}
	@media (max-width: 450px) {
		.button {
			font-size: 9pt;
		}
	}
</style>

<div>

	<header>
		<div class="nav-wrapper"><ul class="nav">
			<li><a class="button nav-first" href="//pokemonshowdown.com/"><img src="//pokemonshowdown.com/images/pokemonshowdownbeta.png" srcset="//pokemonshowdown.com/images/pokemonshowdownbeta.png 1x, //pokemonshowdown.com/images/pokemonshowdownbeta@2x.png 2x" alt="Pok&eacute;mon Showdown" width="146" height="44" /> Home</a></li>
			<li><a class="button" href="//pokemonshowdown.com/dex/">Pok&eacute;dex</a></li>
			<li><a class="button cur" href="/">Replays</a></li>
			<li><a class="button" href="//pokemonshowdown.com/ladder/">Ladder</a></li>
			<li><a class="button nav-last" href="//pokemonshowdown.com/forums/">Forum</a></li>
			<li><a class="button greenbutton nav-first nav-last" href="//play.pokemonshowdown.com/">Play</a></li>
		</ul></div>
	</header>

	<div class="main" id="main">

		<noscript><section class="section">You need to enable JavaScript to use this page; sorry!</section></noscript>

	</div>

</div>

<script defer nomodule src="//play.pokemonshowdown.com/js/lib/ps-polyfill.js"></script>
<script defer src="//play.pokemonshowdown.com/js/lib/preact.min.js"></script>

<script defer src="//play.pokemonshowdown.com/config/config.js?6dec07f6"></script>
<script defer src="//play.pokemonshowdown.com/js/lib/jquery-1.11.0.min.js"></script>
<script defer src="//play.pokemonshowdown.com/js/lib/html-sanitizer-minified.js"></script>
<script defer src="//play.pokemonshowdown.com/js/battle-sound.js"></script>
<script defer src="//play.pokemonshowdown.com/js/battledata.js?0.6315294753075389"></script>
<script defer src="//play.pokemonshowdown.com/data/pokedex-mini.js?0.7603743185311358"></script>
<script defer src="//play.pokemonshowdown.com/data/pokedex-mini-bw.js?0.030888842834281283"></script>
<script defer src="//play.pokemonshowdown.com/data/graphics.js?0.05593094747507488"></script>
<script defer src="//play.pokemonshowdown.com/data/pokedex.js?0.47064822249611904"></script>
<script defer src="//play.pokemonshowdown.com/data/moves.js?0.8583693120512459"></script>
<script defer src="//play.pokemonshowdown.com/data/abilities.js?0.16017181182386842"></script>
<script defer src="//play.pokemonshowdown.com/data/items.js?0.4163379185673943"></script>
<script defer src="//play.pokemonshowdown.com/data/teambuilder-tables.js?0.31075597372830477"></script>
<script defer src="//play.pokemonshowdown.com/js/battle-tooltips.js?0.6536193500708172"></script>
<script defer src="//play.pokemonshowdown.com/js/battle.js?0.1916591943277901"></script>

<script defer src="js/utils.js?e31f9a17"></script>
<script defer src="js/replays-battle.js?7008c182"></script>

<!-- don't scrape this data! just add .json or .log after the URL!
Full API docs: https://github.com/smogon/pokemon-showdown-client/blob/master/WEB-API.md -->
<script type="text/plain" class="log" id="replaylog-smogtours-gen3ou-796712">
|inactive|Battle timer is ON: inactive players will automatically lose when time's up.
|t:|1728500637
|gametype|singles
|player|p1|urenext°•°|1|
|player|p2|13ased|ltsurge|
|teamsize|p1|6
|teamsize|p2|6
|gen|3
|tier|[Gen 3] OU
|rule|Sleep Clause Mod: Limit one foe put to sleep
|rule|Switch Priority Clause Mod: Faster Pokémon switch first
|rule|Species Clause: Limit one of each Pokémon
|rule|OHKO Clause: OHKO moves are banned
|rule|Evasion Items Clause: Evasion items are banned
|rule|Evasion Moves Clause: Evasion moves are banned
|rule|Endless Battle Clause: Forcing endless battles is banned
|rule|HP Percentage Mod: HP is shown in percentages
|rule|One Boost Passer Clause: Limit one Baton Passer that has a way to boost its stats
|rule|Freeze Clause Mod: Limit one foe frozen
|
|t:|1728500637
|start
|switch|p1a: Im a blue ball|Electrode, shiny|100/100
|switch|p2a: Tyranitar|Tyranitar, F|100/100
|-weather|Sandstorm|[from] ability: Sand Stream|[of] p2a: Tyranitar
|turn|1
|c|☆13ased|Gl
|
|t:|1728500662
|move|p1a: Im a blue ball|Substitute|p1a: Im a blue ball
|-start|p1a: Im a blue ball|Substitute
|-damage|p1a: Im a blue ball|75/100
|move|p2a: Tyranitar|Earthquake|p1a: Im a blue ball
|-supereffective|p1a: Im a blue ball
|-end|p1a: Im a blue ball|Substitute
|
|-weather|Sandstorm|[upkeep]
|-damage|p1a: Im a blue ball|69/100|[from] Sandstorm
|upkeep
|turn|2
|
|t:|1728500680
|move|p1a: Im a blue ball|Substitute|p1a: Im a blue ball
|-start|p1a: Im a blue ball|Substitute
|-damage|p1a: Im a blue ball|44/100
|move|p2a: Tyranitar|Earthquake|p1a: Im a blue ball
|-supereffective|p1a: Im a blue ball
|-end|p1a: Im a blue ball|Substitute
|
|-weather|Sandstorm|[upkeep]
|-damage|p1a: Im a blue ball|38/100|[from] Sandstorm
|upkeep
|turn|3
|inactive|urenext°•° has 270 seconds left.
|
|t:|1728500709
|switch|p1a: teehee2 :3|Celebi|100/100
|move|p2a: Tyranitar|Earthquake|p1a: teehee2 :3
|-resisted|p1a: teehee2 :3
|-damage|p1a: teehee2 :3|85/100
|
|-weather|Sandstorm|[upkeep]
|-damage|p1a: teehee2 :3|79/100|[from] Sandstorm
|-heal|p1a: teehee2 :3|85/100|[from] item: Leftovers
|upkeep
|turn|4
|
|t:|1728500720
|switch|p2a: Skarmory|Skarmory, M|100/100
|move|p1a: teehee2 :3|Leech Seed|p2a: Skarmory
|-start|p2a: Skarmory|move: Leech Seed
|
|-weather|Sandstorm|[upkeep]
|-damage|p1a: teehee2 :3|79/100|[from] Sandstorm
|-heal|p1a: teehee2 :3|85/100|[from] item: Leftovers
|-damage|p2a: Skarmory|88/100|[from] Leech Seed|[of] p1a: teehee2 :3
|-heal|p1a: teehee2 :3|96/100|[silent]
|upkeep
|turn|5
|
|t:|1728500731
|switch|p1a: Im a blue ball|Electrode, shiny|38/100
|switch|p2a: Tyranitar|Tyranitar, F|100/100
|
|-weather|Sandstorm|[upkeep]
|-damage|p1a: Im a blue ball|32/100|[from] Sandstorm
|upkeep
|turn|6
|inactive|urenext°•° has 270 seconds left.
|
|t:|1728500751
|switch|p1a: oh yeah hes OU|Forretress, F, shiny|100/100
|move|p2a: Tyranitar|Earthquake|p1a: oh yeah hes OU
|-damage|p1a: oh yeah hes OU|73/100
|
|-weather|Sandstorm|[upkeep]
|-heal|p1a: oh yeah hes OU|79/100|[from] item: Leftovers
|upkeep
|turn|7
|inactive|urenext°•° has 270 seconds left.
|
|t:|1728500759
|move|p2a: Tyranitar|Taunt|p1a: oh yeah hes OU
|-start|p1a: oh yeah hes OU|move: Taunt
|cant|p1a: oh yeah hes OU|move: Taunt|Spikes
|
|-weather|Sandstorm|[upkeep]
|-heal|p1a: oh yeah hes OU|86/100|[from] item: Leftovers
|upkeep
|turn|8
|inactive|urenext°•° has 270 seconds left.
|
|t:|1728500772
|move|p2a: Tyranitar|Dragon Dance|p2a: Tyranitar
|-boost|p2a: Tyranitar|atk|1
|-boost|p2a: Tyranitar|spe|1
|move|p1a: oh yeah hes OU|Rapid Spin|p2a: Tyranitar
|-resisted|p2a: Tyranitar
|-damage|p2a: Tyranitar|98/100
|
|-weather|Sandstorm|[upkeep]
|-heal|p1a: oh yeah hes OU|92/100|[from] item: Leftovers
|-end|p1a: oh yeah hes OU|move: Taunt|[silent]
|upkeep
|turn|9
|inactive|urenext°•° has 270 seconds left.
|
|t:|1728500793
|move|p2a: Tyranitar|Rock Slide|p1a: oh yeah hes OU
|-damage|p1a: oh yeah hes OU|49/100
|move|p1a: oh yeah hes OU|Spikes|p2a: Tyranitar
|-sidestart|p2: 13ased|Spikes
|
|-weather|Sandstorm|[upkeep]
|-heal|p1a: oh yeah hes OU|55/100|[from] item: Leftovers
|upkeep
|turn|10
|
|t:|1728500800
|move|p2a: Tyranitar|Dragon Dance|p2a: Tyranitar
|-boost|p2a: Tyranitar|atk|1
|-boost|p2a: Tyranitar|spe|1
|move|p1a: oh yeah hes OU|Spikes|p2a: Tyranitar
|-sidestart|p2: 13ased|Spikes
|
|-weather|Sandstorm|[upkeep]
|-heal|p1a: oh yeah hes OU|61/100|[from] item: Leftovers
|upkeep
|turn|11
|
|t:|1728500805
|move|p2a: Tyranitar|Rock Slide|p1a: oh yeah hes OU
|-damage|p1a: oh yeah hes OU|8/100
|move|p1a: oh yeah hes OU|Explosion|p2a: Tyranitar
|-resisted|p2a: Tyranitar
|-damage|p2a: Tyranitar|27/100
|faint|p1a: oh yeah hes OU
|inactive|urenext°•° has 270 seconds left.
|
|t:|1728500824
|switch|p1a: Im a blue ball|Electrode, shiny|32/100
|
|-weather|Sandstorm|[upkeep]
|-damage|p1a: Im a blue ball|26/100|[from] Sandstorm
|upkeep
|turn|12
|
|t:|1728500828
|move|p2a: Tyranitar|Earthquake|p1a: Im a blue ball
|-supereffective|p1a: Im a blue ball
|-damage|p1a: Im a blue ball|0 fnt
|faint|p1a: Im a blue ball
|
|t:|1728500837
|switch|p1a: my love its time|Ludicolo, M, shiny|100/100
|
|-weather|Sandstorm|[upkeep]
|-damage|p1a: my love its time|95/100|[from] Sandstorm
|-heal|p1a: my love its time|100/100|[from] item: Leftovers
|upkeep
|turn|13
|
|t:|1728500845
|move|p2a: Tyranitar|Rock Slide|p1a: my love its time
|-damage|p1a: my love its time|0 fnt
|faint|p1a: my love its time
|
|t:|1728500850
|switch|p1a: teehee2 :3|Celebi|96/100
|
|-weather|Sandstorm|[upkeep]
|-damage|p1a: teehee2 :3|89/100|[from] Sandstorm
|-heal|p1a: teehee2 :3|96/100|[from] item: Leftovers
|upkeep
|turn|14
|
|t:|1728500853
|move|p2a: Tyranitar|Rock Slide|p1a: teehee2 :3
|-damage|p1a: teehee2 :3|30/100
|move|p1a: teehee2 :3|Leech Seed|p2a: Tyranitar
|-start|p2a: Tyranitar|move: Leech Seed
|
|-weather|Sandstorm|[upkeep]
|-damage|p1a: teehee2 :3|24/100|[from] Sandstorm
|-damage|p2a: Tyranitar|15/100|[from] Leech Seed|[of] p1a: teehee2 :3
|-heal|p1a: teehee2 :3|34/100|[silent]
|-heal|p1a: teehee2 :3|40/100|[from] item: Leftovers
|upkeep
|turn|15
|
|t:|1728500863
|switch|p1a: teehee :3|Jirachi|100/100
|move|p2a: Tyranitar|Rock Slide|p1a: teehee :3
|-resisted|p1a: teehee :3
|-damage|p1a: teehee :3|65/100
|
|-weather|Sandstorm|[upkeep]
|-damage|p2a: Tyranitar|3/100|[from] Leech Seed|[of] p1a: teehee :3
|-heal|p1a: teehee :3|75/100|[silent]
|-heal|p1a: teehee :3|81/100|[from] item: Leftovers
|upkeep
|turn|16
|
|t:|1728500869
|switch|p1a: teehee2 :3|Celebi|40/100
|move|p2a: Tyranitar|Earthquake|p1a: teehee2 :3
|-resisted|p1a: teehee2 :3
|-damage|p1a: teehee2 :3|10/100
|
|-weather|Sandstorm|[upkeep]
|-damage|p1a: teehee2 :3|4/100|[from] Sandstorm
|-damage|p2a: Tyranitar|0 fnt|[from] Leech Seed|[of] p1a: teehee2 :3
|-heal|p1a: teehee2 :3|5/100|[silent]
|faint|p2a: Tyranitar
|-heal|p1a: teehee2 :3|12/100|[from] item: Leftovers
|upkeep
|c|☆urenext°•°|This worked better in my head
|
|t:|1728500886
|switch|p2a: Gengar|Gengar, F|100/100
|turn|17
|
|t:|1728500901
|move|p2a: Gengar|Ice Punch|p1a: teehee2 :3
|-supereffective|p1a: teehee2 :3
|-damage|p1a: teehee2 :3|0 fnt
|faint|p1a: teehee2 :3
|
|t:|1728500909
|switch|p1a: It's monday folks|Muk, F|100/100
|
|-weather|Sandstorm|[upkeep]
|-damage|p2a: Gengar|94/100|[from] Sandstorm
|-damage|p1a: It's monday folks|94/100|[from] Sandstorm
|-heal|p2a: Gengar|100/100|[from] item: Leftovers
|upkeep
|turn|18
|
|t:|1728500924
|switch|p2a: Skarmory|Skarmory, M|88/100
|move|p1a: It's monday folks|Hidden Power|p2a: Skarmory
|-resisted|p2a: Skarmory
|-damage|p2a: Skarmory|80/100
|
|-weather|Sandstorm|[upkeep]
|-damage|p1a: It's monday folks|88/100|[from] Sandstorm
|-heal|p2a: Skarmory|86/100|[from] item: Leftovers
|upkeep
|turn|19
|
|t:|1728500929
|move|p2a: Skarmory|Spikes|p1a: It's monday folks
|-sidestart|p1: urenext°•°|Spikes
|move|p1a: It's monday folks|Curse|p1a: It's monday folks
|-unboost|p1a: It's monday folks|spe|1
|-boost|p1a: It's monday folks|atk|1
|-boost|p1a: It's monday folks|def|1
|
|-weather|Sandstorm|[upkeep]
|-damage|p1a: It's monday folks|82/100|[from] Sandstorm
|-heal|p2a: Skarmory|92/100|[from] item: Leftovers
|upkeep
|turn|20
|
|t:|1728500937
|move|p1a: It's monday folks|Hidden Power|p2a: Skarmory
|-resisted|p2a: Skarmory
|-damage|p2a: Skarmory|79/100
|move|p2a: Skarmory|Roar|p1a: It's monday folks
|drag|p1a: teehee :3|Jirachi|81/100
|-damage|p1a: teehee :3|69/100|[from] Spikes
|
|-weather|Sandstorm|[upkeep]
|-heal|p1a: teehee :3|75/100|[from] item: Leftovers
|-heal|p2a: Skarmory|85/100|[from] item: Leftovers
|upkeep
|turn|21
|
|t:|1728500945
|move|p1a: teehee :3|Thunder|p2a: Skarmory
|-supereffective|p2a: Skarmory
|-damage|p2a: Skarmory|6/100
|-status|p2a: Skarmory|par
|cant|p2a: Skarmory|par
|
|-weather|Sandstorm|[upkeep]
|-heal|p1a: teehee :3|81/100|[from] item: Leftovers
|-heal|p2a: Skarmory|12/100 par|[from] item: Leftovers
|upkeep
|turn|22
|
|t:|1728500952
|move|p1a: teehee :3|Calm Mind|p1a: teehee :3
|-boost|p1a: teehee :3|spa|1
|-boost|p1a: teehee :3|spd|1
|cant|p2a: Skarmory|par
|
|-weather|Sandstorm|[upkeep]
|-heal|p1a: teehee :3|87/100|[from] item: Leftovers
|-heal|p2a: Skarmory|18/100 par|[from] item: Leftovers
|upkeep
|turn|23
|
|t:|1728500954
|move|p1a: teehee :3|Fire Punch|p2a: Skarmory
|-supereffective|p2a: Skarmory
|-damage|p2a: Skarmory|0 fnt
|faint|p2a: Skarmory
|
|t:|1728500978
|switch|p2a: Aerodactyl|Aerodactyl, F|100/100
|
|-weather|Sandstorm|[upkeep]
|-heal|p1a: teehee :3|93/100|[from] item: Leftovers
|upkeep
|turn|24
|
|t:|1728500984
|move|p2a: Aerodactyl|Earthquake|p1a: teehee :3
|-supereffective|p1a: teehee :3
|-damage|p1a: teehee :3|6/100
|move|p1a: teehee :3|Thunder|p2a: Aerodactyl|[miss]
|-miss|p1a: teehee :3|p2a: Aerodactyl
|
|-weather|Sandstorm|[upkeep]
|-heal|p1a: teehee :3|12/100|[from] item: Leftovers
|upkeep
|turn|25
|
|t:|1728501000
|move|p2a: Aerodactyl|Earthquake|p1a: teehee :3
|-supereffective|p1a: teehee :3
|-damage|p1a: teehee :3|0 fnt
|faint|p1a: teehee :3
|
|t:|1728501002
|switch|p1a: It's monday folks|Muk, F|82/100
|-damage|p1a: It's monday folks|70/100|[from] Spikes
|
|-weather|Sandstorm|[upkeep]
|-damage|p1a: It's monday folks|64/100|[from] Sandstorm
|upkeep
|turn|26
|c|☆urenext°•°|gg
|
|t:|1728501008
|move|p2a: Aerodactyl|Earthquake|p1a: It's monday folks
|-supereffective|p1a: It's monday folks
|-damage|p1a: It's monday folks|0 fnt
|faint|p1a: It's monday folks
|
|win|13ased
|c|☆13ased|Gg
|player|p1|

</script>
<script type="application/json" class="data" id="replaydata-smogtours-gen3ou-796712">
{"id":"smogtours-gen3ou-796712","format":"[Gen 3] OU","players":["urenext\u00b0\u2022\u00b0","13ased"],"uploadtime":1728501008,"views":112,"formatid":"gen3ou","rating":null,"private":0,"password":null}
</script>

<script defer src="js/replays.js?9d40a366"></script>
