<!DOCTYPE html>
<meta charset="utf-8" />
<meta name="viewport" content="width=device-width" />

<title>[Gen 3] OU: B.B.H00D vs. otael - Replays - Pok&eacute;mon Showdown!</title>

<meta name="description" content="Watch a replay of a Pok&eacute;mon battle between B.B.H00D and otael! Format: [Gen 3] OU; Date: Oct 22, 2024" />
<!--

Hey, you! Looking in the source for the replay log?

You can find them in JSON format, just add `.json` at the end of a replay URL.

https://replay.pokemonshowdown.com/gen7randomdoublesbattle-865046831.json

Or, if you only need the log itself, add `.log` instead:

https://replay.pokemonshowdown.com/gen7randomdoublesbattle-865046831.log

-->

<link rel="stylesheet" href="//pokemonshowdown.com/style/global.css?0.023195364461161105" />
<link rel="stylesheet" href="//play.pokemonshowdown.com/style/font-awesome.css?0.13261647063804238" />
<link rel="stylesheet" href="//play.pokemonshowdown.com/style/battle.css?0.8753245789963631" />
<link rel="stylesheet" href="//play.pokemonshowdown.com/style/utilichart.css?0.8627959624976733" />

<!-- Global site tag (gtag.js) - Google Analytics -->
<script async src="https://www.googletagmanager.com/gtag/js?id=UA-26211653-1"></script>
<script>
  window.dataLayer = window.dataLayer || [];
  function gtag(){dataLayer.push(arguments);}
  gtag('js', new Date());

  gtag('config', 'UA-26211653-1');
</script>
<!-- End Google Analytics -->
<!-- Venatus Ad Manager - Install in <HEAD> of page -->
	<script src="https://hb.vntsm.com/v3/live/ad-manager.min.js" type="text/javascript" data-site-id="642aba63ec9a7b11c3c9c1be" data-mode="scan" async></script>
<!-- / Venatus Ad Manager -->

<style>
	@media (max-width:820px) {
		.battle {
			margin: 0 auto;
		}
		.battle-log {
			margin: 7px auto 0;
			max-width: 640px;
			height: 300px;
			position: static;
		}
	}
	.optgroup {
		display: inline-block;
		line-height: 22px;
		font-size: 10pt;
	}
	.optgroup .button {
		height: 25px;
		padding-top: 0;
		padding-bottom: 0;
	}
	.optgroup button.button {
		padding-left: 12px;
		padding-right: 12px;
	}
	.linklist {
		list-style: none;
		margin: 0.5em 0;
		padding: 0;
	}
	.linklist li {
		padding: 2px 0;
	}
	.sidebar {
		float: left;
		width: 320px;
	}
	.bar-wrapper {
		max-width: 1100px;
		margin: 0 auto;
	}
	.bar-wrapper.has-sidebar {
		max-width: 1430px;
	}
	.mainbar {
		margin: 0;
		padding-right: 1px;
	}
	.mainbar.has-sidebar {
		margin-left: 330px;
	}
	@media (min-width: 1511px) {
		.sidebar {
			width: 400px;
		}
		.bar-wrapper.has-sidebar {
			max-width: 1510px;
		}
		.mainbar.has-sidebar {
			margin-left: 410px;
		}
	}
	.section.first-section {
		margin-top: 9px;
	}
	.blocklink small {
		white-space: normal;
	}
	.button {
		vertical-align: middle;
	}
	.replay-controls {
		padding-top: 10px;
	}
	.replay-controls h1 {
		font-size: 16pt;
		font-weight: normal;
		color: #CCC;
	}
	.pagelink {
		text-align: center;
	}
	.pagelink a {
		width: 150px;
	}
	.textbox, .button {
		font-size: 11pt;
		vertical-align: middle;
	}
	@media (max-width: 450px) {
		.button {
			font-size: 9pt;
		}
	}
</style>

<div>

	<header>
		<div class="nav-wrapper"><ul class="nav">
			<li><a class="button nav-first" href="//pokemonshowdown.com/"><img src="//pokemonshowdown.com/images/pokemonshowdownbeta.png" srcset="//pokemonshowdown.com/images/pokemonshowdownbeta.png 1x, //pokemonshowdown.com/images/pokemonshowdownbeta@2x.png 2x" alt="Pok&eacute;mon Showdown" width="146" height="44" /> Home</a></li>
			<li><a class="button" href="//pokemonshowdown.com/dex/">Pok&eacute;dex</a></li>
			<li><a class="button cur" href="/">Replays</a></li>
			<li><a class="button" href="//pokemonshowdown.com/ladder/">Ladder</a></li>
			<li><a class="button nav-last" href="//pokemonshowdown.com/forums/">Forum</a></li>
			<li><a class="button greenbutton nav-first nav-last" href="//play.pokemonshowdown.com/">Play</a></li>
		</ul></div>
	</header>

	<div class="main" id="main">

		<noscript><section class="section">You need to enable JavaScript to use this page; sorry!</section></noscript>

	</div>

</div>

<script defer nomodule src="//play.pokemonshowdown.com/js/lib/ps-polyfill.js"></script>
<script defer src="//play.pokemonshowdown.com/js/lib/preact.min.js"></script>

<script defer src="//play.pokemonshowdown.com/config/config.js?2bddbc15"></script>
<script defer src="//play.pokemonshowdown.com/js/lib/jquery-1.11.0.min.js"></script>
<script defer src="//play.pokemonshowdown.com/js/lib/html-sanitizer-minified.js"></script>
<script defer src="//play.pokemonshowdown.com/js/battle-sound.js"></script>
<script defer src="//play.pokemonshowdown.com/js/battledata.js?0.7209276989879541"></script>
<script defer src="//play.pokemonshowdown.com/data/pokedex-mini.js?0.6111056340867951"></script>
<script defer src="//play.pokemonshowdown.com/data/pokedex-mini-bw.js?0.3532142036491459"></script>
<script defer src="//play.pokemonshowdown.com/data/graphics.js?0.24223875632456182"></script>
<script defer src="//play.pokemonshowdown.com/data/pokedex.js?0.38839984266356864"></script>
<script defer src="//play.pokemonshowdown.com/data/moves.js?0.21866028504024015"></script>
<script defer src="//play.pokemonshowdown.com/data/abilities.js?0.2005157953846628"></script>
<script defer src="//play.pokemonshowdown.com/data/items.js?0.9894211263848525"></script>
<script defer src="//play.pokemonshowdown.com/data/teambuilder-tables.js?0.6008791140282215"></script>
<script defer src="//play.pokemonshowdown.com/js/battle-tooltips.js?0.7580118955022959"></script>
<script defer src="//play.pokemonshowdown.com/js/battle.js?0.6057722274234274"></script>

<script defer src="js/utils.js?e31f9a17"></script>
<script defer src="js/replays-battle.js?7008c182"></script>

<!-- don't scrape this data! just add .json or .log after the URL!
Full API docs: https://github.com/smogon/pokemon-showdown-client/blob/master/WEB-API.md -->
<script type="text/plain" class="log" id="replaylog-smogtours-gen3ou-801279">
|inactive|Battle timer is ON: inactive players will automatically lose when time's up.
|t:|1729634515
|gametype|singles
|player|p1|B.B.H00D|anabel|
|player|p2|otael|miku-ground|
|teamsize|p1|6
|teamsize|p2|6
|gen|3
|tier|[Gen 3] OU
|rule|Sleep Clause Mod: Limit one foe put to sleep
|rule|Switch Priority Clause Mod: Faster Pokémon switch first
|rule|Species Clause: Limit one of each Pokémon
|rule|OHKO Clause: OHKO moves are banned
|rule|Evasion Items Clause: Evasion items are banned
|rule|Evasion Moves Clause: Evasion moves are banned
|rule|Endless Battle Clause: Forcing endless battles is banned
|rule|HP Percentage Mod: HP is shown in percentages
|rule|One Boost Passer Clause: Limit one Baton Passer that has a way to boost its stats
|rule|Freeze Clause Mod: Limit one foe frozen
|
|t:|1729634515
|start
|switch|p1a: Smeargle|Smeargle, M|100/100
|switch|p2a: Zaptwo|Zapdos|100/100
|turn|1
|c|☆B.B.H00D|gl
|c|☆otael|gl hf
|
|t:|1729634530
|move|p1a: Smeargle|Dragon Dance|p1a: Smeargle
|-boost|p1a: Smeargle|atk|1
|-boost|p1a: Smeargle|spe|1
|move|p2a: Zaptwo|Thunderbolt|p1a: Smeargle
|-damage|p1a: Smeargle|15/100
|-status|p1a: Smeargle|par
|-enditem|p1a: Smeargle|Lum Berry|[eat]
|-curestatus|p1a: Smeargle|par|[msg]
|
|upkeep
|turn|2
|
|t:|1729634536
|move|p1a: Smeargle|Spore|p2a: Zaptwo
|-status|p2a: Zaptwo|slp|[from] move: Spore
|cant|p2a: Zaptwo|slp
|
|upkeep
|turn|3
|
|t:|1729634539
|switch|p2a: Scarmori|Skarmory, F|100/100
|move|p1a: Smeargle|Baton Pass|p1a: Smeargle
|
|t:|1729634541
|switch|p1a: Magneton|Magneton|100/100|[from] Baton Pass
|
|upkeep
|turn|4
|
|t:|1729634548
|move|p1a: Magneton|Thunderbolt|p2a: Scarmori
|-supereffective|p2a: Scarmori
|-damage|p2a: Scarmori|0 fnt
|faint|p2a: Scarmori
|
|t:|1729634553
|switch|p2a: Fliegone|Flygon, F|100/100
|
|upkeep
|turn|5
|
|t:|1729634569
|move|p1a: Magneton|Hidden Power|p2a: Fliegone
|-damage|p2a: Fliegone|66/100
|move|p2a: Fliegone|Rock Slide|p1a: Magneton
|-resisted|p1a: Magneton
|-damage|p1a: Magneton|84/100
|
|-heal|p2a: Fliegone|72/100|[from] item: Leftovers
|upkeep
|turn|6
|
|t:|1729634583
|move|p1a: Magneton|Hidden Power|p2a: Fliegone
|-damage|p2a: Fliegone|38/100
|move|p2a: Fliegone|Earthquake|p1a: Magneton
|-supereffective|p1a: Magneton
|-damage|p1a: Magneton|0 fnt
|faint|p1a: Magneton
|inactive|B.B.H00D has 270 seconds left.
|
|t:|1729634611
|switch|p1a: Swampert|Swampert, F|100/100
|
|-heal|p2a: Fliegone|44/100|[from] item: Leftovers
|upkeep
|turn|7
|inactive|B.B.H00D has 270 seconds left.
|
|t:|1729634620
|switch|p2a: Sellebi|Celebi|100/100
|move|p1a: Swampert|Substitute|p1a: Swampert
|-start|p1a: Swampert|Substitute
|-damage|p1a: Swampert|76/100
|
|-heal|p1a: Swampert|82/100|[from] item: Leftovers
|upkeep
|turn|8
|
|t:|1729634632
|move|p2a: Sellebi|Baton Pass|p2a: Sellebi
|
|t:|1729634640
|switch|p2a: Charrezard|Charizard, F|100/100|[from] Baton Pass
|move|p1a: Swampert|Hidden Power|p2a: Charrezard
|-resisted|p2a: Charrezard
|-damage|p2a: Charrezard|91/100
|
|-heal|p2a: Charrezard|97/100|[from] item: Leftovers
|-heal|p1a: Swampert|88/100|[from] item: Leftovers
|upkeep
|turn|9
|
|t:|1729634643
|move|p2a: Charrezard|Substitute|p2a: Charrezard
|-start|p2a: Charrezard|Substitute
|-damage|p2a: Charrezard|73/100
|move|p1a: Swampert|Rock Slide|p2a: Charrezard
|-supereffective|p2a: Charrezard
|-end|p2a: Charrezard|Substitute
|
|-heal|p2a: Charrezard|79/100|[from] item: Leftovers
|-heal|p1a: Swampert|94/100|[from] item: Leftovers
|upkeep
|turn|10
|
|t:|1729634650
|move|p2a: Charrezard|Substitute|p2a: Charrezard
|-start|p2a: Charrezard|Substitute
|-damage|p2a: Charrezard|54/100
|move|p1a: Swampert|Rock Slide|p2a: Charrezard
|-supereffective|p2a: Charrezard
|-end|p2a: Charrezard|Substitute
|
|-heal|p2a: Charrezard|60/100|[from] item: Leftovers
|-heal|p1a: Swampert|99/100|[from] item: Leftovers
|upkeep
|turn|11
|
|t:|1729634654
|switch|p2a: Fliegone|Flygon, F|44/100
|move|p1a: Swampert|Rock Slide|p2a: Fliegone
|-resisted|p2a: Fliegone
|-damage|p2a: Fliegone|27/100
|
|-heal|p2a: Fliegone|33/100|[from] item: Leftovers
|-heal|p1a: Swampert|100/100|[from] item: Leftovers
|upkeep
|turn|12
|
|t:|1729634659
|move|p2a: Fliegone|Earthquake|p1a: Swampert
|-end|p1a: Swampert|Substitute
|move|p1a: Swampert|Hidden Power|p2a: Fliegone
|-damage|p2a: Fliegone|1/100
|
|-heal|p2a: Fliegone|7/100|[from] item: Leftovers
|upkeep
|turn|13
|
|t:|1729634669
|switch|p1a: Umbreon|Umbreon, F|100/100
|move|p2a: Fliegone|Earthquake|p1a: Umbreon
|-damage|p1a: Umbreon|71/100
|
|-heal|p2a: Fliegone|13/100|[from] item: Leftovers
|-heal|p1a: Umbreon|77/100|[from] item: Leftovers
|upkeep
|turn|14
|
|t:|1729634671
|move|p2a: Fliegone|Hidden Power|p1a: Umbreon
|-supereffective|p1a: Umbreon
|-damage|p1a: Umbreon|51/100
|move|p1a: Umbreon|Pursuit|p2a: Fliegone
|-damage|p2a: Fliegone|0 fnt
|faint|p2a: Fliegone
|
|t:|1729634675
|switch|p2a: Zaptwo|Zapdos|100/100 slp
|
|-heal|p1a: Umbreon|57/100|[from] item: Leftovers
|upkeep
|turn|15
|
|t:|1729634680
|-curestatus|p2a: Zaptwo|slp|[msg]
|move|p2a: Zaptwo|Thunderbolt|p1a: Umbreon
|-damage|p1a: Umbreon|22/100
|move|p1a: Umbreon|Baton Pass|p1a: Umbreon
|
|t:|1729634684
|switch|p1a: Smeargle|Smeargle, M|15/100|[from] Baton Pass
|
|upkeep
|turn|16
|
|t:|1729634689
|move|p1a: Smeargle|Spore|p2a: Zaptwo
|-status|p2a: Zaptwo|slp|[from] move: Spore
|cant|p2a: Zaptwo|slp
|
|upkeep
|turn|17
|
|t:|1729634693
|move|p1a: Smeargle|Dragon Dance|p1a: Smeargle
|-boost|p1a: Smeargle|atk|1
|-boost|p1a: Smeargle|spe|1
|cant|p2a: Zaptwo|slp
|
|upkeep
|turn|18
|
|t:|1729634696
|move|p1a: Smeargle|Baton Pass|p1a: Smeargle
|
|t:|1729634699
|switch|p1a: Medicham|Medicham, F, shiny|100/100|[from] Baton Pass
|cant|p2a: Zaptwo|slp
|
|upkeep
|turn|19
|
|t:|1729634704
|switch|p2a: Sellebi|Celebi|100/100
|move|p1a: Medicham|Rock Slide|p2a: Sellebi
|-damage|p2a: Sellebi|63/100
|
|-heal|p2a: Sellebi|70/100|[from] item: Leftovers
|upkeep
|turn|20
|
|t:|1729634709
|move|p1a: Medicham|Substitute|p1a: Medicham
|-start|p1a: Medicham|Substitute
|-damage|p1a: Medicham|76/100
|move|p2a: Sellebi|Swords Dance|p2a: Sellebi
|-boost|p2a: Sellebi|atk|2
|
|-heal|p1a: Medicham|82/100|[from] item: Leftovers
|-heal|p2a: Sellebi|76/100|[from] item: Leftovers
|upkeep
|turn|21
|
|t:|1729634721
|move|p1a: Medicham|Rock Slide|p2a: Sellebi
|-damage|p2a: Sellebi|39/100
|move|p2a: Sellebi|Baton Pass|p2a: Sellebi
|
|t:|1729634733
|switch|p2a: Arrowdactyl|Aerodactyl, F|100/100|[from] Baton Pass
|
|-heal|p1a: Medicham|88/100|[from] item: Leftovers
|upkeep
|turn|22
|
|t:|1729634737
|move|p2a: Arrowdactyl|Earthquake|p1a: Medicham
|-end|p1a: Medicham|Substitute
|move|p1a: Medicham|Brick Break|p2a: Arrowdactyl
|-damage|p2a: Arrowdactyl|0 fnt
|faint|p2a: Arrowdactyl
|
|t:|1729634743
|switch|p2a: Sellebi|Celebi|39/100
|
|-heal|p1a: Medicham|94/100|[from] item: Leftovers
|-heal|p2a: Sellebi|45/100|[from] item: Leftovers
|upkeep
|turn|23
|
|t:|1729634746
|move|p1a: Medicham|Substitute|p1a: Medicham
|-start|p1a: Medicham|Substitute
|-damage|p1a: Medicham|69/100
|move|p2a: Sellebi|Recover|p2a: Sellebi
|-heal|p2a: Sellebi|95/100
|
|-heal|p1a: Medicham|75/100|[from] item: Leftovers
|-heal|p2a: Sellebi|100/100|[from] item: Leftovers
|upkeep
|turn|24
|
|t:|1729634754
|switch|p2a: Zaptwo|Zapdos|100/100 slp
|move|p1a: Medicham|Baton Pass|p1a: Medicham
|
|t:|1729634763
|switch|p1a: Swampert|Swampert, F|100/100|[from] Baton Pass
|
|upkeep
|turn|25
|
|t:|1729634774
|move|p1a: Swampert|Rock Slide|p2a: Zaptwo|[miss]
|-miss|p1a: Swampert|p2a: Zaptwo
|-curestatus|p2a: Zaptwo|slp|[msg]
|move|p2a: Zaptwo|Roar|p1a: Swampert
|drag|p1a: Umbreon|Umbreon, F|22/100
|
|-heal|p1a: Umbreon|28/100|[from] item: Leftovers
|upkeep
|turn|26
|
|t:|1729634784
|move|p2a: Zaptwo|Thunderbolt|p1a: Umbreon
|-damage|p1a: Umbreon|0 fnt
|faint|p1a: Umbreon
|
|t:|1729634786
|switch|p1a: Smeargle|Smeargle, M|15/100
|
|upkeep
|turn|27
|
|t:|1729634794
|switch|p2a: Sellebi|Celebi|100/100
|move|p1a: Smeargle|Spore|p2a: Sellebi
|-status|p2a: Sellebi|slp|[from] move: Spore
|
|upkeep
|turn|28
|
|t:|1729634809
|move|p1a: Smeargle|Dragon Dance|p1a: Smeargle
|-boost|p1a: Smeargle|atk|1
|-boost|p1a: Smeargle|spe|1
|cant|p2a: Sellebi|slp
|
|upkeep
|turn|29
|
|t:|1729634814
|move|p1a: Smeargle|Baton Pass|p1a: Smeargle
|
|t:|1729634823
|switch|p1a: Medicham|Medicham, F, shiny|75/100|[from] Baton Pass
|cant|p2a: Sellebi|slp
|
|-heal|p1a: Medicham|81/100|[from] item: Leftovers
|upkeep
|turn|30
|
|t:|1729634826
|move|p1a: Medicham|Substitute|p1a: Medicham
|-start|p1a: Medicham|Substitute
|-damage|p1a: Medicham|56/100
|cant|p2a: Sellebi|slp
|
|-heal|p1a: Medicham|63/100|[from] item: Leftovers
|upkeep
|turn|31
|
|t:|1729634839
|move|p1a: Medicham|Rock Slide|p2a: Sellebi
|-damage|p2a: Sellebi|64/100 slp
|cant|p2a: Sellebi|slp
|
|-heal|p1a: Medicham|69/100|[from] item: Leftovers
|-heal|p2a: Sellebi|70/100 slp|[from] item: Leftovers
|upkeep
|turn|32
|
|t:|1729634842
|move|p1a: Medicham|Rock Slide|p2a: Sellebi|[miss]
|-miss|p1a: Medicham|p2a: Sellebi
|-curestatus|p2a: Sellebi|slp|[msg]
|move|p2a: Sellebi|Baton Pass|p2a: Sellebi
|
|t:|1729634843
|switch|p2a: Zaptwo|Zapdos|100/100|[from] Baton Pass
|
|-heal|p1a: Medicham|75/100|[from] item: Leftovers
|upkeep
|turn|33
|
|t:|1729634846
|move|p1a: Medicham|Rock Slide|p2a: Zaptwo
|-supereffective|p2a: Zaptwo
|-damage|p2a: Zaptwo|0 fnt
|faint|p2a: Zaptwo
|
|t:|1729634848
|switch|p2a: Charrezard|Charizard, F|60/100
|
|-heal|p1a: Medicham|81/100|[from] item: Leftovers
|-heal|p2a: Charrezard|66/100|[from] item: Leftovers
|upkeep
|turn|34
|
|t:|1729634851
|move|p1a: Medicham|Rock Slide|p2a: Charrezard
|-supereffective|p2a: Charrezard
|-damage|p2a: Charrezard|0 fnt
|faint|p2a: Charrezard
|c|☆otael|gg
|
|t:|1729634856
|switch|p2a: Sellebi|Celebi|70/100
|
|-heal|p1a: Medicham|87/100|[from] item: Leftovers
|-heal|p2a: Sellebi|77/100|[from] item: Leftovers
|upkeep
|turn|35
|
|t:|1729634859
|move|p1a: Medicham|Baton Pass|p1a: Medicham
|
|t:|1729634861
|switch|p1a: Heracross|Heracross, F|100/100|[from] Baton Pass
|move|p2a: Sellebi|Swords Dance|p2a: Sellebi
|-boost|p2a: Sellebi|atk|2
|
|-heal|p2a: Sellebi|83/100|[from] item: Leftovers
|upkeep
|turn|36
|
|t:|1729634863
|move|p1a: Heracross|Megahorn|p2a: Sellebi
|-supereffective|p2a: Sellebi
|-damage|p2a: Sellebi|0 fnt
|faint|p2a: Sellebi
|
|win|B.B.H00D
|c|☆B.B.H00D|gg
|player|p2|
|player|p2|otael|miku-ground|

</script>
<script type="application/json" class="data" id="replaydata-smogtours-gen3ou-801279">
{"id":"smogtours-gen3ou-801279","format":"[Gen 3] OU","players":["B.B.H00D","otael"],"uploadtime":1729634863,"views":116,"formatid":"gen3ou","rating":null,"private":0,"password":null}
</script>

<script defer src="js/replays.js?9d40a366"></script>
