<!DOCTYPE html>
<meta charset="utf-8" />
<meta name="viewport" content="width=device-width" />

<title>[Gen 3] OU: Girls See Ghosts vs. dadaasdcfaw - Replays - Pok&eacute;mon Showdown!</title>

<meta name="description" content="Watch a replay of a Pok&eacute;mon battle between Girls See Ghosts and dadaasdcfaw! Format: [Gen 3] OU; Date: Oct 24, 2024" />
<!--

Hey, you! Looking in the source for the replay log?

You can find them in JSON format, just add `.json` at the end of a replay URL.

https://replay.pokemonshowdown.com/gen7randomdoublesbattle-865046831.json

Or, if you only need the log itself, add `.log` instead:

https://replay.pokemonshowdown.com/gen7randomdoublesbattle-865046831.log

-->

<link rel="stylesheet" href="//pokemonshowdown.com/style/global.css?0.767286132409787" />
<link rel="stylesheet" href="//play.pokemonshowdown.com/style/font-awesome.css?0.9266228007934947" />
<link rel="stylesheet" href="//play.pokemonshowdown.com/style/battle.css?0.7924700842790926" />
<link rel="stylesheet" href="//play.pokemonshowdown.com/style/utilichart.css?0.8777417872839479" />

<!-- Global site tag (gtag.js) - Google Analytics -->
<script async src="https://www.googletagmanager.com/gtag/js?id=UA-26211653-1"></script>
<script>
  window.dataLayer = window.dataLayer || [];
  function gtag(){dataLayer.push(arguments);}
  gtag('js', new Date());

  gtag('config', 'UA-26211653-1');
</script>
<!-- End Google Analytics -->
<!-- Venatus Ad Manager - Install in <HEAD> of page -->
	<script src="https://hb.vntsm.com/v3/live/ad-manager.min.js" type="text/javascript" data-site-id="642aba63ec9a7b11c3c9c1be" data-mode="scan" async></script>
<!-- / Venatus Ad Manager -->

<style>
	@media (max-width:820px) {
		.battle {
			margin: 0 auto;
		}
		.battle-log {
			margin: 7px auto 0;
			max-width: 640px;
			height: 300px;
			position: static;
		}
	}
	.optgroup {
		display: inline-block;
		line-height: 22px;
		font-size: 10pt;
	}
	.optgroup .button {
		height: 25px;
		padding-top: 0;
		padding-bottom: 0;
	}
	.optgroup button.button {
		padding-left: 12px;
		padding-right: 12px;
	}
	.linklist {
		list-style: none;
		margin: 0.5em 0;
		padding: 0;
	}
	.linklist li {
		padding: 2px 0;
	}
	.sidebar {
		float: left;
		width: 320px;
	}
	.bar-wrapper {
		max-width: 1100px;
		margin: 0 auto;
	}
	.bar-wrapper.has-sidebar {
		max-width: 1430px;
	}
	.mainbar {
		margin: 0;
		padding-right: 1px;
	}
	.mainbar.has-sidebar {
		margin-left: 330px;
	}
	@media (min-width: 1511px) {
		.sidebar {
			width: 400px;
		}
		.bar-wrapper.has-sidebar {
			max-width: 1510px;
		}
		.mainbar.has-sidebar {
			margin-left: 410px;
		}
	}
	.section.first-section {
		margin-top: 9px;
	}
	.blocklink small {
		white-space: normal;
	}
	.button {
		vertical-align: middle;
	}
	.replay-controls {
		padding-top: 10px;
	}
	.replay-controls h1 {
		font-size: 16pt;
		font-weight: normal;
		color: #CCC;
	}
	.pagelink {
		text-align: center;
	}
	.pagelink a {
		width: 150px;
	}
	.textbox, .button {
		font-size: 11pt;
		vertical-align: middle;
	}
	@media (max-width: 450px) {
		.button {
			font-size: 9pt;
		}
	}
</style>

<div>

	<header>
		<div class="nav-wrapper"><ul class="nav">
			<li><a class="button nav-first" href="//pokemonshowdown.com/"><img src="//pokemonshowdown.com/images/pokemonshowdownbeta.png" srcset="//pokemonshowdown.com/images/pokemonshowdownbeta.png 1x, //pokemonshowdown.com/images/pokemonshowdownbeta@2x.png 2x" alt="Pok&eacute;mon Showdown" width="146" height="44" /> Home</a></li>
			<li><a class="button" href="//pokemonshowdown.com/dex/">Pok&eacute;dex</a></li>
			<li><a class="button cur" href="/">Replays</a></li>
			<li><a class="button" href="//pokemonshowdown.com/ladder/">Ladder</a></li>
			<li><a class="button nav-last" href="//pokemonshowdown.com/forums/">Forum</a></li>
			<li><a class="button greenbutton nav-first nav-last" href="//play.pokemonshowdown.com/">Play</a></li>
		</ul></div>
	</header>

	<div class="main" id="main">

		<noscript><section class="section">You need to enable JavaScript to use this page; sorry!</section></noscript>

	</div>

</div>

<script defer nomodule src="//play.pokemonshowdown.com/js/lib/ps-polyfill.js"></script>
<script defer src="//play.pokemonshowdown.com/js/lib/preact.min.js"></script>

<script defer src="//play.pokemonshowdown.com/config/config.js?6dec07f6"></script>
<script defer src="//play.pokemonshowdown.com/js/lib/jquery-1.11.0.min.js"></script>
<script defer src="//play.pokemonshowdown.com/js/lib/html-sanitizer-minified.js"></script>
<script defer src="//play.pokemonshowdown.com/js/battle-sound.js"></script>
<script defer src="//play.pokemonshowdown.com/js/battledata.js?0.6315294753075389"></script>
<script defer src="//play.pokemonshowdown.com/data/pokedex-mini.js?0.7603743185311358"></script>
<script defer src="//play.pokemonshowdown.com/data/pokedex-mini-bw.js?0.030888842834281283"></script>
<script defer src="//play.pokemonshowdown.com/data/graphics.js?0.05593094747507488"></script>
<script defer src="//play.pokemonshowdown.com/data/pokedex.js?0.47064822249611904"></script>
<script defer src="//play.pokemonshowdown.com/data/moves.js?0.8583693120512459"></script>
<script defer src="//play.pokemonshowdown.com/data/abilities.js?0.16017181182386842"></script>
<script defer src="//play.pokemonshowdown.com/data/items.js?0.4163379185673943"></script>
<script defer src="//play.pokemonshowdown.com/data/teambuilder-tables.js?0.31075597372830477"></script>
<script defer src="//play.pokemonshowdown.com/js/battle-tooltips.js?0.6536193500708172"></script>
<script defer src="//play.pokemonshowdown.com/js/battle.js?0.1916591943277901"></script>

<script defer src="js/utils.js?e31f9a17"></script>
<script defer src="js/replays-battle.js?7008c182"></script>

<!-- don't scrape this data! just add .json or .log after the URL!
Full API docs: https://github.com/smogon/pokemon-showdown-client/blob/master/WEB-API.md -->
<script type="text/plain" class="log" id="replaylog-smogtours-gen3ou-801567">
|inactive|Battle timer is ON: inactive players will automatically lose when time's up.
|t:|1729788142
|gametype|singles
|player|p1|Girls See Ghosts|phoebe-gen6|
|player|p2|dadaasdcfaw|169|
|teamsize|p1|6
|teamsize|p2|6
|gen|3
|tier|[Gen 3] OU
|rule|Sleep Clause Mod: Limit one foe put to sleep
|rule|Switch Priority Clause Mod: Faster Pokémon switch first
|rule|Species Clause: Limit one of each Pokémon
|rule|OHKO Clause: OHKO moves are banned
|rule|Evasion Items Clause: Evasion items are banned
|rule|Evasion Moves Clause: Evasion moves are banned
|rule|Endless Battle Clause: Forcing endless battles is banned
|rule|HP Percentage Mod: HP is shown in percentages
|rule|One Boost Passer Clause: Limit one Baton Passer that has a way to boost its stats
|rule|Freeze Clause Mod: Limit one foe frozen
|
|t:|1729788142
|start
|switch|p1a: Suicune|Suicune|100/100
|switch|p2a: Skarmory|Skarmory, M|100/100
|turn|1
|c|☆Girls See Ghosts|glhf
|c|☆dadaasdcfaw|same
|
|t:|1729788156
|move|p1a: Suicune|Hydro Pump|p2a: Skarmory|[miss]
|-miss|p1a: Suicune|p2a: Skarmory
|move|p2a: Skarmory|Roar|p1a: Suicune
|drag|p1a: Dugtrio|Dugtrio, F|100/100
|
|upkeep
|turn|2
|inactive|dadaasdcfaw has 270 seconds left.
|
|t:|1729788191
|switch|p1a: Jirachi|Jirachi|100/100
|move|p2a: Skarmory|Spikes|p1a: Jirachi
|-sidestart|p1: Girls See Ghosts|Spikes
|
|upkeep
|turn|3
|inactive|dadaasdcfaw has 270 seconds left.
|
|t:|1729788212
|move|p1a: Jirachi|Fire Punch|p2a: Skarmory
|-supereffective|p2a: Skarmory
|-damage|p2a: Skarmory|60/100
|move|p2a: Skarmory|Roar|p1a: Jirachi
|drag|p1a: Celebi|Celebi|100/100
|-damage|p1a: Celebi|88/100|[from] Spikes
|
|-heal|p1a: Celebi|94/100|[from] item: Leftovers
|-heal|p2a: Skarmory|66/100|[from] item: Leftovers
|upkeep
|turn|4
|
|t:|1729788225
|switch|p2a: Tyranitar|Tyranitar, M|100/100
|-weather|Sandstorm|[from] ability: Sand Stream|[of] p2a: Tyranitar
|move|p1a: Celebi|Hidden Power|p2a: Tyranitar
|-resisted|p2a: Tyranitar
|-damage|p2a: Tyranitar|92/100
|
|-weather|Sandstorm|[upkeep]
|-damage|p1a: Celebi|88/100|[from] Sandstorm
|-heal|p1a: Celebi|94/100|[from] item: Leftovers
|-heal|p2a: Tyranitar|98/100|[from] item: Leftovers
|upkeep
|turn|5
|inactive|dadaasdcfaw has 240 seconds left.
|
|t:|1729788261
|switch|p2a: Skarmory|Skarmory, M|66/100
|move|p1a: Celebi|Baton Pass|p1a: Celebi
|
|t:|1729788273
|switch|p1a: Jirachi|Jirachi|100/100|[from] Baton Pass
|-damage|p1a: Jirachi|88/100|[from] Spikes
|
|-weather|Sandstorm|[upkeep]
|-heal|p1a: Jirachi|94/100|[from] item: Leftovers
|-heal|p2a: Skarmory|72/100|[from] item: Leftovers
|upkeep
|turn|6
|inactive|dadaasdcfaw has 240 seconds left.
|
|t:|1729788305
|switch|p2a: Tyranitar|Tyranitar, M|98/100
|move|p1a: Jirachi|Fire Punch|p2a: Tyranitar
|-resisted|p2a: Tyranitar
|-damage|p2a: Tyranitar|89/100
|
|-weather|Sandstorm|[upkeep]
|-heal|p1a: Jirachi|100/100|[from] item: Leftovers
|-heal|p2a: Tyranitar|95/100|[from] item: Leftovers
|upkeep
|turn|7
|
|t:|1729788323
|switch|p1a: Suicune|Suicune|100/100
|-damage|p1a: Suicune|88/100|[from] Spikes
|move|p2a: Tyranitar|Earthquake|p1a: Suicune
|-damage|p1a: Suicune|57/100
|
|-weather|Sandstorm|[upkeep]
|-damage|p1a: Suicune|50/100|[from] Sandstorm
|-heal|p1a: Suicune|57/100|[from] item: Leftovers
|-heal|p2a: Tyranitar|100/100|[from] item: Leftovers
|upkeep
|turn|8
|inactive|dadaasdcfaw has 210 seconds left.
|
|t:|1729788355
|move|p1a: Suicune|Hydro Pump|p2a: Tyranitar|[miss]
|-miss|p1a: Suicune|p2a: Tyranitar
|move|p2a: Tyranitar|Earthquake|p1a: Suicune
|-damage|p1a: Suicune|20/100
|
|-weather|Sandstorm|[upkeep]
|-damage|p1a: Suicune|14/100|[from] Sandstorm
|-heal|p1a: Suicune|20/100|[from] item: Leftovers
|upkeep
|turn|9
|inactive|dadaasdcfaw has 210 seconds left.
|
|t:|1729788378
|switch|p2a: Starmie|Starmie|100/100
|move|p1a: Suicune|Hydro Pump|p2a: Starmie|[miss]
|-miss|p1a: Suicune|p2a: Starmie
|
|-weather|Sandstorm|[upkeep]
|-damage|p2a: Starmie|94/100|[from] Sandstorm
|-damage|p1a: Suicune|14/100|[from] Sandstorm
|-heal|p2a: Starmie|100/100|[from] item: Leftovers
|-heal|p1a: Suicune|20/100|[from] item: Leftovers
|upkeep
|turn|10
|
|t:|1729788397
|switch|p1a: Porygon2|Porygon2|100/100
|-damage|p1a: Porygon2|88/100|[from] Spikes
|-ability|p1a: Porygon2|Natural Cure|[from] ability: Trace|[of] p2a: Starmie
|move|p2a: Starmie|Psychic|p1a: Porygon2
|-damage|p1a: Porygon2|49/100
|
|-weather|Sandstorm|[upkeep]
|-damage|p2a: Starmie|94/100|[from] Sandstorm
|-damage|p1a: Porygon2|43/100|[from] Sandstorm
|-heal|p2a: Starmie|100/100|[from] item: Leftovers
|-heal|p1a: Porygon2|49/100|[from] item: Leftovers
|upkeep
|turn|11
|
|t:|1729788405
|move|p2a: Starmie|Hydro Pump|p1a: Porygon2|[miss]
|-miss|p2a: Starmie|p1a: Porygon2
|move|p1a: Porygon2|Thunderbolt|p2a: Starmie
|-supereffective|p2a: Starmie
|-damage|p2a: Starmie|29/100
|
|-weather|Sandstorm|[upkeep]
|-damage|p2a: Starmie|23/100|[from] Sandstorm
|-damage|p1a: Porygon2|43/100|[from] Sandstorm
|-heal|p2a: Starmie|29/100|[from] item: Leftovers
|-heal|p1a: Porygon2|49/100|[from] item: Leftovers
|upkeep
|turn|12
|
|t:|1729788420
|switch|p1a: Celebi|Celebi|94/100
|-damage|p1a: Celebi|82/100|[from] Spikes
|move|p2a: Starmie|Hydro Pump|p1a: Celebi
|-resisted|p1a: Celebi
|-crit|p1a: Celebi
|-damage|p1a: Celebi|32/100
|
|-weather|Sandstorm|[upkeep]
|-damage|p2a: Starmie|23/100|[from] Sandstorm
|-damage|p1a: Celebi|26/100|[from] Sandstorm
|-heal|p2a: Starmie|29/100|[from] item: Leftovers
|-heal|p1a: Celebi|32/100|[from] item: Leftovers
|upkeep
|turn|13
|
|t:|1729788436
|switch|p2a: Skarmory|Skarmory, M|72/100
|switch|p1a: Suicune|Suicune|20/100
|-damage|p1a: Suicune|8/100|[from] Spikes
|
|-weather|Sandstorm|[upkeep]
|-damage|p1a: Suicune|2/100|[from] Sandstorm
|-heal|p1a: Suicune|8/100|[from] item: Leftovers
|-heal|p2a: Skarmory|78/100|[from] item: Leftovers
|upkeep
|turn|14
|
|t:|1729788447
|move|p1a: Suicune|Hydro Pump|p2a: Skarmory
|-damage|p2a: Skarmory|25/100
|move|p2a: Skarmory|Spikes|p1a: Suicune
|-sidestart|p1: Girls See Ghosts|Spikes
|
|-weather|Sandstorm|[upkeep]
|-damage|p1a: Suicune|2/100|[from] Sandstorm
|-heal|p1a: Suicune|8/100|[from] item: Leftovers
|-heal|p2a: Skarmory|31/100|[from] item: Leftovers
|upkeep
|turn|15
|
|t:|1729788453
|move|p2a: Skarmory|Protect|p2a: Skarmory
|-singleturn|p2a: Skarmory|Protect
|move|p1a: Suicune|Hydro Pump|p2a: Skarmory
|-activate|p2a: Skarmory|Protect
|
|-weather|Sandstorm|[upkeep]
|-damage|p1a: Suicune|2/100|[from] Sandstorm
|-heal|p1a: Suicune|8/100|[from] item: Leftovers
|-heal|p2a: Skarmory|37/100|[from] item: Leftovers
|upkeep
|turn|16
|inactive|dadaasdcfaw has 210 seconds left.
|
|t:|1729788470
|move|p1a: Suicune|Hydro Pump|p2a: Skarmory
|-damage|p2a: Skarmory|0 fnt
|faint|p2a: Skarmory
|inactive|dadaasdcfaw has 180 seconds left.
|
|t:|1729788505
|switch|p2a: Starmie|Starmie|29/100
|
|-weather|Sandstorm|[upkeep]
|-damage|p2a: Starmie|23/100|[from] Sandstorm
|-damage|p1a: Suicune|2/100|[from] Sandstorm
|-heal|p2a: Starmie|29/100|[from] item: Leftovers
|-heal|p1a: Suicune|8/100|[from] item: Leftovers
|upkeep
|turn|17
|inactive|dadaasdcfaw has 180 seconds left.
|
|t:|1729788518
|move|p2a: Starmie|Psychic|p1a: Suicune
|-damage|p1a: Suicune|0 fnt
|faint|p1a: Suicune
|
|t:|1729788527
|switch|p1a: Raikou|Raikou|100/100
|-damage|p1a: Raikou|84/100|[from] Spikes
|
|-weather|Sandstorm|[upkeep]
|-damage|p2a: Starmie|23/100|[from] Sandstorm
|-damage|p1a: Raikou|78/100|[from] Sandstorm
|-heal|p2a: Starmie|29/100|[from] item: Leftovers
|-heal|p1a: Raikou|84/100|[from] item: Leftovers
|upkeep
|turn|18
|inactive|dadaasdcfaw has 180 seconds left.
|
|t:|1729788545
|switch|p2a: Jolteon|Jolteon, M|100/100
|move|p1a: Raikou|Calm Mind|p1a: Raikou
|-boost|p1a: Raikou|spa|1
|-boost|p1a: Raikou|spd|1
|
|-weather|Sandstorm|[upkeep]
|-damage|p2a: Jolteon|94/100|[from] Sandstorm
|-damage|p1a: Raikou|78/100|[from] Sandstorm
|-heal|p2a: Jolteon|100/100|[from] item: Leftovers
|-heal|p1a: Raikou|84/100|[from] item: Leftovers
|upkeep
|turn|19
|inactive|dadaasdcfaw has 180 seconds left.
|
|t:|1729788552
|move|p2a: Jolteon|Thunder Wave|p1a: Raikou
|-status|p1a: Raikou|par
|move|p1a: Raikou|Hidden Power|p2a: Jolteon
|-damage|p2a: Jolteon|54/100
|
|-weather|Sandstorm|[upkeep]
|-damage|p2a: Jolteon|48/100|[from] Sandstorm
|-damage|p1a: Raikou|78/100 par|[from] Sandstorm
|-heal|p2a: Jolteon|54/100|[from] item: Leftovers
|-heal|p1a: Raikou|84/100 par|[from] item: Leftovers
|upkeep
|turn|20
|inactive|dadaasdcfaw has 180 seconds left.
|
|t:|1729788571
|move|p2a: Jolteon|Thunderbolt|p1a: Raikou
|-resisted|p1a: Raikou
|-damage|p1a: Raikou|69/100 par
|move|p1a: Raikou|Hidden Power|p2a: Jolteon
|-damage|p2a: Jolteon|13/100
|
|-weather|Sandstorm|[upkeep]
|-damage|p2a: Jolteon|6/100|[from] Sandstorm
|-damage|p1a: Raikou|63/100 par|[from] Sandstorm
|-heal|p2a: Jolteon|13/100|[from] item: Leftovers
|-heal|p1a: Raikou|69/100 par|[from] item: Leftovers
|upkeep
|turn|21
|inactive|dadaasdcfaw has 180 seconds left.
|
|t:|1729788588
|switch|p2a: Metagross|Metagross|100/100
|move|p1a: Raikou|Hidden Power|p2a: Metagross
|-resisted|p2a: Metagross
|-damage|p2a: Metagross|79/100
|
|-weather|Sandstorm|[upkeep]
|-damage|p1a: Raikou|63/100 par|[from] Sandstorm
|-heal|p1a: Raikou|69/100 par|[from] item: Leftovers
|upkeep
|turn|22
|inactive|Girls See Ghosts has 270 seconds left.
|inactive|dadaasdcfaw has 150 seconds left.
|
|t:|1729788636
|switch|p1a: Porygon2|Porygon2|49/100
|-damage|p1a: Porygon2|33/100|[from] Spikes
|-ability|p1a: Porygon2|Clear Body|[from] ability: Trace|[of] p2a: Metagross
|move|p2a: Metagross|Earthquake|p1a: Porygon2
|-damage|p1a: Porygon2|0 fnt
|faint|p1a: Porygon2
|
|t:|1729788638
|switch|p1a: Dugtrio|Dugtrio, F|100/100
|-damage|p1a: Dugtrio|84/100|[from] Spikes
|
|-weather|Sandstorm|[upkeep]
|upkeep
|turn|23
|
|t:|1729788651
|move|p1a: Dugtrio|Earthquake|p2a: Metagross
|-supereffective|p2a: Metagross
|-damage|p2a: Metagross|0 fnt
|faint|p2a: Metagross
|inactive|dadaasdcfaw has 150 seconds left.
|
|t:|1729788676
|switch|p2a: Gengar|Gengar, M|100/100
|
|-weather|Sandstorm|[upkeep]
|-damage|p2a: Gengar|95/100|[from] Sandstorm
|-heal|p2a: Gengar|100/100|[from] item: Leftovers
|upkeep
|turn|24
|inactive|dadaasdcfaw has 120 seconds left.
|
|t:|1729788709
|switch|p2a: Starmie|Starmie|29/100
|switch|p1a: Celebi|Celebi|32/100
|-damage|p1a: Celebi|15/100|[from] Spikes
|
|-weather|Sandstorm|[upkeep]
|-damage|p2a: Starmie|23/100|[from] Sandstorm
|-damage|p1a: Celebi|9/100|[from] Sandstorm
|-heal|p2a: Starmie|29/100|[from] item: Leftovers
|-heal|p1a: Celebi|15/100|[from] item: Leftovers
|upkeep
|turn|25
|inactive|dadaasdcfaw has 120 seconds left.
|
|t:|1729788721
|move|p2a: Starmie|Ice Beam|p1a: Celebi
|-supereffective|p1a: Celebi
|-damage|p1a: Celebi|0 fnt
|faint|p1a: Celebi
|
|t:|1729788724
|switch|p1a: Jirachi|Jirachi|100/100
|-damage|p1a: Jirachi|84/100|[from] Spikes
|
|-weather|Sandstorm|[upkeep]
|-damage|p2a: Starmie|23/100|[from] Sandstorm
|-heal|p2a: Starmie|29/100|[from] item: Leftovers
|-heal|p1a: Jirachi|90/100|[from] item: Leftovers
|upkeep
|turn|26
|
|t:|1729788731
|move|p2a: Starmie|Hydro Pump|p1a: Jirachi|[miss]
|-miss|p2a: Starmie|p1a: Jirachi
|move|p1a: Jirachi|Hidden Power|p2a: Starmie
|-supereffective|p2a: Starmie
|-damage|p2a: Starmie|0 fnt
|faint|p2a: Starmie
|inactive|dadaasdcfaw has 120 seconds left.
|
|t:|1729788771
|switch|p2a: Jolteon|Jolteon, M|13/100
|
|-weather|Sandstorm|[upkeep]
|-damage|p2a: Jolteon|6/100|[from] Sandstorm
|-heal|p2a: Jolteon|13/100|[from] item: Leftovers
|-heal|p1a: Jirachi|96/100|[from] item: Leftovers
|upkeep
|turn|27
|inactive|Girls See Ghosts has 270 seconds left.
|
|t:|1729788823
|move|p2a: Jolteon|Thunder Wave|p1a: Jirachi
|-status|p1a: Jirachi|par
|move|p1a: Jirachi|Psychic|p2a: Jolteon
|-crit|p2a: Jolteon
|-damage|p2a: Jolteon|0 fnt
|faint|p2a: Jolteon
|inactive|dadaasdcfaw has 90 seconds left.
|
|t:|1729788838
|switch|p2a: Gengar|Gengar, M|100/100
|
|-weather|Sandstorm|[upkeep]
|-damage|p2a: Gengar|95/100|[from] Sandstorm
|-heal|p2a: Gengar|100/100|[from] item: Leftovers
|-heal|p1a: Jirachi|100/100 par|[from] item: Leftovers
|upkeep
|turn|28
|
|t:|1729788850
|move|p2a: Gengar|Fire Punch|p1a: Jirachi
|-supereffective|p1a: Jirachi
|-damage|p1a: Jirachi|51/100 par
|move|p1a: Jirachi|Psychic|p2a: Gengar
|-supereffective|p2a: Gengar
|-damage|p2a: Gengar|0 fnt
|faint|p2a: Gengar
|
|t:|1729788855
|switch|p2a: Tyranitar|Tyranitar, M|100/100
|
|-weather|Sandstorm|[upkeep]
|-heal|p1a: Jirachi|58/100 par|[from] item: Leftovers
|upkeep
|turn|29
|
|t:|1729788868
|move|p2a: Tyranitar|Earthquake|p1a: Jirachi
|-supereffective|p1a: Jirachi
|-damage|p1a: Jirachi|0 fnt
|faint|p1a: Jirachi
|
|t:|1729788874
|switch|p1a: Dugtrio|Dugtrio, F|84/100
|-damage|p1a: Dugtrio|67/100|[from] Spikes
|
|-weather|Sandstorm|[upkeep]
|upkeep
|turn|30
|
|t:|1729788887
|move|p1a: Dugtrio|Rock Slide|p2a: Tyranitar|[miss]
|-miss|p1a: Dugtrio|p2a: Tyranitar
|move|p2a: Tyranitar|Earthquake|p1a: Dugtrio
|-damage|p1a: Dugtrio|0 fnt
|faint|p1a: Dugtrio
|c|☆Girls See Ghosts|gg
|
|t:|1729788892
|switch|p1a: Raikou|Raikou|69/100 par
|-damage|p1a: Raikou|53/100 par|[from] Spikes
|
|-weather|Sandstorm|[upkeep]
|-damage|p1a: Raikou|46/100 par|[from] Sandstorm
|-heal|p1a: Raikou|53/100 par|[from] item: Leftovers
|upkeep
|turn|31
|
|t:|1729788896
|move|p2a: Tyranitar|Earthquake|p1a: Raikou
|-supereffective|p1a: Raikou
|-damage|p1a: Raikou|0 fnt
|faint|p1a: Raikou
|
|win|dadaasdcfaw
|player|p1|

</script>
<script type="application/json" class="data" id="replaydata-smogtours-gen3ou-801567">
{"id":"smogtours-gen3ou-801567","format":"[Gen 3] OU","players":["Girls See Ghosts","dadaasdcfaw"],"uploadtime":1729788896,"views":98,"formatid":"gen3ou","rating":null,"private":0,"password":null}
</script>

<script defer src="js/replays.js?9d40a366"></script>
