<!DOCTYPE html>
<meta charset="utf-8" />
<meta name="viewport" content="width=device-width" />

<title>[Gen 3] OU: monchooo vs. deno_nemesis - Replays - Pok&eacute;mon Showdown!</title>

<meta name="description" content="Watch a replay of a Pok&eacute;mon battle between monchooo and deno_nemesis! Format: [Gen 3] OU; Date: Oct 4, 2024" />
<!--

Hey, you! Looking in the source for the replay log?

You can find them in JSON format, just add `.json` at the end of a replay URL.

https://replay.pokemonshowdown.com/gen7randomdoublesbattle-865046831.json

Or, if you only need the log itself, add `.log` instead:

https://replay.pokemonshowdown.com/gen7randomdoublesbattle-865046831.log

-->

<link rel="stylesheet" href="//pokemonshowdown.com/style/global.css?0.767286132409787" />
<link rel="stylesheet" href="//play.pokemonshowdown.com/style/font-awesome.css?0.9266228007934947" />
<link rel="stylesheet" href="//play.pokemonshowdown.com/style/battle.css?0.7924700842790926" />
<link rel="stylesheet" href="//play.pokemonshowdown.com/style/utilichart.css?0.8777417872839479" />

<!-- Global site tag (gtag.js) - Google Analytics -->
<script async src="https://www.googletagmanager.com/gtag/js?id=UA-26211653-1"></script>
<script>
  window.dataLayer = window.dataLayer || [];
  function gtag(){dataLayer.push(arguments);}
  gtag('js', new Date());

  gtag('config', 'UA-26211653-1');
</script>
<!-- End Google Analytics -->
<!-- Venatus Ad Manager - Install in <HEAD> of page -->
	<script src="https://hb.vntsm.com/v3/live/ad-manager.min.js" type="text/javascript" data-site-id="642aba63ec9a7b11c3c9c1be" data-mode="scan" async></script>
<!-- / Venatus Ad Manager -->

<style>
	@media (max-width:820px) {
		.battle {
			margin: 0 auto;
		}
		.battle-log {
			margin: 7px auto 0;
			max-width: 640px;
			height: 300px;
			position: static;
		}
	}
	.optgroup {
		display: inline-block;
		line-height: 22px;
		font-size: 10pt;
	}
	.optgroup .button {
		height: 25px;
		padding-top: 0;
		padding-bottom: 0;
	}
	.optgroup button.button {
		padding-left: 12px;
		padding-right: 12px;
	}
	.linklist {
		list-style: none;
		margin: 0.5em 0;
		padding: 0;
	}
	.linklist li {
		padding: 2px 0;
	}
	.sidebar {
		float: left;
		width: 320px;
	}
	.bar-wrapper {
		max-width: 1100px;
		margin: 0 auto;
	}
	.bar-wrapper.has-sidebar {
		max-width: 1430px;
	}
	.mainbar {
		margin: 0;
		padding-right: 1px;
	}
	.mainbar.has-sidebar {
		margin-left: 330px;
	}
	@media (min-width: 1511px) {
		.sidebar {
			width: 400px;
		}
		.bar-wrapper.has-sidebar {
			max-width: 1510px;
		}
		.mainbar.has-sidebar {
			margin-left: 410px;
		}
	}
	.section.first-section {
		margin-top: 9px;
	}
	.blocklink small {
		white-space: normal;
	}
	.button {
		vertical-align: middle;
	}
	.replay-controls {
		padding-top: 10px;
	}
	.replay-controls h1 {
		font-size: 16pt;
		font-weight: normal;
		color: #CCC;
	}
	.pagelink {
		text-align: center;
	}
	.pagelink a {
		width: 150px;
	}
	.textbox, .button {
		font-size: 11pt;
		vertical-align: middle;
	}
	@media (max-width: 450px) {
		.button {
			font-size: 9pt;
		}
	}
</style>

<div>

	<header>
		<div class="nav-wrapper"><ul class="nav">
			<li><a class="button nav-first" href="//pokemonshowdown.com/"><img src="//pokemonshowdown.com/images/pokemonshowdownbeta.png" srcset="//pokemonshowdown.com/images/pokemonshowdownbeta.png 1x, //pokemonshowdown.com/images/pokemonshowdownbeta@2x.png 2x" alt="Pok&eacute;mon Showdown" width="146" height="44" /> Home</a></li>
			<li><a class="button" href="//pokemonshowdown.com/dex/">Pok&eacute;dex</a></li>
			<li><a class="button cur" href="/">Replays</a></li>
			<li><a class="button" href="//pokemonshowdown.com/ladder/">Ladder</a></li>
			<li><a class="button nav-last" href="//pokemonshowdown.com/forums/">Forum</a></li>
			<li><a class="button greenbutton nav-first nav-last" href="//play.pokemonshowdown.com/">Play</a></li>
		</ul></div>
	</header>

	<div class="main" id="main">

		<noscript><section class="section">You need to enable JavaScript to use this page; sorry!</section></noscript>

	</div>

</div>

<script defer nomodule src="//play.pokemonshowdown.com/js/lib/ps-polyfill.js"></script>
<script defer src="//play.pokemonshowdown.com/js/lib/preact.min.js"></script>

<script defer src="//play.pokemonshowdown.com/config/config.js?6dec07f6"></script>
<script defer src="//play.pokemonshowdown.com/js/lib/jquery-1.11.0.min.js"></script>
<script defer src="//play.pokemonshowdown.com/js/lib/html-sanitizer-minified.js"></script>
<script defer src="//play.pokemonshowdown.com/js/battle-sound.js"></script>
<script defer src="//play.pokemonshowdown.com/js/battledata.js?0.6315294753075389"></script>
<script defer src="//play.pokemonshowdown.com/data/pokedex-mini.js?0.7603743185311358"></script>
<script defer src="//play.pokemonshowdown.com/data/pokedex-mini-bw.js?0.030888842834281283"></script>
<script defer src="//play.pokemonshowdown.com/data/graphics.js?0.05593094747507488"></script>
<script defer src="//play.pokemonshowdown.com/data/pokedex.js?0.47064822249611904"></script>
<script defer src="//play.pokemonshowdown.com/data/moves.js?0.8583693120512459"></script>
<script defer src="//play.pokemonshowdown.com/data/abilities.js?0.16017181182386842"></script>
<script defer src="//play.pokemonshowdown.com/data/items.js?0.4163379185673943"></script>
<script defer src="//play.pokemonshowdown.com/data/teambuilder-tables.js?0.31075597372830477"></script>
<script defer src="//play.pokemonshowdown.com/js/battle-tooltips.js?0.6536193500708172"></script>
<script defer src="//play.pokemonshowdown.com/js/battle.js?0.1916591943277901"></script>

<script defer src="js/utils.js?e31f9a17"></script>
<script defer src="js/replays-battle.js?7008c182"></script>

<!-- don't scrape this data! just add .json or .log after the URL!
Full API docs: https://github.com/smogon/pokemon-showdown-client/blob/master/WEB-API.md -->
<script type="text/plain" class="log" id="replaylog-smogtours-gen3ou-794530">
|inactive|Battle timer is ON: inactive players will automatically lose when time's up.
|t:|1728040771
|gametype|singles
|player|p1|monchooo|pryce-gen2|
|player|p2|deno_nemesis|2|
|teamsize|p1|6
|teamsize|p2|6
|gen|3
|tier|[Gen 3] OU
|rule|Sleep Clause Mod: Limit one foe put to sleep
|rule|Switch Priority Clause Mod: Faster Pokémon switch first
|rule|Species Clause: Limit one of each Pokémon
|rule|OHKO Clause: OHKO moves are banned
|rule|Evasion Items Clause: Evasion items are banned
|rule|Evasion Moves Clause: Evasion moves are banned
|rule|Endless Battle Clause: Forcing endless battles is banned
|rule|HP Percentage Mod: HP is shown in percentages
|rule|One Boost Passer Clause: Limit one Baton Passer that has a way to boost its stats
|rule|Freeze Clause Mod: Limit one foe frozen
|
|t:|1728040771
|start
|switch|p1a: Metagross|Metagross|100/100
|switch|p2a: Raikou|Raikou|100/100
|turn|1
|c|☆deno_nemesis|Glhf
|c|☆monchooo|hf
|inactive|monchooo has 270 seconds left.
|inactive|deno_nemesis has 270 seconds left.
|
|t:|1728040821
|switch|p2a: Skeezo|Flygon, M|100/100
|switch|p1a: Steelix|Steelix, F|100/100
|
|upkeep
|turn|2
|
|t:|1728040832
|move|p2a: Skeezo|Protect|p2a: Skeezo
|-singleturn|p2a: Skeezo|Protect
|move|p1a: Steelix|Protect||[still]
|-fail|p1a: Steelix
|
|upkeep
|turn|3
|
|t:|1728040846
|switch|p2a: Dugtrio|Dugtrio, M|100/100
|switch|p1a: Celebi|Celebi|100/100
|
|upkeep
|turn|4
|
|t:|1728040866
|move|p2a: Dugtrio|Hidden Power|p1a: Celebi
|-supereffective|p1a: Celebi
|-damage|p1a: Celebi|22/100
|move|p1a: Celebi|Psychic|p2a: Dugtrio
|-damage|p2a: Dugtrio|22/100
|
|-heal|p1a: Celebi|28/100|[from] item: Leftovers
|upkeep
|turn|5
|
|t:|1728040871
|move|p2a: Dugtrio|Hidden Power|p1a: Celebi
|-supereffective|p1a: Celebi
|-damage|p1a: Celebi|0 fnt
|faint|p1a: Celebi
|
|t:|1728040890
|switch|p1a: Metagross|Metagross|100/100
|
|upkeep
|turn|6
|
|t:|1728040901
|-activate|p2a: Dugtrio|move: Pursuit
|move|p1a: Metagross|Pursuit|p2a: Dugtrio|[from]Pursuit
|-damage|p2a: Dugtrio|0 fnt
|faint|p2a: Dugtrio
|-hint|Previously chosen switches continue in Gen 2-4 after a Pursuit target faints.
|switch|p2a: Skeezo|Flygon, M|100/100
|
|upkeep
|turn|7
|
|t:|1728040922
|switch|p1a: Gyarados|Gyarados, F|100/100
|-ability|p1a: Gyarados|Intimidate|boost
|-unboost|p2a: Skeezo|atk|1
|move|p2a: Skeezo|Protect||[still]
|-fail|p2a: Skeezo
|
|upkeep
|turn|8
|
|t:|1728040929
|switch|p1a: Steelix|Steelix, F|100/100
|move|p2a: Skeezo|Toxic|p1a: Steelix
|-immune|p1a: Steelix
|
|upkeep
|turn|9
|inactive|deno_nemesis has 270 seconds left.
|
|t:|1728040965
|move|p1a: Steelix|Protect|p1a: Steelix
|-singleturn|p1a: Steelix|Protect
|move|p2a: Skeezo|Earthquake|p1a: Steelix
|-activate|p1a: Steelix|Protect
|
|upkeep
|turn|10
|
|t:|1728040977
|switch|p1a: Suicune|Suicune|100/100
|move|p2a: Skeezo|Protect||[still]
|-fail|p2a: Skeezo
|
|upkeep
|turn|11
|
|t:|1728041001
|switch|p2a: Porygon2|Porygon2|100/100
|-ability|p2a: Porygon2|Pressure|[from] ability: Trace|[of] p1a: Suicune
|move|p1a: Suicune|Calm Mind|p1a: Suicune
|-boost|p1a: Suicune|spa|1
|-boost|p1a: Suicune|spd|1
|
|upkeep
|turn|12
|
|t:|1728041021
|move|p1a: Suicune|Calm Mind|p1a: Suicune
|-boost|p1a: Suicune|spa|1
|-boost|p1a: Suicune|spd|1
|move|p2a: Porygon2|Hidden Power|p1a: Suicune
|-supereffective|p1a: Suicune
|-crit|p1a: Suicune
|-damage|p1a: Suicune|53/100
|
|-heal|p1a: Suicune|60/100|[from] item: Leftovers
|upkeep
|turn|13
|
|t:|1728041030
|move|p1a: Suicune|Surf|p2a: Porygon2
|-damage|p2a: Porygon2|21/100
|move|p2a: Porygon2|Toxic|p1a: Suicune
|-status|p1a: Suicune|tox
|
|-heal|p1a: Suicune|66/100 tox|[from] item: Leftovers
|-damage|p1a: Suicune|60/100 tox|[from] psn
|-heal|p2a: Porygon2|28/100|[from] item: Leftovers
|upkeep
|turn|14
|
|t:|1728041040
|move|p1a: Suicune|Surf|p2a: Porygon2
|-damage|p2a: Porygon2|0 fnt
|faint|p2a: Porygon2
|
|t:|1728041052
|switch|p2a: Jirachi|Jirachi|100/100
|
|-heal|p1a: Suicune|66/100 tox|[from] item: Leftovers
|-damage|p1a: Suicune|53/100 tox|[from] psn
|upkeep
|turn|15
|
|t:|1728041078
|move|p2a: Jirachi|Substitute|p2a: Jirachi
|-start|p2a: Jirachi|Substitute
|-damage|p2a: Jirachi|75/100
|move|p1a: Suicune|Surf|p2a: Jirachi
|-end|p2a: Jirachi|Substitute
|
|-heal|p2a: Jirachi|82/100|[from] item: Leftovers
|-heal|p1a: Suicune|60/100 tox|[from] item: Leftovers
|-damage|p1a: Suicune|41/100 tox|[from] psn
|upkeep
|turn|16
|inactive|deno_nemesis has 270 seconds left.
|
|t:|1728041089
|switch|p1a: Magneton|Magneton|100/100
|move|p2a: Jirachi|Substitute|p2a: Jirachi
|-start|p2a: Jirachi|Substitute
|-damage|p2a: Jirachi|57/100
|
|-heal|p2a: Jirachi|63/100|[from] item: Leftovers
|upkeep
|turn|17
|inactive|deno_nemesis has 270 seconds left.
|
|t:|1728041102
|move|p2a: Jirachi|Calm Mind|p2a: Jirachi
|-boost|p2a: Jirachi|spa|1
|-boost|p2a: Jirachi|spd|1
|move|p1a: Magneton|Thunderbolt|p2a: Jirachi
|-end|p2a: Jirachi|Substitute
|
|-heal|p2a: Jirachi|69/100|[from] item: Leftovers
|upkeep
|turn|18
|inactive|deno_nemesis has 270 seconds left.
|
|t:|1728041111
|move|p2a: Jirachi|Thunder|p1a: Magneton|[miss]
|-miss|p2a: Jirachi|p1a: Magneton
|move|p1a: Magneton|Thunderbolt|p2a: Jirachi
|-damage|p2a: Jirachi|40/100
|
|-heal|p2a: Jirachi|46/100|[from] item: Leftovers
|upkeep
|turn|19
|
|t:|1728041117
|move|p2a: Jirachi|Thunder|p1a: Magneton
|-resisted|p1a: Magneton
|-damage|p1a: Magneton|67/100
|-status|p1a: Magneton|par
|cant|p1a: Magneton|par
|
|-heal|p2a: Jirachi|52/100|[from] item: Leftovers
|upkeep
|turn|20
|
|t:|1728041123
|move|p2a: Jirachi|Calm Mind|p2a: Jirachi
|-boost|p2a: Jirachi|spa|1
|-boost|p2a: Jirachi|spd|1
|move|p1a: Magneton|Thunderbolt|p2a: Jirachi
|-damage|p2a: Jirachi|27/100
|
|-heal|p2a: Jirachi|34/100|[from] item: Leftovers
|upkeep
|turn|21
|
|t:|1728041125
|move|p2a: Jirachi|Thunder|p1a: Magneton
|-resisted|p1a: Magneton
|-damage|p1a: Magneton|20/100 par
|cant|p1a: Magneton|par
|
|-heal|p2a: Jirachi|40/100|[from] item: Leftovers
|upkeep
|turn|22
|
|t:|1728041132
|move|p2a: Jirachi|Thunder|p1a: Magneton
|-resisted|p1a: Magneton
|-damage|p1a: Magneton|0 fnt
|faint|p1a: Magneton
|
|t:|1728041134
|switch|p1a: Steelix|Steelix, F|100/100
|
|-heal|p2a: Jirachi|46/100|[from] item: Leftovers
|upkeep
|turn|23
|
|t:|1728041139
|switch|p2a: Skeezo|Flygon, M|100/100
|move|p1a: Steelix|Earthquake|p2a: Skeezo
|-immune|p2a: Skeezo
|
|upkeep
|turn|24
|
|t:|1728041150
|switch|p1a: Gyarados|Gyarados, F|100/100
|-ability|p1a: Gyarados|Intimidate|boost
|-unboost|p2a: Skeezo|atk|1
|move|p2a: Skeezo|Earthquake|p1a: Gyarados
|-immune|p1a: Gyarados
|
|upkeep
|turn|25
|
|t:|1728041153
|switch|p1a: Steelix|Steelix, F|100/100
|move|p2a: Skeezo|Rock Slide|p1a: Steelix
|-resisted|p1a: Steelix
|-damage|p1a: Steelix|99/100
|
|-heal|p1a: Steelix|100/100|[from] item: Leftovers
|upkeep
|turn|26
|
|t:|1728041181
|switch|p1a: Gyarados|Gyarados, F|100/100
|-ability|p1a: Gyarados|Intimidate|boost
|-unboost|p2a: Skeezo|atk|1
|move|p2a: Skeezo|Protect||[still]
|-fail|p2a: Skeezo
|
|upkeep
|turn|27
|
|t:|1728041192
|switch|p2a: Jirachi|Jirachi|46/100
|switch|p1a: Suicune|Suicune|41/100 tox
|
|-heal|p2a: Jirachi|52/100|[from] item: Leftovers
|-heal|p1a: Suicune|47/100 tox|[from] item: Leftovers
|-damage|p1a: Suicune|41/100 tox|[from] psn
|upkeep
|turn|28
|
|t:|1728041202
|switch|p1a: Steelix|Steelix, F|100/100
|move|p2a: Jirachi|Substitute|p2a: Jirachi
|-start|p2a: Jirachi|Substitute
|-damage|p2a: Jirachi|27/100
|
|-heal|p2a: Jirachi|33/100|[from] item: Leftovers
|upkeep
|turn|29
|
|t:|1728041206
|move|p2a: Jirachi|Ice Punch|p1a: Steelix
|-damage|p1a: Steelix|78/100
|-status|p1a: Steelix|frz
|-curestatus|p1a: Steelix|frz|[msg]
|move|p1a: Steelix|Earthquake|p2a: Jirachi
|-supereffective|p2a: Jirachi
|-end|p2a: Jirachi|Substitute
|
|-heal|p2a: Jirachi|40/100|[from] item: Leftovers
|-heal|p1a: Steelix|84/100|[from] item: Leftovers
|upkeep
|turn|30
|
|t:|1728041215
|switch|p2a: Skeezo|Flygon, M|100/100
|switch|p1a: Suicune|Suicune|41/100 tox
|
|-heal|p1a: Suicune|47/100 tox|[from] item: Leftovers
|-damage|p1a: Suicune|41/100 tox|[from] psn
|upkeep
|turn|31
|
|t:|1728041224
|move|p2a: Skeezo|Protect|p2a: Skeezo
|-singleturn|p2a: Skeezo|Protect
|move|p1a: Suicune|Rest|p1a: Suicune
|-status|p1a: Suicune|slp|[from] move: Rest
|-heal|p1a: Suicune|100/100 slp|[silent]
|
|upkeep
|turn|32
|
|t:|1728041234
|move|p2a: Skeezo|Rock Slide|p1a: Suicune
|-damage|p1a: Suicune|86/100 slp
|cant|p1a: Suicune|slp
|
|-heal|p1a: Suicune|93/100 slp|[from] item: Leftovers
|upkeep
|turn|33
|
|t:|1728041238
|switch|p2a: Raikou|Raikou|100/100
|cant|p1a: Suicune|slp
|
|-heal|p1a: Suicune|99/100 slp|[from] item: Leftovers
|upkeep
|turn|34
|
|t:|1728041244
|switch|p1a: Steelix|Steelix, F|84/100
|move|p2a: Raikou|Calm Mind|p2a: Raikou
|-boost|p2a: Raikou|spa|1
|-boost|p2a: Raikou|spd|1
|
|-heal|p1a: Steelix|91/100|[from] item: Leftovers
|upkeep
|turn|35
|
|t:|1728041249
|switch|p2a: Skeezo|Flygon, M|100/100
|move|p1a: Steelix|Earthquake|p2a: Skeezo
|-immune|p2a: Skeezo
|
|-heal|p1a: Steelix|97/100|[from] item: Leftovers
|upkeep
|turn|36
|
|t:|1728041255
|move|p1a: Steelix|Protect|p1a: Steelix
|-singleturn|p1a: Steelix|Protect
|move|p2a: Skeezo|Toxic|p1a: Steelix
|-activate|p1a: Steelix|Protect
|
|-heal|p1a: Steelix|100/100|[from] item: Leftovers
|upkeep
|turn|37
|
|t:|1728041259
|switch|p1a: Suicune|Suicune|99/100 slp
|move|p2a: Skeezo|Earthquake|p1a: Suicune
|-damage|p1a: Suicune|73/100 slp
|
|-heal|p1a: Suicune|79/100 slp|[from] item: Leftovers
|upkeep
|turn|38
|
|t:|1728041269
|switch|p2a: Raikou|Raikou|100/100
|-curestatus|p1a: Suicune|slp|[msg]
|move|p1a: Suicune|Calm Mind|p1a: Suicune
|-boost|p1a: Suicune|spa|1
|-boost|p1a: Suicune|spd|1
|
|-heal|p1a: Suicune|86/100|[from] item: Leftovers
|upkeep
|turn|39
|
|t:|1728041278
|switch|p1a: Steelix|Steelix, F|100/100
|move|p2a: Raikou|Calm Mind|p2a: Raikou
|-boost|p2a: Raikou|spa|1
|-boost|p2a: Raikou|spd|1
|
|upkeep
|turn|40
|
|t:|1728041293
|switch|p2a: Skeezo|Flygon, M|100/100
|switch|p1a: Gyarados|Gyarados, F|100/100
|-ability|p1a: Gyarados|Intimidate|boost
|-unboost|p2a: Skeezo|atk|1
|
|upkeep
|turn|41
|
|t:|1728041302
|switch|p1a: Suicune|Suicune|86/100
|move|p2a: Skeezo|Earthquake|p1a: Suicune
|-damage|p1a: Suicune|67/100
|
|-heal|p1a: Suicune|74/100|[from] item: Leftovers
|upkeep
|turn|42
|
|t:|1728041308
|move|p2a: Skeezo|Toxic|p1a: Suicune
|-status|p1a: Suicune|tox
|move|p1a: Suicune|Surf|p2a: Skeezo
|-damage|p2a: Skeezo|55/100
|
|-heal|p2a: Skeezo|61/100|[from] item: Leftovers
|-heal|p1a: Suicune|80/100 tox|[from] item: Leftovers
|-damage|p1a: Suicune|74/100 tox|[from] psn
|upkeep
|turn|43
|
|t:|1728041315
|switch|p2a: Raikou|Raikou|100/100
|move|p1a: Suicune|Surf|p2a: Raikou
|-crit|p2a: Raikou
|-damage|p2a: Raikou|19/100
|
|-heal|p2a: Raikou|26/100|[from] item: Leftovers
|-heal|p1a: Suicune|80/100 tox|[from] item: Leftovers
|-damage|p1a: Suicune|67/100 tox|[from] psn
|upkeep
|turn|44
|
|t:|1728041325
|switch|p1a: Steelix|Steelix, F|100/100
|move|p2a: Raikou|Hidden Power|p1a: Steelix
|-damage|p1a: Steelix|74/100
|
|-heal|p2a: Raikou|32/100|[from] item: Leftovers
|-heal|p1a: Steelix|80/100|[from] item: Leftovers
|upkeep
|turn|45
|
|t:|1728041340
|switch|p2a: Skeezo|Flygon, M|61/100
|switch|p1a: Metagross|Metagross|100/100
|
|-heal|p2a: Skeezo|67/100|[from] item: Leftovers
|upkeep
|turn|46
|
|t:|1728041349
|move|p2a: Skeezo|Earthquake|p1a: Metagross
|-supereffective|p1a: Metagross
|-damage|p1a: Metagross|46/100
|move|p1a: Metagross|Psychic|p2a: Skeezo
|-damage|p2a: Skeezo|19/100
|
|-heal|p2a: Skeezo|25/100|[from] item: Leftovers
|-heal|p1a: Metagross|53/100|[from] item: Leftovers
|upkeep
|turn|47
|
|t:|1728041361
|move|p2a: Skeezo|Earthquake|p1a: Metagross
|-supereffective|p1a: Metagross
|-damage|p1a: Metagross|0 fnt
|faint|p1a: Metagross
|
|t:|1728041368
|switch|p1a: Suicune|Suicune|67/100 tox
|
|-heal|p2a: Skeezo|31/100|[from] item: Leftovers
|-heal|p1a: Suicune|74/100 tox|[from] item: Leftovers
|-damage|p1a: Suicune|67/100 tox|[from] psn
|upkeep
|turn|48
|
|t:|1728041377
|move|p2a: Skeezo|Earthquake|p1a: Suicune
|-damage|p1a: Suicune|40/100 tox
|move|p1a: Suicune|Surf|p2a: Skeezo
|-damage|p2a: Skeezo|0 fnt
|faint|p2a: Skeezo
|
|t:|1728041380
|switch|p2a: Raikou|Raikou|32/100
|
|-heal|p2a: Raikou|38/100|[from] item: Leftovers
|-heal|p1a: Suicune|46/100 tox|[from] item: Leftovers
|-damage|p1a: Suicune|34/100 tox|[from] psn
|upkeep
|turn|49
|
|t:|1728041386
|move|p2a: Raikou|Hidden Power|p1a: Suicune
|-supereffective|p1a: Suicune
|-damage|p1a: Suicune|0 fnt
|faint|p1a: Suicune
|
|t:|1728041392
|switch|p1a: Steelix|Steelix, F|80/100
|
|-heal|p2a: Raikou|44/100|[from] item: Leftovers
|-heal|p1a: Steelix|86/100|[from] item: Leftovers
|upkeep
|turn|50
|
|t:|1728041397
|switch|p2a: Jirachi|Jirachi|40/100
|move|p1a: Steelix|Earthquake|p2a: Jirachi
|-supereffective|p2a: Jirachi
|-damage|p2a: Jirachi|0 fnt
|faint|p2a: Jirachi
|
|t:|1728041399
|switch|p2a: Chocorock|Regirock, shiny|100/100
|
|-heal|p1a: Steelix|92/100|[from] item: Leftovers
|upkeep
|turn|51
|
|t:|1728041410
|switch|p1a: Gyarados|Gyarados, F|100/100
|-ability|p1a: Gyarados|Intimidate|boost
|-fail|p2a: Chocorock|unboost|[from] ability: Clear Body|[of] p2a: Chocorock
|move|p2a: Chocorock|Curse|p2a: Chocorock
|-unboost|p2a: Chocorock|spe|1
|-boost|p2a: Chocorock|atk|1
|-boost|p2a: Chocorock|def|1
|
|upkeep
|turn|52
|
|t:|1728041416
|move|p1a: Gyarados|Earthquake|p2a: Chocorock
|-supereffective|p2a: Chocorock
|-damage|p2a: Chocorock|79/100
|move|p2a: Chocorock|Rock Slide|p1a: Gyarados
|-supereffective|p1a: Gyarados
|-damage|p1a: Gyarados|0 fnt
|faint|p1a: Gyarados
|
|t:|1728041419
|switch|p1a: Steelix|Steelix, F|92/100
|
|-heal|p1a: Steelix|99/100|[from] item: Leftovers
|-heal|p2a: Chocorock|85/100|[from] item: Leftovers
|upkeep
|turn|53
|
|t:|1728041423
|move|p1a: Steelix|Earthquake|p2a: Chocorock
|-supereffective|p2a: Chocorock
|-damage|p2a: Chocorock|63/100
|move|p2a: Chocorock|Earthquake|p1a: Steelix
|-supereffective|p1a: Steelix
|-damage|p1a: Steelix|59/100
|
|-heal|p1a: Steelix|65/100|[from] item: Leftovers
|-heal|p2a: Chocorock|69/100|[from] item: Leftovers
|upkeep
|turn|54
|
|t:|1728041428
|move|p1a: Steelix|Earthquake|p2a: Chocorock
|-supereffective|p2a: Chocorock
|-damage|p2a: Chocorock|43/100
|move|p2a: Chocorock|Earthquake|p1a: Steelix
|-supereffective|p1a: Steelix
|-damage|p1a: Steelix|24/100
|
|-heal|p1a: Steelix|30/100|[from] item: Leftovers
|-heal|p2a: Chocorock|49/100|[from] item: Leftovers
|upkeep
|turn|55
|
|t:|1728041431
|move|p1a: Steelix|Protect|p1a: Steelix
|-singleturn|p1a: Steelix|Protect
|move|p2a: Chocorock|Earthquake|p1a: Steelix
|-activate|p1a: Steelix|Protect
|
|-heal|p1a: Steelix|36/100|[from] item: Leftovers
|-heal|p2a: Chocorock|55/100|[from] item: Leftovers
|upkeep
|turn|56
|
|t:|1728041434
|move|p1a: Steelix|Earthquake|p2a: Chocorock
|-supereffective|p2a: Chocorock
|-damage|p2a: Chocorock|29/100
|move|p2a: Chocorock|Earthquake|p1a: Steelix
|-supereffective|p1a: Steelix
|-damage|p1a: Steelix|0 fnt
|faint|p1a: Steelix
|
|win|deno_nemesis
|c|☆monchooo|gg
|c|☆deno_nemesis|gg
|c|☆monchooo|/log monchooo made the replay of this battle unlisted.

</script>
<script type="application/json" class="data" id="replaydata-smogtours-gen3ou-794530">
{"id":"smogtours-gen3ou-794530","format":"[Gen 3] OU","players":["monchooo","deno_nemesis"],"uploadtime":1728041434,"views":103,"formatid":"gen3ou","rating":null,"private":1,"password":null}
</script>

<script defer src="js/replays.js?9d40a366"></script>
