<!DOCTYPE html>
<meta charset="utf-8" />
<meta name="viewport" content="width=device-width" />

<title>[Gen 3] OU: boshinator6 vs. Kenava - Replays - Pok&eacute;mon Showdown!</title>

<meta name="description" content="Watch a replay of a Pok&eacute;mon battle between boshinator6 and Kenava! Format: [Gen 3] OU; Date: Oct 10, 2024" />
<!--

Hey, you! Looking in the source for the replay log?

You can find them in JSON format, just add `.json` at the end of a replay URL.

https://replay.pokemonshowdown.com/gen7randomdoublesbattle-865046831.json

Or, if you only need the log itself, add `.log` instead:

https://replay.pokemonshowdown.com/gen7randomdoublesbattle-865046831.log

-->

<link rel="stylesheet" href="//pokemonshowdown.com/style/global.css?0.767286132409787" />
<link rel="stylesheet" href="//play.pokemonshowdown.com/style/font-awesome.css?0.9266228007934947" />
<link rel="stylesheet" href="//play.pokemonshowdown.com/style/battle.css?0.7924700842790926" />
<link rel="stylesheet" href="//play.pokemonshowdown.com/style/utilichart.css?0.8777417872839479" />

<!-- Global site tag (gtag.js) - Google Analytics -->
<script async src="https://www.googletagmanager.com/gtag/js?id=UA-26211653-1"></script>
<script>
  window.dataLayer = window.dataLayer || [];
  function gtag(){dataLayer.push(arguments);}
  gtag('js', new Date());

  gtag('config', 'UA-26211653-1');
</script>
<!-- End Google Analytics -->
<!-- Venatus Ad Manager - Install in <HEAD> of page -->
	<script src="https://hb.vntsm.com/v3/live/ad-manager.min.js" type="text/javascript" data-site-id="642aba63ec9a7b11c3c9c1be" data-mode="scan" async></script>
<!-- / Venatus Ad Manager -->

<style>
	@media (max-width:820px) {
		.battle {
			margin: 0 auto;
		}
		.battle-log {
			margin: 7px auto 0;
			max-width: 640px;
			height: 300px;
			position: static;
		}
	}
	.optgroup {
		display: inline-block;
		line-height: 22px;
		font-size: 10pt;
	}
	.optgroup .button {
		height: 25px;
		padding-top: 0;
		padding-bottom: 0;
	}
	.optgroup button.button {
		padding-left: 12px;
		padding-right: 12px;
	}
	.linklist {
		list-style: none;
		margin: 0.5em 0;
		padding: 0;
	}
	.linklist li {
		padding: 2px 0;
	}
	.sidebar {
		float: left;
		width: 320px;
	}
	.bar-wrapper {
		max-width: 1100px;
		margin: 0 auto;
	}
	.bar-wrapper.has-sidebar {
		max-width: 1430px;
	}
	.mainbar {
		margin: 0;
		padding-right: 1px;
	}
	.mainbar.has-sidebar {
		margin-left: 330px;
	}
	@media (min-width: 1511px) {
		.sidebar {
			width: 400px;
		}
		.bar-wrapper.has-sidebar {
			max-width: 1510px;
		}
		.mainbar.has-sidebar {
			margin-left: 410px;
		}
	}
	.section.first-section {
		margin-top: 9px;
	}
	.blocklink small {
		white-space: normal;
	}
	.button {
		vertical-align: middle;
	}
	.replay-controls {
		padding-top: 10px;
	}
	.replay-controls h1 {
		font-size: 16pt;
		font-weight: normal;
		color: #CCC;
	}
	.pagelink {
		text-align: center;
	}
	.pagelink a {
		width: 150px;
	}
	.textbox, .button {
		font-size: 11pt;
		vertical-align: middle;
	}
	@media (max-width: 450px) {
		.button {
			font-size: 9pt;
		}
	}
</style>

<div>

	<header>
		<div class="nav-wrapper"><ul class="nav">
			<li><a class="button nav-first" href="//pokemonshowdown.com/"><img src="//pokemonshowdown.com/images/pokemonshowdownbeta.png" srcset="//pokemonshowdown.com/images/pokemonshowdownbeta.png 1x, //pokemonshowdown.com/images/pokemonshowdownbeta@2x.png 2x" alt="Pok&eacute;mon Showdown" width="146" height="44" /> Home</a></li>
			<li><a class="button" href="//pokemonshowdown.com/dex/">Pok&eacute;dex</a></li>
			<li><a class="button cur" href="/">Replays</a></li>
			<li><a class="button" href="//pokemonshowdown.com/ladder/">Ladder</a></li>
			<li><a class="button nav-last" href="//pokemonshowdown.com/forums/">Forum</a></li>
			<li><a class="button greenbutton nav-first nav-last" href="//play.pokemonshowdown.com/">Play</a></li>
		</ul></div>
	</header>

	<div class="main" id="main">

		<noscript><section class="section">You need to enable JavaScript to use this page; sorry!</section></noscript>

	</div>

</div>

<script defer nomodule src="//play.pokemonshowdown.com/js/lib/ps-polyfill.js"></script>
<script defer src="//play.pokemonshowdown.com/js/lib/preact.min.js"></script>

<script defer src="//play.pokemonshowdown.com/config/config.js?6dec07f6"></script>
<script defer src="//play.pokemonshowdown.com/js/lib/jquery-1.11.0.min.js"></script>
<script defer src="//play.pokemonshowdown.com/js/lib/html-sanitizer-minified.js"></script>
<script defer src="//play.pokemonshowdown.com/js/battle-sound.js"></script>
<script defer src="//play.pokemonshowdown.com/js/battledata.js?0.6315294753075389"></script>
<script defer src="//play.pokemonshowdown.com/data/pokedex-mini.js?0.7603743185311358"></script>
<script defer src="//play.pokemonshowdown.com/data/pokedex-mini-bw.js?0.030888842834281283"></script>
<script defer src="//play.pokemonshowdown.com/data/graphics.js?0.05593094747507488"></script>
<script defer src="//play.pokemonshowdown.com/data/pokedex.js?0.47064822249611904"></script>
<script defer src="//play.pokemonshowdown.com/data/moves.js?0.8583693120512459"></script>
<script defer src="//play.pokemonshowdown.com/data/abilities.js?0.16017181182386842"></script>
<script defer src="//play.pokemonshowdown.com/data/items.js?0.4163379185673943"></script>
<script defer src="//play.pokemonshowdown.com/data/teambuilder-tables.js?0.31075597372830477"></script>
<script defer src="//play.pokemonshowdown.com/js/battle-tooltips.js?0.6536193500708172"></script>
<script defer src="//play.pokemonshowdown.com/js/battle.js?0.1916591943277901"></script>

<script defer src="js/utils.js?e31f9a17"></script>
<script defer src="js/replays-battle.js?7008c182"></script>

<!-- don't scrape this data! just add .json or .log after the URL!
Full API docs: https://github.com/smogon/pokemon-showdown-client/blob/master/WEB-API.md -->
<script type="text/plain" class="log" id="replaylog-smogtours-gen3ou-797071">
|inactive|Battle timer is ON: inactive players will automatically lose when time's up.
|t:|1728601957
|gametype|singles
|player|p1|boshinator6|101|
|player|p2|Kenava|101|
|teamsize|p1|6
|teamsize|p2|6
|gen|3
|tier|[Gen 3] OU
|rule|Sleep Clause Mod: Limit one foe put to sleep
|rule|Switch Priority Clause Mod: Faster Pokémon switch first
|rule|Species Clause: Limit one of each Pokémon
|rule|OHKO Clause: OHKO moves are banned
|rule|Evasion Items Clause: Evasion items are banned
|rule|Evasion Moves Clause: Evasion moves are banned
|rule|Endless Battle Clause: Forcing endless battles is banned
|rule|HP Percentage Mod: HP is shown in percentages
|rule|One Boost Passer Clause: Limit one Baton Passer that has a way to boost its stats
|rule|Freeze Clause Mod: Limit one foe frozen
|
|t:|1728601957
|start
|switch|p1a: Tyranitar|Tyranitar, F|100/100
|switch|p2a: Suicune|Suicune|100/100
|-weather|Sandstorm|[from] ability: Sand Stream|[of] p1a: Tyranitar
|turn|1
|inactive|Kenava also wants the timer to be on.
|c|☆boshinator6|Gl hf
|c|☆Kenava|glhf
|
|t:|1728601976
|switch|p1a: Lanturn|Lanturn, F|100/100
|move|p2a: Suicune|Hydro Pump|p1a: Lanturn|[miss]
|-miss|p2a: Suicune|p1a: Lanturn
|
|-weather|Sandstorm|[upkeep]
|-damage|p2a: Suicune|94/100|[from] Sandstorm
|-damage|p1a: Lanturn|94/100|[from] Sandstorm
|-heal|p2a: Suicune|100/100|[from] item: Leftovers
|-heal|p1a: Lanturn|100/100|[from] item: Leftovers
|upkeep
|turn|2
|inactive|Kenava has 270 seconds left.
|
|t:|1728602019
|switch|p2a: Celebi|Celebi|100/100
|move|p1a: Lanturn|Thunderbolt|p2a: Celebi
|-resisted|p2a: Celebi
|-damage|p2a: Celebi|82/100
|
|-weather|Sandstorm|[upkeep]
|-damage|p2a: Celebi|76/100|[from] Sandstorm
|-damage|p1a: Lanturn|94/100|[from] Sandstorm
|-heal|p2a: Celebi|82/100|[from] item: Leftovers
|-heal|p1a: Lanturn|100/100|[from] item: Leftovers
|upkeep
|turn|3
|
|t:|1728602026
|move|p2a: Celebi|Calm Mind|p2a: Celebi
|-boost|p2a: Celebi|spa|1
|-boost|p2a: Celebi|spd|1
|move|p1a: Lanturn|Ice Beam|p2a: Celebi
|-supereffective|p2a: Celebi
|-damage|p2a: Celebi|48/100
|
|-weather|Sandstorm|[upkeep]
|-damage|p2a: Celebi|42/100|[from] Sandstorm
|-damage|p1a: Lanturn|94/100|[from] Sandstorm
|-heal|p2a: Celebi|48/100|[from] item: Leftovers
|-heal|p1a: Lanturn|100/100|[from] item: Leftovers
|upkeep
|turn|4
|inactive|Kenava has 270 seconds left.
|
|t:|1728602042
|switch|p1a: Metagross|Metagross|100/100
|move|p2a: Celebi|Giga Drain|p1a: Metagross
|-resisted|p1a: Metagross
|-damage|p1a: Metagross|79/100
|-heal|p2a: Celebi|58/100|[from] drain|[of] p1a: Metagross
|
|-weather|Sandstorm|[upkeep]
|-damage|p2a: Celebi|52/100|[from] Sandstorm
|-heal|p2a: Celebi|58/100|[from] item: Leftovers
|-heal|p1a: Metagross|85/100|[from] item: Leftovers
|upkeep
|turn|5
|inactive|boshinator6 has 270 seconds left.
|inactive|Kenava has 270 seconds left.
|
|t:|1728602086
|move|p2a: Celebi|Hidden Power|p1a: Metagross
|-supereffective|p1a: Metagross
|-damage|p1a: Metagross|19/100
|move|p1a: Metagross|Meteor Mash|p2a: Celebi
|-crit|p2a: Celebi
|-damage|p2a: Celebi|0 fnt
|faint|p2a: Celebi
|
|t:|1728602093
|switch|p2a: Dugtrio|Dugtrio, F|100/100
|
|-weather|Sandstorm|[upkeep]
|-heal|p1a: Metagross|26/100|[from] item: Leftovers
|upkeep
|turn|6
|
|t:|1728602096
|move|p1a: Metagross|Protect|p1a: Metagross
|-singleturn|p1a: Metagross|Protect
|move|p2a: Dugtrio|Earthquake|p1a: Metagross
|-activate|p1a: Metagross|Protect
|
|-weather|Sandstorm|[upkeep]
|-heal|p1a: Metagross|32/100|[from] item: Leftovers
|upkeep
|turn|7
|
|t:|1728602102
|move|p1a: Metagross|Protect|p1a: Metagross
|-singleturn|p1a: Metagross|Protect
|move|p2a: Dugtrio|Earthquake|p1a: Metagross
|-activate|p1a: Metagross|Protect
|
|-weather|Sandstorm|[upkeep]
|-heal|p1a: Metagross|38/100|[from] item: Leftovers
|upkeep
|turn|8
|
|t:|1728602107
|move|p2a: Dugtrio|Earthquake|p1a: Metagross
|-supereffective|p1a: Metagross
|-crit|p1a: Metagross
|-damage|p1a: Metagross|0 fnt
|faint|p1a: Metagross
|
|t:|1728602118
|switch|p1a: Skarmory|Skarmory, F|100/100
|
|-weather|Sandstorm|[upkeep]
|upkeep
|turn|9
|
|t:|1728602127
|switch|p2a: Raikou|Raikou|100/100
|move|p1a: Skarmory|Spikes|p2a: Raikou
|-sidestart|p2: Kenava|Spikes
|
|-weather|Sandstorm|[upkeep]
|-damage|p2a: Raikou|94/100|[from] Sandstorm
|-heal|p2a: Raikou|100/100|[from] item: Leftovers
|upkeep
|turn|10
|
|t:|1728602148
|switch|p2a: Dugtrio|Dugtrio, F|100/100
|-damage|p2a: Dugtrio|88/100|[from] Spikes
|switch|p1a: Lanturn|Lanturn, F|100/100
|
|-weather|Sandstorm|[upkeep]
|-damage|p1a: Lanturn|94/100|[from] Sandstorm
|-heal|p1a: Lanturn|100/100|[from] item: Leftovers
|upkeep
|turn|11
|c|☆boshinator6|Shoulda seen that coming
|
|t:|1728602164
|move|p1a: Lanturn|Protect|p1a: Lanturn
|-singleturn|p1a: Lanturn|Protect
|move|p2a: Dugtrio|Earthquake|p1a: Lanturn
|-activate|p1a: Lanturn|Protect
|
|-weather|Sandstorm|[upkeep]
|-damage|p1a: Lanturn|94/100|[from] Sandstorm
|-heal|p1a: Lanturn|100/100|[from] item: Leftovers
|upkeep
|turn|12
|
|t:|1728602170
|move|p1a: Lanturn|Protect||[still]
|-fail|p1a: Lanturn
|move|p2a: Dugtrio|Earthquake|p1a: Lanturn
|-supereffective|p1a: Lanturn
|-damage|p1a: Lanturn|0 fnt
|faint|p1a: Lanturn
|
|t:|1728602180
|switch|p1a: Aerodactyl|Aerodactyl, F|100/100
|
|-weather|Sandstorm|[upkeep]
|upkeep
|turn|13
|
|t:|1728602197
|switch|p2a: Suicune|Suicune|100/100
|-damage|p2a: Suicune|88/100|[from] Spikes
|move|p1a: Aerodactyl|Double-Edge|p2a: Suicune
|-crit|p2a: Suicune
|-damage|p2a: Suicune|0 fnt
|faint|p2a: Suicune
|
|t:|1728602210
|switch|p2a: Jirachi|Jirachi|100/100
|-damage|p2a: Jirachi|88/100|[from] Spikes
|
|-weather|Sandstorm|[upkeep]
|-heal|p2a: Jirachi|94/100|[from] item: Leftovers
|upkeep
|turn|14
|inactive|boshinator6 has 270 seconds left.
|inactive|boshinator6 has 240 seconds left.
|inactive|boshinator6 has 210 seconds left.
|
|t:|1728602300
|switch|p1a: Tyranitar|Tyranitar, F|100/100
|move|p2a: Jirachi|Calm Mind|p2a: Jirachi
|-boost|p2a: Jirachi|spa|1
|-boost|p2a: Jirachi|spd|1
|
|-weather|Sandstorm|[upkeep]
|-heal|p2a: Jirachi|100/100|[from] item: Leftovers
|upkeep
|turn|15
|
|t:|1728602305
|move|p2a: Jirachi|Hidden Power|p1a: Tyranitar
|-supereffective|p1a: Tyranitar
|-damage|p1a: Tyranitar|36/100
|move|p1a: Tyranitar|Fire Blast|p2a: Jirachi|[miss]
|-miss|p1a: Tyranitar|p2a: Jirachi
|
|-weather|Sandstorm|[upkeep]
|-heal|p1a: Tyranitar|42/100|[from] item: Leftovers
|upkeep
|turn|16
|
|t:|1728602324
|switch|p1a: Skarmory|Skarmory, F|100/100
|move|p2a: Jirachi|Hidden Power|p1a: Skarmory
|-resisted|p1a: Skarmory
|-damage|p1a: Skarmory|93/100
|
|-weather|Sandstorm|[upkeep]
|-heal|p1a: Skarmory|99/100|[from] item: Leftovers
|upkeep
|turn|17
|
|t:|1728602334
|move|p2a: Jirachi|Fire Punch|p1a: Skarmory
|-supereffective|p1a: Skarmory
|-damage|p1a: Skarmory|36/100
|move|p1a: Skarmory|Roar|p2a: Jirachi
|drag|p2a: Porygon2|Porygon2|100/100
|-damage|p2a: Porygon2|88/100|[from] Spikes
|-ability|p2a: Porygon2|Keen Eye|[from] ability: Trace|[of] p1a: Skarmory
|
|-weather|Sandstorm|[upkeep]
|-damage|p2a: Porygon2|82/100|[from] Sandstorm
|-heal|p1a: Skarmory|42/100|[from] item: Leftovers
|-heal|p2a: Porygon2|88/100|[from] item: Leftovers
|upkeep
|turn|18
|inactive|boshinator6 has 210 seconds left.
|inactive|Kenava has 270 seconds left.
|inactive|boshinator6 has 180 seconds left.
|
|t:|1728602405
|move|p1a: Skarmory|Protect|p1a: Skarmory
|-singleturn|p1a: Skarmory|Protect
|move|p2a: Porygon2|Thunderbolt|p1a: Skarmory
|-activate|p1a: Skarmory|Protect
|
|-weather|Sandstorm|[upkeep]
|-damage|p2a: Porygon2|82/100|[from] Sandstorm
|-heal|p1a: Skarmory|48/100|[from] item: Leftovers
|-heal|p2a: Porygon2|88/100|[from] item: Leftovers
|upkeep
|turn|19
|inactive|Kenava has 270 seconds left.
|
|t:|1728602422
|move|p1a: Skarmory|Spikes|p2a: Porygon2
|-sidestart|p2: Kenava|Spikes
|move|p2a: Porygon2|Thunderbolt|p1a: Skarmory
|-supereffective|p1a: Skarmory
|-damage|p1a: Skarmory|4/100
|
|-weather|Sandstorm|[upkeep]
|-damage|p2a: Porygon2|82/100|[from] Sandstorm
|-heal|p1a: Skarmory|10/100|[from] item: Leftovers
|-heal|p2a: Porygon2|88/100|[from] item: Leftovers
|upkeep
|turn|20
|
|t:|1728602427
|move|p1a: Skarmory|Spikes|p2a: Porygon2
|-sidestart|p2: Kenava|Spikes
|move|p2a: Porygon2|Recover|p2a: Porygon2
|-heal|p2a: Porygon2|100/100
|
|-weather|Sandstorm|[upkeep]
|-damage|p2a: Porygon2|94/100|[from] Sandstorm
|-heal|p1a: Skarmory|16/100|[from] item: Leftovers
|-heal|p2a: Porygon2|100/100|[from] item: Leftovers
|upkeep
|turn|21
|inactive|boshinator6 has 180 seconds left.
|
|t:|1728602441
|move|p1a: Skarmory|Toxic|p2a: Porygon2
|-status|p2a: Porygon2|tox
|move|p2a: Porygon2|Thunderbolt|p1a: Skarmory
|-supereffective|p1a: Skarmory
|-damage|p1a: Skarmory|0 fnt
|faint|p1a: Skarmory
|inactive|boshinator6 has 150 seconds left.
|inactive|boshinator6 has 120 seconds left.
|
|t:|1728602511
|switch|p1a: Tyranitar|Tyranitar, F|42/100
|
|-weather|Sandstorm|[upkeep]
|-damage|p2a: Porygon2|94/100 tox|[from] Sandstorm
|-heal|p1a: Tyranitar|49/100|[from] item: Leftovers
|-heal|p2a: Porygon2|100/100 tox|[from] item: Leftovers
|-damage|p2a: Porygon2|94/100 tox|[from] psn
|upkeep
|turn|22
|inactive|boshinator6 has 120 seconds left.
|inactive|Kenava has 270 seconds left.
|
|t:|1728602549
|switch|p2a: Dugtrio|Dugtrio, F|88/100
|-damage|p2a: Dugtrio|63/100|[from] Spikes
|move|p1a: Tyranitar|Brick Break|p2a: Dugtrio
|-damage|p2a: Dugtrio|0 fnt
|faint|p2a: Dugtrio
|
|t:|1728602564
|switch|p2a: Jirachi|Jirachi|100/100
|-damage|p2a: Jirachi|76/100|[from] Spikes
|
|-weather|Sandstorm|[upkeep]
|-heal|p2a: Jirachi|82/100|[from] item: Leftovers
|-heal|p1a: Tyranitar|55/100|[from] item: Leftovers
|upkeep
|turn|23
|inactive|boshinator6 has 120 seconds left.
|
|t:|1728602592
|move|p2a: Jirachi|Calm Mind|p2a: Jirachi
|-boost|p2a: Jirachi|spa|1
|-boost|p2a: Jirachi|spd|1
|move|p1a: Tyranitar|Fire Blast|p2a: Jirachi
|-supereffective|p2a: Jirachi
|-crit|p2a: Jirachi
|-damage|p2a: Jirachi|0 fnt
|faint|p2a: Jirachi
|inactive|Kenava has 240 seconds left.
|
|t:|1728602613
|switch|p2a: Raikou|Raikou|100/100
|-damage|p2a: Raikou|76/100|[from] Spikes
|
|-weather|Sandstorm|[upkeep]
|-damage|p2a: Raikou|69/100|[from] Sandstorm
|-heal|p2a: Raikou|76/100|[from] item: Leftovers
|-heal|p1a: Tyranitar|61/100|[from] item: Leftovers
|upkeep
|turn|24
|inactive|Kenava has 240 seconds left.
|inactive|boshinator6 has 90 seconds left.
|
|t:|1728602667
|move|p2a: Raikou|Calm Mind|p2a: Raikou
|-boost|p2a: Raikou|spa|1
|-boost|p2a: Raikou|spd|1
|move|p1a: Tyranitar|Rock Slide|p2a: Raikou
|-damage|p2a: Raikou|23/100
|
|-weather|Sandstorm|[upkeep]
|-damage|p2a: Raikou|17/100|[from] Sandstorm
|-heal|p2a: Raikou|23/100|[from] item: Leftovers
|-heal|p1a: Tyranitar|67/100|[from] item: Leftovers
|upkeep
|turn|25
|
|t:|1728602678
|move|p2a: Raikou|Thunderbolt|p1a: Tyranitar
|-damage|p1a: Tyranitar|2/100
|move|p1a: Tyranitar|Rock Slide|p2a: Raikou
|-crit|p2a: Raikou
|-damage|p2a: Raikou|0 fnt
|faint|p2a: Raikou
|
|t:|1728602682
|switch|p2a: Porygon2|Porygon2|94/100 tox
|-damage|p2a: Porygon2|69/100 tox|[from] Spikes
|-ability|p2a: Porygon2|Sand Stream|[from] ability: Trace|[of] p1a: Tyranitar
|
|-weather|Sandstorm|[upkeep]
|-damage|p2a: Porygon2|63/100 tox|[from] Sandstorm
|-heal|p1a: Tyranitar|8/100|[from] item: Leftovers
|-heal|p2a: Porygon2|69/100 tox|[from] item: Leftovers
|-damage|p2a: Porygon2|63/100 tox|[from] psn
|upkeep
|turn|26
|
|t:|1728602684
|move|p1a: Tyranitar|Brick Break|p2a: Porygon2
|-supereffective|p2a: Porygon2
|-damage|p2a: Porygon2|20/100 tox
|move|p2a: Porygon2|Ice Beam|p1a: Tyranitar
|-damage|p1a: Tyranitar|0 fnt
|faint|p1a: Tyranitar
|c|☆Kenava|gg
|
|t:|1728602688
|switch|p1a: Aerodactyl|Aerodactyl, F|100/100
|
|-weather|Sandstorm|[upkeep]
|-damage|p2a: Porygon2|14/100 tox|[from] Sandstorm
|-heal|p2a: Porygon2|20/100 tox|[from] item: Leftovers
|-damage|p2a: Porygon2|8/100 tox|[from] psn
|upkeep
|turn|27
|
|t:|1728602691
|move|p1a: Aerodactyl|Double-Edge|p2a: Porygon2
|-crit|p2a: Porygon2
|-damage|p2a: Porygon2|0 fnt
|faint|p2a: Porygon2
|
|win|boshinator6

</script>
<script type="application/json" class="data" id="replaydata-smogtours-gen3ou-797071">
{"id":"smogtours-gen3ou-797071","format":"[Gen 3] OU","players":["boshinator6","Kenava"],"uploadtime":1728602691,"views":101,"formatid":"gen3ou","rating":null,"private":0,"password":null}
</script>

<script defer src="js/replays.js?9d40a366"></script>
