<!DOCTYPE html>
<meta charset="utf-8" />
<meta name="viewport" content="width=device-width" />

<title>[Gen 3] OU: dig boshi vs. Ghostfall22 - Replays - Pok&eacute;mon Showdown!</title>

<meta name="description" content="Watch a replay of a Pok&eacute;mon battle between dig boshi and Ghostfall22! Format: [Gen 3] OU; Date: Oct 13, 2024" />
<!--

Hey, you! Looking in the source for the replay log?

You can find them in JSON format, just add `.json` at the end of a replay URL.

https://replay.pokemonshowdown.com/gen7randomdoublesbattle-865046831.json

Or, if you only need the log itself, add `.log` instead:

https://replay.pokemonshowdown.com/gen7randomdoublesbattle-865046831.log

-->

<link rel="stylesheet" href="//pokemonshowdown.com/style/global.css?0.023195364461161105" />
<link rel="stylesheet" href="//play.pokemonshowdown.com/style/font-awesome.css?0.13261647063804238" />
<link rel="stylesheet" href="//play.pokemonshowdown.com/style/battle.css?0.8753245789963631" />
<link rel="stylesheet" href="//play.pokemonshowdown.com/style/utilichart.css?0.8627959624976733" />

<!-- Global site tag (gtag.js) - Google Analytics -->
<script async src="https://www.googletagmanager.com/gtag/js?id=UA-26211653-1"></script>
<script>
  window.dataLayer = window.dataLayer || [];
  function gtag(){dataLayer.push(arguments);}
  gtag('js', new Date());

  gtag('config', 'UA-26211653-1');
</script>
<!-- End Google Analytics -->
<!-- Venatus Ad Manager - Install in <HEAD> of page -->
	<script src="https://hb.vntsm.com/v3/live/ad-manager.min.js" type="text/javascript" data-site-id="642aba63ec9a7b11c3c9c1be" data-mode="scan" async></script>
<!-- / Venatus Ad Manager -->

<style>
	@media (max-width:820px) {
		.battle {
			margin: 0 auto;
		}
		.battle-log {
			margin: 7px auto 0;
			max-width: 640px;
			height: 300px;
			position: static;
		}
	}
	.optgroup {
		display: inline-block;
		line-height: 22px;
		font-size: 10pt;
	}
	.optgroup .button {
		height: 25px;
		padding-top: 0;
		padding-bottom: 0;
	}
	.optgroup button.button {
		padding-left: 12px;
		padding-right: 12px;
	}
	.linklist {
		list-style: none;
		margin: 0.5em 0;
		padding: 0;
	}
	.linklist li {
		padding: 2px 0;
	}
	.sidebar {
		float: left;
		width: 320px;
	}
	.bar-wrapper {
		max-width: 1100px;
		margin: 0 auto;
	}
	.bar-wrapper.has-sidebar {
		max-width: 1430px;
	}
	.mainbar {
		margin: 0;
		padding-right: 1px;
	}
	.mainbar.has-sidebar {
		margin-left: 330px;
	}
	@media (min-width: 1511px) {
		.sidebar {
			width: 400px;
		}
		.bar-wrapper.has-sidebar {
			max-width: 1510px;
		}
		.mainbar.has-sidebar {
			margin-left: 410px;
		}
	}
	.section.first-section {
		margin-top: 9px;
	}
	.blocklink small {
		white-space: normal;
	}
	.button {
		vertical-align: middle;
	}
	.replay-controls {
		padding-top: 10px;
	}
	.replay-controls h1 {
		font-size: 16pt;
		font-weight: normal;
		color: #CCC;
	}
	.pagelink {
		text-align: center;
	}
	.pagelink a {
		width: 150px;
	}
	.textbox, .button {
		font-size: 11pt;
		vertical-align: middle;
	}
	@media (max-width: 450px) {
		.button {
			font-size: 9pt;
		}
	}
</style>

<div>

	<header>
		<div class="nav-wrapper"><ul class="nav">
			<li><a class="button nav-first" href="//pokemonshowdown.com/"><img src="//pokemonshowdown.com/images/pokemonshowdownbeta.png" srcset="//pokemonshowdown.com/images/pokemonshowdownbeta.png 1x, //pokemonshowdown.com/images/pokemonshowdownbeta@2x.png 2x" alt="Pok&eacute;mon Showdown" width="146" height="44" /> Home</a></li>
			<li><a class="button" href="//pokemonshowdown.com/dex/">Pok&eacute;dex</a></li>
			<li><a class="button cur" href="/">Replays</a></li>
			<li><a class="button" href="//pokemonshowdown.com/ladder/">Ladder</a></li>
			<li><a class="button nav-last" href="//pokemonshowdown.com/forums/">Forum</a></li>
			<li><a class="button greenbutton nav-first nav-last" href="//play.pokemonshowdown.com/">Play</a></li>
		</ul></div>
	</header>

	<div class="main" id="main">

		<noscript><section class="section">You need to enable JavaScript to use this page; sorry!</section></noscript>

	</div>

</div>

<script defer nomodule src="//play.pokemonshowdown.com/js/lib/ps-polyfill.js"></script>
<script defer src="//play.pokemonshowdown.com/js/lib/preact.min.js"></script>

<script defer src="//play.pokemonshowdown.com/config/config.js?2bddbc15"></script>
<script defer src="//play.pokemonshowdown.com/js/lib/jquery-1.11.0.min.js"></script>
<script defer src="//play.pokemonshowdown.com/js/lib/html-sanitizer-minified.js"></script>
<script defer src="//play.pokemonshowdown.com/js/battle-sound.js"></script>
<script defer src="//play.pokemonshowdown.com/js/battledata.js?0.7209276989879541"></script>
<script defer src="//play.pokemonshowdown.com/data/pokedex-mini.js?0.6111056340867951"></script>
<script defer src="//play.pokemonshowdown.com/data/pokedex-mini-bw.js?0.3532142036491459"></script>
<script defer src="//play.pokemonshowdown.com/data/graphics.js?0.24223875632456182"></script>
<script defer src="//play.pokemonshowdown.com/data/pokedex.js?0.38839984266356864"></script>
<script defer src="//play.pokemonshowdown.com/data/moves.js?0.21866028504024015"></script>
<script defer src="//play.pokemonshowdown.com/data/abilities.js?0.2005157953846628"></script>
<script defer src="//play.pokemonshowdown.com/data/items.js?0.9894211263848525"></script>
<script defer src="//play.pokemonshowdown.com/data/teambuilder-tables.js?0.6008791140282215"></script>
<script defer src="//play.pokemonshowdown.com/js/battle-tooltips.js?0.7580118955022959"></script>
<script defer src="//play.pokemonshowdown.com/js/battle.js?0.6057722274234274"></script>

<script defer src="js/utils.js?e31f9a17"></script>
<script defer src="js/replays-battle.js?7008c182"></script>

<!-- don't scrape this data! just add .json or .log after the URL!
Full API docs: https://github.com/smogon/pokemon-showdown-client/blob/master/WEB-API.md -->
<script type="text/plain" class="log" id="replaylog-smogtours-gen3ou-798524">
|inactive|Battle timer is ON: inactive players will automatically lose when time's up.
|t:|1728862655
|gametype|singles
|player|p1|dig boshi|2|
|player|p2|Ghostfall22|lady-gen4|
|teamsize|p1|6
|teamsize|p2|6
|gen|3
|tier|[Gen 3] OU
|rule|Sleep Clause Mod: Limit one foe put to sleep
|rule|Switch Priority Clause Mod: Faster Pokémon switch first
|rule|Species Clause: Limit one of each Pokémon
|rule|OHKO Clause: OHKO moves are banned
|rule|Evasion Items Clause: Evasion items are banned
|rule|Evasion Moves Clause: Evasion moves are banned
|rule|Endless Battle Clause: Forcing endless battles is banned
|rule|HP Percentage Mod: HP is shown in percentages
|rule|One Boost Passer Clause: Limit one Baton Passer that has a way to boost its stats
|rule|Freeze Clause Mod: Limit one foe frozen
|
|t:|1728862655
|start
|switch|p1a: Zapdos|Zapdos|100/100
|switch|p2a: Salamence|Salamence, F|100/100
|-ability|p2a: Salamence|Intimidate|boost
|-unboost|p1a: Zapdos|atk|1
|turn|1
|
|t:|1728862662
|switch|p2a: Celebi|Celebi|100/100
|move|p1a: Zapdos|Hidden Power|p2a: Celebi
|-supereffective|p2a: Celebi
|-damage|p2a: Celebi|58/100
|
|-heal|p2a: Celebi|64/100|[from] item: Leftovers
|upkeep
|turn|2
|
|t:|1728862672
|switch|p1a: Moltres|Moltres|100/100
|move|p2a: Celebi|Recover|p2a: Celebi
|-heal|p2a: Celebi|100/100
|
|upkeep
|turn|3
|
|t:|1728862677
|switch|p2a: Blissey|Blissey, F, shiny|100/100
|move|p1a: Moltres|Flamethrower|p2a: Blissey
|-damage|p2a: Blissey|80/100
|
|-heal|p2a: Blissey|87/100|[from] item: Leftovers
|upkeep
|turn|4
|
|t:|1728862685
|switch|p1a: Dugtrio|Dugtrio, F|100/100
|move|p2a: Blissey|Ice Beam|p1a: Dugtrio
|-supereffective|p1a: Dugtrio
|-damage|p1a: Dugtrio|6/100
|
|-heal|p2a: Blissey|93/100|[from] item: Leftovers
|upkeep
|turn|5
|
|t:|1728862692
|move|p1a: Dugtrio|Beat Up|p2a: Blissey
|-damage|p2a: Blissey|83/100
|-damage|p2a: Blissey|71/100
|-damage|p2a: Blissey|59/100
|-damage|p2a: Blissey|48/100
|-damage|p2a: Blissey|37/100
|-damage|p2a: Blissey|24/100
|-hitcount|p2a: Blissey|6
|move|p2a: Blissey|Ice Beam|p1a: Dugtrio
|-supereffective|p1a: Dugtrio
|-damage|p1a: Dugtrio|0 fnt
|faint|p1a: Dugtrio
|
|t:|1728862704
|switch|p1a: Moltres|Moltres|100/100
|
|-heal|p2a: Blissey|30/100|[from] item: Leftovers
|upkeep
|turn|6
|inactive|Ghostfall22 has 270 seconds left.
|inactive|Ghostfall22 has 240 seconds left.
|
|t:|1728862772
|move|p1a: Moltres|Overheat|p2a: Blissey
|-damage|p2a: Blissey|0 fnt
|-unboost|p1a: Moltres|spa|2
|faint|p2a: Blissey
|
|t:|1728862776
|switch|p2a: Starmie|Starmie, shiny|100/100
|
|upkeep
|turn|7
|
|t:|1728862781
|switch|p1a: Snorlax|Snorlax, F|100/100
|move|p2a: Starmie|Thunder Wave|p1a: Snorlax
|-status|p1a: Snorlax|par
|
|upkeep
|turn|8
|
|t:|1728862788
|switch|p2a: Skarmory|Skarmory, F, shiny|100/100
|cant|p1a: Snorlax|par
|
|upkeep
|turn|9
|
|t:|1728862797
|switch|p1a: Forretress|Forretress, M|100/100
|move|p2a: Skarmory|Spikes|p1a: Forretress
|-sidestart|p1: dig boshi|Spikes
|
|upkeep
|turn|10
|inactive|Ghostfall22 has 270 seconds left.
|
|t:|1728862808
|switch|p2a: Salamence|Salamence, F|100/100
|-ability|p2a: Salamence|Intimidate|boost
|-unboost|p1a: Forretress|atk|1
|move|p1a: Forretress|Spikes|p2a: Salamence
|-sidestart|p2: Ghostfall22|Spikes
|
|upkeep
|turn|11
|
|t:|1728862828
|switch|p1a: Snorlax|Snorlax, F|100/100 par
|-damage|p1a: Snorlax|88/100 par|[from] Spikes
|move|p2a: Salamence|Fire Blast|p1a: Snorlax
|-damage|p1a: Snorlax|64/100 par
|
|-heal|p1a: Snorlax|70/100 par|[from] item: Leftovers
|upkeep
|turn|12
|
|t:|1728862837
|switch|p2a: Skarmory|Skarmory, F, shiny|100/100
|switch|p1a: Zapdos|Zapdos|100/100
|
|upkeep
|turn|13
|
|t:|1728862845
|switch|p2a: Celebi|Celebi|100/100
|-damage|p2a: Celebi|88/100|[from] Spikes
|move|p1a: Zapdos|Thunderbolt|p2a: Celebi
|-resisted|p2a: Celebi
|-damage|p2a: Celebi|67/100
|
|-heal|p2a: Celebi|73/100|[from] item: Leftovers
|upkeep
|turn|14
|
|t:|1728862856
|switch|p1a: Moltres|Moltres|100/100
|move|p2a: Celebi|Leech Seed|p1a: Moltres
|-start|p1a: Moltres|move: Leech Seed
|
|-damage|p1a: Moltres|88/100|[from] Leech Seed|[of] p2a: Celebi
|-heal|p2a: Celebi|83/100|[silent]
|-heal|p2a: Celebi|89/100|[from] item: Leftovers
|upkeep
|turn|15
|
|t:|1728862875
|switch|p1a: Zapdos|Zapdos|100/100
|switch|p2a: Starmie|Starmie, shiny|100/100
|-damage|p2a: Starmie|88/100|[from] Spikes
|
|-heal|p2a: Starmie|94/100|[from] item: Leftovers
|upkeep
|turn|16
|
|t:|1728862882
|switch|p2a: Celebi|Celebi|89/100
|-damage|p2a: Celebi|77/100|[from] Spikes
|move|p1a: Zapdos|Toxic|p2a: Celebi
|-status|p2a: Celebi|tox
|
|-heal|p2a: Celebi|83/100 tox|[from] item: Leftovers
|-damage|p2a: Celebi|77/100 tox|[from] psn
|upkeep
|turn|17
|
|t:|1728862899
|move|p1a: Zapdos|Hidden Power|p2a: Celebi
|-supereffective|p2a: Celebi
|-damage|p2a: Celebi|35/100 tox
|move|p2a: Celebi|Leech Seed|p1a: Zapdos
|-start|p1a: Zapdos|move: Leech Seed
|
|-damage|p1a: Zapdos|88/100|[from] Leech Seed|[of] p2a: Celebi
|-heal|p2a: Celebi|45/100 tox|[silent]
|-heal|p2a: Celebi|51/100 tox|[from] item: Leftovers
|-damage|p2a: Celebi|39/100 tox|[from] psn
|upkeep
|turn|18
|
|t:|1728862908
|-curestatus|p2a: Celebi|tox|[from] ability: Natural Cure
|switch|p2a: Skarmory|Skarmory, F, shiny|100/100
|move|p1a: Zapdos|Hidden Power|p2a: Skarmory
|-damage|p2a: Skarmory|78/100
|
|-damage|p1a: Zapdos|76/100|[from] Leech Seed|[of] p2a: Skarmory
|-heal|p2a: Skarmory|91/100|[silent]
|-heal|p2a: Skarmory|97/100|[from] item: Leftovers
|upkeep
|turn|19
|
|t:|1728862917
|move|p2a: Skarmory|Protect|p2a: Skarmory
|-singleturn|p2a: Skarmory|Protect
|move|p1a: Zapdos|Thunderbolt|p2a: Skarmory
|-activate|p2a: Skarmory|Protect
|
|-damage|p1a: Zapdos|63/100|[from] Leech Seed|[of] p2a: Skarmory
|-heal|p2a: Skarmory|100/100|[silent]
|upkeep
|turn|20
|
|t:|1728862930
|move|p1a: Zapdos|Hidden Power|p2a: Skarmory
|-damage|p2a: Skarmory|77/100
|move|p2a: Skarmory|Toxic|p1a: Zapdos
|-status|p1a: Zapdos|tox
|
|-damage|p1a: Zapdos|51/100 tox|[from] Leech Seed|[of] p2a: Skarmory
|-heal|p2a: Skarmory|89/100|[silent]
|-damage|p1a: Zapdos|45/100 tox|[from] psn
|-heal|p2a: Skarmory|95/100|[from] item: Leftovers
|upkeep
|turn|21
|
|t:|1728862940
|switch|p1a: Forretress|Forretress, M|100/100
|-damage|p1a: Forretress|88/100|[from] Spikes
|move|p2a: Skarmory|Protect||[still]
|-fail|p2a: Skarmory
|
|-heal|p2a: Skarmory|100/100|[from] item: Leftovers
|-heal|p1a: Forretress|94/100|[from] item: Leftovers
|upkeep
|turn|22
|
|t:|1728862950
|switch|p2a: Salamence|Salamence, F|100/100
|-ability|p2a: Salamence|Intimidate|boost
|-unboost|p1a: Forretress|atk|1
|move|p1a: Forretress|Rapid Spin|p2a: Salamence
|-damage|p2a: Salamence|96/100
|-sideend|p1: dig boshi|Spikes|[from] move: Rapid Spin|[of] p1a: Forretress
|
|-heal|p2a: Salamence|100/100|[from] item: Leftovers
|-heal|p1a: Forretress|100/100|[from] item: Leftovers
|upkeep
|turn|23
|
|t:|1728862963
|switch|p1a: Moltres|Moltres|88/100
|move|p2a: Salamence|Dragon Claw|p1a: Moltres
|-damage|p1a: Moltres|36/100
|
|-heal|p1a: Moltres|42/100|[from] item: Leftovers
|upkeep
|turn|24
|
|t:|1728862980
|move|p2a: Salamence|Dragon Claw|p1a: Moltres
|-damage|p1a: Moltres|0 fnt
|faint|p1a: Moltres
|
|t:|1728862992
|switch|p1a: Zapdos|Zapdos|45/100 tox
|
|-damage|p1a: Zapdos|39/100 tox|[from] psn
|upkeep
|turn|25
|
|t:|1728863019
|switch|p2a: Metagross|Metagross|100/100
|-damage|p2a: Metagross|88/100|[from] Spikes
|move|p1a: Zapdos|Hidden Power|p2a: Metagross
|-resisted|p2a: Metagross
|-damage|p2a: Metagross|76/100
|
|-damage|p1a: Zapdos|27/100 tox|[from] psn
|-heal|p2a: Metagross|82/100|[from] item: Leftovers
|upkeep
|turn|26
|
|t:|1728863034
|switch|p1a: Forretress|Forretress, M|100/100
|move|p2a: Metagross|Protect||[still]
|-fail|p2a: Metagross
|
|-heal|p2a: Metagross|88/100|[from] item: Leftovers
|upkeep
|turn|27
|
|t:|1728863041
|switch|p2a: Starmie|Starmie, shiny|94/100
|-damage|p2a: Starmie|82/100|[from] Spikes
|move|p1a: Forretress|Zap Cannon|p2a: Starmie|[miss]
|-miss|p1a: Forretress|p2a: Starmie
|
|-heal|p2a: Starmie|88/100|[from] item: Leftovers
|upkeep
|turn|28
|
|t:|1728863050
|switch|p1a: Snorlax|Snorlax, F|70/100 par
|move|p2a: Starmie|Thunder Wave|p1a: Snorlax
|-fail|p1a: Snorlax|par
|
|-heal|p2a: Starmie|94/100|[from] item: Leftovers
|-heal|p1a: Snorlax|76/100 par|[from] item: Leftovers
|upkeep
|turn|29
|
|t:|1728863067
|switch|p1a: Zapdos|Zapdos|27/100 tox
|move|p2a: Starmie|Rapid Spin|p1a: Zapdos
|-damage|p1a: Zapdos|23/100 tox
|-sideend|p2: Ghostfall22|Spikes|[from] move: Rapid Spin|[of] p2a: Starmie
|
|-heal|p2a: Starmie|100/100|[from] item: Leftovers
|-damage|p1a: Zapdos|17/100 tox|[from] psn
|upkeep
|turn|30
|
|t:|1728863074
|move|p2a: Starmie|Surf|p1a: Zapdos
|-damage|p1a: Zapdos|0 fnt
|faint|p1a: Zapdos
|
|t:|1728863090
|switch|p1a: Snorlax|Snorlax, F|76/100 par
|
|-heal|p1a: Snorlax|82/100 par|[from] item: Leftovers
|upkeep
|turn|31
|inactive|dig boshi has 270 seconds left.
|
|t:|1728863106
|switch|p2a: Skarmory|Skarmory, F, shiny|100/100
|switch|p1a: Houndoom|Houndoom, M|100/100
|
|upkeep
|turn|32
|
|t:|1728863123
|move|p2a: Skarmory|Protect|p2a: Skarmory
|-singleturn|p2a: Skarmory|Protect
|move|p1a: Houndoom|Flamethrower|p2a: Skarmory
|-activate|p2a: Skarmory|Protect
|
|upkeep
|turn|33
|
|t:|1728863134
|switch|p2a: Salamence|Salamence, F|100/100
|-ability|p2a: Salamence|Intimidate|boost
|-unboost|p1a: Houndoom|atk|1
|move|p1a: Houndoom|Flamethrower|p2a: Salamence
|-resisted|p2a: Salamence
|-damage|p2a: Salamence|67/100
|
|-heal|p2a: Salamence|73/100|[from] item: Leftovers
|upkeep
|turn|34
|
|t:|1728863144
|switch|p1a: Forretress|Forretress, M|100/100
|move|p2a: Salamence|Brick Break|p1a: Forretress
|-damage|p1a: Forretress|87/100
|
|-heal|p2a: Salamence|79/100|[from] item: Leftovers
|-heal|p1a: Forretress|93/100|[from] item: Leftovers
|upkeep
|turn|35
|
|t:|1728863152
|switch|p1a: Snorlax|Snorlax, F|82/100 par
|move|p2a: Salamence|Fire Blast|p1a: Snorlax
|-damage|p1a: Snorlax|57/100 par
|
|-heal|p2a: Salamence|85/100|[from] item: Leftovers
|-heal|p1a: Snorlax|63/100 par|[from] item: Leftovers
|upkeep
|turn|36
|
|t:|1728863162
|switch|p2a: Skarmory|Skarmory, F, shiny|100/100
|move|p1a: Snorlax|Return|p2a: Skarmory
|-resisted|p2a: Skarmory
|-damage|p2a: Skarmory|84/100
|
|-heal|p2a: Skarmory|90/100|[from] item: Leftovers
|-heal|p1a: Snorlax|69/100 par|[from] item: Leftovers
|upkeep
|turn|37
|
|t:|1728863174
|switch|p1a: Forretress|Forretress, M|93/100
|move|p2a: Skarmory|Spikes|p1a: Forretress
|-sidestart|p1: dig boshi|Spikes
|
|-heal|p2a: Skarmory|96/100|[from] item: Leftovers
|-heal|p1a: Forretress|99/100|[from] item: Leftovers
|upkeep
|turn|38
|
|t:|1728863183
|switch|p2a: Celebi|Celebi|39/100
|move|p1a: Forretress|Rapid Spin|p2a: Celebi
|-damage|p2a: Celebi|36/100
|-sideend|p1: dig boshi|Spikes|[from] move: Rapid Spin|[of] p1a: Forretress
|
|-heal|p2a: Celebi|42/100|[from] item: Leftovers
|-heal|p1a: Forretress|100/100|[from] item: Leftovers
|upkeep
|turn|39
|
|t:|1728863194
|switch|p1a: Houndoom|Houndoom, M|100/100
|move|p2a: Celebi|Recover|p2a: Celebi
|-heal|p2a: Celebi|92/100
|
|-heal|p2a: Celebi|98/100|[from] item: Leftovers
|upkeep
|turn|40
|
|t:|1728863205
|move|p1a: Houndoom|Pursuit|p2a: Celebi
|-supereffective|p2a: Celebi
|-damage|p2a: Celebi|64/100
|move|p2a: Celebi|Leech Seed|p1a: Houndoom
|-start|p1a: Houndoom|move: Leech Seed
|
|-damage|p1a: Houndoom|88/100|[from] Leech Seed|[of] p2a: Celebi
|-heal|p2a: Celebi|73/100|[silent]
|-heal|p2a: Celebi|79/100|[from] item: Leftovers
|upkeep
|turn|41
|
|t:|1728863217
|switch|p2a: Salamence|Salamence, F|85/100
|-ability|p2a: Salamence|Intimidate|boost
|-unboost|p1a: Houndoom|atk|1
|move|p1a: Houndoom|Crunch|p2a: Salamence
|-damage|p2a: Salamence|20/100
|-unboost|p2a: Salamence|spd|1
|
|-heal|p2a: Salamence|26/100|[from] item: Leftovers
|-damage|p1a: Houndoom|76/100|[from] Leech Seed|[of] p2a: Salamence
|-heal|p2a: Salamence|37/100|[silent]
|upkeep
|turn|42
|
|t:|1728863231
|switch|p1a: Forretress|Forretress, M|100/100
|move|p2a: Salamence|Brick Break|p1a: Forretress
|-damage|p1a: Forretress|87/100
|
|-heal|p2a: Salamence|43/100|[from] item: Leftovers
|-heal|p1a: Forretress|93/100|[from] item: Leftovers
|upkeep
|turn|43
|
|t:|1728863254
|switch|p1a: Snorlax|Snorlax, F|69/100 par
|move|p2a: Salamence|Brick Break|p1a: Snorlax
|-supereffective|p1a: Snorlax
|-damage|p1a: Snorlax|32/100 par
|
|-heal|p2a: Salamence|49/100|[from] item: Leftovers
|-heal|p1a: Snorlax|38/100 par|[from] item: Leftovers
|upkeep
|turn|44
|
|t:|1728863262
|move|p2a: Salamence|Brick Break|p1a: Snorlax
|-supereffective|p1a: Snorlax
|-damage|p1a: Snorlax|3/100 par
|cant|p1a: Snorlax|par
|
|-heal|p2a: Salamence|55/100|[from] item: Leftovers
|-heal|p1a: Snorlax|9/100 par|[from] item: Leftovers
|upkeep
|turn|45
|
|t:|1728863269
|move|p2a: Salamence|Dragon Claw|p1a: Snorlax
|-damage|p1a: Snorlax|0 fnt
|faint|p1a: Snorlax
|
|t:|1728863273
|switch|p1a: Houndoom|Houndoom, M|76/100
|
|-heal|p2a: Salamence|61/100|[from] item: Leftovers
|upkeep
|turn|46
|
|t:|1728863277
|move|p2a: Salamence|Brick Break|p1a: Houndoom
|-supereffective|p1a: Houndoom
|-damage|p1a: Houndoom|0 fnt
|faint|p1a: Houndoom
|
|t:|1728863281
|switch|p1a: Forretress|Forretress, M|93/100
|
|-heal|p2a: Salamence|67/100|[from] item: Leftovers
|-heal|p1a: Forretress|99/100|[from] item: Leftovers
|upkeep
|turn|47
|
|t:|1728863286
|move|p2a: Salamence|Fire Blast|p1a: Forretress
|-supereffective|p1a: Forretress
|-damage|p1a: Forretress|0 fnt
|faint|p1a: Forretress
|
|win|Ghostfall22
|c|☆Ghostfall22|ggs
|c|☆dig boshi|gg good luck with tourny
|player|p1|
|c|☆Ghostfall22|thanks 

</script>
<script type="application/json" class="data" id="replaydata-smogtours-gen3ou-798524">
{"id":"smogtours-gen3ou-798524","format":"[Gen 3] OU","players":["dig boshi","Ghostfall22"],"uploadtime":1728863286,"views":94,"formatid":"gen3ou","rating":null,"private":0,"password":null}
</script>

<script defer src="js/replays.js?9d40a366"></script>
