<!DOCTYPE html>
<meta charset="utf-8" />
<meta name="viewport" content="width=device-width" />

<title>[Gen 3] OU: G3neralR3van vs. Yallen - Replays - Pok&eacute;mon Showdown!</title>

<meta name="description" content="Watch a replay of a Pok&eacute;mon battle between G3neralR3van and Yallen! Format: [Gen 3] OU; Date: Nov 4, 2024" />
<!--

Hey, you! Looking in the source for the replay log?

You can find them in JSON format, just add `.json` at the end of a replay URL.

https://replay.pokemonshowdown.com/gen7randomdoublesbattle-865046831.json

Or, if you only need the log itself, add `.log` instead:

https://replay.pokemonshowdown.com/gen7randomdoublesbattle-865046831.log

-->

<link rel="stylesheet" href="//pokemonshowdown.com/style/global.css?0.023195364461161105" />
<link rel="stylesheet" href="//play.pokemonshowdown.com/style/font-awesome.css?0.13261647063804238" />
<link rel="stylesheet" href="//play.pokemonshowdown.com/style/battle.css?0.8753245789963631" />
<link rel="stylesheet" href="//play.pokemonshowdown.com/style/utilichart.css?0.8627959624976733" />

<!-- Global site tag (gtag.js) - Google Analytics -->
<script async src="https://www.googletagmanager.com/gtag/js?id=UA-26211653-1"></script>
<script>
  window.dataLayer = window.dataLayer || [];
  function gtag(){dataLayer.push(arguments);}
  gtag('js', new Date());

  gtag('config', 'UA-26211653-1');
</script>
<!-- End Google Analytics -->
<!-- Venatus Ad Manager - Install in <HEAD> of page -->
	<script src="https://hb.vntsm.com/v3/live/ad-manager.min.js" type="text/javascript" data-site-id="642aba63ec9a7b11c3c9c1be" data-mode="scan" async></script>
<!-- / Venatus Ad Manager -->

<style>
	@media (max-width:820px) {
		.battle {
			margin: 0 auto;
		}
		.battle-log {
			margin: 7px auto 0;
			max-width: 640px;
			height: 300px;
			position: static;
		}
	}
	.optgroup {
		display: inline-block;
		line-height: 22px;
		font-size: 10pt;
	}
	.optgroup .button {
		height: 25px;
		padding-top: 0;
		padding-bottom: 0;
	}
	.optgroup button.button {
		padding-left: 12px;
		padding-right: 12px;
	}
	.linklist {
		list-style: none;
		margin: 0.5em 0;
		padding: 0;
	}
	.linklist li {
		padding: 2px 0;
	}
	.sidebar {
		float: left;
		width: 320px;
	}
	.bar-wrapper {
		max-width: 1100px;
		margin: 0 auto;
	}
	.bar-wrapper.has-sidebar {
		max-width: 1430px;
	}
	.mainbar {
		margin: 0;
		padding-right: 1px;
	}
	.mainbar.has-sidebar {
		margin-left: 330px;
	}
	@media (min-width: 1511px) {
		.sidebar {
			width: 400px;
		}
		.bar-wrapper.has-sidebar {
			max-width: 1510px;
		}
		.mainbar.has-sidebar {
			margin-left: 410px;
		}
	}
	.section.first-section {
		margin-top: 9px;
	}
	.blocklink small {
		white-space: normal;
	}
	.button {
		vertical-align: middle;
	}
	.replay-controls {
		padding-top: 10px;
	}
	.replay-controls h1 {
		font-size: 16pt;
		font-weight: normal;
		color: #CCC;
	}
	.pagelink {
		text-align: center;
	}
	.pagelink a {
		width: 150px;
	}
	.textbox, .button {
		font-size: 11pt;
		vertical-align: middle;
	}
	@media (max-width: 450px) {
		.button {
			font-size: 9pt;
		}
	}
</style>

<div>

	<header>
		<div class="nav-wrapper"><ul class="nav">
			<li><a class="button nav-first" href="//pokemonshowdown.com/"><img src="//pokemonshowdown.com/images/pokemonshowdownbeta.png" srcset="//pokemonshowdown.com/images/pokemonshowdownbeta.png 1x, //pokemonshowdown.com/images/pokemonshowdownbeta@2x.png 2x" alt="Pok&eacute;mon Showdown" width="146" height="44" /> Home</a></li>
			<li><a class="button" href="//pokemonshowdown.com/dex/">Pok&eacute;dex</a></li>
			<li><a class="button cur" href="/">Replays</a></li>
			<li><a class="button" href="//pokemonshowdown.com/ladder/">Ladder</a></li>
			<li><a class="button nav-last" href="//pokemonshowdown.com/forums/">Forum</a></li>
			<li><a class="button greenbutton nav-first nav-last" href="//play.pokemonshowdown.com/">Play</a></li>
		</ul></div>
	</header>

	<div class="main" id="main">

		<noscript><section class="section">You need to enable JavaScript to use this page; sorry!</section></noscript>

	</div>

</div>

<script defer nomodule src="//play.pokemonshowdown.com/js/lib/ps-polyfill.js"></script>
<script defer src="//play.pokemonshowdown.com/js/lib/preact.min.js"></script>

<script defer src="//play.pokemonshowdown.com/config/config.js?2bddbc15"></script>
<script defer src="//play.pokemonshowdown.com/js/lib/jquery-1.11.0.min.js"></script>
<script defer src="//play.pokemonshowdown.com/js/lib/html-sanitizer-minified.js"></script>
<script defer src="//play.pokemonshowdown.com/js/battle-sound.js"></script>
<script defer src="//play.pokemonshowdown.com/js/battledata.js?0.7209276989879541"></script>
<script defer src="//play.pokemonshowdown.com/data/pokedex-mini.js?0.6111056340867951"></script>
<script defer src="//play.pokemonshowdown.com/data/pokedex-mini-bw.js?0.3532142036491459"></script>
<script defer src="//play.pokemonshowdown.com/data/graphics.js?0.24223875632456182"></script>
<script defer src="//play.pokemonshowdown.com/data/pokedex.js?0.38839984266356864"></script>
<script defer src="//play.pokemonshowdown.com/data/moves.js?0.21866028504024015"></script>
<script defer src="//play.pokemonshowdown.com/data/abilities.js?0.2005157953846628"></script>
<script defer src="//play.pokemonshowdown.com/data/items.js?0.9894211263848525"></script>
<script defer src="//play.pokemonshowdown.com/data/teambuilder-tables.js?0.6008791140282215"></script>
<script defer src="//play.pokemonshowdown.com/js/battle-tooltips.js?0.7580118955022959"></script>
<script defer src="//play.pokemonshowdown.com/js/battle.js?0.6057722274234274"></script>

<script defer src="js/utils.js?e31f9a17"></script>
<script defer src="js/replays-battle.js?7008c182"></script>

<!-- don't scrape this data! just add .json or .log after the URL!
Full API docs: https://github.com/smogon/pokemon-showdown-client/blob/master/WEB-API.md -->
<script type="text/plain" class="log" id="replaylog-smogtours-gen3ou-804715">
|inactive|Battle timer is ON: inactive players will automatically lose when time's up.
|t:|1730684580
|gametype|singles
|player|p1|G3neralR3van|volkner|
|player|p2|Yallen|266|
|teamsize|p1|6
|teamsize|p2|6
|gen|3
|tier|[Gen 3] OU
|rule|Sleep Clause Mod: Limit one foe put to sleep
|rule|Switch Priority Clause Mod: Faster Pokémon switch first
|rule|Species Clause: Limit one of each Pokémon
|rule|OHKO Clause: OHKO moves are banned
|rule|Evasion Items Clause: Evasion items are banned
|rule|Evasion Moves Clause: Evasion moves are banned
|rule|Endless Battle Clause: Forcing endless battles is banned
|rule|HP Percentage Mod: HP is shown in percentages
|rule|One Boost Passer Clause: Limit one Baton Passer that has a way to boost its stats
|rule|Freeze Clause Mod: Limit one foe frozen
|
|t:|1730684580
|start
|switch|p1a: Salamence|Salamence, M|100/100
|switch|p2a: Raikou|Raikou|100/100
|-ability|p1a: Salamence|Intimidate|boost
|-unboost|p2a: Raikou|atk|1
|turn|1
|c|☆G3neralR3van|gl hf
|c|☆Yallen|hf
|inactive|Yallen has 270 seconds left.
|
|t:|1730684611
|switch|p2a: Zapdos|Zapdos|100/100
|switch|p1a: Snorlax|Snorlax, M|100/100
|
|upkeep
|turn|2
|
|t:|1730684619
|move|p2a: Zapdos|Toxic|p1a: Snorlax
|-immune|p1a: Snorlax|[from] ability: Immunity
|move|p1a: Snorlax|Body Slam|p2a: Zapdos
|-damage|p2a: Zapdos|51/100
|-status|p2a: Zapdos|par
|
|-heal|p2a: Zapdos|58/100 par|[from] item: Leftovers
|upkeep
|turn|3
|
|t:|1730684635
|switch|p2a: Tyranitar|Tyranitar, M|100/100
|-weather|Sandstorm|[from] ability: Sand Stream|[of] p2a: Tyranitar
|move|p1a: Snorlax|Body Slam|p2a: Tyranitar
|-resisted|p2a: Tyranitar
|-damage|p2a: Tyranitar|79/100
|
|-weather|Sandstorm|[upkeep]
|-damage|p1a: Snorlax|94/100|[from] Sandstorm
|-heal|p1a: Snorlax|100/100|[from] item: Leftovers
|upkeep
|turn|4
|
|t:|1730684657
|switch|p1a: Metagross|Metagross|100/100
|move|p2a: Tyranitar|Brick Break|p1a: Metagross
|-damage|p1a: Metagross|85/100
|
|-weather|Sandstorm|[upkeep]
|-heal|p1a: Metagross|91/100|[from] item: Leftovers
|upkeep
|turn|5
|inactive|Yallen has 270 seconds left.
|
|t:|1730684681
|move|p2a: Tyranitar|Fire Blast|p1a: Metagross
|-supereffective|p1a: Metagross
|-damage|p1a: Metagross|14/100
|move|p1a: Metagross|Meteor Mash|p2a: Tyranitar
|-supereffective|p2a: Tyranitar
|-damage|p2a: Tyranitar|0 fnt
|faint|p2a: Tyranitar
|
|t:|1730684689
|switch|p2a: Dugtrio|Dugtrio, F|100/100
|
|-weather|Sandstorm|[upkeep]
|-heal|p1a: Metagross|20/100|[from] item: Leftovers
|upkeep
|turn|6
|inactive|Yallen has 270 seconds left.
|
|t:|1730684700
|move|p2a: Dugtrio|Earthquake|p1a: Metagross
|-supereffective|p1a: Metagross
|-damage|p1a: Metagross|0 fnt
|faint|p1a: Metagross
|
|t:|1730684708
|switch|p1a: Salamence|Salamence, M|100/100
|-ability|p1a: Salamence|Intimidate|boost
|-unboost|p2a: Dugtrio|atk|1
|
|-weather|Sandstorm|[upkeep]
|-damage|p1a: Salamence|94/100|[from] Sandstorm
|-heal|p1a: Salamence|100/100|[from] item: Leftovers
|upkeep
|turn|7
|
|t:|1730684716
|switch|p2a: Porygon2|Porygon2|100/100
|-ability|p2a: Porygon2|Intimidate|[from] ability: Trace|[of] p1a: Salamence
|move|p1a: Salamence|Fire Blast|p2a: Porygon2
|-damage|p2a: Porygon2|69/100
|
|-weather|Sandstorm|[upkeep]
|-damage|p1a: Salamence|94/100|[from] Sandstorm
|-damage|p2a: Porygon2|63/100|[from] Sandstorm
|-heal|p1a: Salamence|100/100|[from] item: Leftovers
|-heal|p2a: Porygon2|69/100|[from] item: Leftovers
|upkeep
|turn|8
|
|t:|1730684729
|switch|p1a: Snorlax|Snorlax, M|100/100
|move|p2a: Porygon2|Thunder Wave|p1a: Snorlax
|-status|p1a: Snorlax|par
|
|-weather|Sandstorm|[upkeep]
|-damage|p2a: Porygon2|63/100|[from] Sandstorm
|-damage|p1a: Snorlax|94/100 par|[from] Sandstorm
|-heal|p2a: Porygon2|69/100|[from] item: Leftovers
|-heal|p1a: Snorlax|100/100 par|[from] item: Leftovers
|upkeep
|turn|9
|
|t:|1730684741
|switch|p2a: Jirachi|Jirachi|100/100
|move|p1a: Snorlax|Body Slam|p2a: Jirachi
|-resisted|p2a: Jirachi
|-damage|p2a: Jirachi|83/100
|
|-weather|Sandstorm|[upkeep]
|-damage|p1a: Snorlax|94/100 par|[from] Sandstorm
|-heal|p2a: Jirachi|90/100|[from] item: Leftovers
|-heal|p1a: Snorlax|100/100 par|[from] item: Leftovers
|upkeep
|turn|10
|inactive|Yallen has 270 seconds left.
|
|t:|1730684760
|-singleturn|p1a: Snorlax|move: Focus Punch
|move|p2a: Jirachi|Calm Mind|p2a: Jirachi
|-boost|p2a: Jirachi|spa|1
|-boost|p2a: Jirachi|spd|1
|move|p1a: Snorlax|Focus Punch|p2a: Jirachi
|-damage|p2a: Jirachi|49/100
|
|-weather|Sandstorm|[upkeep]
|-damage|p1a: Snorlax|94/100 par|[from] Sandstorm
|-heal|p2a: Jirachi|55/100|[from] item: Leftovers
|-heal|p1a: Snorlax|100/100 par|[from] item: Leftovers
|upkeep
|turn|11
|inactive|Yallen has 270 seconds left.
|
|t:|1730684775
|move|p2a: Jirachi|Psychic|p1a: Snorlax
|-damage|p1a: Snorlax|64/100 par
|cant|p1a: Snorlax|par
|
|-weather|Sandstorm|[upkeep]
|-damage|p1a: Snorlax|58/100 par|[from] Sandstorm
|-heal|p2a: Jirachi|61/100|[from] item: Leftovers
|-heal|p1a: Snorlax|64/100 par|[from] item: Leftovers
|upkeep
|turn|12
|inactive|Yallen has 270 seconds left.
|
|t:|1730684787
|move|p2a: Jirachi|Psychic|p1a: Snorlax
|-damage|p1a: Snorlax|30/100 par
|cant|p1a: Snorlax|par
|
|-weather|Sandstorm|[upkeep]
|-damage|p1a: Snorlax|24/100 par|[from] Sandstorm
|-heal|p2a: Jirachi|68/100|[from] item: Leftovers
|-heal|p1a: Snorlax|30/100 par|[from] item: Leftovers
|upkeep
|turn|13
|
|t:|1730684804
|move|p2a: Jirachi|Psychic|p1a: Snorlax
|-damage|p1a: Snorlax|0 fnt
|faint|p1a: Snorlax
|
|t:|1730684806
|switch|p1a: Zapdos|Zapdos|100/100
|
|-weather|Sandstorm|[upkeep]
|-damage|p1a: Zapdos|94/100|[from] Sandstorm
|-heal|p1a: Zapdos|100/100|[from] item: Leftovers
|-heal|p2a: Jirachi|74/100|[from] item: Leftovers
|upkeep
|turn|14
|
|t:|1730684824
|switch|p2a: Raikou|Raikou|100/100
|move|p1a: Zapdos|Thunder Wave|p2a: Raikou
|-status|p2a: Raikou|par
|-enditem|p2a: Raikou|Lum Berry|[eat]
|-curestatus|p2a: Raikou|par|[msg]
|
|-weather|Sandstorm|[upkeep]
|-damage|p2a: Raikou|94/100|[from] Sandstorm
|-damage|p1a: Zapdos|94/100|[from] Sandstorm
|-heal|p1a: Zapdos|100/100|[from] item: Leftovers
|upkeep
|turn|15
|
|t:|1730684835
|switch|p1a: Swampert|Swampert, F|100/100
|move|p2a: Raikou|Substitute|p2a: Raikou
|-start|p2a: Raikou|Substitute
|-damage|p2a: Raikou|69/100
|
|-weather|Sandstorm|[upkeep]
|-damage|p2a: Raikou|63/100|[from] Sandstorm
|upkeep
|turn|16
|
|t:|1730684842
|move|p2a: Raikou|Toxic|p1a: Swampert|[miss]
|-miss|p2a: Raikou|p1a: Swampert
|move|p1a: Swampert|Earthquake|p2a: Raikou
|-supereffective|p2a: Raikou
|-end|p2a: Raikou|Substitute
|
|-weather|Sandstorm|[upkeep]
|-damage|p2a: Raikou|57/100|[from] Sandstorm
|upkeep
|turn|17
|inactive|Yallen has 270 seconds left.
|
|t:|1730684864
|switch|p2a: Porygon2|Porygon2|69/100
|-ability|p2a: Porygon2|Torrent|[from] ability: Trace|[of] p1a: Swampert
|move|p1a: Swampert|Earthquake|p2a: Porygon2
|-damage|p2a: Porygon2|39/100
|
|-weather|Sandstorm|[upkeep]
|-damage|p2a: Porygon2|33/100|[from] Sandstorm
|-heal|p2a: Porygon2|39/100|[from] item: Leftovers
|upkeep
|turn|18
|
|t:|1730684874
|-singleturn|p1a: Swampert|move: Focus Punch
|move|p2a: Porygon2|Recover|p2a: Porygon2
|-heal|p2a: Porygon2|89/100
|move|p1a: Swampert|Focus Punch|p2a: Porygon2
|-supereffective|p2a: Porygon2
|-damage|p2a: Porygon2|34/100
|
|-weather|Sandstorm|[upkeep]
|-damage|p2a: Porygon2|28/100|[from] Sandstorm
|-heal|p2a: Porygon2|34/100|[from] item: Leftovers
|upkeep
|turn|19
|
|t:|1730684883
|move|p1a: Swampert|Earthquake|p2a: Porygon2
|-damage|p2a: Porygon2|5/100
|move|p2a: Porygon2|Recover|p2a: Porygon2
|-heal|p2a: Porygon2|55/100
|
|-weather|Sandstorm|[upkeep]
|-damage|p2a: Porygon2|49/100|[from] Sandstorm
|-heal|p2a: Porygon2|55/100|[from] item: Leftovers
|upkeep
|turn|20
|
|t:|1730684900
|-singleturn|p1a: Swampert|move: Focus Punch
|move|p2a: Porygon2|Recover|p2a: Porygon2
|-heal|p2a: Porygon2|100/100
|move|p1a: Swampert|Focus Punch|p2a: Porygon2
|-supereffective|p2a: Porygon2
|-damage|p2a: Porygon2|45/100
|
|-weather|Sandstorm|[upkeep]
|-damage|p2a: Porygon2|38/100|[from] Sandstorm
|-heal|p2a: Porygon2|45/100|[from] item: Leftovers
|upkeep
|turn|21
|
|t:|1730684910
|move|p1a: Swampert|Earthquake|p2a: Porygon2
|-damage|p2a: Porygon2|17/100
|move|p2a: Porygon2|Recover|p2a: Porygon2
|-heal|p2a: Porygon2|67/100
|
|-weather|Sandstorm|[upkeep]
|-damage|p2a: Porygon2|61/100|[from] Sandstorm
|-heal|p2a: Porygon2|67/100|[from] item: Leftovers
|upkeep
|turn|22
|
|t:|1730684924
|-singleturn|p1a: Swampert|move: Focus Punch
|move|p2a: Porygon2|Ice Beam|p1a: Swampert
|-damage|p1a: Swampert|78/100
|move|p1a: Swampert|Focus Punch||[still]
|cant|p1a: Swampert|Focus Punch|Focus Punch
|
|-weather|Sandstorm|[upkeep]
|-damage|p2a: Porygon2|61/100|[from] Sandstorm
|-heal|p1a: Swampert|84/100|[from] item: Leftovers
|-heal|p2a: Porygon2|67/100|[from] item: Leftovers
|upkeep
|turn|23
|
|t:|1730684935
|move|p1a: Swampert|Earthquake|p2a: Porygon2
|-damage|p2a: Porygon2|41/100
|move|p2a: Porygon2|Recover|p2a: Porygon2
|-heal|p2a: Porygon2|91/100
|
|-weather|Sandstorm|[upkeep]
|-damage|p2a: Porygon2|84/100|[from] Sandstorm
|-heal|p1a: Swampert|90/100|[from] item: Leftovers
|-heal|p2a: Porygon2|91/100|[from] item: Leftovers
|upkeep
|turn|24
|inactive|Yallen has 270 seconds left.
|
|t:|1730684956
|move|p1a: Swampert|Earthquake|p2a: Porygon2
|-damage|p2a: Porygon2|63/100
|move|p2a: Porygon2|Ice Beam|p1a: Swampert
|-damage|p1a: Swampert|68/100
|-status|p1a: Swampert|frz
|
|-weather|Sandstorm|[upkeep]
|-damage|p2a: Porygon2|57/100|[from] Sandstorm
|-heal|p1a: Swampert|74/100 frz|[from] item: Leftovers
|-heal|p2a: Porygon2|63/100|[from] item: Leftovers
|upkeep
|turn|25
|inactive|Yallen has 270 seconds left.
|inactive|G3neralR3van has 270 seconds left.
|
|t:|1730684991
|switch|p2a: Jirachi|Jirachi|74/100
|cant|p1a: Swampert|frz
|
|-weather|Sandstorm|[upkeep]
|-heal|p2a: Jirachi|80/100|[from] item: Leftovers
|-heal|p1a: Swampert|80/100 frz|[from] item: Leftovers
|upkeep
|turn|26
|
|t:|1730684999
|switch|p1a: Tyranitar|Tyranitar, M|100/100
|move|p2a: Jirachi|Calm Mind|p2a: Jirachi
|-boost|p2a: Jirachi|spa|1
|-boost|p2a: Jirachi|spd|1
|
|-weather|Sandstorm|[upkeep]
|-heal|p2a: Jirachi|86/100|[from] item: Leftovers
|upkeep
|turn|27
|inactive|Yallen has 270 seconds left.
|
|t:|1730685022
|switch|p2a: Porygon2|Porygon2|63/100
|-ability|p2a: Porygon2|Sand Stream|[from] ability: Trace|[of] p1a: Tyranitar
|move|p1a: Tyranitar|Dragon Dance|p1a: Tyranitar
|-boost|p1a: Tyranitar|atk|1
|-boost|p1a: Tyranitar|spe|1
|
|-weather|Sandstorm|[upkeep]
|-damage|p2a: Porygon2|57/100|[from] Sandstorm
|-heal|p2a: Porygon2|63/100|[from] item: Leftovers
|upkeep
|turn|28
|inactive|Yallen has 270 seconds left.
|
|t:|1730685032
|move|p1a: Tyranitar|Dragon Dance|p1a: Tyranitar
|-boost|p1a: Tyranitar|atk|1
|-boost|p1a: Tyranitar|spe|1
|move|p2a: Porygon2|Thunder Wave|p1a: Tyranitar
|-status|p1a: Tyranitar|par
|-enditem|p1a: Tyranitar|Lum Berry|[eat]
|-curestatus|p1a: Tyranitar|par|[msg]
|
|-weather|Sandstorm|[upkeep]
|-damage|p2a: Porygon2|57/100|[from] Sandstorm
|-heal|p2a: Porygon2|63/100|[from] item: Leftovers
|upkeep
|turn|29
|inactive|Yallen has 270 seconds left.
|
|t:|1730685057
|move|p1a: Tyranitar|Rock Slide|p2a: Porygon2
|-damage|p2a: Porygon2|2/100
|move|p2a: Porygon2|Thunder Wave|p1a: Tyranitar
|-status|p1a: Tyranitar|par
|
|-weather|Sandstorm|[upkeep]
|-damage|p2a: Porygon2|0 fnt|[from] Sandstorm
|faint|p2a: Porygon2
|upkeep
|inactive|Yallen has 270 seconds left.
|
|t:|1730685066
|switch|p2a: Dugtrio|Dugtrio, F|100/100
|turn|30
|
|t:|1730685069
|move|p2a: Dugtrio|Earthquake|p1a: Tyranitar
|-supereffective|p1a: Tyranitar
|-damage|p1a: Tyranitar|1/100 par
|move|p1a: Tyranitar|Earthquake|p2a: Dugtrio
|-damage|p2a: Dugtrio|0 fnt
|faint|p2a: Dugtrio
|
|t:|1730685079
|switch|p2a: Jirachi|Jirachi|86/100
|
|-weather|Sandstorm|[upkeep]
|-heal|p2a: Jirachi|92/100|[from] item: Leftovers
|upkeep
|turn|31
|
|t:|1730685094
|move|p2a: Jirachi|Fire Punch|p1a: Tyranitar
|-resisted|p1a: Tyranitar
|-damage|p1a: Tyranitar|0 fnt
|faint|p1a: Tyranitar
|
|t:|1730685097
|switch|p1a: Zapdos|Zapdos|100/100
|
|-weather|Sandstorm|[upkeep]
|-damage|p1a: Zapdos|94/100|[from] Sandstorm
|-heal|p1a: Zapdos|100/100|[from] item: Leftovers
|-heal|p2a: Jirachi|99/100|[from] item: Leftovers
|upkeep
|turn|32
|inactive|Yallen has 270 seconds left.
|
|t:|1730685123
|move|p1a: Zapdos|Thunder Wave|p2a: Jirachi
|-status|p2a: Jirachi|par
|cant|p2a: Jirachi|par
|
|-weather|Sandstorm|[upkeep]
|-damage|p1a: Zapdos|94/100|[from] Sandstorm
|-heal|p1a: Zapdos|100/100|[from] item: Leftovers
|-heal|p2a: Jirachi|100/100 par|[from] item: Leftovers
|upkeep
|turn|33
|inactive|Yallen has 270 seconds left.
|
|t:|1730685132
|move|p1a: Zapdos|Thunderbolt|p2a: Jirachi
|-damage|p2a: Jirachi|58/100 par
|move|p2a: Jirachi|Calm Mind|p2a: Jirachi
|-boost|p2a: Jirachi|spa|1
|-boost|p2a: Jirachi|spd|1
|
|-weather|Sandstorm|[upkeep]
|-damage|p1a: Zapdos|94/100|[from] Sandstorm
|-heal|p1a: Zapdos|100/100|[from] item: Leftovers
|-heal|p2a: Jirachi|64/100 par|[from] item: Leftovers
|upkeep
|turn|34
|inactive|Yallen has 270 seconds left.
|
|t:|1730685144
|move|p2a: Jirachi|Psychic|p1a: Zapdos
|-damage|p1a: Zapdos|38/100
|move|p1a: Zapdos|Roar|p2a: Jirachi
|drag|p2a: Raikou|Raikou|57/100
|
|-weather|Sandstorm|[upkeep]
|-damage|p2a: Raikou|51/100|[from] Sandstorm
|-damage|p1a: Zapdos|31/100|[from] Sandstorm
|-heal|p1a: Zapdos|38/100|[from] item: Leftovers
|upkeep
|turn|35
|inactive|Yallen has 270 seconds left.
|
|t:|1730685156
|switch|p1a: Swampert|Swampert, F|80/100 frz
|move|p2a: Raikou|Substitute|p2a: Raikou
|-start|p2a: Raikou|Substitute
|-damage|p2a: Raikou|26/100
|
|-weather|Sandstorm|[upkeep]
|-damage|p2a: Raikou|20/100|[from] Sandstorm
|-heal|p1a: Swampert|86/100 frz|[from] item: Leftovers
|upkeep
|turn|36
|inactive|Yallen has 270 seconds left.
|
|t:|1730685170
|switch|p2a: Zapdos|Zapdos|58/100 par
|cant|p1a: Swampert|frz
|
|-weather|Sandstorm|[upkeep]
|-damage|p2a: Zapdos|51/100 par|[from] Sandstorm
|-heal|p1a: Swampert|92/100 frz|[from] item: Leftovers
|-heal|p2a: Zapdos|58/100 par|[from] item: Leftovers
|upkeep
|turn|37
|
|t:|1730685181
|cant|p1a: Swampert|frz
|move|p2a: Zapdos|Hidden Power|p1a: Swampert
|-supereffective|p1a: Swampert
|-damage|p1a: Swampert|0 fnt
|faint|p1a: Swampert
|
|t:|1730685204
|switch|p1a: Zapdos|Zapdos|38/100
|
|-weather|Sandstorm|[upkeep]
|-damage|p1a: Zapdos|31/100|[from] Sandstorm
|-damage|p2a: Zapdos|51/100 par|[from] Sandstorm
|-heal|p1a: Zapdos|38/100|[from] item: Leftovers
|-heal|p2a: Zapdos|58/100 par|[from] item: Leftovers
|upkeep
|turn|38
|inactive|G3neralR3van has 270 seconds left.
|inactive|Yallen has 270 seconds left.
|
|t:|1730685232
|move|p1a: Zapdos|Thunderbolt|p2a: Zapdos
|-damage|p2a: Zapdos|0 fnt
|faint|p2a: Zapdos
|
|t:|1730685236
|switch|p2a: Raikou|Raikou|20/100
|
|-weather|Sandstorm|[upkeep]
|-damage|p2a: Raikou|14/100|[from] Sandstorm
|-damage|p1a: Zapdos|31/100|[from] Sandstorm
|-heal|p1a: Zapdos|38/100|[from] item: Leftovers
|upkeep
|turn|39
|
|t:|1730685243
|move|p2a: Raikou|Thunderbolt|p1a: Zapdos
|-damage|p1a: Zapdos|0 fnt
|faint|p1a: Zapdos
|
|t:|1730685246
|switch|p1a: Salamence|Salamence, M|100/100
|-ability|p1a: Salamence|Intimidate|boost
|-unboost|p2a: Raikou|atk|1
|
|-weather|Sandstorm|[upkeep]
|-damage|p2a: Raikou|7/100|[from] Sandstorm
|-damage|p1a: Salamence|94/100|[from] Sandstorm
|-heal|p1a: Salamence|100/100|[from] item: Leftovers
|upkeep
|turn|40
|
|t:|1730685255
|move|p2a: Raikou|Hidden Power|p1a: Salamence
|-supereffective|p1a: Salamence
|-damage|p1a: Salamence|0 fnt
|faint|p1a: Salamence
|
|win|Yallen
|c|☆G3neralR3van|gg
|c|☆Yallen|gg
|player|p1|
|player|p1|G3neralR3van|volkner|

</script>
<script type="application/json" class="data" id="replaydata-smogtours-gen3ou-804715">
{"id":"smogtours-gen3ou-804715","format":"[Gen 3] OU","players":["G3neralR3van","Yallen"],"uploadtime":1730685255,"views":57,"formatid":"gen3ou","rating":null,"private":0,"password":null}
</script>

<script defer src="js/replays.js?9d40a366"></script>
