<!DOCTYPE html>
<meta charset="utf-8" />
<meta name="viewport" content="width=device-width" />

<title>[Gen 3] OU: tanao vs. GypsygypsTeacourse - Replays - Pok&eacute;mon Showdown!</title>

<meta name="description" content="Watch a replay of a Pok&eacute;mon battle between tanao and GypsygypsTeacourse! Format: [Gen 3] OU; Date: Oct 9, 2024" />
<!--

Hey, you! Looking in the source for the replay log?

You can find them in JSON format, just add `.json` at the end of a replay URL.

https://replay.pokemonshowdown.com/gen7randomdoublesbattle-865046831.json

Or, if you only need the log itself, add `.log` instead:

https://replay.pokemonshowdown.com/gen7randomdoublesbattle-865046831.log

-->

<link rel="stylesheet" href="//pokemonshowdown.com/style/global.css?0.023195364461161105" />
<link rel="stylesheet" href="//play.pokemonshowdown.com/style/font-awesome.css?0.13261647063804238" />
<link rel="stylesheet" href="//play.pokemonshowdown.com/style/battle.css?0.8753245789963631" />
<link rel="stylesheet" href="//play.pokemonshowdown.com/style/utilichart.css?0.8627959624976733" />

<!-- Global site tag (gtag.js) - Google Analytics -->
<script async src="https://www.googletagmanager.com/gtag/js?id=UA-26211653-1"></script>
<script>
  window.dataLayer = window.dataLayer || [];
  function gtag(){dataLayer.push(arguments);}
  gtag('js', new Date());

  gtag('config', 'UA-26211653-1');
</script>
<!-- End Google Analytics -->
<!-- Venatus Ad Manager - Install in <HEAD> of page -->
	<script src="https://hb.vntsm.com/v3/live/ad-manager.min.js" type="text/javascript" data-site-id="642aba63ec9a7b11c3c9c1be" data-mode="scan" async></script>
<!-- / Venatus Ad Manager -->

<style>
	@media (max-width:820px) {
		.battle {
			margin: 0 auto;
		}
		.battle-log {
			margin: 7px auto 0;
			max-width: 640px;
			height: 300px;
			position: static;
		}
	}
	.optgroup {
		display: inline-block;
		line-height: 22px;
		font-size: 10pt;
	}
	.optgroup .button {
		height: 25px;
		padding-top: 0;
		padding-bottom: 0;
	}
	.optgroup button.button {
		padding-left: 12px;
		padding-right: 12px;
	}
	.linklist {
		list-style: none;
		margin: 0.5em 0;
		padding: 0;
	}
	.linklist li {
		padding: 2px 0;
	}
	.sidebar {
		float: left;
		width: 320px;
	}
	.bar-wrapper {
		max-width: 1100px;
		margin: 0 auto;
	}
	.bar-wrapper.has-sidebar {
		max-width: 1430px;
	}
	.mainbar {
		margin: 0;
		padding-right: 1px;
	}
	.mainbar.has-sidebar {
		margin-left: 330px;
	}
	@media (min-width: 1511px) {
		.sidebar {
			width: 400px;
		}
		.bar-wrapper.has-sidebar {
			max-width: 1510px;
		}
		.mainbar.has-sidebar {
			margin-left: 410px;
		}
	}
	.section.first-section {
		margin-top: 9px;
	}
	.blocklink small {
		white-space: normal;
	}
	.button {
		vertical-align: middle;
	}
	.replay-controls {
		padding-top: 10px;
	}
	.replay-controls h1 {
		font-size: 16pt;
		font-weight: normal;
		color: #CCC;
	}
	.pagelink {
		text-align: center;
	}
	.pagelink a {
		width: 150px;
	}
	.textbox, .button {
		font-size: 11pt;
		vertical-align: middle;
	}
	@media (max-width: 450px) {
		.button {
			font-size: 9pt;
		}
	}
</style>

<div>

	<header>
		<div class="nav-wrapper"><ul class="nav">
			<li><a class="button nav-first" href="//pokemonshowdown.com/"><img src="//pokemonshowdown.com/images/pokemonshowdownbeta.png" srcset="//pokemonshowdown.com/images/pokemonshowdownbeta.png 1x, //pokemonshowdown.com/images/pokemonshowdownbeta@2x.png 2x" alt="Pok&eacute;mon Showdown" width="146" height="44" /> Home</a></li>
			<li><a class="button" href="//pokemonshowdown.com/dex/">Pok&eacute;dex</a></li>
			<li><a class="button cur" href="/">Replays</a></li>
			<li><a class="button" href="//pokemonshowdown.com/ladder/">Ladder</a></li>
			<li><a class="button nav-last" href="//pokemonshowdown.com/forums/">Forum</a></li>
			<li><a class="button greenbutton nav-first nav-last" href="//play.pokemonshowdown.com/">Play</a></li>
		</ul></div>
	</header>

	<div class="main" id="main">

		<noscript><section class="section">You need to enable JavaScript to use this page; sorry!</section></noscript>

	</div>

</div>

<script defer nomodule src="//play.pokemonshowdown.com/js/lib/ps-polyfill.js"></script>
<script defer src="//play.pokemonshowdown.com/js/lib/preact.min.js"></script>

<script defer src="//play.pokemonshowdown.com/config/config.js?2bddbc15"></script>
<script defer src="//play.pokemonshowdown.com/js/lib/jquery-1.11.0.min.js"></script>
<script defer src="//play.pokemonshowdown.com/js/lib/html-sanitizer-minified.js"></script>
<script defer src="//play.pokemonshowdown.com/js/battle-sound.js"></script>
<script defer src="//play.pokemonshowdown.com/js/battledata.js?0.7209276989879541"></script>
<script defer src="//play.pokemonshowdown.com/data/pokedex-mini.js?0.6111056340867951"></script>
<script defer src="//play.pokemonshowdown.com/data/pokedex-mini-bw.js?0.3532142036491459"></script>
<script defer src="//play.pokemonshowdown.com/data/graphics.js?0.24223875632456182"></script>
<script defer src="//play.pokemonshowdown.com/data/pokedex.js?0.38839984266356864"></script>
<script defer src="//play.pokemonshowdown.com/data/moves.js?0.21866028504024015"></script>
<script defer src="//play.pokemonshowdown.com/data/abilities.js?0.2005157953846628"></script>
<script defer src="//play.pokemonshowdown.com/data/items.js?0.9894211263848525"></script>
<script defer src="//play.pokemonshowdown.com/data/teambuilder-tables.js?0.6008791140282215"></script>
<script defer src="//play.pokemonshowdown.com/js/battle-tooltips.js?0.7580118955022959"></script>
<script defer src="//play.pokemonshowdown.com/js/battle.js?0.6057722274234274"></script>

<script defer src="js/utils.js?e31f9a17"></script>
<script defer src="js/replays-battle.js?7008c182"></script>

<!-- don't scrape this data! just add .json or .log after the URL!
Full API docs: https://github.com/smogon/pokemon-showdown-client/blob/master/WEB-API.md -->
<script type="text/plain" class="log" id="replaylog-smogtours-gen3ou-796598">
|inactive|Battle timer is ON: inactive players will automatically lose when time's up.
|t:|1728465451
|gametype|singles
|player|p1|tanao|tuber|
|player|p2|GypsygypsTeacourse|265|
|teamsize|p1|6
|teamsize|p2|6
|gen|3
|tier|[Gen 3] OU
|rule|Sleep Clause Mod: Limit one foe put to sleep
|rule|Switch Priority Clause Mod: Faster Pokémon switch first
|rule|Species Clause: Limit one of each Pokémon
|rule|OHKO Clause: OHKO moves are banned
|rule|Evasion Items Clause: Evasion items are banned
|rule|Evasion Moves Clause: Evasion moves are banned
|rule|Endless Battle Clause: Forcing endless battles is banned
|rule|HP Percentage Mod: HP is shown in percentages
|rule|One Boost Passer Clause: Limit one Baton Passer that has a way to boost its stats
|rule|Freeze Clause Mod: Limit one foe frozen
|
|t:|1728465451
|start
|switch|p1a: Salamence|Salamence, M|100/100
|switch|p2a: Medicham|Medicham, M|100/100
|-ability|p1a: Salamence|Intimidate|boost
|-unboost|p2a: Medicham|atk|1
|turn|1
|inactive|tanao has 270 seconds left.
|
|t:|1728465508
|switch|p2a: Salamence|Salamence, F|100/100
|-ability|p2a: Salamence|Intimidate|boost
|-unboost|p1a: Salamence|atk|1
|switch|p1a: Forretress|Forretress, F|100/100
|
|upkeep
|turn|2
|
|t:|1728465527
|switch|p2a: Magneton|Magneton|100/100
|switch|p1a: Salamence|Salamence, M|100/100
|-ability|p1a: Salamence|Intimidate|boost
|-unboost|p2a: Magneton|atk|1
|
|upkeep
|turn|3
|
|t:|1728465543
|move|p1a: Salamence|Fire Blast|p2a: Magneton|[miss]
|-miss|p1a: Salamence|p2a: Magneton
|move|p2a: Magneton|Thunderbolt|p1a: Salamence
|-damage|p1a: Salamence|26/100
|
|-heal|p1a: Salamence|32/100|[from] item: Leftovers
|upkeep
|turn|4
|
|t:|1728465551
|switch|p2a: Suicune|Suicune|100/100
|move|p1a: Salamence|Fire Blast|p2a: Suicune
|-resisted|p2a: Suicune
|-damage|p2a: Suicune|88/100
|
|-heal|p1a: Salamence|38/100|[from] item: Leftovers
|-heal|p2a: Suicune|94/100|[from] item: Leftovers
|upkeep
|turn|5
|
|t:|1728465574
|switch|p1a: Blissey|Blissey, F|100/100
|move|p2a: Suicune|Ice Beam|p1a: Blissey
|-damage|p1a: Blissey|92/100
|
|-heal|p2a: Suicune|100/100|[from] item: Leftovers
|-heal|p1a: Blissey|98/100|[from] item: Leftovers
|upkeep
|turn|6
|
|t:|1728465582
|switch|p2a: Metagross|Metagross|100/100
|move|p1a: Blissey|Thunder Wave|p2a: Metagross
|-status|p2a: Metagross|par
|
|-heal|p1a: Blissey|100/100|[from] item: Leftovers
|upkeep
|turn|7
|
|t:|1728465594
|move|p2a: Metagross|Meteor Mash|p1a: Blissey
|-damage|p1a: Blissey|54/100
|move|p1a: Blissey|Counter|p2a: Metagross
|-damage|p2a: Metagross|0 fnt
|faint|p2a: Metagross
|
|t:|1728465608
|switch|p2a: Celebi|Celebi|100/100
|
|-heal|p1a: Blissey|60/100|[from] item: Leftovers
|upkeep
|turn|8
|
|t:|1728465618
|move|p2a: Celebi|Calm Mind|p2a: Celebi
|-boost|p2a: Celebi|spa|1
|-boost|p2a: Celebi|spd|1
|move|p1a: Blissey|Soft-Boiled|p1a: Blissey
|-heal|p1a: Blissey|100/100
|
|upkeep
|turn|9
|
|t:|1728465626
|move|p2a: Celebi|Calm Mind|p2a: Celebi
|-boost|p2a: Celebi|spa|1
|-boost|p2a: Celebi|spd|1
|move|p1a: Blissey|Thunder Wave|p2a: Celebi
|-status|p2a: Celebi|par
|
|upkeep
|turn|10
|
|t:|1728465649
|move|p1a: Blissey|Seismic Toss|p2a: Celebi
|-damage|p2a: Celebi|76/100 par
|move|p2a: Celebi|Calm Mind|p2a: Celebi
|-boost|p2a: Celebi|spa|1
|-boost|p2a: Celebi|spd|1
|
|-heal|p2a: Celebi|82/100 par|[from] item: Leftovers
|upkeep
|turn|11
|
|t:|1728465664
|move|p1a: Blissey|Seismic Toss|p2a: Celebi
|-damage|p2a: Celebi|57/100 par
|move|p2a: Celebi|Calm Mind|p2a: Celebi
|-boost|p2a: Celebi|spa|1
|-boost|p2a: Celebi|spd|1
|
|-heal|p2a: Celebi|63/100 par|[from] item: Leftovers
|upkeep
|turn|12
|
|t:|1728465674
|move|p1a: Blissey|Seismic Toss|p2a: Celebi
|-damage|p2a: Celebi|39/100 par
|cant|p2a: Celebi|par
|
|-heal|p2a: Celebi|45/100 par|[from] item: Leftovers
|upkeep
|turn|13
|
|t:|1728465682
|-curestatus|p2a: Celebi|par|[from] ability: Natural Cure
|switch|p2a: Suicune|Suicune|100/100
|move|p1a: Blissey|Seismic Toss|p2a: Suicune
|-damage|p2a: Suicune|76/100
|
|-heal|p2a: Suicune|82/100|[from] item: Leftovers
|upkeep
|turn|14
|
|t:|1728465690
|move|p2a: Suicune|Calm Mind|p2a: Suicune
|-boost|p2a: Suicune|spa|1
|-boost|p2a: Suicune|spd|1
|move|p1a: Blissey|Thunder Wave|p2a: Suicune
|-status|p2a: Suicune|par
|
|-heal|p2a: Suicune|88/100 par|[from] item: Leftovers
|upkeep
|turn|15
|c|☆GypsygypsTeacourse|ah shoot
|
|t:|1728465697
|move|p1a: Blissey|Seismic Toss|p2a: Suicune
|-damage|p2a: Suicune|63/100 par
|move|p2a: Suicune|Calm Mind|p2a: Suicune
|-boost|p2a: Suicune|spa|1
|-boost|p2a: Suicune|spd|1
|
|-heal|p2a: Suicune|70/100 par|[from] item: Leftovers
|upkeep
|turn|16
|
|t:|1728465705
|move|p1a: Blissey|Seismic Toss|p2a: Suicune
|-damage|p2a: Suicune|45/100 par
|move|p2a: Suicune|Surf|p1a: Blissey
|-damage|p1a: Blissey|73/100
|
|-heal|p1a: Blissey|79/100|[from] item: Leftovers
|-heal|p2a: Suicune|51/100 par|[from] item: Leftovers
|upkeep
|turn|17
|
|t:|1728465713
|move|p1a: Blissey|Seismic Toss|p2a: Suicune
|-damage|p2a: Suicune|26/100 par
|move|p2a: Suicune|Surf|p1a: Blissey
|-damage|p1a: Blissey|54/100
|
|-heal|p1a: Blissey|60/100|[from] item: Leftovers
|-heal|p2a: Suicune|32/100 par|[from] item: Leftovers
|upkeep
|turn|18
|
|t:|1728465721
|move|p1a: Blissey|Seismic Toss|p2a: Suicune
|-damage|p2a: Suicune|8/100 par
|move|p2a: Suicune|Rest|p2a: Suicune
|-status|p2a: Suicune|slp|[from] move: Rest
|-heal|p2a: Suicune|100/100 slp|[silent]
|
|-heal|p1a: Blissey|66/100|[from] item: Leftovers
|upkeep
|turn|19
|
|t:|1728465736
|switch|p2a: Medicham|Medicham, M|100/100
|switch|p1a: Salamence|Salamence, M|38/100
|-ability|p1a: Salamence|Intimidate|boost
|-unboost|p2a: Medicham|atk|1
|
|-heal|p1a: Salamence|44/100|[from] item: Leftovers
|upkeep
|turn|20
|
|t:|1728465753
|switch|p1a: Forretress|Forretress, F|100/100
|move|p2a: Medicham|Rock Slide|p1a: Forretress
|-damage|p1a: Forretress|84/100
|
|-heal|p1a: Forretress|90/100|[from] item: Leftovers
|upkeep
|turn|21
|
|t:|1728465767
|-singleturn|p2a: Medicham|move: Focus Punch
|move|p1a: Forretress|Earthquake|p2a: Medicham
|-damage|p2a: Medicham|68/100
|move|p2a: Medicham|Focus Punch||[still]
|cant|p2a: Medicham|Focus Punch|Focus Punch
|
|-heal|p1a: Forretress|96/100|[from] item: Leftovers
|upkeep
|turn|22
|
|t:|1728465778
|switch|p2a: Salamence|Salamence, F|100/100
|-ability|p2a: Salamence|Intimidate|boost
|-unboost|p1a: Forretress|atk|1
|move|p1a: Forretress|Earthquake|p2a: Salamence
|-immune|p2a: Salamence
|
|-heal|p1a: Forretress|100/100|[from] item: Leftovers
|upkeep
|turn|23
|
|t:|1728465800
|switch|p1a: Tyranitar|Tyranitar, M|100/100
|-weather|Sandstorm|[from] ability: Sand Stream|[of] p1a: Tyranitar
|move|p2a: Salamence|Dragon Dance|p2a: Salamence
|-boost|p2a: Salamence|atk|1
|-boost|p2a: Salamence|spe|1
|
|-weather|Sandstorm|[upkeep]
|-damage|p2a: Salamence|94/100|[from] Sandstorm
|-heal|p2a: Salamence|100/100|[from] item: Leftovers
|upkeep
|turn|24
|
|t:|1728465810
|move|p2a: Salamence|Earthquake|p1a: Tyranitar
|-supereffective|p1a: Tyranitar
|-damage|p1a: Tyranitar|25/100
|move|p1a: Tyranitar|Crunch|p2a: Salamence
|-damage|p2a: Salamence|62/100
|-unboost|p2a: Salamence|spd|1
|
|-weather|Sandstorm|[upkeep]
|-damage|p2a: Salamence|56/100|[from] Sandstorm
|-heal|p2a: Salamence|62/100|[from] item: Leftovers
|-heal|p1a: Tyranitar|31/100|[from] item: Leftovers
|upkeep
|turn|25
|
|t:|1728465821
|move|p2a: Salamence|Earthquake|p1a: Tyranitar
|-supereffective|p1a: Tyranitar
|-damage|p1a: Tyranitar|0 fnt
|faint|p1a: Tyranitar
|
|t:|1728465825
|switch|p1a: Salamence|Salamence, M|44/100
|-ability|p1a: Salamence|Intimidate|boost
|-unboost|p2a: Salamence|atk|1
|
|-weather|Sandstorm|[upkeep]
|-damage|p2a: Salamence|56/100|[from] Sandstorm
|-damage|p1a: Salamence|38/100|[from] Sandstorm
|-heal|p2a: Salamence|62/100|[from] item: Leftovers
|-heal|p1a: Salamence|44/100|[from] item: Leftovers
|upkeep
|turn|26
|
|t:|1728465835
|switch|p1a: Forretress|Forretress, F|100/100
|move|p2a: Salamence|Rock Slide|p1a: Forretress
|-damage|p1a: Forretress|80/100
|
|-weather|Sandstorm|[upkeep]
|-damage|p2a: Salamence|56/100|[from] Sandstorm
|-heal|p2a: Salamence|62/100|[from] item: Leftovers
|-heal|p1a: Forretress|86/100|[from] item: Leftovers
|upkeep
|turn|27
|
|t:|1728465857
|move|p2a: Salamence|Dragon Dance|p2a: Salamence
|-boost|p2a: Salamence|atk|1
|-boost|p2a: Salamence|spe|1
|move|p1a: Forretress|Spikes|p2a: Salamence
|-sidestart|p2: GypsygypsTeacourse|Spikes
|
|-weather|Sandstorm|[upkeep]
|-damage|p2a: Salamence|56/100|[from] Sandstorm
|-heal|p2a: Salamence|62/100|[from] item: Leftovers
|-heal|p1a: Forretress|92/100|[from] item: Leftovers
|upkeep
|turn|28
|
|t:|1728465872
|move|p2a: Salamence|Hidden Power|p1a: Forretress
|-damage|p1a: Forretress|50/100
|move|p1a: Forretress|Explosion|p2a: Salamence
|-damage|p2a: Salamence|0 fnt
|faint|p1a: Forretress
|faint|p2a: Salamence
|
|t:|1728465887
|switch|p2a: Celebi|Celebi|45/100
|switch|p1a: Salamence|Salamence, M|44/100
|-damage|p2a: Celebi|32/100|[from] Spikes
|-ability|p1a: Salamence|Intimidate|boost
|-unboost|p2a: Celebi|atk|1
|
|-weather|Sandstorm|[upkeep]
|-damage|p2a: Celebi|26/100|[from] Sandstorm
|-damage|p1a: Salamence|38/100|[from] Sandstorm
|-heal|p2a: Celebi|32/100|[from] item: Leftovers
|-heal|p1a: Salamence|44/100|[from] item: Leftovers
|upkeep
|turn|29
|inactive|tanao has 270 seconds left.
|
|t:|1728465914
|move|p2a: Celebi|Hidden Power|p1a: Salamence
|-supereffective|p1a: Salamence
|-damage|p1a: Salamence|0 fnt
|faint|p1a: Salamence
|
|t:|1728465927
|switch|p1a: Aerodactyl|Aerodactyl, M|100/100
|
|-weather|Sandstorm|[upkeep]
|-damage|p2a: Celebi|26/100|[from] Sandstorm
|-heal|p2a: Celebi|32/100|[from] item: Leftovers
|upkeep
|turn|30
|
|t:|1728465945
|move|p1a: Aerodactyl|Double-Edge|p2a: Celebi
|-damage|p2a: Celebi|0 fnt
|faint|p2a: Celebi
|
|t:|1728465951
|switch|p2a: Magneton|Magneton|100/100
|-damage|p2a: Magneton|88/100|[from] Spikes
|
|-weather|Sandstorm|[upkeep]
|upkeep
|turn|31
|
|t:|1728465960
|switch|p1a: Blissey|Blissey, F|66/100
|move|p2a: Magneton|Toxic|p1a: Blissey
|-status|p1a: Blissey|tox
|
|-weather|Sandstorm|[upkeep]
|-damage|p1a: Blissey|60/100 tox|[from] Sandstorm
|-heal|p1a: Blissey|66/100 tox|[from] item: Leftovers
|-damage|p1a: Blissey|60/100 tox|[from] psn
|upkeep
|turn|32
|
|t:|1728465971
|move|p2a: Magneton|Thunderbolt|p1a: Blissey
|-damage|p1a: Blissey|38/100 tox
|move|p1a: Blissey|Thunder Wave|p2a: Magneton
|-status|p2a: Magneton|par
|
|-weather|Sandstorm|[upkeep]
|-damage|p1a: Blissey|32/100 tox|[from] Sandstorm
|-heal|p1a: Blissey|38/100 tox|[from] item: Leftovers
|-damage|p1a: Blissey|26/100 tox|[from] psn
|upkeep
|turn|33
|
|t:|1728465981
|move|p1a: Blissey|Soft-Boiled|p1a: Blissey
|-heal|p1a: Blissey|76/100 tox
|move|p2a: Magneton|Thunderbolt|p1a: Blissey
|-damage|p1a: Blissey|56/100 tox
|
|-weather|Sandstorm|[upkeep]
|-damage|p1a: Blissey|50/100 tox|[from] Sandstorm
|-heal|p1a: Blissey|56/100 tox|[from] item: Leftovers
|-damage|p1a: Blissey|38/100 tox|[from] psn
|upkeep
|turn|34
|
|t:|1728465993
|-curestatus|p1a: Blissey|tox|[from] ability: Natural Cure
|switch|p1a: Jirachi|Jirachi|100/100
|move|p2a: Magneton|Thunderbolt|p1a: Jirachi
|-damage|p1a: Jirachi|49/100
|
|-weather|Sandstorm|[upkeep]
|-heal|p1a: Jirachi|55/100|[from] item: Leftovers
|upkeep
|turn|35
|
|t:|1728466006
|move|p1a: Jirachi|Fire Punch|p2a: Magneton
|-supereffective|p2a: Magneton
|-damage|p2a: Magneton|17/100 par
|cant|p2a: Magneton|par
|
|-weather|Sandstorm|[upkeep]
|-heal|p1a: Jirachi|61/100|[from] item: Leftovers
|upkeep
|turn|36
|
|t:|1728466014
|move|p1a: Jirachi|Fire Punch|p2a: Magneton
|-supereffective|p2a: Magneton
|-damage|p2a: Magneton|0 fnt
|faint|p2a: Magneton
|
|t:|1728466017
|switch|p2a: Suicune|Suicune|100/100 slp
|-damage|p2a: Suicune|88/100 slp|[from] Spikes
|
|-weather|Sandstorm|[upkeep]
|-damage|p2a: Suicune|82/100 slp|[from] Sandstorm
|-heal|p1a: Jirachi|68/100|[from] item: Leftovers
|-heal|p2a: Suicune|88/100 slp|[from] item: Leftovers
|upkeep
|turn|37
|
|t:|1728466025
|move|p1a: Jirachi|Wish|p1a: Jirachi
|cant|p2a: Suicune|slp
|
|-weather|Sandstorm|[upkeep]
|-damage|p2a: Suicune|82/100 slp|[from] Sandstorm
|-heal|p1a: Jirachi|74/100|[from] item: Leftovers
|-heal|p2a: Suicune|88/100 slp|[from] item: Leftovers
|upkeep
|turn|38
|
|t:|1728466033
|switch|p1a: Blissey|Blissey, F|38/100
|switch|p2a: Medicham|Medicham, M|68/100
|-damage|p2a: Medicham|55/100|[from] Spikes
|
|-heal|p1a: Blissey|88/100|[from] move: Wish|[wisher] Jirachi
|-weather|Sandstorm|[upkeep]
|-damage|p2a: Medicham|49/100|[from] Sandstorm
|-damage|p1a: Blissey|82/100|[from] Sandstorm
|-heal|p1a: Blissey|88/100|[from] item: Leftovers
|upkeep
|turn|39
|
|t:|1728466056
|move|p2a: Medicham|Brick Break|p1a: Blissey
|-supereffective|p1a: Blissey
|-damage|p1a: Blissey|11/100
|move|p1a: Blissey|Counter|p2a: Medicham
|-damage|p2a: Medicham|0 fnt
|faint|p2a: Medicham
|
|t:|1728466061
|switch|p2a: Suicune|Suicune|88/100 slp
|-damage|p2a: Suicune|76/100 slp|[from] Spikes
|
|-weather|Sandstorm|[upkeep]
|-damage|p2a: Suicune|70/100 slp|[from] Sandstorm
|-damage|p1a: Blissey|4/100|[from] Sandstorm
|-heal|p2a: Suicune|76/100 slp|[from] item: Leftovers
|-heal|p1a: Blissey|11/100|[from] item: Leftovers
|upkeep
|turn|40
|
|t:|1728466069
|cant|p2a: Suicune|slp
|move|p1a: Blissey|Seismic Toss|p2a: Suicune
|-damage|p2a: Suicune|51/100 slp
|
|-weather|Sandstorm|[upkeep]
|-damage|p2a: Suicune|45/100 slp|[from] Sandstorm
|-damage|p1a: Blissey|4/100|[from] Sandstorm
|-heal|p2a: Suicune|51/100 slp|[from] item: Leftovers
|-heal|p1a: Blissey|11/100|[from] item: Leftovers
|upkeep
|turn|41
|
|t:|1728466080
|-curestatus|p2a: Suicune|slp|[msg]
|move|p2a: Suicune|Surf|p1a: Blissey
|-damage|p1a: Blissey|0 fnt
|faint|p1a: Blissey
|
|t:|1728466103
|switch|p1a: Aerodactyl|Aerodactyl, M|100/100
|
|-weather|Sandstorm|[upkeep]
|-damage|p2a: Suicune|45/100|[from] Sandstorm
|-heal|p2a: Suicune|51/100|[from] item: Leftovers
|upkeep
|turn|42
|
|t:|1728466116
|move|p1a: Aerodactyl|Double-Edge|p2a: Suicune
|-damage|p2a: Suicune|11/100
|move|p2a: Suicune|Rest|p2a: Suicune
|-status|p2a: Suicune|slp|[from] move: Rest
|-heal|p2a: Suicune|100/100 slp|[silent]
|
|-weather|Sandstorm|[upkeep]
|-damage|p2a: Suicune|94/100 slp|[from] Sandstorm
|-heal|p2a: Suicune|100/100 slp|[from] item: Leftovers
|upkeep
|turn|43
|
|t:|1728466125
|move|p1a: Aerodactyl|Double-Edge|p2a: Suicune
|-damage|p2a: Suicune|58/100 slp
|cant|p2a: Suicune|slp
|
|-weather|Sandstorm|[upkeep]
|-damage|p2a: Suicune|51/100 slp|[from] Sandstorm
|-heal|p2a: Suicune|58/100 slp|[from] item: Leftovers
|upkeep
|turn|44
|
|t:|1728466133
|move|p1a: Aerodactyl|Double-Edge|p2a: Suicune
|-damage|p2a: Suicune|19/100 slp
|cant|p2a: Suicune|slp
|
|-weather|Sandstorm|[upkeep]
|-damage|p2a: Suicune|13/100 slp|[from] Sandstorm
|-heal|p2a: Suicune|19/100 slp|[from] item: Leftovers
|upkeep
|turn|45
|
|t:|1728466140
|move|p1a: Aerodactyl|Double-Edge|p2a: Suicune
|-damage|p2a: Suicune|0 fnt
|faint|p2a: Suicune
|
|win|tanao
|c|☆tanao|gg
|c|☆GypsygypsTeacourse|gg

</script>
<script type="application/json" class="data" id="replaydata-smogtours-gen3ou-796598">
{"id":"smogtours-gen3ou-796598","format":"[Gen 3] OU","players":["tanao","GypsygypsTeacourse"],"uploadtime":1728466140,"views":83,"formatid":"gen3ou","rating":null,"private":0,"password":null}
</script>

<script defer src="js/replays.js?9d40a366"></script>
