<!DOCTYPE html>
<meta charset="utf-8" />
<meta name="viewport" content="width=device-width" />

<title>[Gen 3] OU: bydy2 vs. latlat1 - Replays - Pok&eacute;mon Showdown!</title>

<meta name="description" content="Watch a replay of a Pok&eacute;mon battle between bydy2 and latlat1! Format: [Gen 3] OU; Date: Oct 23, 2024" />
<!--

Hey, you! Looking in the source for the replay log?

You can find them in JSON format, just add `.json` at the end of a replay URL.

https://replay.pokemonshowdown.com/gen7randomdoublesbattle-865046831.json

Or, if you only need the log itself, add `.log` instead:

https://replay.pokemonshowdown.com/gen7randomdoublesbattle-865046831.log

-->

<link rel="stylesheet" href="//pokemonshowdown.com/style/global.css?0.767286132409787" />
<link rel="stylesheet" href="//play.pokemonshowdown.com/style/font-awesome.css?0.9266228007934947" />
<link rel="stylesheet" href="//play.pokemonshowdown.com/style/battle.css?0.7924700842790926" />
<link rel="stylesheet" href="//play.pokemonshowdown.com/style/utilichart.css?0.8777417872839479" />

<!-- Global site tag (gtag.js) - Google Analytics -->
<script async src="https://www.googletagmanager.com/gtag/js?id=UA-26211653-1"></script>
<script>
  window.dataLayer = window.dataLayer || [];
  function gtag(){dataLayer.push(arguments);}
  gtag('js', new Date());

  gtag('config', 'UA-26211653-1');
</script>
<!-- End Google Analytics -->
<!-- Venatus Ad Manager - Install in <HEAD> of page -->
	<script src="https://hb.vntsm.com/v3/live/ad-manager.min.js" type="text/javascript" data-site-id="642aba63ec9a7b11c3c9c1be" data-mode="scan" async></script>
<!-- / Venatus Ad Manager -->

<style>
	@media (max-width:820px) {
		.battle {
			margin: 0 auto;
		}
		.battle-log {
			margin: 7px auto 0;
			max-width: 640px;
			height: 300px;
			position: static;
		}
	}
	.optgroup {
		display: inline-block;
		line-height: 22px;
		font-size: 10pt;
	}
	.optgroup .button {
		height: 25px;
		padding-top: 0;
		padding-bottom: 0;
	}
	.optgroup button.button {
		padding-left: 12px;
		padding-right: 12px;
	}
	.linklist {
		list-style: none;
		margin: 0.5em 0;
		padding: 0;
	}
	.linklist li {
		padding: 2px 0;
	}
	.sidebar {
		float: left;
		width: 320px;
	}
	.bar-wrapper {
		max-width: 1100px;
		margin: 0 auto;
	}
	.bar-wrapper.has-sidebar {
		max-width: 1430px;
	}
	.mainbar {
		margin: 0;
		padding-right: 1px;
	}
	.mainbar.has-sidebar {
		margin-left: 330px;
	}
	@media (min-width: 1511px) {
		.sidebar {
			width: 400px;
		}
		.bar-wrapper.has-sidebar {
			max-width: 1510px;
		}
		.mainbar.has-sidebar {
			margin-left: 410px;
		}
	}
	.section.first-section {
		margin-top: 9px;
	}
	.blocklink small {
		white-space: normal;
	}
	.button {
		vertical-align: middle;
	}
	.replay-controls {
		padding-top: 10px;
	}
	.replay-controls h1 {
		font-size: 16pt;
		font-weight: normal;
		color: #CCC;
	}
	.pagelink {
		text-align: center;
	}
	.pagelink a {
		width: 150px;
	}
	.textbox, .button {
		font-size: 11pt;
		vertical-align: middle;
	}
	@media (max-width: 450px) {
		.button {
			font-size: 9pt;
		}
	}
</style>

<div>

	<header>
		<div class="nav-wrapper"><ul class="nav">
			<li><a class="button nav-first" href="//pokemonshowdown.com/"><img src="//pokemonshowdown.com/images/pokemonshowdownbeta.png" srcset="//pokemonshowdown.com/images/pokemonshowdownbeta.png 1x, //pokemonshowdown.com/images/pokemonshowdownbeta@2x.png 2x" alt="Pok&eacute;mon Showdown" width="146" height="44" /> Home</a></li>
			<li><a class="button" href="//pokemonshowdown.com/dex/">Pok&eacute;dex</a></li>
			<li><a class="button cur" href="/">Replays</a></li>
			<li><a class="button" href="//pokemonshowdown.com/ladder/">Ladder</a></li>
			<li><a class="button nav-last" href="//pokemonshowdown.com/forums/">Forum</a></li>
			<li><a class="button greenbutton nav-first nav-last" href="//play.pokemonshowdown.com/">Play</a></li>
		</ul></div>
	</header>

	<div class="main" id="main">

		<noscript><section class="section">You need to enable JavaScript to use this page; sorry!</section></noscript>

	</div>

</div>

<script defer nomodule src="//play.pokemonshowdown.com/js/lib/ps-polyfill.js"></script>
<script defer src="//play.pokemonshowdown.com/js/lib/preact.min.js"></script>

<script defer src="//play.pokemonshowdown.com/config/config.js?6dec07f6"></script>
<script defer src="//play.pokemonshowdown.com/js/lib/jquery-1.11.0.min.js"></script>
<script defer src="//play.pokemonshowdown.com/js/lib/html-sanitizer-minified.js"></script>
<script defer src="//play.pokemonshowdown.com/js/battle-sound.js"></script>
<script defer src="//play.pokemonshowdown.com/js/battledata.js?0.6315294753075389"></script>
<script defer src="//play.pokemonshowdown.com/data/pokedex-mini.js?0.7603743185311358"></script>
<script defer src="//play.pokemonshowdown.com/data/pokedex-mini-bw.js?0.030888842834281283"></script>
<script defer src="//play.pokemonshowdown.com/data/graphics.js?0.05593094747507488"></script>
<script defer src="//play.pokemonshowdown.com/data/pokedex.js?0.47064822249611904"></script>
<script defer src="//play.pokemonshowdown.com/data/moves.js?0.8583693120512459"></script>
<script defer src="//play.pokemonshowdown.com/data/abilities.js?0.16017181182386842"></script>
<script defer src="//play.pokemonshowdown.com/data/items.js?0.4163379185673943"></script>
<script defer src="//play.pokemonshowdown.com/data/teambuilder-tables.js?0.31075597372830477"></script>
<script defer src="//play.pokemonshowdown.com/js/battle-tooltips.js?0.6536193500708172"></script>
<script defer src="//play.pokemonshowdown.com/js/battle.js?0.1916591943277901"></script>

<script defer src="js/utils.js?e31f9a17"></script>
<script defer src="js/replays-battle.js?7008c182"></script>

<!-- don't scrape this data! just add .json or .log after the URL!
Full API docs: https://github.com/smogon/pokemon-showdown-client/blob/master/WEB-API.md -->
<script type="text/plain" class="log" id="replaylog-smogtours-gen3ou-801430">
|inactive|Battle timer is ON: inactive players will automatically lose when time's up.
|t:|1729719094
|gametype|singles
|player|p1|bydy2|barry|
|player|p2|latlat1|2|
|teamsize|p1|6
|teamsize|p2|6
|gen|3
|tier|[Gen 3] OU
|rule|Sleep Clause Mod: Limit one foe put to sleep
|rule|Switch Priority Clause Mod: Faster Pokémon switch first
|rule|Species Clause: Limit one of each Pokémon
|rule|OHKO Clause: OHKO moves are banned
|rule|Evasion Items Clause: Evasion items are banned
|rule|Evasion Moves Clause: Evasion moves are banned
|rule|Endless Battle Clause: Forcing endless battles is banned
|rule|HP Percentage Mod: HP is shown in percentages
|rule|One Boost Passer Clause: Limit one Baton Passer that has a way to boost its stats
|rule|Freeze Clause Mod: Limit one foe frozen
|
|t:|1729719094
|start
|switch|p1a: Tyranitar|Tyranitar, M|100/100
|switch|p2a: Suicune|Suicune|100/100
|-weather|Sandstorm|[from] ability: Sand Stream|[of] p1a: Tyranitar
|turn|1
|c|☆bydy2|glhf
|
|t:|1729719118
|switch|p1a: Zapdos|Zapdos|100/100
|move|p2a: Suicune|Calm Mind|p2a: Suicune
|-boost|p2a: Suicune|spa|1
|-boost|p2a: Suicune|spd|1
|
|-weather|Sandstorm|[upkeep]
|-damage|p1a: Zapdos|94/100|[from] Sandstorm
|-damage|p2a: Suicune|95/100|[from] Sandstorm
|-heal|p1a: Zapdos|100/100|[from] item: Leftovers
|-heal|p2a: Suicune|100/100|[from] item: Leftovers
|upkeep
|turn|2
|
|t:|1729719132
|move|p1a: Zapdos|Thunderbolt|p2a: Suicune
|-supereffective|p2a: Suicune
|-damage|p2a: Suicune|50/100
|move|p2a: Suicune|Ice Beam|p1a: Zapdos
|-supereffective|p1a: Zapdos
|-damage|p1a: Zapdos|31/100
|
|-weather|Sandstorm|[upkeep]
|-damage|p1a: Zapdos|25/100|[from] Sandstorm
|-damage|p2a: Suicune|44/100|[from] Sandstorm
|-heal|p1a: Zapdos|31/100|[from] item: Leftovers
|-heal|p2a: Suicune|50/100|[from] item: Leftovers
|upkeep
|turn|3
|inactive|latlat1 has 270 seconds left.
|
|t:|1729719169
|switch|p2a: Celebi|Celebi|100/100
|move|p1a: Zapdos|Thunderbolt|p2a: Celebi
|-resisted|p2a: Celebi
|-damage|p2a: Celebi|83/100
|
|-weather|Sandstorm|[upkeep]
|-damage|p2a: Celebi|76/100|[from] Sandstorm
|-damage|p1a: Zapdos|25/100|[from] Sandstorm
|-heal|p2a: Celebi|83/100|[from] item: Leftovers
|-heal|p1a: Zapdos|31/100|[from] item: Leftovers
|upkeep
|turn|4
|inactive|latlat1 has 270 seconds left.
|inactive|bydy2 has 270 seconds left.
|
|t:|1729719202
|move|p2a: Celebi|Calm Mind|p2a: Celebi
|-boost|p2a: Celebi|spa|1
|-boost|p2a: Celebi|spd|1
|move|p1a: Zapdos|Baton Pass|p1a: Zapdos
|inactive|bydy2 has 270 seconds left.
|
|t:|1729719210
|switch|p1a: Dugtrio|Dugtrio, M|100/100|[from] Baton Pass
|
|-weather|Sandstorm|[upkeep]
|-damage|p2a: Celebi|76/100|[from] Sandstorm
|-heal|p2a: Celebi|83/100|[from] item: Leftovers
|upkeep
|turn|5
|inactive|latlat1 has 270 seconds left.
|
|t:|1729719238
|move|p1a: Dugtrio|Hidden Power|p2a: Celebi
|-supereffective|p2a: Celebi
|-damage|p2a: Celebi|0 fnt
|faint|p2a: Celebi
|
|t:|1729719252
|switch|p2a: Swampert|Swampert, M|100/100
|
|-weather|Sandstorm|[upkeep]
|upkeep
|turn|6
|
|t:|1729719264
|switch|p1a: Swampert|Swampert, M|100/100
|move|p2a: Swampert|Substitute|p2a: Swampert
|-start|p2a: Swampert|Substitute
|-damage|p2a: Swampert|75/100
|
|-weather|Sandstorm|[upkeep]
|-heal|p2a: Swampert|82/100|[from] item: Leftovers
|upkeep
|turn|7
|
|t:|1729719269
|-singleturn|p2a: Swampert|move: Focus Punch
|move|p1a: Swampert|Earthquake|p2a: Swampert
|-crit|p2a: Swampert
|-end|p2a: Swampert|Substitute
|move|p2a: Swampert|Focus Punch|p1a: Swampert
|-damage|p1a: Swampert|78/100
|
|-weather|Sandstorm|[upkeep]
|-heal|p2a: Swampert|88/100|[from] item: Leftovers
|-heal|p1a: Swampert|84/100|[from] item: Leftovers
|upkeep
|turn|8
|inactive|latlat1 has 270 seconds left.
|
|t:|1729719291
|switch|p2a: Zapdos|Zapdos|100/100
|move|p1a: Swampert|Earthquake|p2a: Zapdos
|-immune|p2a: Zapdos
|
|-weather|Sandstorm|[upkeep]
|-damage|p2a: Zapdos|94/100|[from] Sandstorm
|-heal|p2a: Zapdos|100/100|[from] item: Leftovers
|-heal|p1a: Swampert|90/100|[from] item: Leftovers
|upkeep
|turn|9
|
|t:|1729719301
|move|p1a: Swampert|Protect|p1a: Swampert
|-singleturn|p1a: Swampert|Protect
|move|p2a: Zapdos|Toxic|p1a: Swampert
|-activate|p1a: Swampert|Protect
|
|-weather|Sandstorm|[upkeep]
|-damage|p2a: Zapdos|94/100|[from] Sandstorm
|-heal|p2a: Zapdos|100/100|[from] item: Leftovers
|-heal|p1a: Swampert|96/100|[from] item: Leftovers
|upkeep
|turn|10
|inactive|latlat1 has 270 seconds left.
|
|t:|1729719306
|switch|p1a: Gengar|Gengar, F|100/100
|move|p2a: Zapdos|Toxic|p1a: Gengar
|-immune|p1a: Gengar
|
|-weather|Sandstorm|[upkeep]
|-damage|p1a: Gengar|94/100|[from] Sandstorm
|-damage|p2a: Zapdos|94/100|[from] Sandstorm
|-heal|p1a: Gengar|100/100|[from] item: Leftovers
|-heal|p2a: Zapdos|100/100|[from] item: Leftovers
|upkeep
|turn|11
|
|t:|1729719315
|switch|p2a: Tyranitar|Tyranitar, M|100/100
|move|p1a: Gengar|Will-O-Wisp|p2a: Tyranitar
|-status|p2a: Tyranitar|brn
|
|-weather|Sandstorm|[upkeep]
|-damage|p1a: Gengar|94/100|[from] Sandstorm
|-heal|p1a: Gengar|100/100|[from] item: Leftovers
|-damage|p2a: Tyranitar|88/100 brn|[from] brn
|upkeep
|turn|12
|inactive|latlat1 has 270 seconds left.
|
|t:|1729719340
|switch|p1a: Dugtrio|Dugtrio, M|100/100
|switch|p2a: Swampert|Swampert, M|88/100
|
|-weather|Sandstorm|[upkeep]
|-heal|p2a: Swampert|94/100|[from] item: Leftovers
|upkeep
|turn|13
|inactive|bydy2 has 270 seconds left.
|
|t:|1729719374
|move|p1a: Dugtrio|Earthquake|p2a: Swampert
|-damage|p2a: Swampert|39/100
|move|p2a: Swampert|Surf|p1a: Dugtrio
|-supereffective|p1a: Dugtrio
|-damage|p1a: Dugtrio|0 fnt
|faint|p1a: Dugtrio
|
|t:|1729719389
|switch|p1a: Zapdos|Zapdos|31/100
|
|-weather|Sandstorm|[upkeep]
|-damage|p1a: Zapdos|25/100|[from] Sandstorm
|-heal|p1a: Zapdos|31/100|[from] item: Leftovers
|-heal|p2a: Swampert|45/100|[from] item: Leftovers
|upkeep
|turn|14
|
|t:|1729719399
|switch|p2a: Zapdos|Zapdos|100/100
|move|p1a: Zapdos|Hidden Power|p2a: Zapdos
|-resisted|p2a: Zapdos
|-damage|p2a: Zapdos|90/100
|
|-weather|Sandstorm|[upkeep]
|-damage|p2a: Zapdos|84/100|[from] Sandstorm
|-damage|p1a: Zapdos|25/100|[from] Sandstorm
|-heal|p2a: Zapdos|90/100|[from] item: Leftovers
|-heal|p1a: Zapdos|31/100|[from] item: Leftovers
|upkeep
|turn|15
|
|t:|1729719418
|switch|p1a: Swampert|Swampert, M|96/100
|move|p2a: Zapdos|Hidden Power|p1a: Swampert
|-damage|p1a: Swampert|71/100
|
|-weather|Sandstorm|[upkeep]
|-damage|p2a: Zapdos|84/100|[from] Sandstorm
|-heal|p2a: Zapdos|90/100|[from] item: Leftovers
|-heal|p1a: Swampert|77/100|[from] item: Leftovers
|upkeep
|turn|16
|
|t:|1729719427
|move|p2a: Zapdos|Toxic|p1a: Swampert
|-status|p1a: Swampert|tox
|move|p1a: Swampert|Toxic|p2a: Zapdos
|-status|p2a: Zapdos|tox
|
|-weather|Sandstorm|[upkeep]
|-damage|p2a: Zapdos|84/100 tox|[from] Sandstorm
|-heal|p2a: Zapdos|90/100 tox|[from] item: Leftovers
|-damage|p2a: Zapdos|84/100 tox|[from] psn
|-heal|p1a: Swampert|84/100 tox|[from] item: Leftovers
|-damage|p1a: Swampert|77/100 tox|[from] psn
|upkeep
|turn|17
|
|t:|1729719446
|move|p2a: Zapdos|Hidden Power|p1a: Swampert
|-damage|p1a: Swampert|54/100 tox
|move|p1a: Swampert|Ice Beam|p2a: Zapdos
|-supereffective|p2a: Zapdos
|-damage|p2a: Zapdos|46/100 tox
|
|-weather|Sandstorm|[upkeep]
|-damage|p2a: Zapdos|40/100 tox|[from] Sandstorm
|-heal|p2a: Zapdos|46/100 tox|[from] item: Leftovers
|-damage|p2a: Zapdos|34/100 tox|[from] psn
|-heal|p1a: Swampert|60/100 tox|[from] item: Leftovers
|-damage|p1a: Swampert|48/100 tox|[from] psn
|upkeep
|turn|18
|inactive|bydy2 has 270 seconds left.
|
|t:|1729719465
|switch|p1a: Gengar|Gengar, F|100/100
|move|p2a: Zapdos|Hidden Power|p1a: Gengar
|-damage|p1a: Gengar|62/100
|
|-weather|Sandstorm|[upkeep]
|-damage|p1a: Gengar|56/100|[from] Sandstorm
|-damage|p2a: Zapdos|27/100 tox|[from] Sandstorm
|-heal|p1a: Gengar|62/100|[from] item: Leftovers
|-heal|p2a: Zapdos|34/100 tox|[from] item: Leftovers
|-damage|p2a: Zapdos|15/100 tox|[from] psn
|upkeep
|turn|19
|inactive|bydy2 has 270 seconds left.
|inactive|latlat1 has 270 seconds left.
|
|t:|1729719481
|move|p1a: Gengar|Ice Punch|p2a: Zapdos
|-supereffective|p2a: Zapdos
|-damage|p2a: Zapdos|0 fnt
|faint|p2a: Zapdos
|inactive|latlat1 has 270 seconds left.
|
|t:|1729719506
|switch|p2a: Jirachi|Jirachi|100/100
|
|-weather|Sandstorm|[upkeep]
|-damage|p1a: Gengar|56/100|[from] Sandstorm
|-heal|p1a: Gengar|62/100|[from] item: Leftovers
|upkeep
|turn|20
|inactive|bydy2 has 270 seconds left.
|
|t:|1729719517
|move|p1a: Gengar|Taunt|p2a: Jirachi
|-start|p2a: Jirachi|move: Taunt
|cant|p2a: Jirachi|move: Taunt|Substitute
|
|-weather|Sandstorm|[upkeep]
|-damage|p1a: Gengar|56/100|[from] Sandstorm
|-heal|p1a: Gengar|62/100|[from] item: Leftovers
|upkeep
|turn|21
|
|t:|1729719524
|switch|p1a: Swampert|Swampert, M|48/100 tox
|move|p2a: Jirachi|Thunderbolt|p1a: Swampert
|-immune|p1a: Swampert
|
|-weather|Sandstorm|[upkeep]
|-end|p2a: Jirachi|move: Taunt|[silent]
|-heal|p1a: Swampert|54/100 tox|[from] item: Leftovers
|-damage|p1a: Swampert|48/100 tox|[from] psn
|upkeep
|turn|22
|
|t:|1729719531
|move|p2a: Jirachi|Hidden Power|p1a: Swampert
|-supereffective|p1a: Swampert
|-damage|p1a: Swampert|0 fnt
|faint|p1a: Swampert
|inactive|bydy2 has 270 seconds left.
|
|t:|1729719575
|switch|p1a: Gengar|Gengar, F|62/100
|
|-weather|Sandstorm|[upkeep]
|-damage|p1a: Gengar|56/100|[from] Sandstorm
|-heal|p1a: Gengar|62/100|[from] item: Leftovers
|upkeep
|turn|23
|
|t:|1729719589
|move|p1a: Gengar|Will-O-Wisp|p2a: Jirachi
|-status|p2a: Jirachi|brn
|move|p2a: Jirachi|Thunderbolt|p1a: Gengar
|-damage|p1a: Gengar|28/100
|
|-weather|Sandstorm|[upkeep]
|-damage|p1a: Gengar|22/100|[from] Sandstorm
|-heal|p1a: Gengar|28/100|[from] item: Leftovers
|-damage|p2a: Jirachi|88/100 brn|[from] brn
|upkeep
|turn|24
|
|t:|1729719600
|move|p1a: Gengar|Thunderbolt|p2a: Jirachi
|-damage|p2a: Jirachi|62/100 brn
|move|p2a: Jirachi|Thunderbolt|p1a: Gengar
|-damage|p1a: Gengar|0 fnt
|faint|p1a: Gengar
|inactive|bydy2 has 240 seconds left.
|
|t:|1729719620
|switch|p1a: Aerodactyl|Aerodactyl, M|100/100
|
|-weather|Sandstorm|[upkeep]
|-heal|p2a: Jirachi|68/100 brn|[from] item: Leftovers
|-damage|p2a: Jirachi|55/100 brn|[from] brn
|upkeep
|turn|25
|inactive|bydy2 has 240 seconds left.
|inactive|latlat1 has 270 seconds left.
|
|t:|1729719654
|switch|p1a: Zapdos|Zapdos|31/100
|switch|p2a: Tyranitar|Tyranitar, M|88/100 brn
|
|-weather|Sandstorm|[upkeep]
|-damage|p1a: Zapdos|25/100|[from] Sandstorm
|-heal|p1a: Zapdos|31/100|[from] item: Leftovers
|-heal|p2a: Tyranitar|94/100 brn|[from] item: Leftovers
|-damage|p2a: Tyranitar|82/100 brn|[from] brn
|upkeep
|turn|26
|inactive|bydy2 has 240 seconds left.
|
|t:|1729719675
|move|p1a: Zapdos|Baton Pass|p1a: Zapdos
|
|t:|1729719676
|switch|p1a: Tyranitar|Tyranitar, M|100/100|[from] Baton Pass
|move|p2a: Tyranitar|Rock Slide|p1a: Tyranitar
|-damage|p1a: Tyranitar|83/100
|
|-weather|Sandstorm|[upkeep]
|-heal|p2a: Tyranitar|88/100 brn|[from] item: Leftovers
|-damage|p2a: Tyranitar|76/100 brn|[from] brn
|upkeep
|turn|27
|inactive|latlat1 has 270 seconds left.
|
|t:|1729719696
|move|p1a: Tyranitar|Hidden Power|p2a: Tyranitar
|-supereffective|p2a: Tyranitar
|-damage|p2a: Tyranitar|44/100 brn
|move|p2a: Tyranitar|Hidden Power|p1a: Tyranitar
|-supereffective|p1a: Tyranitar
|-damage|p1a: Tyranitar|60/100
|
|-weather|Sandstorm|[upkeep]
|-heal|p2a: Tyranitar|50/100 brn|[from] item: Leftovers
|-damage|p2a: Tyranitar|37/100 brn|[from] brn
|upkeep
|turn|28
|inactive|bydy2 has 240 seconds left.
|
|t:|1729719707
|move|p1a: Tyranitar|Rock Slide|p2a: Tyranitar
|-damage|p2a: Tyranitar|11/100 brn
|move|p2a: Tyranitar|Hidden Power|p1a: Tyranitar
|-supereffective|p1a: Tyranitar
|-damage|p1a: Tyranitar|37/100
|
|-weather|Sandstorm|[upkeep]
|-heal|p2a: Tyranitar|17/100 brn|[from] item: Leftovers
|-damage|p2a: Tyranitar|5/100 brn|[from] brn
|upkeep
|turn|29
|inactive|bydy2 has 240 seconds left.
|
|t:|1729719716
|move|p1a: Tyranitar|Hidden Power|p2a: Tyranitar
|-supereffective|p2a: Tyranitar
|-damage|p2a: Tyranitar|0 fnt
|faint|p2a: Tyranitar
|
|t:|1729719724
|switch|p2a: Suicune|Suicune|50/100
|
|-weather|Sandstorm|[upkeep]
|-damage|p2a: Suicune|44/100|[from] Sandstorm
|-heal|p2a: Suicune|50/100|[from] item: Leftovers
|upkeep
|turn|30
|
|t:|1729719729
|move|p2a: Suicune|Surf|p1a: Tyranitar
|-supereffective|p1a: Tyranitar
|-damage|p1a: Tyranitar|0 fnt
|faint|p1a: Tyranitar
|
|t:|1729719736
|switch|p1a: Zapdos|Zapdos|31/100
|
|-weather|Sandstorm|[upkeep]
|-damage|p1a: Zapdos|25/100|[from] Sandstorm
|-damage|p2a: Suicune|44/100|[from] Sandstorm
|-heal|p1a: Zapdos|31/100|[from] item: Leftovers
|-heal|p2a: Suicune|50/100|[from] item: Leftovers
|upkeep
|turn|31
|inactive|bydy2 has 240 seconds left.
|
|t:|1729719765
|switch|p2a: Jirachi|Jirachi|55/100 brn
|move|p1a: Zapdos|Thunderbolt|p2a: Jirachi
|-damage|p2a: Jirachi|15/100 brn
|
|-weather|Sandstorm|[upkeep]
|-damage|p1a: Zapdos|25/100|[from] Sandstorm
|-heal|p2a: Jirachi|21/100 brn|[from] item: Leftovers
|-damage|p2a: Jirachi|9/100 brn|[from] brn
|-heal|p1a: Zapdos|31/100|[from] item: Leftovers
|upkeep
|turn|32
|inactive|bydy2 has 240 seconds left.
|
|t:|1729719786
|switch|p1a: Aerodactyl|Aerodactyl, M|100/100
|move|p2a: Jirachi|Thunderbolt|p1a: Aerodactyl
|-supereffective|p1a: Aerodactyl
|-damage|p1a: Aerodactyl|26/100
|
|-weather|Sandstorm|[upkeep]
|-heal|p2a: Jirachi|15/100 brn|[from] item: Leftovers
|-damage|p2a: Jirachi|3/100 brn|[from] brn
|upkeep
|turn|33
|inactive|bydy2 has 240 seconds left.
|
|t:|1729719797
|move|p1a: Aerodactyl|Double-Edge|p2a: Jirachi
|-resisted|p2a: Jirachi
|-damage|p2a: Jirachi|0 fnt
|faint|p2a: Jirachi
|
|t:|1729719807
|switch|p2a: Suicune|Suicune|50/100
|
|-weather|Sandstorm|[upkeep]
|-damage|p2a: Suicune|44/100|[from] Sandstorm
|-heal|p2a: Suicune|50/100|[from] item: Leftovers
|upkeep
|turn|34
|
|t:|1729719813
|move|p1a: Aerodactyl|Double-Edge|p2a: Suicune
|-damage|p2a: Suicune|8/100
|move|p2a: Suicune|Surf|p1a: Aerodactyl
|-supereffective|p1a: Aerodactyl
|-damage|p1a: Aerodactyl|0 fnt
|faint|p1a: Aerodactyl
|
|t:|1729719815
|switch|p1a: Zapdos|Zapdos|31/100
|
|-weather|Sandstorm|[upkeep]
|-damage|p1a: Zapdos|25/100|[from] Sandstorm
|-damage|p2a: Suicune|2/100|[from] Sandstorm
|-heal|p1a: Zapdos|31/100|[from] item: Leftovers
|-heal|p2a: Suicune|8/100|[from] item: Leftovers
|upkeep
|turn|35
|
|t:|1729719823
|move|p1a: Zapdos|Thunderbolt|p2a: Suicune
|-supereffective|p2a: Suicune
|-damage|p2a: Suicune|0 fnt
|faint|p2a: Suicune
|
|t:|1729719826
|switch|p2a: Swampert|Swampert, M|45/100
|
|-weather|Sandstorm|[upkeep]
|-damage|p1a: Zapdos|25/100|[from] Sandstorm
|-heal|p1a: Zapdos|31/100|[from] item: Leftovers
|-heal|p2a: Swampert|51/100|[from] item: Leftovers
|upkeep
|turn|36
|
|t:|1729719831
|move|p1a: Zapdos|Hidden Power|p2a: Swampert
|-supereffective|p2a: Swampert
|-damage|p2a: Swampert|0 fnt
|faint|p2a: Swampert
|
|win|bydy2
|c|☆bydy2|gg
|c|☆latlat1|gg

</script>
<script type="application/json" class="data" id="replaydata-smogtours-gen3ou-801430">
{"id":"smogtours-gen3ou-801430","format":"[Gen 3] OU","players":["bydy2","latlat1"],"uploadtime":1729719831,"views":84,"formatid":"gen3ou","rating":null,"private":0,"password":null}
</script>

<script defer src="js/replays.js?9d40a366"></script>
