<!DOCTYPE html>
<meta charset="utf-8" />
<meta name="viewport" content="width=device-width" />

<title>[Gen 3] OU: triangles vs. marcelbruer - Replays - Pok&eacute;mon Showdown!</title>

<meta name="description" content="Watch a replay of a Pok&eacute;mon battle between triangles and marcelbruer! Format: [Gen 3] OU; Date: Oct 14, 2024" />
<!--

Hey, you! Looking in the source for the replay log?

You can find them in JSON format, just add `.json` at the end of a replay URL.

https://replay.pokemonshowdown.com/gen7randomdoublesbattle-865046831.json

Or, if you only need the log itself, add `.log` instead:

https://replay.pokemonshowdown.com/gen7randomdoublesbattle-865046831.log

-->

<link rel="stylesheet" href="//pokemonshowdown.com/style/global.css?0.023195364461161105" />
<link rel="stylesheet" href="//play.pokemonshowdown.com/style/font-awesome.css?0.13261647063804238" />
<link rel="stylesheet" href="//play.pokemonshowdown.com/style/battle.css?0.8753245789963631" />
<link rel="stylesheet" href="//play.pokemonshowdown.com/style/utilichart.css?0.8627959624976733" />

<!-- Global site tag (gtag.js) - Google Analytics -->
<script async src="https://www.googletagmanager.com/gtag/js?id=UA-26211653-1"></script>
<script>
  window.dataLayer = window.dataLayer || [];
  function gtag(){dataLayer.push(arguments);}
  gtag('js', new Date());

  gtag('config', 'UA-26211653-1');
</script>
<!-- End Google Analytics -->
<!-- Venatus Ad Manager - Install in <HEAD> of page -->
	<script src="https://hb.vntsm.com/v3/live/ad-manager.min.js" type="text/javascript" data-site-id="642aba63ec9a7b11c3c9c1be" data-mode="scan" async></script>
<!-- / Venatus Ad Manager -->

<style>
	@media (max-width:820px) {
		.battle {
			margin: 0 auto;
		}
		.battle-log {
			margin: 7px auto 0;
			max-width: 640px;
			height: 300px;
			position: static;
		}
	}
	.optgroup {
		display: inline-block;
		line-height: 22px;
		font-size: 10pt;
	}
	.optgroup .button {
		height: 25px;
		padding-top: 0;
		padding-bottom: 0;
	}
	.optgroup button.button {
		padding-left: 12px;
		padding-right: 12px;
	}
	.linklist {
		list-style: none;
		margin: 0.5em 0;
		padding: 0;
	}
	.linklist li {
		padding: 2px 0;
	}
	.sidebar {
		float: left;
		width: 320px;
	}
	.bar-wrapper {
		max-width: 1100px;
		margin: 0 auto;
	}
	.bar-wrapper.has-sidebar {
		max-width: 1430px;
	}
	.mainbar {
		margin: 0;
		padding-right: 1px;
	}
	.mainbar.has-sidebar {
		margin-left: 330px;
	}
	@media (min-width: 1511px) {
		.sidebar {
			width: 400px;
		}
		.bar-wrapper.has-sidebar {
			max-width: 1510px;
		}
		.mainbar.has-sidebar {
			margin-left: 410px;
		}
	}
	.section.first-section {
		margin-top: 9px;
	}
	.blocklink small {
		white-space: normal;
	}
	.button {
		vertical-align: middle;
	}
	.replay-controls {
		padding-top: 10px;
	}
	.replay-controls h1 {
		font-size: 16pt;
		font-weight: normal;
		color: #CCC;
	}
	.pagelink {
		text-align: center;
	}
	.pagelink a {
		width: 150px;
	}
	.textbox, .button {
		font-size: 11pt;
		vertical-align: middle;
	}
	@media (max-width: 450px) {
		.button {
			font-size: 9pt;
		}
	}
</style>

<div>

	<header>
		<div class="nav-wrapper"><ul class="nav">
			<li><a class="button nav-first" href="//pokemonshowdown.com/"><img src="//pokemonshowdown.com/images/pokemonshowdownbeta.png" srcset="//pokemonshowdown.com/images/pokemonshowdownbeta.png 1x, //pokemonshowdown.com/images/pokemonshowdownbeta@2x.png 2x" alt="Pok&eacute;mon Showdown" width="146" height="44" /> Home</a></li>
			<li><a class="button" href="//pokemonshowdown.com/dex/">Pok&eacute;dex</a></li>
			<li><a class="button cur" href="/">Replays</a></li>
			<li><a class="button" href="//pokemonshowdown.com/ladder/">Ladder</a></li>
			<li><a class="button nav-last" href="//pokemonshowdown.com/forums/">Forum</a></li>
			<li><a class="button greenbutton nav-first nav-last" href="//play.pokemonshowdown.com/">Play</a></li>
		</ul></div>
	</header>

	<div class="main" id="main">

		<noscript><section class="section">You need to enable JavaScript to use this page; sorry!</section></noscript>

	</div>

</div>

<script defer nomodule src="//play.pokemonshowdown.com/js/lib/ps-polyfill.js"></script>
<script defer src="//play.pokemonshowdown.com/js/lib/preact.min.js"></script>

<script defer src="//play.pokemonshowdown.com/config/config.js?2bddbc15"></script>
<script defer src="//play.pokemonshowdown.com/js/lib/jquery-1.11.0.min.js"></script>
<script defer src="//play.pokemonshowdown.com/js/lib/html-sanitizer-minified.js"></script>
<script defer src="//play.pokemonshowdown.com/js/battle-sound.js"></script>
<script defer src="//play.pokemonshowdown.com/js/battledata.js?0.7209276989879541"></script>
<script defer src="//play.pokemonshowdown.com/data/pokedex-mini.js?0.6111056340867951"></script>
<script defer src="//play.pokemonshowdown.com/data/pokedex-mini-bw.js?0.3532142036491459"></script>
<script defer src="//play.pokemonshowdown.com/data/graphics.js?0.24223875632456182"></script>
<script defer src="//play.pokemonshowdown.com/data/pokedex.js?0.38839984266356864"></script>
<script defer src="//play.pokemonshowdown.com/data/moves.js?0.21866028504024015"></script>
<script defer src="//play.pokemonshowdown.com/data/abilities.js?0.2005157953846628"></script>
<script defer src="//play.pokemonshowdown.com/data/items.js?0.9894211263848525"></script>
<script defer src="//play.pokemonshowdown.com/data/teambuilder-tables.js?0.6008791140282215"></script>
<script defer src="//play.pokemonshowdown.com/js/battle-tooltips.js?0.7580118955022959"></script>
<script defer src="//play.pokemonshowdown.com/js/battle.js?0.6057722274234274"></script>

<script defer src="js/utils.js?e31f9a17"></script>
<script defer src="js/replays-battle.js?7008c182"></script>

<!-- don't scrape this data! just add .json or .log after the URL!
Full API docs: https://github.com/smogon/pokemon-showdown-client/blob/master/WEB-API.md -->
<script type="text/plain" class="log" id="replaylog-smogtours-gen3ou-798677">
|inactive|Battle timer is ON: inactive players will automatically lose when time's up.
|t:|1728926501
|gametype|singles
|player|p1|triangles|lucas|
|player|p2|marcelbruer|1|
|teamsize|p1|6
|teamsize|p2|6
|gen|3
|tier|[Gen 3] OU
|rule|Sleep Clause Mod: Limit one foe put to sleep
|rule|Switch Priority Clause Mod: Faster Pokémon switch first
|rule|Species Clause: Limit one of each Pokémon
|rule|OHKO Clause: OHKO moves are banned
|rule|Evasion Items Clause: Evasion items are banned
|rule|Evasion Moves Clause: Evasion moves are banned
|rule|Endless Battle Clause: Forcing endless battles is banned
|rule|HP Percentage Mod: HP is shown in percentages
|rule|One Boost Passer Clause: Limit one Baton Passer that has a way to boost its stats
|rule|Freeze Clause Mod: Limit one foe frozen
|
|t:|1728926501
|start
|switch|p1a: Tyranitar|Tyranitar, F, shiny|100/100
|switch|p2a: Heracross|Heracross, M|100/100
|-weather|Sandstorm|[from] ability: Sand Stream|[of] p1a: Tyranitar
|turn|1
|c|☆triangles|damn bro
|c|☆triangles|more fighting types
|c|☆triangles|i hate facing those guys
|c|☆triangles|LOL
|c|☆triangles|hf
|inactive|triangles has 270 seconds left.
|c|☆marcelbruer|glhf
|
|t:|1728926547
|switch|p1a: Gengar|Gengar, F, shiny|100/100
|move|p2a: Heracross|Swords Dance|p2a: Heracross
|-boost|p2a: Heracross|atk|2
|
|-weather|Sandstorm|[upkeep]
|-damage|p1a: Gengar|94/100|[from] Sandstorm
|-damage|p2a: Heracross|94/100|[from] Sandstorm
|-heal|p1a: Gengar|100/100|[from] item: Leftovers
|upkeep
|turn|2
|
|t:|1728926567
|move|p1a: Gengar|Explosion|p2a: Heracross
|-damage|p2a: Heracross|0 fnt
|faint|p1a: Gengar
|faint|p2a: Heracross
|
|t:|1728926585
|switch|p1a: Flygon|Flygon, F, shiny|100/100
|switch|p2a: Medicham|Medicham, M|100/100
|
|-weather|Sandstorm|[upkeep]
|-damage|p2a: Medicham|94/100|[from] Sandstorm
|upkeep
|turn|3
|c|☆triangles|LOL
|c|☆triangles|anothe
|c|☆triangles|i just boomed
|c|☆triangles|my fight resist
|
|t:|1728926613
|move|p1a: Flygon|Earthquake|p2a: Medicham
|-damage|p2a: Medicham|3/100
|move|p2a: Medicham|Brick Break|p1a: Flygon
|-damage|p1a: Flygon|0 fnt
|faint|p1a: Flygon
|c|☆marcelbruer|lmao
|inactive|triangles has 270 seconds left.
|
|t:|1728926624
|switch|p1a: Tyranitar|Tyranitar, F, shiny|100/100
|
|-weather|Sandstorm|[upkeep]
|-damage|p2a: Medicham|0 fnt|[from] Sandstorm
|faint|p2a: Medicham
|upkeep
|
|t:|1728926637
|switch|p2a: Metagross|Metagross|100/100
|turn|4
|
|t:|1728926644
|switch|p1a: Magneton|Magneton, shiny|100/100
|move|p2a: Metagross|Meteor Mash|p1a: Magneton|[miss]
|-miss|p2a: Metagross|p1a: Magneton
|
|-weather|Sandstorm|[upkeep]
|upkeep
|turn|5
|
|t:|1728926659
|move|p1a: Magneton|Protect|p1a: Magneton
|-singleturn|p1a: Magneton|Protect
|move|p2a: Metagross|Agility|p2a: Metagross
|-boost|p2a: Metagross|spe|2
|
|-weather|Sandstorm|[upkeep]
|upkeep
|turn|6
|
|t:|1728926669
|switch|p1a: Celebi|Celebi|100/100
|move|p2a: Metagross|Earthquake|p1a: Celebi
|-resisted|p1a: Celebi
|-damage|p1a: Celebi|86/100
|
|-weather|Sandstorm|[upkeep]
|-damage|p1a: Celebi|80/100|[from] Sandstorm
|-heal|p1a: Celebi|86/100|[from] item: Leftovers
|upkeep
|turn|7
|
|t:|1728926680
|move|p2a: Metagross|Meteor Mash|p1a: Celebi
|-damage|p1a: Celebi|35/100
|move|p1a: Celebi|Leech Seed|p2a: Metagross
|-start|p2a: Metagross|move: Leech Seed
|
|-weather|Sandstorm|[upkeep]
|-damage|p1a: Celebi|29/100|[from] Sandstorm
|-damage|p2a: Metagross|88/100|[from] Leech Seed|[of] p1a: Celebi
|-heal|p1a: Celebi|40/100|[silent]
|-heal|p1a: Celebi|46/100|[from] item: Leftovers
|upkeep
|turn|8
|
|t:|1728926691
|switch|p1a: Swampert|Swampert, F, shiny|100/100
|move|p2a: Metagross|Meteor Mash|p1a: Swampert
|-resisted|p1a: Swampert
|-damage|p1a: Swampert|82/100
|
|-weather|Sandstorm|[upkeep]
|-heal|p2a: Metagross|94/100|[from] item: Leftovers
|-damage|p2a: Metagross|82/100|[from] Leech Seed|[of] p1a: Swampert
|-heal|p1a: Swampert|93/100|[silent]
|-heal|p1a: Swampert|99/100|[from] item: Leftovers
|upkeep
|turn|9
|
|t:|1728926706
|switch|p2a: Snorlax|Snorlax, F|100/100
|switch|p1a: Celebi|Celebi|46/100
|
|-weather|Sandstorm|[upkeep]
|-damage|p1a: Celebi|40/100|[from] Sandstorm
|-damage|p2a: Snorlax|94/100|[from] Sandstorm
|-heal|p1a: Celebi|46/100|[from] item: Leftovers
|-heal|p2a: Snorlax|100/100|[from] item: Leftovers
|upkeep
|turn|10
|
|t:|1728926715
|move|p1a: Celebi|Recover|p1a: Celebi
|-heal|p1a: Celebi|96/100
|move|p2a: Snorlax|Return|p1a: Celebi
|-damage|p1a: Celebi|59/100
|
|-weather|Sandstorm|[upkeep]
|-damage|p1a: Celebi|53/100|[from] Sandstorm
|-damage|p2a: Snorlax|94/100|[from] Sandstorm
|-heal|p1a: Celebi|59/100|[from] item: Leftovers
|-heal|p2a: Snorlax|100/100|[from] item: Leftovers
|upkeep
|turn|11
|
|t:|1728926728
|move|p1a: Celebi|Leech Seed|p2a: Snorlax
|-start|p2a: Snorlax|move: Leech Seed
|move|p2a: Snorlax|Return|p1a: Celebi
|-damage|p1a: Celebi|19/100
|
|-weather|Sandstorm|[upkeep]
|-damage|p1a: Celebi|13/100|[from] Sandstorm
|-damage|p2a: Snorlax|94/100|[from] Sandstorm
|-heal|p1a: Celebi|19/100|[from] item: Leftovers
|-heal|p2a: Snorlax|100/100|[from] item: Leftovers
|-damage|p2a: Snorlax|88/100|[from] Leech Seed|[of] p1a: Celebi
|-heal|p1a: Celebi|33/100|[silent]
|upkeep
|turn|12
|
|t:|1728926742
|switch|p2a: Salamence|Salamence, F|100/100
|-ability|p2a: Salamence|Intimidate|boost
|-unboost|p1a: Celebi|atk|1
|move|p1a: Celebi|Recover|p1a: Celebi
|-heal|p1a: Celebi|83/100
|
|-weather|Sandstorm|[upkeep]
|-damage|p2a: Salamence|94/100|[from] Sandstorm
|-damage|p1a: Celebi|77/100|[from] Sandstorm
|-heal|p2a: Salamence|100/100|[from] item: Leftovers
|-heal|p1a: Celebi|83/100|[from] item: Leftovers
|upkeep
|turn|13
|
|t:|1728926758
|switch|p1a: Swampert|Swampert, F, shiny|99/100
|move|p2a: Salamence|Dragon Dance|p2a: Salamence
|-boost|p2a: Salamence|atk|1
|-boost|p2a: Salamence|spe|1
|
|-weather|Sandstorm|[upkeep]
|-damage|p2a: Salamence|94/100|[from] Sandstorm
|-heal|p2a: Salamence|100/100|[from] item: Leftovers
|-heal|p1a: Swampert|100/100|[from] item: Leftovers
|upkeep
|turn|14
|
|t:|1728926771
|switch|p2a: Snorlax|Snorlax, F|88/100
|move|p1a: Swampert|Ice Beam|p2a: Snorlax
|-damage|p2a: Snorlax|76/100
|
|-weather|Sandstorm|[upkeep]
|-damage|p2a: Snorlax|69/100|[from] Sandstorm
|-heal|p2a: Snorlax|76/100|[from] item: Leftovers
|upkeep
|turn|15
|
|t:|1728926790
|move|p1a: Swampert|Protect|p1a: Swampert
|-singleturn|p1a: Swampert|Protect
|move|p2a: Snorlax|Return|p1a: Swampert
|-activate|p1a: Swampert|Protect
|
|-weather|Sandstorm|[upkeep]
|-damage|p2a: Snorlax|69/100|[from] Sandstorm
|-heal|p2a: Snorlax|76/100|[from] item: Leftovers
|upkeep
|turn|16
|
|t:|1728926801
|switch|p1a: Celebi|Celebi|83/100
|move|p2a: Snorlax|Return|p1a: Celebi
|-damage|p1a: Celebi|41/100
|
|-weather|Sandstorm|[upkeep]
|-damage|p1a: Celebi|35/100|[from] Sandstorm
|-damage|p2a: Snorlax|69/100|[from] Sandstorm
|-heal|p1a: Celebi|41/100|[from] item: Leftovers
|-heal|p2a: Snorlax|76/100|[from] item: Leftovers
|upkeep
|turn|17
|
|t:|1728926817
|switch|p2a: Salamence|Salamence, F|100/100
|-ability|p2a: Salamence|Intimidate|boost
|-unboost|p1a: Celebi|atk|1
|move|p1a: Celebi|Recover|p1a: Celebi
|-heal|p1a: Celebi|91/100
|
|-weather|Sandstorm|[upkeep]
|-damage|p2a: Salamence|94/100|[from] Sandstorm
|-damage|p1a: Celebi|85/100|[from] Sandstorm
|-heal|p2a: Salamence|100/100|[from] item: Leftovers
|-heal|p1a: Celebi|91/100|[from] item: Leftovers
|upkeep
|turn|18
|
|t:|1728926830
|switch|p1a: Swampert|Swampert, F, shiny|100/100
|move|p2a: Salamence|Dragon Dance|p2a: Salamence
|-boost|p2a: Salamence|atk|1
|-boost|p2a: Salamence|spe|1
|
|-weather|Sandstorm|[upkeep]
|-damage|p2a: Salamence|94/100|[from] Sandstorm
|-heal|p2a: Salamence|100/100|[from] item: Leftovers
|upkeep
|turn|19
|
|t:|1728926846
|switch|p2a: Metagross|Metagross|82/100
|move|p1a: Swampert|Ice Beam|p2a: Metagross
|-resisted|p2a: Metagross
|-damage|p2a: Metagross|71/100
|
|-weather|Sandstorm|[upkeep]
|-heal|p2a: Metagross|77/100|[from] item: Leftovers
|upkeep
|turn|20
|inactive|marcelbruer has 270 seconds left.
|
|t:|1728926868
|move|p1a: Swampert|Protect|p1a: Swampert
|-singleturn|p1a: Swampert|Protect
|move|p2a: Metagross|Agility|p2a: Metagross
|-boost|p2a: Metagross|spe|2
|
|-weather|Sandstorm|[upkeep]
|-heal|p2a: Metagross|84/100|[from] item: Leftovers
|upkeep
|turn|21
|inactive|marcelbruer has 270 seconds left.
|
|t:|1728926881
|switch|p1a: Celebi|Celebi|91/100
|move|p2a: Metagross|Meteor Mash|p1a: Celebi
|-damage|p1a: Celebi|46/100
|-boost|p2a: Metagross|atk|1
|
|-weather|Sandstorm|[upkeep]
|-damage|p1a: Celebi|40/100|[from] Sandstorm
|-heal|p2a: Metagross|90/100|[from] item: Leftovers
|-heal|p1a: Celebi|46/100|[from] item: Leftovers
|upkeep
|turn|22
|inactive|marcelbruer has 270 seconds left.
|
|t:|1728926895
|switch|p1a: Swampert|Swampert, F, shiny|100/100
|move|p2a: Metagross|Meteor Mash|p1a: Swampert
|-resisted|p1a: Swampert
|-damage|p1a: Swampert|69/100
|
|-weather|Sandstorm|[upkeep]
|-heal|p2a: Metagross|96/100|[from] item: Leftovers
|-heal|p1a: Swampert|75/100|[from] item: Leftovers
|upkeep
|turn|23
|inactive|marcelbruer has 270 seconds left.
|
|t:|1728926905
|move|p1a: Swampert|Protect|p1a: Swampert
|-singleturn|p1a: Swampert|Protect
|move|p2a: Metagross|Meteor Mash|p1a: Swampert
|-activate|p1a: Swampert|Protect
|
|-weather|Sandstorm|[upkeep]
|-heal|p2a: Metagross|100/100|[from] item: Leftovers
|-heal|p1a: Swampert|81/100|[from] item: Leftovers
|upkeep
|turn|24
|inactive|marcelbruer has 270 seconds left.
|
|t:|1728926914
|move|p2a: Metagross|Meteor Mash|p1a: Swampert
|-resisted|p1a: Swampert
|-damage|p1a: Swampert|52/100
|move|p1a: Swampert|Curse|p1a: Swampert
|-unboost|p1a: Swampert|spe|1
|-boost|p1a: Swampert|atk|1
|-boost|p1a: Swampert|def|1
|
|-weather|Sandstorm|[upkeep]
|-heal|p1a: Swampert|58/100|[from] item: Leftovers
|upkeep
|turn|25
|inactive|marcelbruer has 270 seconds left.
|
|t:|1728926926
|move|p2a: Metagross|Meteor Mash|p1a: Swampert
|-resisted|p1a: Swampert
|-damage|p1a: Swampert|40/100
|move|p1a: Swampert|Earthquake|p2a: Metagross
|-supereffective|p2a: Metagross
|-damage|p2a: Metagross|10/100
|
|-weather|Sandstorm|[upkeep]
|-heal|p2a: Metagross|16/100|[from] item: Leftovers
|-heal|p1a: Swampert|46/100|[from] item: Leftovers
|upkeep
|turn|26
|
|t:|1728926935
|move|p1a: Swampert|Protect|p1a: Swampert
|-singleturn|p1a: Swampert|Protect
|move|p2a: Metagross|Explosion|p1a: Swampert
|-activate|p1a: Swampert|Protect
|faint|p2a: Metagross
|inactive|marcelbruer has 270 seconds left.
|
|t:|1728926951
|switch|p2a: Starmie|Starmie|100/100
|
|-weather|Sandstorm|[upkeep]
|-damage|p2a: Starmie|94/100|[from] Sandstorm
|-heal|p2a: Starmie|100/100|[from] item: Leftovers
|-heal|p1a: Swampert|52/100|[from] item: Leftovers
|upkeep
|turn|27
|inactive|marcelbruer has 270 seconds left.
|
|t:|1728926961
|switch|p1a: Magneton|Magneton, shiny|100/100
|move|p2a: Starmie|Hydro Pump|p1a: Magneton|[miss]
|-miss|p2a: Starmie|p1a: Magneton
|
|-weather|Sandstorm|[upkeep]
|-damage|p2a: Starmie|94/100|[from] Sandstorm
|-heal|p2a: Starmie|100/100|[from] item: Leftovers
|upkeep
|turn|28
|inactive|marcelbruer has 270 seconds left.
|
|t:|1728926973
|move|p2a: Starmie|Hydro Pump|p1a: Magneton
|-damage|p1a: Magneton|4/100
|move|p1a: Magneton|Thunderbolt|p2a: Starmie
|-supereffective|p2a: Starmie
|-damage|p2a: Starmie|0 fnt
|faint|p2a: Starmie
|inactive|marcelbruer has 270 seconds left.
|
|t:|1728926979
|switch|p2a: Snorlax|Snorlax, F|76/100
|
|-weather|Sandstorm|[upkeep]
|-damage|p2a: Snorlax|69/100|[from] Sandstorm
|-heal|p2a: Snorlax|76/100|[from] item: Leftovers
|upkeep
|turn|29
|
|t:|1728926984
|move|p1a: Magneton|Thunderbolt|p2a: Snorlax
|-damage|p2a: Snorlax|40/100
|move|p2a: Snorlax|Return|p1a: Magneton
|-resisted|p1a: Magneton
|-damage|p1a: Magneton|0 fnt
|faint|p1a: Magneton
|
|t:|1728926994
|switch|p1a: Swampert|Swampert, F, shiny|52/100
|
|-weather|Sandstorm|[upkeep]
|-damage|p2a: Snorlax|33/100|[from] Sandstorm
|-heal|p1a: Swampert|58/100|[from] item: Leftovers
|-heal|p2a: Snorlax|40/100|[from] item: Leftovers
|upkeep
|turn|30
|inactive|marcelbruer has 270 seconds left.
|
|t:|1728927023
|move|p1a: Swampert|Protect|p1a: Swampert
|-singleturn|p1a: Swampert|Protect
|move|p2a: Snorlax|Return|p1a: Swampert
|-activate|p1a: Swampert|Protect
|
|-weather|Sandstorm|[upkeep]
|-damage|p2a: Snorlax|33/100|[from] Sandstorm
|-heal|p1a: Swampert|65/100|[from] item: Leftovers
|-heal|p2a: Snorlax|40/100|[from] item: Leftovers
|upkeep
|turn|31
|inactive|marcelbruer has 270 seconds left.
|
|t:|1728927035
|switch|p1a: Tyranitar|Tyranitar, F, shiny|100/100
|move|p2a: Snorlax|Self-Destruct|p1a: Tyranitar
|-resisted|p1a: Tyranitar
|-damage|p1a: Tyranitar|25/100
|faint|p2a: Snorlax
|
|t:|1728927041
|switch|p2a: Salamence|Salamence, F|100/100
|-ability|p2a: Salamence|Intimidate|boost
|-unboost|p1a: Tyranitar|atk|1
|
|-weather|Sandstorm|[upkeep]
|-damage|p2a: Salamence|94/100|[from] Sandstorm
|-heal|p2a: Salamence|100/100|[from] item: Leftovers
|-heal|p1a: Tyranitar|31/100|[from] item: Leftovers
|upkeep
|turn|32
|inactive|marcelbruer has 270 seconds left.
|
|t:|1728927049
|move|p2a: Salamence|Dragon Dance|p2a: Salamence
|-boost|p2a: Salamence|atk|1
|-boost|p2a: Salamence|spe|1
|move|p1a: Tyranitar|Crunch|p2a: Salamence
|-damage|p2a: Salamence|60/100
|
|-weather|Sandstorm|[upkeep]
|-damage|p2a: Salamence|54/100|[from] Sandstorm
|-heal|p2a: Salamence|60/100|[from] item: Leftovers
|-heal|p1a: Tyranitar|37/100|[from] item: Leftovers
|upkeep
|turn|33
|inactive|marcelbruer has 270 seconds left.
|
|t:|1728927097
|move|p2a: Salamence|Dragon Dance|p2a: Salamence
|-boost|p2a: Salamence|atk|1
|-boost|p2a: Salamence|spe|1
|move|p1a: Tyranitar|Crunch|p2a: Salamence
|-damage|p2a: Salamence|19/100
|
|-weather|Sandstorm|[upkeep]
|-damage|p2a: Salamence|13/100|[from] Sandstorm
|-heal|p2a: Salamence|19/100|[from] item: Leftovers
|-heal|p1a: Tyranitar|44/100|[from] item: Leftovers
|upkeep
|turn|34
|
|t:|1728927111
|move|p2a: Salamence|Earthquake|p1a: Tyranitar
|-supereffective|p1a: Tyranitar
|-damage|p1a: Tyranitar|0 fnt
|faint|p1a: Tyranitar
|
|t:|1728927114
|switch|p1a: Swampert|Swampert, F, shiny|65/100
|
|-weather|Sandstorm|[upkeep]
|-damage|p2a: Salamence|13/100|[from] Sandstorm
|-heal|p2a: Salamence|19/100|[from] item: Leftovers
|-heal|p1a: Swampert|71/100|[from] item: Leftovers
|upkeep
|turn|35
|
|t:|1728927124
|move|p2a: Salamence|Hidden Power|p1a: Swampert
|-damage|p1a: Swampert|10/100
|move|p1a: Swampert|Ice Beam|p2a: Salamence
|-supereffective|p2a: Salamence
|-damage|p2a: Salamence|0 fnt
|faint|p2a: Salamence
|
|win|triangles
|c|☆triangles|ggs

</script>
<script type="application/json" class="data" id="replaydata-smogtours-gen3ou-798677">
{"id":"smogtours-gen3ou-798677","format":"[Gen 3] OU","players":["triangles","marcelbruer"],"uploadtime":1728927124,"views":124,"formatid":"gen3ou","rating":null,"private":0,"password":null}
</script>

<script defer src="js/replays.js?9d40a366"></script>
