<!DOCTYPE html>
<meta charset="utf-8" />
<meta name="viewport" content="width=device-width" />

<title>[Gen 3] OU: Xurkiyee vs. klird - Replays - Pok&eacute;mon Showdown!</title>

<meta name="description" content="Watch a replay of a Pok&eacute;mon battle between Xurkiyee and klird! Format: [Gen 3] OU; Date: Nov 13, 2024" />
<!--

Hey, you! Looking in the source for the replay log?

You can find them in JSON format, just add `.json` at the end of a replay URL.

https://replay.pokemonshowdown.com/gen7randomdoublesbattle-865046831.json

Or, if you only need the log itself, add `.log` instead:

https://replay.pokemonshowdown.com/gen7randomdoublesbattle-865046831.log

-->

<link rel="stylesheet" href="//pokemonshowdown.com/style/global.css?0.767286132409787" />
<link rel="stylesheet" href="//play.pokemonshowdown.com/style/font-awesome.css?0.9266228007934947" />
<link rel="stylesheet" href="//play.pokemonshowdown.com/style/battle.css?0.7924700842790926" />
<link rel="stylesheet" href="//play.pokemonshowdown.com/style/utilichart.css?0.8777417872839479" />

<!-- Global site tag (gtag.js) - Google Analytics -->
<script async src="https://www.googletagmanager.com/gtag/js?id=UA-26211653-1"></script>
<script>
  window.dataLayer = window.dataLayer || [];
  function gtag(){dataLayer.push(arguments);}
  gtag('js', new Date());

  gtag('config', 'UA-26211653-1');
</script>
<!-- End Google Analytics -->
<!-- Venatus Ad Manager - Install in <HEAD> of page -->
	<script src="https://hb.vntsm.com/v3/live/ad-manager.min.js" type="text/javascript" data-site-id="642aba63ec9a7b11c3c9c1be" data-mode="scan" async></script>
<!-- / Venatus Ad Manager -->

<style>
	@media (max-width:820px) {
		.battle {
			margin: 0 auto;
		}
		.battle-log {
			margin: 7px auto 0;
			max-width: 640px;
			height: 300px;
			position: static;
		}
	}
	.optgroup {
		display: inline-block;
		line-height: 22px;
		font-size: 10pt;
	}
	.optgroup .button {
		height: 25px;
		padding-top: 0;
		padding-bottom: 0;
	}
	.optgroup button.button {
		padding-left: 12px;
		padding-right: 12px;
	}
	.linklist {
		list-style: none;
		margin: 0.5em 0;
		padding: 0;
	}
	.linklist li {
		padding: 2px 0;
	}
	.sidebar {
		float: left;
		width: 320px;
	}
	.bar-wrapper {
		max-width: 1100px;
		margin: 0 auto;
	}
	.bar-wrapper.has-sidebar {
		max-width: 1430px;
	}
	.mainbar {
		margin: 0;
		padding-right: 1px;
	}
	.mainbar.has-sidebar {
		margin-left: 330px;
	}
	@media (min-width: 1511px) {
		.sidebar {
			width: 400px;
		}
		.bar-wrapper.has-sidebar {
			max-width: 1510px;
		}
		.mainbar.has-sidebar {
			margin-left: 410px;
		}
	}
	.section.first-section {
		margin-top: 9px;
	}
	.blocklink small {
		white-space: normal;
	}
	.button {
		vertical-align: middle;
	}
	.replay-controls {
		padding-top: 10px;
	}
	.replay-controls h1 {
		font-size: 16pt;
		font-weight: normal;
		color: #CCC;
	}
	.pagelink {
		text-align: center;
	}
	.pagelink a {
		width: 150px;
	}
	.textbox, .button {
		font-size: 11pt;
		vertical-align: middle;
	}
	@media (max-width: 450px) {
		.button {
			font-size: 9pt;
		}
	}
</style>

<div>

	<header>
		<div class="nav-wrapper"><ul class="nav">
			<li><a class="button nav-first" href="//pokemonshowdown.com/"><img src="//pokemonshowdown.com/images/pokemonshowdownbeta.png" srcset="//pokemonshowdown.com/images/pokemonshowdownbeta.png 1x, //pokemonshowdown.com/images/pokemonshowdownbeta@2x.png 2x" alt="Pok&eacute;mon Showdown" width="146" height="44" /> Home</a></li>
			<li><a class="button" href="//pokemonshowdown.com/dex/">Pok&eacute;dex</a></li>
			<li><a class="button cur" href="/">Replays</a></li>
			<li><a class="button" href="//pokemonshowdown.com/ladder/">Ladder</a></li>
			<li><a class="button nav-last" href="//pokemonshowdown.com/forums/">Forum</a></li>
			<li><a class="button greenbutton nav-first nav-last" href="//play.pokemonshowdown.com/">Play</a></li>
		</ul></div>
	</header>

	<div class="main" id="main">

		<noscript><section class="section">You need to enable JavaScript to use this page; sorry!</section></noscript>

	</div>

</div>

<script defer nomodule src="//play.pokemonshowdown.com/js/lib/ps-polyfill.js"></script>
<script defer src="//play.pokemonshowdown.com/js/lib/preact.min.js"></script>

<script defer src="//play.pokemonshowdown.com/config/config.js?6dec07f6"></script>
<script defer src="//play.pokemonshowdown.com/js/lib/jquery-1.11.0.min.js"></script>
<script defer src="//play.pokemonshowdown.com/js/lib/html-sanitizer-minified.js"></script>
<script defer src="//play.pokemonshowdown.com/js/battle-sound.js"></script>
<script defer src="//play.pokemonshowdown.com/js/battledata.js?0.6315294753075389"></script>
<script defer src="//play.pokemonshowdown.com/data/pokedex-mini.js?0.7603743185311358"></script>
<script defer src="//play.pokemonshowdown.com/data/pokedex-mini-bw.js?0.030888842834281283"></script>
<script defer src="//play.pokemonshowdown.com/data/graphics.js?0.05593094747507488"></script>
<script defer src="//play.pokemonshowdown.com/data/pokedex.js?0.47064822249611904"></script>
<script defer src="//play.pokemonshowdown.com/data/moves.js?0.8583693120512459"></script>
<script defer src="//play.pokemonshowdown.com/data/abilities.js?0.16017181182386842"></script>
<script defer src="//play.pokemonshowdown.com/data/items.js?0.4163379185673943"></script>
<script defer src="//play.pokemonshowdown.com/data/teambuilder-tables.js?0.31075597372830477"></script>
<script defer src="//play.pokemonshowdown.com/js/battle-tooltips.js?0.6536193500708172"></script>
<script defer src="//play.pokemonshowdown.com/js/battle.js?0.1916591943277901"></script>

<script defer src="js/utils.js?e31f9a17"></script>
<script defer src="js/replays-battle.js?7008c182"></script>

<!-- don't scrape this data! just add .json or .log after the URL!
Full API docs: https://github.com/smogon/pokemon-showdown-client/blob/master/WEB-API.md -->
<script type="text/plain" class="log" id="replaylog-smogtours-gen3ou-806194">
|inactive|Battle timer is ON: inactive players will automatically lose when time's up.
|t:|1731539480
|gametype|singles
|player|p1|Xurkiyee|169|
|player|p2|klird|giovanni|
|teamsize|p1|6
|teamsize|p2|6
|gen|3
|tier|[Gen 3] OU
|rule|Sleep Clause Mod: Limit one foe put to sleep
|rule|Switch Priority Clause Mod: Faster Pokémon switch first
|rule|Species Clause: Limit one of each Pokémon
|rule|OHKO Clause: OHKO moves are banned
|rule|Evasion Items Clause: Evasion items are banned
|rule|Evasion Moves Clause: Evasion moves are banned
|rule|Endless Battle Clause: Forcing endless battles is banned
|rule|HP Percentage Mod: HP is shown in percentages
|rule|One Boost Passer Clause: Limit one Baton Passer that has a way to boost its stats
|rule|Freeze Clause Mod: Limit one foe frozen
|
|t:|1731539480
|start
|switch|p1a: Zapdos|Zapdos|100/100
|switch|p2a: Tyranitar|Tyranitar, F|100/100
|-weather|Sandstorm|[from] ability: Sand Stream|[of] p2a: Tyranitar
|turn|1
|c|☆Xurkiyee|Hf
|inactive|Xurkiyee has 270 seconds left.
|inactive|klird has 270 seconds left.
|c|☆klird|glhf!
|
|t:|1731539538
|move|p1a: Zapdos|Baton Pass|p1a: Zapdos
|
|t:|1731539542
|switch|p1a: Metagross|Metagross|100/100|[from] Baton Pass
|move|p2a: Tyranitar|Rock Slide|p1a: Metagross
|-resisted|p1a: Metagross
|-damage|p1a: Metagross|84/100
|
|-weather|Sandstorm|[upkeep]
|upkeep
|turn|2
|inactive|klird has 270 seconds left.
|
|t:|1731539579
|switch|p2a: Skarmory|Skarmory, F|100/100
|move|p1a: Metagross|Meteor Mash|p2a: Skarmory
|-resisted|p2a: Skarmory
|-damage|p2a: Skarmory|67/100
|
|-weather|Sandstorm|[upkeep]
|-heal|p2a: Skarmory|73/100|[from] item: Leftovers
|upkeep
|turn|3
|inactive|klird has 270 seconds left.
|
|t:|1731539587
|move|p1a: Metagross|Meteor Mash|p2a: Skarmory
|-resisted|p2a: Skarmory
|-damage|p2a: Skarmory|41/100
|move|p2a: Skarmory|Spikes|p1a: Metagross
|-sidestart|p1: Xurkiyee|Spikes
|
|-weather|Sandstorm|[upkeep]
|-heal|p2a: Skarmory|47/100|[from] item: Leftovers
|upkeep
|turn|4
|
|t:|1731539594
|move|p1a: Metagross|Meteor Mash|p2a: Skarmory
|-resisted|p2a: Skarmory
|-damage|p2a: Skarmory|15/100
|move|p2a: Skarmory|Roar|p1a: Metagross
|drag|p1a: Celebi|Celebi|100/100
|-damage|p1a: Celebi|88/100|[from] Spikes
|
|-weather|Sandstorm|[upkeep]
|-damage|p1a: Celebi|82/100|[from] Sandstorm
|-heal|p1a: Celebi|88/100|[from] item: Leftovers
|-heal|p2a: Skarmory|21/100|[from] item: Leftovers
|upkeep
|turn|5
|inactive|klird has 270 seconds left.
|
|t:|1731539610
|move|p1a: Celebi|Baton Pass|p1a: Celebi
|
|t:|1731539612
|switch|p1a: Zapdos|Zapdos|100/100|[from] Baton Pass
|move|p2a: Skarmory|Drill Peck|p1a: Zapdos
|-resisted|p1a: Zapdos
|-damage|p1a: Zapdos|88/100
|
|-weather|Sandstorm|[upkeep]
|-damage|p1a: Zapdos|82/100|[from] Sandstorm
|-heal|p1a: Zapdos|88/100|[from] item: Leftovers
|-heal|p2a: Skarmory|27/100|[from] item: Leftovers
|upkeep
|turn|6
|inactive|klird has 270 seconds left.
|
|t:|1731539637
|switch|p2a: Swampert|Swampert, F|100/100
|move|p1a: Zapdos|Baton Pass|p1a: Zapdos
|
|t:|1731539643
|switch|p1a: Celebi|Celebi|88/100|[from] Baton Pass
|-damage|p1a: Celebi|76/100|[from] Spikes
|
|-weather|Sandstorm|[upkeep]
|-damage|p1a: Celebi|70/100|[from] Sandstorm
|-heal|p1a: Celebi|76/100|[from] item: Leftovers
|upkeep
|turn|7
|inactive|klird has 270 seconds left.
|inactive|klird has 240 seconds left.
|
|t:|1731539695
|switch|p2a: Skarmory|Skarmory, F|27/100
|move|p1a: Celebi|Leech Seed|p2a: Skarmory
|-start|p2a: Skarmory|move: Leech Seed
|
|-weather|Sandstorm|[upkeep]
|-damage|p1a: Celebi|70/100|[from] Sandstorm
|-heal|p1a: Celebi|76/100|[from] item: Leftovers
|-heal|p2a: Skarmory|33/100|[from] item: Leftovers
|-damage|p2a: Skarmory|20/100|[from] Leech Seed|[of] p1a: Celebi
|-heal|p1a: Celebi|86/100|[silent]
|upkeep
|turn|8
|
|t:|1731539724
|switch|p2a: Andrea Pirlo|Blissey, F|100/100
|move|p1a: Celebi|Baton Pass|p1a: Celebi
|inactive|Xurkiyee has 270 seconds left.
|
|t:|1731539740
|switch|p1a: Machamp|Machamp, F|100/100|[from] Baton Pass
|-damage|p1a: Machamp|88/100|[from] Spikes
|
|-weather|Sandstorm|[upkeep]
|-damage|p1a: Machamp|82/100|[from] Sandstorm
|-damage|p2a: Andrea Pirlo|94/100|[from] Sandstorm
|-heal|p1a: Machamp|88/100|[from] item: Leftovers
|-heal|p2a: Andrea Pirlo|100/100|[from] item: Leftovers
|upkeep
|turn|9
|inactive|klird has 210 seconds left.
|inactive|klird has 180 seconds left.
|
|t:|1731539798
|switch|p2a: Gengar|Gengar, M, shiny|100/100
|move|p1a: Machamp|Cross Chop|p2a: Gengar
|-immune|p2a: Gengar
|
|-weather|Sandstorm|[upkeep]
|-damage|p2a: Gengar|94/100|[from] Sandstorm
|-damage|p1a: Machamp|82/100|[from] Sandstorm
|-heal|p2a: Gengar|100/100|[from] item: Leftovers
|-heal|p1a: Machamp|88/100|[from] item: Leftovers
|upkeep
|turn|10
|inactive|klird has 180 seconds left.
|
|t:|1731539818
|switch|p2a: Skarmory|Skarmory, F|20/100
|move|p1a: Machamp|Rock Slide|p2a: Skarmory
|-damage|p2a: Skarmory|0 fnt
|faint|p2a: Skarmory
|inactive|klird has 150 seconds left.
|
|t:|1731539846
|switch|p2a: Swampert|Swampert, F|100/100
|
|-weather|Sandstorm|[upkeep]
|-damage|p1a: Machamp|82/100|[from] Sandstorm
|-heal|p1a: Machamp|88/100|[from] item: Leftovers
|upkeep
|turn|11
|
|t:|1731539861
|switch|p1a: Celebi|Celebi|86/100
|-damage|p1a: Celebi|74/100|[from] Spikes
|move|p2a: Swampert|Hydro Pump|p1a: Celebi
|-resisted|p1a: Celebi
|-damage|p1a: Celebi|52/100
|
|-weather|Sandstorm|[upkeep]
|-damage|p1a: Celebi|46/100|[from] Sandstorm
|-heal|p1a: Celebi|52/100|[from] item: Leftovers
|upkeep
|turn|12
|inactive|klird has 150 seconds left.
|
|t:|1731539903
|switch|p2a: Tyranitar|Tyranitar, F|100/100
|move|p1a: Celebi|Hidden Power|p2a: Tyranitar
|-supereffective|p2a: Tyranitar
|-crit|p2a: Tyranitar
|-damage|p2a: Tyranitar|9/100
|
|-weather|Sandstorm|[upkeep]
|-damage|p1a: Celebi|46/100|[from] Sandstorm
|-heal|p1a: Celebi|52/100|[from] item: Leftovers
|-heal|p2a: Tyranitar|15/100|[from] item: Leftovers
|upkeep
|turn|13
|c|☆Xurkiyee|Mb
|inactive|klird has 120 seconds left.
|c|☆klird|np
|
|t:|1731539939
|switch|p2a: Gengar|Gengar, M, shiny|100/100
|move|p1a: Celebi|Hidden Power|p2a: Gengar
|-resisted|p2a: Gengar
|-damage|p2a: Gengar|85/100
|
|-weather|Sandstorm|[upkeep]
|-damage|p2a: Gengar|79/100|[from] Sandstorm
|-damage|p1a: Celebi|46/100|[from] Sandstorm
|-heal|p2a: Gengar|85/100|[from] item: Leftovers
|-heal|p1a: Celebi|52/100|[from] item: Leftovers
|upkeep
|turn|14
|inactive|klird has 90 seconds left.
|inactive|Xurkiyee has 270 seconds left.
|
|t:|1731539976
|switch|p1a: Gengar|Gengar, M|100/100
|move|p2a: Gengar|Fire Punch|p1a: Gengar
|-damage|p1a: Gengar|77/100
|
|-weather|Sandstorm|[upkeep]
|-damage|p2a: Gengar|79/100|[from] Sandstorm
|-damage|p1a: Gengar|70/100|[from] Sandstorm
|-heal|p2a: Gengar|85/100|[from] item: Leftovers
|-heal|p1a: Gengar|77/100|[from] item: Leftovers
|upkeep
|turn|15
|
|t:|1731539991
|switch|p2a: Andrea Pirlo|Blissey, F|100/100
|move|p1a: Gengar|Will-O-Wisp|p2a: Andrea Pirlo
|-status|p2a: Andrea Pirlo|brn
|
|-weather|Sandstorm|[upkeep]
|-damage|p1a: Gengar|70/100|[from] Sandstorm
|-damage|p2a: Andrea Pirlo|94/100 brn|[from] Sandstorm
|-heal|p1a: Gengar|77/100|[from] item: Leftovers
|-heal|p2a: Andrea Pirlo|100/100 brn|[from] item: Leftovers
|-damage|p2a: Andrea Pirlo|88/100 brn|[from] brn
|upkeep
|turn|16
|inactive|Xurkiyee has 270 seconds left.
|
|t:|1731540029
|switch|p1a: Metagross|Metagross|84/100
|-damage|p1a: Metagross|72/100|[from] Spikes
|move|p2a: Andrea Pirlo|Flamethrower|p1a: Metagross
|-supereffective|p1a: Metagross
|-damage|p1a: Metagross|16/100
|
|-weather|Sandstorm|[upkeep]
|-damage|p2a: Andrea Pirlo|82/100 brn|[from] Sandstorm
|-heal|p2a: Andrea Pirlo|88/100 brn|[from] item: Leftovers
|-damage|p2a: Andrea Pirlo|76/100 brn|[from] brn
|upkeep
|turn|17
|
|t:|1731540045
|-curestatus|p2a: Andrea Pirlo|brn|[from] ability: Natural Cure
|switch|p2a: Tyranitar|Tyranitar, F|15/100
|move|p1a: Metagross|Earthquake|p2a: Tyranitar
|-supereffective|p2a: Tyranitar
|-damage|p2a: Tyranitar|0 fnt
|faint|p2a: Tyranitar
|
|t:|1731540064
|switch|p2a: Gengar|Gengar, M, shiny|85/100
|
|-weather|Sandstorm|[upkeep]
|-damage|p2a: Gengar|79/100|[from] Sandstorm
|-heal|p2a: Gengar|85/100|[from] item: Leftovers
|upkeep
|turn|18
|inactive|klird has 60 seconds left.
|
|t:|1731540084
|switch|p1a: Gengar|Gengar, M|77/100
|move|p2a: Gengar|Will-O-Wisp|p1a: Gengar
|-status|p1a: Gengar|brn
|
|-weather|Sandstorm|[upkeep]
|-damage|p2a: Gengar|79/100|[from] Sandstorm
|-damage|p1a: Gengar|70/100 brn|[from] Sandstorm
|-heal|p2a: Gengar|85/100|[from] item: Leftovers
|-heal|p1a: Gengar|77/100 brn|[from] item: Leftovers
|-damage|p1a: Gengar|64/100 brn|[from] brn
|upkeep
|turn|19
|
|t:|1731540093
|move|p2a: Gengar|Fire Punch|p1a: Gengar
|-damage|p1a: Gengar|39/100 brn
|move|p1a: Gengar|Thunderbolt|p2a: Gengar
|-damage|p2a: Gengar|55/100
|
|-weather|Sandstorm|[upkeep]
|-damage|p2a: Gengar|49/100|[from] Sandstorm
|-damage|p1a: Gengar|33/100 brn|[from] Sandstorm
|-heal|p2a: Gengar|55/100|[from] item: Leftovers
|-heal|p1a: Gengar|39/100 brn|[from] item: Leftovers
|-damage|p1a: Gengar|27/100 brn|[from] brn
|upkeep
|turn|20
|
|t:|1731540101
|switch|p2a: Andrea Pirlo|Blissey, F|76/100
|move|p1a: Gengar|Thunderbolt|p2a: Andrea Pirlo
|-damage|p2a: Andrea Pirlo|65/100
|
|-weather|Sandstorm|[upkeep]
|-damage|p1a: Gengar|21/100 brn|[from] Sandstorm
|-damage|p2a: Andrea Pirlo|59/100|[from] Sandstorm
|-heal|p1a: Gengar|27/100 brn|[from] item: Leftovers
|-damage|p1a: Gengar|14/100 brn|[from] brn
|-heal|p2a: Andrea Pirlo|65/100|[from] item: Leftovers
|upkeep
|turn|21
|
|t:|1731540112
|move|p1a: Gengar|Will-O-Wisp|p2a: Andrea Pirlo
|-status|p2a: Andrea Pirlo|brn
|move|p2a: Andrea Pirlo|Flamethrower|p1a: Gengar
|-damage|p1a: Gengar|0 fnt
|faint|p1a: Gengar
|
|t:|1731540119
|switch|p1a: Machamp|Machamp, F|88/100
|-damage|p1a: Machamp|76/100|[from] Spikes
|
|-weather|Sandstorm|[upkeep]
|-damage|p1a: Machamp|69/100|[from] Sandstorm
|-damage|p2a: Andrea Pirlo|59/100 brn|[from] Sandstorm
|-heal|p1a: Machamp|76/100|[from] item: Leftovers
|-heal|p2a: Andrea Pirlo|65/100 brn|[from] item: Leftovers
|-damage|p2a: Andrea Pirlo|53/100 brn|[from] brn
|upkeep
|turn|22
|
|t:|1731540131
|-curestatus|p2a: Andrea Pirlo|brn|[from] ability: Natural Cure
|switch|p2a: Swampert|Swampert, F|100/100
|move|p1a: Machamp|Bulk Up|p1a: Machamp
|-boost|p1a: Machamp|atk|1
|-boost|p1a: Machamp|def|1
|
|-weather|Sandstorm|[upkeep]
|-damage|p1a: Machamp|69/100|[from] Sandstorm
|-heal|p1a: Machamp|76/100|[from] item: Leftovers
|upkeep
|turn|23
|inactive|klird has 60 seconds left.
|
|t:|1731540185
|move|p1a: Machamp|Cross Chop|p2a: Swampert
|-damage|p2a: Swampert|26/100
|move|p2a: Swampert|Ice Beam|p1a: Machamp
|-damage|p1a: Machamp|47/100
|
|-weather|Sandstorm|[upkeep]
|-damage|p1a: Machamp|41/100|[from] Sandstorm
|-heal|p1a: Machamp|47/100|[from] item: Leftovers
|-heal|p2a: Swampert|32/100|[from] item: Leftovers
|upkeep
|turn|24
|inactive|Xurkiyee has 270 seconds left.
|inactive|klird has 30 seconds left.
|
|t:|1731540236
|move|p1a: Machamp|Hidden Power|p2a: Swampert
|-damage|p2a: Swampert|0 fnt
|faint|p2a: Swampert
|inactive|klird has 30 seconds left this turn.
|inactive|klird has 20 seconds left.
|inactive|klird has 15 seconds left.
|inactive|klird has 10 seconds left.
|inactive|klird has 5 seconds left.
|
|t:|1731540261
|switch|p2a: Neymar|Starmie|100/100
|
|-weather|Sandstorm|[upkeep]
|-damage|p2a: Neymar|94/100|[from] Sandstorm
|-damage|p1a: Machamp|41/100|[from] Sandstorm
|-heal|p2a: Neymar|100/100|[from] item: Leftovers
|-heal|p1a: Machamp|47/100|[from] item: Leftovers
|upkeep
|turn|25
|inactive|klird has 15 seconds left this turn.
|inactive|Xurkiyee has 240 seconds left.
|
|t:|1731540294
|move|p2a: Neymar|Hydro Pump|p1a: Machamp|[miss]
|-miss|p2a: Neymar|p1a: Machamp
|move|p1a: Machamp|Hidden Power|p2a: Neymar
|-supereffective|p2a: Neymar
|-damage|p2a: Neymar|0 fnt
|faint|p2a: Neymar
|inactive|klird has 20 seconds left this turn.
|inactive|klird has 15 seconds left.
|c|☆Xurkiyee|Sorry
|c|☆klird|gg
|inactive|klird has 10 seconds left.
|
|t:|1731540307
|switch|p2a: Gengar|Gengar, M, shiny|55/100
|
|-weather|Sandstorm|[upkeep]
|-damage|p2a: Gengar|49/100|[from] Sandstorm
|-damage|p1a: Machamp|41/100|[from] Sandstorm
|-heal|p2a: Gengar|55/100|[from] item: Leftovers
|-heal|p1a: Machamp|47/100|[from] item: Leftovers
|upkeep
|turn|26
|inactive|klird has 20 seconds left this turn.
|inactive|klird has 15 seconds left.
|inactive|klird has 10 seconds left.
|inactive|klird has 5 seconds left.
|
|t:|1731540322
|move|p2a: Gengar|Explosion|p1a: Machamp
|-damage|p1a: Machamp|0 fnt
|faint|p2a: Gengar
|faint|p1a: Machamp
|inactive|klird has 15 seconds left this turn.
|
|t:|1731540328
|switch|p2a: Andrea Pirlo|Blissey, F|53/100
|switch|p1a: Metagross|Metagross|16/100
|-damage|p1a: Metagross|4/100|[from] Spikes
|
|-weather|Sandstorm|[upkeep]
|-damage|p2a: Andrea Pirlo|47/100|[from] Sandstorm
|-heal|p2a: Andrea Pirlo|53/100|[from] item: Leftovers
|upkeep
|turn|27
|inactive|klird has 25 seconds left this turn.
|inactive|klird has 20 seconds left.
|c|☆Xurkiyee|gg
|
|t:|1731540338
|move|p1a: Metagross|Explosion|p2a: Andrea Pirlo
|-damage|p2a: Andrea Pirlo|0 fnt
|faint|p1a: Metagross
|faint|p2a: Andrea Pirlo
|
|win|Xurkiyee
|inactive|klird has 25 seconds left this turn.
|c|☆klird|gg
|player|p2|

</script>
<script type="application/json" class="data" id="replaydata-smogtours-gen3ou-806194">
{"id":"smogtours-gen3ou-806194","format":"[Gen 3] OU","players":["Xurkiyee","klird"],"uploadtime":1731540338,"views":17,"formatid":"gen3ou","rating":null,"private":0,"password":null}
</script>

<script defer src="js/replays.js?9d40a366"></script>
