<!DOCTYPE html>
<meta charset="utf-8" />
<meta name="viewport" content="width=device-width" />

<title>[Gen 3] OU: zasterly vs. troglodyte480 - Replays - Pok&eacute;mon Showdown!</title>

<meta name="description" content="Watch a replay of a Pok&eacute;mon battle between zasterly and troglodyte480! Format: [Gen 3] OU; Date: Oct 7, 2024" />
<!--

Hey, you! Looking in the source for the replay log?

You can find them in JSON format, just add `.json` at the end of a replay URL.

https://replay.pokemonshowdown.com/gen7randomdoublesbattle-865046831.json

Or, if you only need the log itself, add `.log` instead:

https://replay.pokemonshowdown.com/gen7randomdoublesbattle-865046831.log

-->

<link rel="stylesheet" href="//pokemonshowdown.com/style/global.css?0.023195364461161105" />
<link rel="stylesheet" href="//play.pokemonshowdown.com/style/font-awesome.css?0.13261647063804238" />
<link rel="stylesheet" href="//play.pokemonshowdown.com/style/battle.css?0.8753245789963631" />
<link rel="stylesheet" href="//play.pokemonshowdown.com/style/utilichart.css?0.8627959624976733" />

<!-- Global site tag (gtag.js) - Google Analytics -->
<script async src="https://www.googletagmanager.com/gtag/js?id=UA-26211653-1"></script>
<script>
  window.dataLayer = window.dataLayer || [];
  function gtag(){dataLayer.push(arguments);}
  gtag('js', new Date());

  gtag('config', 'UA-26211653-1');
</script>
<!-- End Google Analytics -->
<!-- Venatus Ad Manager - Install in <HEAD> of page -->
	<script src="https://hb.vntsm.com/v3/live/ad-manager.min.js" type="text/javascript" data-site-id="642aba63ec9a7b11c3c9c1be" data-mode="scan" async></script>
<!-- / Venatus Ad Manager -->

<style>
	@media (max-width:820px) {
		.battle {
			margin: 0 auto;
		}
		.battle-log {
			margin: 7px auto 0;
			max-width: 640px;
			height: 300px;
			position: static;
		}
	}
	.optgroup {
		display: inline-block;
		line-height: 22px;
		font-size: 10pt;
	}
	.optgroup .button {
		height: 25px;
		padding-top: 0;
		padding-bottom: 0;
	}
	.optgroup button.button {
		padding-left: 12px;
		padding-right: 12px;
	}
	.linklist {
		list-style: none;
		margin: 0.5em 0;
		padding: 0;
	}
	.linklist li {
		padding: 2px 0;
	}
	.sidebar {
		float: left;
		width: 320px;
	}
	.bar-wrapper {
		max-width: 1100px;
		margin: 0 auto;
	}
	.bar-wrapper.has-sidebar {
		max-width: 1430px;
	}
	.mainbar {
		margin: 0;
		padding-right: 1px;
	}
	.mainbar.has-sidebar {
		margin-left: 330px;
	}
	@media (min-width: 1511px) {
		.sidebar {
			width: 400px;
		}
		.bar-wrapper.has-sidebar {
			max-width: 1510px;
		}
		.mainbar.has-sidebar {
			margin-left: 410px;
		}
	}
	.section.first-section {
		margin-top: 9px;
	}
	.blocklink small {
		white-space: normal;
	}
	.button {
		vertical-align: middle;
	}
	.replay-controls {
		padding-top: 10px;
	}
	.replay-controls h1 {
		font-size: 16pt;
		font-weight: normal;
		color: #CCC;
	}
	.pagelink {
		text-align: center;
	}
	.pagelink a {
		width: 150px;
	}
	.textbox, .button {
		font-size: 11pt;
		vertical-align: middle;
	}
	@media (max-width: 450px) {
		.button {
			font-size: 9pt;
		}
	}
</style>

<div>

	<header>
		<div class="nav-wrapper"><ul class="nav">
			<li><a class="button nav-first" href="//pokemonshowdown.com/"><img src="//pokemonshowdown.com/images/pokemonshowdownbeta.png" srcset="//pokemonshowdown.com/images/pokemonshowdownbeta.png 1x, //pokemonshowdown.com/images/pokemonshowdownbeta@2x.png 2x" alt="Pok&eacute;mon Showdown" width="146" height="44" /> Home</a></li>
			<li><a class="button" href="//pokemonshowdown.com/dex/">Pok&eacute;dex</a></li>
			<li><a class="button cur" href="/">Replays</a></li>
			<li><a class="button" href="//pokemonshowdown.com/ladder/">Ladder</a></li>
			<li><a class="button nav-last" href="//pokemonshowdown.com/forums/">Forum</a></li>
			<li><a class="button greenbutton nav-first nav-last" href="//play.pokemonshowdown.com/">Play</a></li>
		</ul></div>
	</header>

	<div class="main" id="main">

		<noscript><section class="section">You need to enable JavaScript to use this page; sorry!</section></noscript>

	</div>

</div>

<script defer nomodule src="//play.pokemonshowdown.com/js/lib/ps-polyfill.js"></script>
<script defer src="//play.pokemonshowdown.com/js/lib/preact.min.js"></script>

<script defer src="//play.pokemonshowdown.com/config/config.js?2bddbc15"></script>
<script defer src="//play.pokemonshowdown.com/js/lib/jquery-1.11.0.min.js"></script>
<script defer src="//play.pokemonshowdown.com/js/lib/html-sanitizer-minified.js"></script>
<script defer src="//play.pokemonshowdown.com/js/battle-sound.js"></script>
<script defer src="//play.pokemonshowdown.com/js/battledata.js?0.7209276989879541"></script>
<script defer src="//play.pokemonshowdown.com/data/pokedex-mini.js?0.6111056340867951"></script>
<script defer src="//play.pokemonshowdown.com/data/pokedex-mini-bw.js?0.3532142036491459"></script>
<script defer src="//play.pokemonshowdown.com/data/graphics.js?0.24223875632456182"></script>
<script defer src="//play.pokemonshowdown.com/data/pokedex.js?0.38839984266356864"></script>
<script defer src="//play.pokemonshowdown.com/data/moves.js?0.21866028504024015"></script>
<script defer src="//play.pokemonshowdown.com/data/abilities.js?0.2005157953846628"></script>
<script defer src="//play.pokemonshowdown.com/data/items.js?0.9894211263848525"></script>
<script defer src="//play.pokemonshowdown.com/data/teambuilder-tables.js?0.6008791140282215"></script>
<script defer src="//play.pokemonshowdown.com/js/battle-tooltips.js?0.7580118955022959"></script>
<script defer src="//play.pokemonshowdown.com/js/battle.js?0.6057722274234274"></script>

<script defer src="js/utils.js?e31f9a17"></script>
<script defer src="js/replays-battle.js?7008c182"></script>

<!-- don't scrape this data! just add .json or .log after the URL!
Full API docs: https://github.com/smogon/pokemon-showdown-client/blob/master/WEB-API.md -->
<script type="text/plain" class="log" id="replaylog-smogtours-gen3ou-796099">
|inactive|Battle timer is ON: inactive players will automatically lose when time's up.
|t:|1728262937
|gametype|singles
|player|p1|zasterly|170|
|player|p2|troglodyte480|crasherwake|
|teamsize|p1|6
|teamsize|p2|6
|gen|3
|tier|[Gen 3] OU
|rule|Sleep Clause Mod: Limit one foe put to sleep
|rule|Switch Priority Clause Mod: Faster Pokémon switch first
|rule|Species Clause: Limit one of each Pokémon
|rule|OHKO Clause: OHKO moves are banned
|rule|Evasion Items Clause: Evasion items are banned
|rule|Evasion Moves Clause: Evasion moves are banned
|rule|Endless Battle Clause: Forcing endless battles is banned
|rule|HP Percentage Mod: HP is shown in percentages
|rule|One Boost Passer Clause: Limit one Baton Passer that has a way to boost its stats
|rule|Freeze Clause Mod: Limit one foe frozen
|
|t:|1728262937
|start
|switch|p1a: Tyranitar|Tyranitar, F|100/100
|switch|p2a: Gengar|Gengar, F|100/100
|-weather|Sandstorm|[from] ability: Sand Stream|[of] p1a: Tyranitar
|turn|1
|c|☆troglodyte480|gl hf
|c|☆zasterly|glhf
|
|t:|1728262963
|switch|p2a: Suicune|Suicune|100/100
|switch|p1a: Blissey|Blissey, F|100/100
|
|-weather|Sandstorm|[upkeep]
|-damage|p2a: Suicune|94/100|[from] Sandstorm
|-damage|p1a: Blissey|94/100|[from] Sandstorm
|-heal|p2a: Suicune|100/100|[from] item: Leftovers
|-heal|p1a: Blissey|100/100|[from] item: Leftovers
|upkeep
|turn|2
|
|t:|1728262977
|switch|p2a: Dugtrio|Dugtrio, F|100/100
|switch|p1a: Zapdos|Zapdos|100/100
|
|-weather|Sandstorm|[upkeep]
|-damage|p1a: Zapdos|94/100|[from] Sandstorm
|-heal|p1a: Zapdos|100/100|[from] item: Leftovers
|upkeep
|turn|3
|
|t:|1728262994
|switch|p2a: Gengar|Gengar, F|100/100
|switch|p1a: Swampert|Swampert, F|100/100
|
|-weather|Sandstorm|[upkeep]
|-damage|p2a: Gengar|94/100|[from] Sandstorm
|-heal|p2a: Gengar|100/100|[from] item: Leftovers
|upkeep
|turn|4
|
|t:|1728263002
|move|p1a: Swampert|Protect|p1a: Swampert
|-singleturn|p1a: Swampert|Protect
|move|p2a: Gengar|Hypnosis|p1a: Swampert
|-activate|p1a: Swampert|Protect
|
|-weather|Sandstorm|[upkeep]
|-damage|p2a: Gengar|94/100|[from] Sandstorm
|-heal|p2a: Gengar|100/100|[from] item: Leftovers
|upkeep
|turn|5
|
|t:|1728263012
|move|p2a: Gengar|Hypnosis|p1a: Swampert
|-status|p1a: Swampert|slp|[from] move: Hypnosis
|cant|p1a: Swampert|slp
|
|-weather|Sandstorm|[upkeep]
|-damage|p2a: Gengar|94/100|[from] Sandstorm
|-heal|p2a: Gengar|100/100|[from] item: Leftovers
|upkeep
|turn|6
|
|t:|1728263030
|switch|p1a: Zapdos|Zapdos|100/100
|move|p2a: Gengar|Ice Punch|p1a: Zapdos
|-supereffective|p1a: Zapdos
|-damage|p1a: Zapdos|52/100
|
|-weather|Sandstorm|[upkeep]
|-damage|p1a: Zapdos|46/100|[from] Sandstorm
|-damage|p2a: Gengar|94/100|[from] Sandstorm
|-heal|p1a: Zapdos|52/100|[from] item: Leftovers
|-heal|p2a: Gengar|100/100|[from] item: Leftovers
|upkeep
|turn|7
|
|t:|1728263040
|move|p1a: Zapdos|Protect|p1a: Zapdos
|-singleturn|p1a: Zapdos|Protect
|move|p2a: Gengar|Ice Punch|p1a: Zapdos
|-activate|p1a: Zapdos|Protect
|
|-weather|Sandstorm|[upkeep]
|-damage|p1a: Zapdos|46/100|[from] Sandstorm
|-damage|p2a: Gengar|94/100|[from] Sandstorm
|-heal|p1a: Zapdos|52/100|[from] item: Leftovers
|-heal|p2a: Gengar|100/100|[from] item: Leftovers
|upkeep
|turn|8
|
|t:|1728263049
|switch|p1a: Blissey|Blissey, F|100/100
|move|p2a: Gengar|Ice Punch|p1a: Blissey
|-damage|p1a: Blissey|93/100
|
|-weather|Sandstorm|[upkeep]
|-damage|p2a: Gengar|94/100|[from] Sandstorm
|-damage|p1a: Blissey|87/100|[from] Sandstorm
|-heal|p2a: Gengar|100/100|[from] item: Leftovers
|-heal|p1a: Blissey|93/100|[from] item: Leftovers
|upkeep
|turn|9
|
|t:|1728263060
|move|p2a: Gengar|Ice Punch|p1a: Blissey
|-damage|p1a: Blissey|85/100
|move|p1a: Blissey|Ice Beam|p2a: Gengar
|-damage|p2a: Gengar|82/100
|-status|p2a: Gengar|frz
|
|-weather|Sandstorm|[upkeep]
|-damage|p2a: Gengar|76/100 frz|[from] Sandstorm
|-damage|p1a: Blissey|79/100|[from] Sandstorm
|-heal|p2a: Gengar|82/100 frz|[from] item: Leftovers
|-heal|p1a: Blissey|85/100|[from] item: Leftovers
|upkeep
|turn|10
|
|t:|1728263078
|switch|p2a: Jirachi|Jirachi|100/100
|switch|p1a: Skarmory|Skarmory, M|100/100
|
|-weather|Sandstorm|[upkeep]
|upkeep
|turn|11
|
|t:|1728263097
|switch|p1a: Tyranitar|Tyranitar, F|100/100
|move|p2a: Jirachi|Calm Mind|p2a: Jirachi
|-boost|p2a: Jirachi|spa|1
|-boost|p2a: Jirachi|spd|1
|
|-weather|Sandstorm|[upkeep]
|upkeep
|turn|12
|
|t:|1728263105
|move|p2a: Jirachi|Hidden Power|p1a: Tyranitar
|-supereffective|p1a: Tyranitar
|-damage|p1a: Tyranitar|33/100
|move|p1a: Tyranitar|Earthquake|p2a: Jirachi
|-supereffective|p2a: Jirachi
|-damage|p2a: Jirachi|41/100
|
|-weather|Sandstorm|[upkeep]
|-heal|p2a: Jirachi|47/100|[from] item: Leftovers
|upkeep
|turn|13
|
|t:|1728263134
|switch|p2a: Dugtrio|Dugtrio, F|100/100
|switch|p1a: Zapdos|Zapdos|52/100
|
|-weather|Sandstorm|[upkeep]
|-damage|p1a: Zapdos|46/100|[from] Sandstorm
|-heal|p1a: Zapdos|52/100|[from] item: Leftovers
|upkeep
|turn|14
|
|t:|1728263145
|switch|p1a: Sceptile|Sceptile, M|100/100
|move|p2a: Dugtrio|Rock Slide|p1a: Sceptile
|-damage|p1a: Sceptile|55/100
|
|-weather|Sandstorm|[upkeep]
|-damage|p1a: Sceptile|49/100|[from] Sandstorm
|-heal|p1a: Sceptile|55/100|[from] item: Leftovers
|upkeep
|turn|15
|
|t:|1728263163
|switch|p2a: Celebi|Celebi|100/100
|move|p1a: Sceptile|Leaf Blade|p2a: Celebi
|-resisted|p2a: Celebi
|-crit|p2a: Celebi
|-damage|p2a: Celebi|78/100
|
|-weather|Sandstorm|[upkeep]
|-damage|p1a: Sceptile|49/100|[from] Sandstorm
|-damage|p2a: Celebi|71/100|[from] Sandstorm
|-heal|p1a: Sceptile|55/100|[from] item: Leftovers
|-heal|p2a: Celebi|78/100|[from] item: Leftovers
|upkeep
|turn|16
|
|t:|1728263175
|move|p1a: Sceptile|Substitute|p1a: Sceptile
|-start|p1a: Sceptile|Substitute
|-damage|p1a: Sceptile|30/100
|move|p2a: Celebi|Calm Mind|p2a: Celebi
|-boost|p2a: Celebi|spa|1
|-boost|p2a: Celebi|spd|1
|
|-weather|Sandstorm|[upkeep]
|-damage|p1a: Sceptile|24/100|[from] Sandstorm
|-damage|p2a: Celebi|71/100|[from] Sandstorm
|-heal|p1a: Sceptile|30/100|[from] item: Leftovers
|-heal|p2a: Celebi|78/100|[from] item: Leftovers
|upkeep
|turn|17
|
|t:|1728263186
|move|p1a: Sceptile|Leech Seed|p2a: Celebi
|-immune|p2a: Celebi
|move|p2a: Celebi|Psychic|p1a: Sceptile
|-end|p1a: Sceptile|Substitute
|
|-weather|Sandstorm|[upkeep]
|-damage|p1a: Sceptile|24/100|[from] Sandstorm
|-damage|p2a: Celebi|71/100|[from] Sandstorm
|-heal|p1a: Sceptile|30/100|[from] item: Leftovers
|-heal|p2a: Celebi|78/100|[from] item: Leftovers
|upkeep
|turn|18
|inactive|troglodyte480 has 270 seconds left.
|
|t:|1728263221
|move|p1a: Sceptile|Hidden Power|p2a: Celebi
|-supereffective|p2a: Celebi
|-damage|p2a: Celebi|57/100
|move|p2a: Celebi|Psychic|p1a: Sceptile
|-damage|p1a: Sceptile|0 fnt
|faint|p1a: Sceptile
|
|t:|1728263230
|switch|p1a: Skarmory|Skarmory, M|100/100
|
|-weather|Sandstorm|[upkeep]
|-damage|p2a: Celebi|51/100|[from] Sandstorm
|-heal|p2a: Celebi|57/100|[from] item: Leftovers
|upkeep
|turn|19
|
|t:|1728263236
|move|p2a: Celebi|Hidden Power|p1a: Skarmory
|-supereffective|p1a: Skarmory
|-damage|p1a: Skarmory|21/100
|move|p1a: Skarmory|Drill Peck|p2a: Celebi
|-supereffective|p2a: Celebi
|-damage|p2a: Celebi|15/100
|
|-weather|Sandstorm|[upkeep]
|-damage|p2a: Celebi|9/100|[from] Sandstorm
|-heal|p2a: Celebi|15/100|[from] item: Leftovers
|-heal|p1a: Skarmory|27/100|[from] item: Leftovers
|upkeep
|turn|20
|inactive|troglodyte480 has 270 seconds left.
|
|t:|1728263254
|switch|p1a: Tyranitar|Tyranitar, F|33/100
|move|p2a: Celebi|Hidden Power|p1a: Tyranitar
|-resisted|p1a: Tyranitar
|-damage|p1a: Tyranitar|18/100
|
|-weather|Sandstorm|[upkeep]
|-damage|p2a: Celebi|9/100|[from] Sandstorm
|-heal|p2a: Celebi|15/100|[from] item: Leftovers
|upkeep
|turn|21
|
|t:|1728263264
|move|p2a: Celebi|Giga Drain|p1a: Tyranitar
|-supereffective|p1a: Tyranitar
|-crit|p1a: Tyranitar
|-damage|p1a: Tyranitar|0 fnt
|-heal|p2a: Celebi|23/100|[from] drain|[of] p1a: Tyranitar
|faint|p1a: Tyranitar
|
|t:|1728263271
|switch|p1a: Blissey|Blissey, F|85/100
|
|-weather|Sandstorm|[upkeep]
|-damage|p2a: Celebi|17/100|[from] Sandstorm
|-damage|p1a: Blissey|79/100|[from] Sandstorm
|-heal|p2a: Celebi|23/100|[from] item: Leftovers
|-heal|p1a: Blissey|85/100|[from] item: Leftovers
|upkeep
|turn|22
|
|t:|1728263281
|move|p2a: Celebi|Giga Drain|p1a: Blissey
|-damage|p1a: Blissey|71/100
|-heal|p2a: Celebi|37/100|[from] drain|[of] p1a: Blissey
|move|p1a: Blissey|Flamethrower|p2a: Celebi
|-supereffective|p2a: Celebi
|-damage|p2a: Celebi|16/100
|
|-weather|Sandstorm|[upkeep]
|-damage|p2a: Celebi|10/100|[from] Sandstorm
|-damage|p1a: Blissey|65/100|[from] Sandstorm
|-heal|p2a: Celebi|16/100|[from] item: Leftovers
|-heal|p1a: Blissey|71/100|[from] item: Leftovers
|upkeep
|turn|23
|
|t:|1728263292
|move|p2a: Celebi|Giga Drain|p1a: Blissey
|-damage|p1a: Blissey|58/100
|-heal|p2a: Celebi|29/100|[from] drain|[of] p1a: Blissey
|move|p1a: Blissey|Flamethrower|p2a: Celebi
|-supereffective|p2a: Celebi
|-damage|p2a: Celebi|5/100
|
|-weather|Sandstorm|[upkeep]
|-damage|p2a: Celebi|0 fnt|[from] Sandstorm
|-damage|p1a: Blissey|52/100|[from] Sandstorm
|faint|p2a: Celebi
|-heal|p1a: Blissey|58/100|[from] item: Leftovers
|upkeep
|
|t:|1728263302
|switch|p2a: Dugtrio|Dugtrio, F|100/100
|turn|24
|
|t:|1728263305
|move|p2a: Dugtrio|Earthquake|p1a: Blissey
|-damage|p1a: Blissey|10/100
|move|p1a: Blissey|Ice Beam|p2a: Dugtrio
|-supereffective|p2a: Dugtrio
|-damage|p2a: Dugtrio|24/100
|
|-weather|Sandstorm|[upkeep]
|-damage|p1a: Blissey|3/100|[from] Sandstorm
|-heal|p1a: Blissey|10/100|[from] item: Leftovers
|upkeep
|turn|25
|
|t:|1728263314
|move|p2a: Dugtrio|Earthquake|p1a: Blissey
|-damage|p1a: Blissey|0 fnt
|faint|p1a: Blissey
|
|t:|1728263320
|switch|p1a: Zapdos|Zapdos|52/100
|
|-weather|Sandstorm|[upkeep]
|-damage|p1a: Zapdos|46/100|[from] Sandstorm
|-heal|p1a: Zapdos|52/100|[from] item: Leftovers
|upkeep
|turn|26
|
|t:|1728263328
|switch|p2a: Gengar|Gengar, F|82/100 frz
|move|p1a: Zapdos|Hidden Power|p2a: Gengar
|-resisted|p2a: Gengar
|-damage|p2a: Gengar|68/100 frz
|
|-weather|Sandstorm|[upkeep]
|-damage|p1a: Zapdos|46/100|[from] Sandstorm
|-damage|p2a: Gengar|61/100 frz|[from] Sandstorm
|-heal|p1a: Zapdos|52/100|[from] item: Leftovers
|-heal|p2a: Gengar|68/100 frz|[from] item: Leftovers
|upkeep
|turn|27
|
|t:|1728263339
|move|p1a: Zapdos|Thunderbolt|p2a: Gengar
|-damage|p2a: Gengar|7/100 frz
|cant|p2a: Gengar|frz
|
|-weather|Sandstorm|[upkeep]
|-damage|p1a: Zapdos|46/100|[from] Sandstorm
|-damage|p2a: Gengar|1/100 frz|[from] Sandstorm
|-heal|p1a: Zapdos|52/100|[from] item: Leftovers
|-heal|p2a: Gengar|7/100 frz|[from] item: Leftovers
|upkeep
|turn|28
|
|t:|1728263347
|move|p1a: Zapdos|Thunderbolt|p2a: Gengar
|-damage|p2a: Gengar|0 fnt
|faint|p2a: Gengar
|
|t:|1728263352
|switch|p2a: Dugtrio|Dugtrio, F|24/100
|
|-weather|Sandstorm|[upkeep]
|-damage|p1a: Zapdos|46/100|[from] Sandstorm
|-heal|p1a: Zapdos|52/100|[from] item: Leftovers
|upkeep
|turn|29
|
|t:|1728263358
|move|p2a: Dugtrio|Rock Slide|p1a: Zapdos
|-supereffective|p1a: Zapdos
|-damage|p1a: Zapdos|0 fnt
|faint|p1a: Zapdos
|
|t:|1728263362
|switch|p1a: Skarmory|Skarmory, M|27/100
|
|-weather|Sandstorm|[upkeep]
|-heal|p1a: Skarmory|33/100|[from] item: Leftovers
|upkeep
|turn|30
|
|t:|1728263366
|move|p2a: Dugtrio|Rock Slide|p1a: Skarmory
|-crit|p1a: Skarmory
|-damage|p1a: Skarmory|0 fnt
|faint|p1a: Skarmory
|
|t:|1728263368
|switch|p1a: Swampert|Swampert, F|100/100 slp
|
|-weather|Sandstorm|[upkeep]
|upkeep
|turn|31
|
|t:|1728263377
|move|p2a: Dugtrio|Rock Slide|p1a: Swampert
|-resisted|p1a: Swampert
|-damage|p1a: Swampert|87/100 slp
|cant|p1a: Swampert|slp
|
|-weather|Sandstorm|[upkeep]
|-heal|p1a: Swampert|93/100 slp|[from] item: Leftovers
|upkeep
|turn|32
|
|t:|1728263383
|move|p2a: Dugtrio|Rock Slide|p1a: Swampert
|-resisted|p1a: Swampert
|-damage|p1a: Swampert|80/100 slp
|cant|p1a: Swampert|slp
|
|-weather|Sandstorm|[upkeep]
|-heal|p1a: Swampert|86/100 slp|[from] item: Leftovers
|upkeep
|turn|33
|-message|zasterly forfeited.
|
|win|troglodyte480
|c|☆zasterly|gg
|c|☆troglodyte480|gg
|c|☆troglodyte480|challenge again for game 2 when ready]
|player|p1|

</script>
<script type="application/json" class="data" id="replaydata-smogtours-gen3ou-796099">
{"id":"smogtours-gen3ou-796099","format":"[Gen 3] OU","players":["zasterly","troglodyte480"],"uploadtime":1728263394,"views":81,"formatid":"gen3ou","rating":null,"private":0,"password":null}
</script>

<script defer src="js/replays.js?9d40a366"></script>
