<!DOCTYPE html>
<meta charset="utf-8" />
<meta name="viewport" content="width=device-width" />

<title>[Gen 3] OU: stao vs. Emerald_Harrold - Replays - Pok&eacute;mon Showdown!</title>

<meta name="description" content="Watch a replay of a Pok&eacute;mon battle between stao and Emerald_Harrold! Format: [Gen 3] OU; Date: Oct 11, 2024" />
<!--

Hey, you! Looking in the source for the replay log?

You can find them in JSON format, just add `.json` at the end of a replay URL.

https://replay.pokemonshowdown.com/gen7randomdoublesbattle-865046831.json

Or, if you only need the log itself, add `.log` instead:

https://replay.pokemonshowdown.com/gen7randomdoublesbattle-865046831.log

-->

<link rel="stylesheet" href="//pokemonshowdown.com/style/global.css?0.023195364461161105" />
<link rel="stylesheet" href="//play.pokemonshowdown.com/style/font-awesome.css?0.13261647063804238" />
<link rel="stylesheet" href="//play.pokemonshowdown.com/style/battle.css?0.8753245789963631" />
<link rel="stylesheet" href="//play.pokemonshowdown.com/style/utilichart.css?0.8627959624976733" />

<!-- Global site tag (gtag.js) - Google Analytics -->
<script async src="https://www.googletagmanager.com/gtag/js?id=UA-26211653-1"></script>
<script>
  window.dataLayer = window.dataLayer || [];
  function gtag(){dataLayer.push(arguments);}
  gtag('js', new Date());

  gtag('config', 'UA-26211653-1');
</script>
<!-- End Google Analytics -->
<!-- Venatus Ad Manager - Install in <HEAD> of page -->
	<script src="https://hb.vntsm.com/v3/live/ad-manager.min.js" type="text/javascript" data-site-id="642aba63ec9a7b11c3c9c1be" data-mode="scan" async></script>
<!-- / Venatus Ad Manager -->

<style>
	@media (max-width:820px) {
		.battle {
			margin: 0 auto;
		}
		.battle-log {
			margin: 7px auto 0;
			max-width: 640px;
			height: 300px;
			position: static;
		}
	}
	.optgroup {
		display: inline-block;
		line-height: 22px;
		font-size: 10pt;
	}
	.optgroup .button {
		height: 25px;
		padding-top: 0;
		padding-bottom: 0;
	}
	.optgroup button.button {
		padding-left: 12px;
		padding-right: 12px;
	}
	.linklist {
		list-style: none;
		margin: 0.5em 0;
		padding: 0;
	}
	.linklist li {
		padding: 2px 0;
	}
	.sidebar {
		float: left;
		width: 320px;
	}
	.bar-wrapper {
		max-width: 1100px;
		margin: 0 auto;
	}
	.bar-wrapper.has-sidebar {
		max-width: 1430px;
	}
	.mainbar {
		margin: 0;
		padding-right: 1px;
	}
	.mainbar.has-sidebar {
		margin-left: 330px;
	}
	@media (min-width: 1511px) {
		.sidebar {
			width: 400px;
		}
		.bar-wrapper.has-sidebar {
			max-width: 1510px;
		}
		.mainbar.has-sidebar {
			margin-left: 410px;
		}
	}
	.section.first-section {
		margin-top: 9px;
	}
	.blocklink small {
		white-space: normal;
	}
	.button {
		vertical-align: middle;
	}
	.replay-controls {
		padding-top: 10px;
	}
	.replay-controls h1 {
		font-size: 16pt;
		font-weight: normal;
		color: #CCC;
	}
	.pagelink {
		text-align: center;
	}
	.pagelink a {
		width: 150px;
	}
	.textbox, .button {
		font-size: 11pt;
		vertical-align: middle;
	}
	@media (max-width: 450px) {
		.button {
			font-size: 9pt;
		}
	}
</style>

<div>

	<header>
		<div class="nav-wrapper"><ul class="nav">
			<li><a class="button nav-first" href="//pokemonshowdown.com/"><img src="//pokemonshowdown.com/images/pokemonshowdownbeta.png" srcset="//pokemonshowdown.com/images/pokemonshowdownbeta.png 1x, //pokemonshowdown.com/images/pokemonshowdownbeta@2x.png 2x" alt="Pok&eacute;mon Showdown" width="146" height="44" /> Home</a></li>
			<li><a class="button" href="//pokemonshowdown.com/dex/">Pok&eacute;dex</a></li>
			<li><a class="button cur" href="/">Replays</a></li>
			<li><a class="button" href="//pokemonshowdown.com/ladder/">Ladder</a></li>
			<li><a class="button nav-last" href="//pokemonshowdown.com/forums/">Forum</a></li>
			<li><a class="button greenbutton nav-first nav-last" href="//play.pokemonshowdown.com/">Play</a></li>
		</ul></div>
	</header>

	<div class="main" id="main">

		<noscript><section class="section">You need to enable JavaScript to use this page; sorry!</section></noscript>

	</div>

</div>

<script defer nomodule src="//play.pokemonshowdown.com/js/lib/ps-polyfill.js"></script>
<script defer src="//play.pokemonshowdown.com/js/lib/preact.min.js"></script>

<script defer src="//play.pokemonshowdown.com/config/config.js?2bddbc15"></script>
<script defer src="//play.pokemonshowdown.com/js/lib/jquery-1.11.0.min.js"></script>
<script defer src="//play.pokemonshowdown.com/js/lib/html-sanitizer-minified.js"></script>
<script defer src="//play.pokemonshowdown.com/js/battle-sound.js"></script>
<script defer src="//play.pokemonshowdown.com/js/battledata.js?0.7209276989879541"></script>
<script defer src="//play.pokemonshowdown.com/data/pokedex-mini.js?0.6111056340867951"></script>
<script defer src="//play.pokemonshowdown.com/data/pokedex-mini-bw.js?0.3532142036491459"></script>
<script defer src="//play.pokemonshowdown.com/data/graphics.js?0.24223875632456182"></script>
<script defer src="//play.pokemonshowdown.com/data/pokedex.js?0.38839984266356864"></script>
<script defer src="//play.pokemonshowdown.com/data/moves.js?0.21866028504024015"></script>
<script defer src="//play.pokemonshowdown.com/data/abilities.js?0.2005157953846628"></script>
<script defer src="//play.pokemonshowdown.com/data/items.js?0.9894211263848525"></script>
<script defer src="//play.pokemonshowdown.com/data/teambuilder-tables.js?0.6008791140282215"></script>
<script defer src="//play.pokemonshowdown.com/js/battle-tooltips.js?0.7580118955022959"></script>
<script defer src="//play.pokemonshowdown.com/js/battle.js?0.6057722274234274"></script>

<script defer src="js/utils.js?e31f9a17"></script>
<script defer src="js/replays-battle.js?7008c182"></script>

<!-- don't scrape this data! just add .json or .log after the URL!
Full API docs: https://github.com/smogon/pokemon-showdown-client/blob/master/WEB-API.md -->
<script type="text/plain" class="log" id="replaylog-smogtours-gen3ou-797084">
|inactive|Battle timer is ON: inactive players will automatically lose when time's up.
|t:|1728605181
|gametype|singles
|player|p1|stao|plasmagruntf-gen5bw|
|player|p2|Emerald_Harrold|brandon-gen3|
|teamsize|p1|6
|teamsize|p2|6
|gen|3
|tier|[Gen 3] OU
|rule|Sleep Clause Mod: Limit one foe put to sleep
|rule|Switch Priority Clause Mod: Faster Pokémon switch first
|rule|Species Clause: Limit one of each Pokémon
|rule|OHKO Clause: OHKO moves are banned
|rule|Evasion Items Clause: Evasion items are banned
|rule|Evasion Moves Clause: Evasion moves are banned
|rule|Endless Battle Clause: Forcing endless battles is banned
|rule|HP Percentage Mod: HP is shown in percentages
|rule|One Boost Passer Clause: Limit one Baton Passer that has a way to boost its stats
|rule|Freeze Clause Mod: Limit one foe frozen
|
|t:|1728605181
|start
|switch|p1a: Zapdos|Zapdos|100/100
|switch|p2a: Imagine Dragons|Salamence, F|100/100
|-ability|p2a: Imagine Dragons|Intimidate|boost
|-unboost|p1a: Zapdos|atk|1
|turn|1
|
|t:|1728605190
|move|p2a: Imagine Dragons|Rock Slide|p1a: Zapdos
|-supereffective|p1a: Zapdos
|-damage|p1a: Zapdos|6/100
|cant|p1a: Zapdos|flinch
|
|-heal|p1a: Zapdos|12/100|[from] item: Leftovers
|upkeep
|turn|2
|c|☆stao|Ah
|
|t:|1728605202
|switch|p1a: Claydol|Claydol|100/100
|move|p2a: Imagine Dragons|Rock Slide|p1a: Claydol
|-resisted|p1a: Claydol
|-damage|p1a: Claydol|78/100
|
|-heal|p1a: Claydol|84/100|[from] item: Leftovers
|upkeep
|turn|3
|
|t:|1728605224
|switch|p2a: CHON|Celebi|100/100
|move|p1a: Claydol|Light Screen|p1a: Claydol
|-sidestart|p1: stao|Light Screen
|
|-heal|p1a: Claydol|90/100|[from] item: Leftovers
|upkeep
|turn|4
|
|t:|1728605243
|switch|p1a: Skarmory|Skarmory, F|100/100
|move|p2a: CHON|Leech Seed|p1a: Skarmory
|-start|p1a: Skarmory|move: Leech Seed
|
|-damage|p1a: Skarmory|88/100|[from] Leech Seed|[of] p2a: CHON
|upkeep
|turn|5
|
|t:|1728605251
|switch|p2a: The Contortionist|Magneton|100/100
|move|p1a: Skarmory|Spikes|p2a: The Contortionist
|-sidestart|p2: Emerald_Harrold|Spikes
|
|-heal|p1a: Skarmory|94/100|[from] item: Leftovers
|-damage|p1a: Skarmory|82/100|[from] Leech Seed|[of] p2a: The Contortionist
|upkeep
|turn|6
|
|t:|1728605261
|move|p2a: The Contortionist|Thunderbolt|p1a: Skarmory
|-supereffective|p1a: Skarmory
|-damage|p1a: Skarmory|7/100
|move|p1a: Skarmory|Roar|p2a: The Contortionist
|drag|p2a: Imagine Dragons|Salamence, F|100/100
|-ability|p2a: Imagine Dragons|Intimidate|boost
|-unboost|p1a: Skarmory|atk|1
|
|-heal|p1a: Skarmory|13/100|[from] item: Leftovers
|-damage|p1a: Skarmory|1/100|[from] Leech Seed|[of] p2a: Imagine Dragons
|upkeep
|turn|7
|
|t:|1728605286
|switch|p1a: Claydol|Claydol|90/100
|move|p2a: Imagine Dragons|Hidden Power|p1a: Claydol
|-damage|p1a: Claydol|26/100
|
|-sideend|p1: stao|Light Screen
|-heal|p1a: Claydol|32/100|[from] item: Leftovers
|upkeep
|turn|8
|inactive|stao has 270 seconds left.
|
|t:|1728605313
|switch|p1a: Skarmory|Skarmory, F|1/100
|move|p2a: Imagine Dragons|Hidden Power|p1a: Skarmory
|-resisted|p1a: Skarmory
|-damage|p1a: Skarmory|0 fnt
|faint|p1a: Skarmory
|
|t:|1728605327
|switch|p1a: Salamence|Salamence, M|100/100
|-ability|p1a: Salamence|Intimidate|boost
|-unboost|p2a: Imagine Dragons|atk|1
|
|upkeep
|turn|9
|
|t:|1728605346
|switch|p2a: Wolfmother|Arcanine, F|100/100
|-damage|p2a: Wolfmother|88/100|[from] Spikes
|-ability|p2a: Wolfmother|Intimidate|boost
|-unboost|p1a: Salamence|atk|1
|move|p1a: Salamence|Earthquake|p2a: Wolfmother
|-supereffective|p2a: Wolfmother
|-damage|p2a: Wolfmother|0 fnt
|faint|p2a: Wolfmother
|
|t:|1728605352
|switch|p2a: Imagine Dragons|Salamence, F|100/100
|-ability|p2a: Imagine Dragons|Intimidate|boost
|-unboost|p1a: Salamence|atk|1
|
|upkeep
|turn|10
|
|t:|1728605361
|switch|p1a: Zapdos|Zapdos|12/100
|move|p2a: Imagine Dragons|Rock Slide|p1a: Zapdos
|-supereffective|p1a: Zapdos
|-crit|p1a: Zapdos
|-damage|p1a: Zapdos|0 fnt
|faint|p1a: Zapdos
|
|t:|1728605375
|switch|p1a: Claydol|Claydol|32/100
|
|-heal|p1a: Claydol|38/100|[from] item: Leftovers
|upkeep
|turn|11
|
|t:|1728605385
|switch|p2a: CHON|Celebi|100/100
|-damage|p2a: CHON|88/100|[from] Spikes
|move|p1a: Claydol|Light Screen|p1a: Claydol
|-sidestart|p1: stao|Light Screen
|
|-heal|p2a: CHON|94/100|[from] item: Leftovers
|-heal|p1a: Claydol|45/100|[from] item: Leftovers
|upkeep
|turn|12
|
|t:|1728605394
|move|p2a: CHON|Leech Seed|p1a: Claydol
|-start|p1a: Claydol|move: Leech Seed
|move|p1a: Claydol|Explosion|p2a: CHON
|-damage|p2a: CHON|10/100
|faint|p1a: Claydol
|
|t:|1728605401
|switch|p1a: Dragonite|Dragonite, M|100/100
|
|-heal|p2a: CHON|16/100|[from] item: Leftovers
|upkeep
|turn|13
|
|t:|1728605420
|move|p2a: CHON|Leech Seed|p1a: Dragonite|[miss]
|-miss|p2a: CHON|p1a: Dragonite
|move|p1a: Dragonite|Dragon Dance|p1a: Dragonite
|-boost|p1a: Dragonite|atk|1
|-boost|p1a: Dragonite|spe|1
|
|-heal|p2a: CHON|22/100|[from] item: Leftovers
|upkeep
|turn|14
|inactive|stao has 270 seconds left.
|
|t:|1728605432
|switch|p2a: Imagine Dragons|Salamence, F|100/100
|-ability|p2a: Imagine Dragons|Intimidate|boost
|-unboost|p1a: Dragonite|atk|1
|move|p1a: Dragonite|Dragon Dance|p1a: Dragonite
|-boost|p1a: Dragonite|atk|1
|-boost|p1a: Dragonite|spe|1
|
|upkeep
|turn|15
|inactive|stao has 270 seconds left.
|
|t:|1728605442
|switch|p2a: The Contortionist|Magneton|100/100
|-damage|p2a: The Contortionist|88/100|[from] Spikes
|move|p1a: Dragonite|Ice Beam|p2a: The Contortionist
|-resisted|p2a: The Contortionist
|-damage|p2a: The Contortionist|62/100
|
|-sideend|p1: stao|Light Screen
|upkeep
|turn|16
|inactive|stao has 270 seconds left.
|
|t:|1728605459
|move|p1a: Dragonite|Earthquake|p2a: The Contortionist
|-supereffective|p2a: The Contortionist
|-damage|p2a: The Contortionist|0 fnt
|faint|p2a: The Contortionist
|
|t:|1728605462
|switch|p2a: Imagine Dragons|Salamence, F|100/100
|-ability|p2a: Imagine Dragons|Intimidate|boost
|-unboost|p1a: Dragonite|atk|1
|
|upkeep
|turn|17
|
|t:|1728605471
|switch|p2a: CHON|Celebi|22/100
|-damage|p2a: CHON|10/100|[from] Spikes
|move|p1a: Dragonite|Ice Beam|p2a: CHON
|-supereffective|p2a: CHON
|-damage|p2a: CHON|0 fnt
|faint|p2a: CHON
|
|t:|1728605494
|switch|p2a: Thrailkill|Tyranitar, M|100/100
|-damage|p2a: Thrailkill|88/100|[from] Spikes
|-weather|Sandstorm|[from] ability: Sand Stream|[of] p2a: Thrailkill
|
|-weather|Sandstorm|[upkeep]
|-damage|p1a: Dragonite|94/100|[from] Sandstorm
|-heal|p1a: Dragonite|100/100|[from] item: Leftovers
|upkeep
|turn|18
|
|t:|1728605510
|switch|p1a: Salamence|Salamence, M|100/100
|-ability|p1a: Salamence|Intimidate|boost
|-unboost|p2a: Thrailkill|atk|1
|move|p2a: Thrailkill|Rock Slide|p1a: Salamence
|-supereffective|p1a: Salamence
|-damage|p1a: Salamence|36/100
|
|-weather|Sandstorm|[upkeep]
|-damage|p1a: Salamence|30/100|[from] Sandstorm
|upkeep
|turn|19
|
|t:|1728605523
|switch|p2a: Imagine Dragons|Salamence, F|100/100
|-ability|p2a: Imagine Dragons|Intimidate|boost
|-unboost|p1a: Salamence|atk|1
|move|p1a: Salamence|Rock Slide|p2a: Imagine Dragons
|-supereffective|p2a: Imagine Dragons
|-damage|p2a: Imagine Dragons|21/100
|
|-weather|Sandstorm|[upkeep]
|-damage|p2a: Imagine Dragons|15/100|[from] Sandstorm
|-damage|p1a: Salamence|24/100|[from] Sandstorm
|upkeep
|turn|20
|inactive|stao has 270 seconds left.
|
|t:|1728605560
|switch|p1a: Mantine|Mantine, M|100/100
|move|p2a: Imagine Dragons|Rock Slide|p1a: Mantine
|-supereffective|p1a: Mantine
|-damage|p1a: Mantine|26/100
|
|-weather|Sandstorm|[upkeep]
|-damage|p2a: Imagine Dragons|9/100|[from] Sandstorm
|-damage|p1a: Mantine|20/100|[from] Sandstorm
|-heal|p1a: Mantine|26/100|[from] item: Leftovers
|upkeep
|turn|21
|
|t:|1728605578
|switch|p2a: Steely Dan|Scizor, F|100/100
|-damage|p2a: Steely Dan|88/100|[from] Spikes
|move|p1a: Mantine|Ice Beam|p2a: Steely Dan
|-resisted|p2a: Steely Dan
|-damage|p2a: Steely Dan|76/100
|
|-weather|Sandstorm|[upkeep]
|-damage|p1a: Mantine|20/100|[from] Sandstorm
|-heal|p1a: Mantine|26/100|[from] item: Leftovers
|upkeep
|turn|22
|inactive|stao has 240 seconds left.
|
|t:|1728605594
|move|p2a: Steely Dan|Agility|p2a: Steely Dan
|-boost|p2a: Steely Dan|spe|2
|move|p1a: Mantine|Ice Beam|p2a: Steely Dan
|-resisted|p2a: Steely Dan
|-damage|p2a: Steely Dan|63/100
|
|-weather|Sandstorm|[upkeep]
|-damage|p1a: Mantine|20/100|[from] Sandstorm
|-heal|p1a: Mantine|26/100|[from] item: Leftovers
|upkeep
|turn|23
|inactive|stao has 240 seconds left.
|
|t:|1728605605
|move|p2a: Steely Dan|Hidden Power|p1a: Mantine
|-damage|p1a: Mantine|2/100
|move|p1a: Mantine|Haze|p1a: Mantine
|-clearallboost
|
|-weather|Sandstorm|[upkeep]
|-damage|p1a: Mantine|0 fnt|[from] Sandstorm
|faint|p1a: Mantine
|upkeep
|inactive|stao has 240 seconds left.
|
|t:|1728605614
|switch|p1a: Salamence|Salamence, M|24/100
|-ability|p1a: Salamence|Intimidate|boost
|-unboost|p2a: Steely Dan|atk|1
|turn|24
|inactive|stao has 240 seconds left.
|
|t:|1728605635
|switch|p2a: Imagine Dragons|Salamence, F|9/100
|-ability|p2a: Imagine Dragons|Intimidate|boost
|-unboost|p1a: Salamence|atk|1
|move|p1a: Salamence|Rock Slide|p2a: Imagine Dragons
|-supereffective|p2a: Imagine Dragons
|-crit|p2a: Imagine Dragons
|-damage|p2a: Imagine Dragons|0 fnt
|faint|p2a: Imagine Dragons
|
|t:|1728605648
|switch|p2a: Thrailkill|Tyranitar, M|88/100
|-damage|p2a: Thrailkill|76/100|[from] Spikes
|
|-weather|Sandstorm|[upkeep]
|-damage|p1a: Salamence|18/100|[from] Sandstorm
|upkeep
|turn|25
|
|t:|1728605660
|move|p1a: Salamence|Rock Slide|p2a: Thrailkill|[miss]
|-miss|p1a: Salamence|p2a: Thrailkill
|move|p2a: Thrailkill|Dragon Dance|p2a: Thrailkill
|-boost|p2a: Thrailkill|atk|1
|-boost|p2a: Thrailkill|spe|1
|
|-weather|Sandstorm|[upkeep]
|-damage|p1a: Salamence|12/100|[from] Sandstorm
|upkeep
|turn|26
|inactive|stao has 240 seconds left.
|
|t:|1728605687
|move|p2a: Thrailkill|Rock Slide|p1a: Salamence
|-supereffective|p1a: Salamence
|-damage|p1a: Salamence|0 fnt
|faint|p1a: Salamence
|
|t:|1728605692
|switch|p1a: Dragonite|Dragonite, M|100/100
|
|-weather|Sandstorm|[upkeep]
|-damage|p1a: Dragonite|94/100|[from] Sandstorm
|-heal|p1a: Dragonite|100/100|[from] item: Leftovers
|upkeep
|turn|27
|inactive|stao has 240 seconds left.
|
|t:|1728605701
|move|p2a: Thrailkill|Rock Slide|p1a: Dragonite
|-supereffective|p1a: Dragonite
|-crit|p1a: Dragonite
|-damage|p1a: Dragonite|0 fnt
|faint|p1a: Dragonite
|
|win|Emerald_Harrold
|c|☆Emerald_Harrold|gg
|c|☆stao|Damn
|c|☆stao|Gg
|player|p1|
|c|☆Emerald_Harrold|unluck on the rs for sure

</script>
<script type="application/json" class="data" id="replaydata-smogtours-gen3ou-797084">
{"id":"smogtours-gen3ou-797084","format":"[Gen 3] OU","players":["stao","Emerald_Harrold"],"uploadtime":1728605701,"views":94,"formatid":"gen3ou","rating":null,"private":0,"password":null}
</script>

<script defer src="js/replays.js?9d40a366"></script>
