<!DOCTYPE html>
<meta charset="utf-8" />
<meta name="viewport" content="width=device-width" />

<title>[Gen 3] OU: swinubfan123 vs. billclintonlol - Replays - Pok&eacute;mon Showdown!</title>

<meta name="description" content="Watch a replay of a Pok&eacute;mon battle between swinubfan123 and billclintonlol! Format: [Gen 3] OU; Date: Oct 26, 2024" />
<!--

Hey, you! Looking in the source for the replay log?

You can find them in JSON format, just add `.json` at the end of a replay URL.

https://replay.pokemonshowdown.com/gen7randomdoublesbattle-865046831.json

Or, if you only need the log itself, add `.log` instead:

https://replay.pokemonshowdown.com/gen7randomdoublesbattle-865046831.log

-->

<link rel="stylesheet" href="//pokemonshowdown.com/style/global.css?0.023195364461161105" />
<link rel="stylesheet" href="//play.pokemonshowdown.com/style/font-awesome.css?0.13261647063804238" />
<link rel="stylesheet" href="//play.pokemonshowdown.com/style/battle.css?0.8753245789963631" />
<link rel="stylesheet" href="//play.pokemonshowdown.com/style/utilichart.css?0.8627959624976733" />

<!-- Global site tag (gtag.js) - Google Analytics -->
<script async src="https://www.googletagmanager.com/gtag/js?id=UA-26211653-1"></script>
<script>
  window.dataLayer = window.dataLayer || [];
  function gtag(){dataLayer.push(arguments);}
  gtag('js', new Date());

  gtag('config', 'UA-26211653-1');
</script>
<!-- End Google Analytics -->
<!-- Venatus Ad Manager - Install in <HEAD> of page -->
	<script src="https://hb.vntsm.com/v3/live/ad-manager.min.js" type="text/javascript" data-site-id="642aba63ec9a7b11c3c9c1be" data-mode="scan" async></script>
<!-- / Venatus Ad Manager -->

<style>
	@media (max-width:820px) {
		.battle {
			margin: 0 auto;
		}
		.battle-log {
			margin: 7px auto 0;
			max-width: 640px;
			height: 300px;
			position: static;
		}
	}
	.optgroup {
		display: inline-block;
		line-height: 22px;
		font-size: 10pt;
	}
	.optgroup .button {
		height: 25px;
		padding-top: 0;
		padding-bottom: 0;
	}
	.optgroup button.button {
		padding-left: 12px;
		padding-right: 12px;
	}
	.linklist {
		list-style: none;
		margin: 0.5em 0;
		padding: 0;
	}
	.linklist li {
		padding: 2px 0;
	}
	.sidebar {
		float: left;
		width: 320px;
	}
	.bar-wrapper {
		max-width: 1100px;
		margin: 0 auto;
	}
	.bar-wrapper.has-sidebar {
		max-width: 1430px;
	}
	.mainbar {
		margin: 0;
		padding-right: 1px;
	}
	.mainbar.has-sidebar {
		margin-left: 330px;
	}
	@media (min-width: 1511px) {
		.sidebar {
			width: 400px;
		}
		.bar-wrapper.has-sidebar {
			max-width: 1510px;
		}
		.mainbar.has-sidebar {
			margin-left: 410px;
		}
	}
	.section.first-section {
		margin-top: 9px;
	}
	.blocklink small {
		white-space: normal;
	}
	.button {
		vertical-align: middle;
	}
	.replay-controls {
		padding-top: 10px;
	}
	.replay-controls h1 {
		font-size: 16pt;
		font-weight: normal;
		color: #CCC;
	}
	.pagelink {
		text-align: center;
	}
	.pagelink a {
		width: 150px;
	}
	.textbox, .button {
		font-size: 11pt;
		vertical-align: middle;
	}
	@media (max-width: 450px) {
		.button {
			font-size: 9pt;
		}
	}
</style>

<div>

	<header>
		<div class="nav-wrapper"><ul class="nav">
			<li><a class="button nav-first" href="//pokemonshowdown.com/"><img src="//pokemonshowdown.com/images/pokemonshowdownbeta.png" srcset="//pokemonshowdown.com/images/pokemonshowdownbeta.png 1x, //pokemonshowdown.com/images/pokemonshowdownbeta@2x.png 2x" alt="Pok&eacute;mon Showdown" width="146" height="44" /> Home</a></li>
			<li><a class="button" href="//pokemonshowdown.com/dex/">Pok&eacute;dex</a></li>
			<li><a class="button cur" href="/">Replays</a></li>
			<li><a class="button" href="//pokemonshowdown.com/ladder/">Ladder</a></li>
			<li><a class="button nav-last" href="//pokemonshowdown.com/forums/">Forum</a></li>
			<li><a class="button greenbutton nav-first nav-last" href="//play.pokemonshowdown.com/">Play</a></li>
		</ul></div>
	</header>

	<div class="main" id="main">

		<noscript><section class="section">You need to enable JavaScript to use this page; sorry!</section></noscript>

	</div>

</div>

<script defer nomodule src="//play.pokemonshowdown.com/js/lib/ps-polyfill.js"></script>
<script defer src="//play.pokemonshowdown.com/js/lib/preact.min.js"></script>

<script defer src="//play.pokemonshowdown.com/config/config.js?2bddbc15"></script>
<script defer src="//play.pokemonshowdown.com/js/lib/jquery-1.11.0.min.js"></script>
<script defer src="//play.pokemonshowdown.com/js/lib/html-sanitizer-minified.js"></script>
<script defer src="//play.pokemonshowdown.com/js/battle-sound.js"></script>
<script defer src="//play.pokemonshowdown.com/js/battledata.js?0.7209276989879541"></script>
<script defer src="//play.pokemonshowdown.com/data/pokedex-mini.js?0.6111056340867951"></script>
<script defer src="//play.pokemonshowdown.com/data/pokedex-mini-bw.js?0.3532142036491459"></script>
<script defer src="//play.pokemonshowdown.com/data/graphics.js?0.24223875632456182"></script>
<script defer src="//play.pokemonshowdown.com/data/pokedex.js?0.38839984266356864"></script>
<script defer src="//play.pokemonshowdown.com/data/moves.js?0.21866028504024015"></script>
<script defer src="//play.pokemonshowdown.com/data/abilities.js?0.2005157953846628"></script>
<script defer src="//play.pokemonshowdown.com/data/items.js?0.9894211263848525"></script>
<script defer src="//play.pokemonshowdown.com/data/teambuilder-tables.js?0.6008791140282215"></script>
<script defer src="//play.pokemonshowdown.com/js/battle-tooltips.js?0.7580118955022959"></script>
<script defer src="//play.pokemonshowdown.com/js/battle.js?0.6057722274234274"></script>

<script defer src="js/utils.js?e31f9a17"></script>
<script defer src="js/replays-battle.js?7008c182"></script>

<!-- don't scrape this data! just add .json or .log after the URL!
Full API docs: https://github.com/smogon/pokemon-showdown-client/blob/master/WEB-API.md -->
<script type="text/plain" class="log" id="replaylog-smogtours-gen3ou-802312">
|inactive|Battle timer is ON: inactive players will automatically lose when time's up.
|t:|1729976698
|gametype|singles
|player|p1|swinubfan123|cynthia|
|player|p2|billclintonlol|lucas|
|teamsize|p1|6
|teamsize|p2|6
|gen|3
|tier|[Gen 3] OU
|rule|Sleep Clause Mod: Limit one foe put to sleep
|rule|Switch Priority Clause Mod: Faster Pokémon switch first
|rule|Species Clause: Limit one of each Pokémon
|rule|OHKO Clause: OHKO moves are banned
|rule|Evasion Items Clause: Evasion items are banned
|rule|Evasion Moves Clause: Evasion moves are banned
|rule|Endless Battle Clause: Forcing endless battles is banned
|rule|HP Percentage Mod: HP is shown in percentages
|rule|One Boost Passer Clause: Limit one Baton Passer that has a way to boost its stats
|rule|Freeze Clause Mod: Limit one foe frozen
|
|t:|1729976698
|start
|switch|p1a: Metagross|Metagross|100/100
|switch|p2a: One Of My Lies|Hariyama, M|100/100
|turn|1
|
|t:|1729976714
|move|p1a: Metagross|Meteor Mash|p2a: One Of My Lies
|-damage|p2a: One Of My Lies|36/100
|move|p2a: One Of My Lies|Brick Break|p1a: Metagross
|-crit|p1a: Metagross
|-damage|p1a: Metagross|51/100
|
|-heal|p2a: One Of My Lies|42/100|[from] item: Leftovers
|upkeep
|turn|2
|
|t:|1729976724
|switch|p2a: I'm Just Ken|Metagross, shiny|100/100
|move|p1a: Metagross|Meteor Mash|p2a: I'm Just Ken
|-resisted|p2a: I'm Just Ken
|-damage|p2a: I'm Just Ken|70/100
|-boost|p1a: Metagross|atk|1
|
|-heal|p2a: I'm Just Ken|76/100|[from] item: Leftovers
|upkeep
|turn|3
|
|t:|1729976729
|switch|p1a: Gengar|Gengar, M|100/100
|switch|p2a: Basket Case Demo|Salamence, M|100/100
|-ability|p2a: Basket Case Demo|Intimidate|boost
|-unboost|p1a: Gengar|atk|1
|
|upkeep
|turn|4
|
|t:|1729976737
|switch|p1a: Metagross|Metagross|51/100
|switch|p2a: Live Forever|Blissey, F|100/100
|
|upkeep
|turn|5
|
|t:|1729976742
|switch|p2a: Pitiful Children|Starmie|100/100
|move|p1a: Metagross|Meteor Mash|p2a: Pitiful Children
|-resisted|p2a: Pitiful Children
|-crit|p2a: Pitiful Children
|-damage|p2a: Pitiful Children|0 fnt
|-boost|p1a: Metagross|atk|1
|faint|p2a: Pitiful Children
|
|t:|1729976746
|switch|p2a: Basket Case Demo|Salamence, M|100/100
|-ability|p2a: Basket Case Demo|Intimidate|boost
|-fail|p1a: Metagross|unboost|[from] ability: Clear Body|[of] p1a: Metagross
|
|upkeep
|turn|6
|
|t:|1729976765
|move|p2a: Basket Case Demo|Hidden Power|p1a: Metagross
|-resisted|p1a: Metagross
|-damage|p1a: Metagross|24/100
|move|p1a: Metagross|Meteor Mash|p2a: Basket Case Demo|[miss]
|-miss|p1a: Metagross|p2a: Basket Case Demo
|
|upkeep
|turn|7
|
|t:|1729976786
|move|p2a: Basket Case Demo|Hidden Power|p1a: Metagross
|-resisted|p1a: Metagross
|-damage|p1a: Metagross|0 fnt
|faint|p1a: Metagross
|
|t:|1729976790
|switch|p1a: Gengar|Gengar, M|100/100
|
|upkeep
|turn|8
|
|t:|1729976801
|switch|p2a: DidntStartTheFire|Tyranitar, M|100/100
|-weather|Sandstorm|[from] ability: Sand Stream|[of] p2a: DidntStartTheFire
|move|p1a: Gengar|Ice Punch|p2a: DidntStartTheFire
|-damage|p2a: DidntStartTheFire|78/100
|-status|p2a: DidntStartTheFire|frz
|
|-weather|Sandstorm|[upkeep]
|-damage|p1a: Gengar|94/100|[from] Sandstorm
|-heal|p1a: Gengar|100/100|[from] item: Leftovers
|-heal|p2a: DidntStartTheFire|84/100 frz|[from] item: Leftovers
|upkeep
|turn|9
|
|t:|1729976806
|switch|p1a: Dodrio|Dodrio, M|100/100
|cant|p2a: DidntStartTheFire|frz
|
|-weather|Sandstorm|[upkeep]
|-damage|p1a: Dodrio|94/100|[from] Sandstorm
|-heal|p2a: DidntStartTheFire|90/100 frz|[from] item: Leftovers
|upkeep
|turn|10
|
|t:|1729976808
|move|p1a: Dodrio|Hidden Power|p2a: DidntStartTheFire
|-supereffective|p2a: DidntStartTheFire
|-damage|p2a: DidntStartTheFire|0 fnt
|faint|p2a: DidntStartTheFire
|
|t:|1729976831
|switch|p2a: Basket Case Demo|Salamence, M|100/100
|-ability|p2a: Basket Case Demo|Intimidate|boost
|-unboost|p1a: Dodrio|atk|1
|
|-weather|Sandstorm|[upkeep]
|-damage|p1a: Dodrio|88/100|[from] Sandstorm
|-damage|p2a: Basket Case Demo|94/100|[from] Sandstorm
|upkeep
|turn|11
|
|t:|1729976837
|switch|p1a: Claydol|Claydol|100/100
|move|p2a: Basket Case Demo|Hidden Power|p1a: Claydol
|-damage|p1a: Claydol|41/100
|
|-weather|Sandstorm|[upkeep]
|-damage|p2a: Basket Case Demo|88/100|[from] Sandstorm
|-heal|p1a: Claydol|47/100|[from] item: Leftovers
|upkeep
|turn|12
|inactive|swinubfan123 has 270 seconds left.
|
|t:|1729976881
|switch|p1a: Snorlax|Snorlax, F|100/100
|move|p2a: Basket Case Demo|Hidden Power|p1a: Snorlax
|-damage|p1a: Snorlax|52/100
|
|-weather|Sandstorm|[upkeep]
|-damage|p2a: Basket Case Demo|82/100|[from] Sandstorm
|-damage|p1a: Snorlax|46/100|[from] Sandstorm
|-heal|p1a: Snorlax|52/100|[from] item: Leftovers
|upkeep
|turn|13
|
|t:|1729976891
|switch|p2a: One Of My Lies|Hariyama, M|42/100
|move|p1a: Snorlax|Self-Destruct|p2a: One Of My Lies
|-damage|p2a: One Of My Lies|0 fnt
|faint|p1a: Snorlax
|faint|p2a: One Of My Lies
|inactive|swinubfan123 has 270 seconds left.
|
|t:|1729976897
|switch|p2a: Basket Case Demo|Salamence, M|82/100
|switch|p1a: Gengar|Gengar, M|100/100
|-ability|p2a: Basket Case Demo|Intimidate|boost
|-unboost|p1a: Gengar|atk|1
|
|-weather|Sandstorm|[upkeep]
|-damage|p1a: Gengar|94/100|[from] Sandstorm
|-damage|p2a: Basket Case Demo|76/100|[from] Sandstorm
|-heal|p1a: Gengar|100/100|[from] item: Leftovers
|upkeep
|turn|14
|
|t:|1729976901
|switch|p2a: Live Forever|Blissey, F|100/100
|move|p1a: Gengar|Ice Punch|p2a: Live Forever
|-damage|p2a: Live Forever|90/100
|
|-weather|Sandstorm|[upkeep]
|-damage|p1a: Gengar|94/100|[from] Sandstorm
|-damage|p2a: Live Forever|84/100|[from] Sandstorm
|-heal|p1a: Gengar|100/100|[from] item: Leftovers
|-heal|p2a: Live Forever|90/100|[from] item: Leftovers
|upkeep
|turn|15
|
|t:|1729976910
|switch|p1a: Claydol|Claydol|47/100
|move|p2a: Live Forever|Wish|p2a: Live Forever
|
|-weather|Sandstorm|[upkeep]
|-damage|p2a: Live Forever|84/100|[from] Sandstorm
|-heal|p1a: Claydol|54/100|[from] item: Leftovers
|-heal|p2a: Live Forever|90/100|[from] item: Leftovers
|upkeep
|turn|16
|
|t:|1729976928
|switch|p2a: I'm Just Ken|Metagross, shiny|76/100
|move|p1a: Claydol|Explosion|p2a: I'm Just Ken
|-resisted|p2a: I'm Just Ken
|-damage|p2a: I'm Just Ken|36/100
|faint|p1a: Claydol
|
|t:|1729976940
|switch|p1a: Dodrio|Dodrio, M|88/100
|
|-heal|p2a: I'm Just Ken|86/100|[from] move: Wish|[wisher] Live Forever
|-weather|Sandstorm|[upkeep]
|-damage|p1a: Dodrio|82/100|[from] Sandstorm
|-heal|p2a: I'm Just Ken|92/100|[from] item: Leftovers
|upkeep
|turn|17
|
|t:|1729976947
|move|p1a: Dodrio|Baton Pass|p1a: Dodrio
|
|t:|1729976949
|switch|p1a: Gengar|Gengar, M|100/100|[from] Baton Pass
|move|p2a: I'm Just Ken|Meteor Mash|p1a: Gengar|[miss]
|-miss|p2a: I'm Just Ken|p1a: Gengar
|
|-weather|Sandstorm|[upkeep]
|-damage|p1a: Gengar|94/100|[from] Sandstorm
|-heal|p1a: Gengar|100/100|[from] item: Leftovers
|-heal|p2a: I'm Just Ken|98/100|[from] item: Leftovers
|upkeep
|turn|18
|
|t:|1729976959
|switch|p1a: Suicune|Suicune|100/100
|switch|p2a: Live Forever|Blissey, F|90/100
|
|-weather|Sandstorm|[upkeep]
|-damage|p1a: Suicune|94/100|[from] Sandstorm
|-damage|p2a: Live Forever|84/100|[from] Sandstorm
|-heal|p2a: Live Forever|90/100|[from] item: Leftovers
|upkeep
|turn|19
|
|t:|1729976964
|move|p1a: Suicune|Calm Mind|p1a: Suicune
|-boost|p1a: Suicune|spa|1
|-boost|p1a: Suicune|spd|1
|move|p2a: Live Forever|Wish|p2a: Live Forever
|
|-weather|Sandstorm|[upkeep]
|-damage|p1a: Suicune|88/100|[from] Sandstorm
|-damage|p2a: Live Forever|84/100|[from] Sandstorm
|-heal|p2a: Live Forever|90/100|[from] item: Leftovers
|upkeep
|turn|20
|
|t:|1729976969
|switch|p2a: I'm Just Ken|Metagross, shiny|98/100
|move|p1a: Suicune|Calm Mind|p1a: Suicune
|-boost|p1a: Suicune|spa|1
|-boost|p1a: Suicune|spd|1
|
|-heal|p2a: I'm Just Ken|100/100|[from] move: Wish|[wisher] Live Forever
|-weather|Sandstorm|[upkeep]
|-damage|p1a: Suicune|82/100|[from] Sandstorm
|upkeep
|turn|21
|
|t:|1729976973
|switch|p1a: Gengar|Gengar, M|100/100
|move|p2a: I'm Just Ken|Earthquake|p1a: Gengar
|-immune|p1a: Gengar
|
|-weather|Sandstorm|[upkeep]
|-damage|p1a: Gengar|94/100|[from] Sandstorm
|-heal|p1a: Gengar|100/100|[from] item: Leftovers
|upkeep
|turn|22
|
|t:|1729976981
|switch|p2a: Live Forever|Blissey, F|90/100
|move|p1a: Gengar|Thunderbolt|p2a: Live Forever
|-damage|p2a: Live Forever|77/100
|
|-weather|Sandstorm|[upkeep]
|-damage|p1a: Gengar|94/100|[from] Sandstorm
|-damage|p2a: Live Forever|71/100|[from] Sandstorm
|-heal|p1a: Gengar|100/100|[from] item: Leftovers
|-heal|p2a: Live Forever|77/100|[from] item: Leftovers
|upkeep
|turn|23
|
|t:|1729976984
|move|p1a: Gengar|Ice Punch|p2a: Live Forever
|-damage|p2a: Live Forever|67/100
|-status|p2a: Live Forever|frz
|-curestatus|p2a: Live Forever|frz|[msg]
|move|p2a: Live Forever|Wish|p2a: Live Forever
|
|-weather|Sandstorm|[upkeep]
|-damage|p1a: Gengar|94/100|[from] Sandstorm
|-damage|p2a: Live Forever|61/100|[from] Sandstorm
|-heal|p1a: Gengar|100/100|[from] item: Leftovers
|-heal|p2a: Live Forever|67/100|[from] item: Leftovers
|upkeep
|turn|24
|
|t:|1729976992
|move|p1a: Gengar|Thunderbolt|p2a: Live Forever
|-damage|p2a: Live Forever|55/100
|move|p2a: Live Forever|Ice Beam|p1a: Gengar
|-damage|p1a: Gengar|58/100
|
|-heal|p2a: Live Forever|100/100|[from] move: Wish|[wisher] Live Forever
|-weather|Sandstorm|[upkeep]
|-damage|p1a: Gengar|52/100|[from] Sandstorm
|-damage|p2a: Live Forever|94/100|[from] Sandstorm
|-heal|p1a: Gengar|58/100|[from] item: Leftovers
|-heal|p2a: Live Forever|100/100|[from] item: Leftovers
|upkeep
|turn|25
|
|t:|1729977002
|move|p1a: Gengar|Ice Punch|p2a: Live Forever
|-damage|p2a: Live Forever|91/100
|move|p2a: Live Forever|Ice Beam|p1a: Gengar
|-damage|p1a: Gengar|19/100
|
|-weather|Sandstorm|[upkeep]
|-damage|p1a: Gengar|13/100|[from] Sandstorm
|-damage|p2a: Live Forever|85/100|[from] Sandstorm
|-heal|p1a: Gengar|19/100|[from] item: Leftovers
|-heal|p2a: Live Forever|91/100|[from] item: Leftovers
|upkeep
|turn|26
|
|t:|1729977016
|switch|p1a: Suicune|Suicune|82/100
|move|p2a: Live Forever|Wish|p2a: Live Forever
|
|-weather|Sandstorm|[upkeep]
|-damage|p1a: Suicune|76/100|[from] Sandstorm
|-damage|p2a: Live Forever|85/100|[from] Sandstorm
|-heal|p2a: Live Forever|91/100|[from] item: Leftovers
|upkeep
|turn|27
|
|t:|1729977022
|switch|p2a: I'm Just Ken|Metagross, shiny|100/100
|move|p1a: Suicune|Calm Mind|p1a: Suicune
|-boost|p1a: Suicune|spa|1
|-boost|p1a: Suicune|spd|1
|
|-weather|Sandstorm|[upkeep]
|-damage|p1a: Suicune|70/100|[from] Sandstorm
|upkeep
|turn|28
|
|t:|1729977050
|switch|p1a: Gengar|Gengar, M|19/100
|move|p2a: I'm Just Ken|Meteor Mash|p1a: Gengar
|-damage|p1a: Gengar|0 fnt
|faint|p1a: Gengar
|
|t:|1729977054
|switch|p1a: Dodrio|Dodrio, M|82/100
|
|-weather|Sandstorm|[upkeep]
|-damage|p1a: Dodrio|76/100|[from] Sandstorm
|upkeep
|turn|29
|
|t:|1729977059
|move|p1a: Dodrio|Baton Pass|p1a: Dodrio
|
|t:|1729977061
|switch|p1a: Suicune|Suicune|70/100|[from] Baton Pass
|move|p2a: I'm Just Ken|Meteor Mash|p1a: Suicune|[miss]
|-miss|p2a: I'm Just Ken|p1a: Suicune
|
|-weather|Sandstorm|[upkeep]
|-damage|p1a: Suicune|63/100|[from] Sandstorm
|upkeep
|turn|30
|
|t:|1729977066
|move|p1a: Suicune|Calm Mind|p1a: Suicune
|-boost|p1a: Suicune|spa|1
|-boost|p1a: Suicune|spd|1
|move|p2a: I'm Just Ken|Earthquake|p1a: Suicune
|-damage|p1a: Suicune|32/100
|
|-weather|Sandstorm|[upkeep]
|-damage|p1a: Suicune|26/100|[from] Sandstorm
|upkeep
|turn|31
|
|t:|1729977070
|move|p1a: Suicune|Rest|p1a: Suicune
|-status|p1a: Suicune|slp|[from] move: Rest
|-heal|p1a: Suicune|100/100 slp|[silent]
|-enditem|p1a: Suicune|Chesto Berry|[eat]
|-curestatus|p1a: Suicune|slp|[msg]
|move|p2a: I'm Just Ken|Earthquake|p1a: Suicune
|-damage|p1a: Suicune|73/100
|
|-weather|Sandstorm|[upkeep]
|-damage|p1a: Suicune|66/100|[from] Sandstorm
|upkeep
|turn|32
|
|t:|1729977076
|move|p1a: Suicune|Surf|p2a: I'm Just Ken
|-damage|p2a: I'm Just Ken|49/100
|move|p2a: I'm Just Ken|Earthquake|p1a: Suicune
|-damage|p1a: Suicune|36/100
|
|-weather|Sandstorm|[upkeep]
|-damage|p1a: Suicune|30/100|[from] Sandstorm
|-heal|p2a: I'm Just Ken|55/100|[from] item: Leftovers
|upkeep
|turn|33
|
|t:|1729977084
|switch|p1a: Dodrio|Dodrio, M|76/100
|move|p2a: I'm Just Ken|Explosion|p1a: Dodrio
|-crit|p1a: Dodrio
|-damage|p1a: Dodrio|0 fnt
|faint|p2a: I'm Just Ken
|faint|p1a: Dodrio
|
|t:|1729977086
|switch|p1a: Suicune|Suicune|30/100
|switch|p2a: Basket Case Demo|Salamence, M|76/100
|-ability|p2a: Basket Case Demo|Intimidate|boost
|-unboost|p1a: Suicune|atk|1
|
|-weather|Sandstorm|[upkeep]
|-damage|p2a: Basket Case Demo|70/100|[from] Sandstorm
|-damage|p1a: Suicune|23/100|[from] Sandstorm
|upkeep
|turn|34
|
|t:|1729977091
|move|p2a: Basket Case Demo|Hidden Power|p1a: Suicune
|-damage|p1a: Suicune|0 fnt
|faint|p1a: Suicune
|
|win|billclintonlol
|c|☆billclintonlol|gg
|c|☆swinubfan123|ggs
|player|p1|
|player|p2|
|player|p2|billclintonlol|lucas|

</script>
<script type="application/json" class="data" id="replaydata-smogtours-gen3ou-802312">
{"id":"smogtours-gen3ou-802312","format":"[Gen 3] OU","players":["swinubfan123","billclintonlol"],"uploadtime":1729977091,"views":68,"formatid":"gen3ou","rating":null,"private":0,"password":null}
</script>

<script defer src="js/replays.js?9d40a366"></script>
