<!DOCTYPE html>
<meta charset="utf-8" />
<meta name="viewport" content="width=device-width" />

<title>[Gen 3] OU: ByrneBabyyyyy vs. Buzzed27 - Replays - Pok&eacute;mon Showdown!</title>

<meta name="description" content="Watch a replay of a Pok&eacute;mon battle between ByrneBabyyyyy and Buzzed27! Format: [Gen 3] OU; Date: Oct 2, 2024" />
<!--

Hey, you! Looking in the source for the replay log?

You can find them in JSON format, just add `.json` at the end of a replay URL.

https://replay.pokemonshowdown.com/gen7randomdoublesbattle-865046831.json

Or, if you only need the log itself, add `.log` instead:

https://replay.pokemonshowdown.com/gen7randomdoublesbattle-865046831.log

-->

<link rel="stylesheet" href="//pokemonshowdown.com/style/global.css?0.767286132409787" />
<link rel="stylesheet" href="//play.pokemonshowdown.com/style/font-awesome.css?0.9266228007934947" />
<link rel="stylesheet" href="//play.pokemonshowdown.com/style/battle.css?0.7924700842790926" />
<link rel="stylesheet" href="//play.pokemonshowdown.com/style/utilichart.css?0.8777417872839479" />

<!-- Global site tag (gtag.js) - Google Analytics -->
<script async src="https://www.googletagmanager.com/gtag/js?id=UA-26211653-1"></script>
<script>
  window.dataLayer = window.dataLayer || [];
  function gtag(){dataLayer.push(arguments);}
  gtag('js', new Date());

  gtag('config', 'UA-26211653-1');
</script>
<!-- End Google Analytics -->
<!-- Venatus Ad Manager - Install in <HEAD> of page -->
	<script src="https://hb.vntsm.com/v3/live/ad-manager.min.js" type="text/javascript" data-site-id="642aba63ec9a7b11c3c9c1be" data-mode="scan" async></script>
<!-- / Venatus Ad Manager -->

<style>
	@media (max-width:820px) {
		.battle {
			margin: 0 auto;
		}
		.battle-log {
			margin: 7px auto 0;
			max-width: 640px;
			height: 300px;
			position: static;
		}
	}
	.optgroup {
		display: inline-block;
		line-height: 22px;
		font-size: 10pt;
	}
	.optgroup .button {
		height: 25px;
		padding-top: 0;
		padding-bottom: 0;
	}
	.optgroup button.button {
		padding-left: 12px;
		padding-right: 12px;
	}
	.linklist {
		list-style: none;
		margin: 0.5em 0;
		padding: 0;
	}
	.linklist li {
		padding: 2px 0;
	}
	.sidebar {
		float: left;
		width: 320px;
	}
	.bar-wrapper {
		max-width: 1100px;
		margin: 0 auto;
	}
	.bar-wrapper.has-sidebar {
		max-width: 1430px;
	}
	.mainbar {
		margin: 0;
		padding-right: 1px;
	}
	.mainbar.has-sidebar {
		margin-left: 330px;
	}
	@media (min-width: 1511px) {
		.sidebar {
			width: 400px;
		}
		.bar-wrapper.has-sidebar {
			max-width: 1510px;
		}
		.mainbar.has-sidebar {
			margin-left: 410px;
		}
	}
	.section.first-section {
		margin-top: 9px;
	}
	.blocklink small {
		white-space: normal;
	}
	.button {
		vertical-align: middle;
	}
	.replay-controls {
		padding-top: 10px;
	}
	.replay-controls h1 {
		font-size: 16pt;
		font-weight: normal;
		color: #CCC;
	}
	.pagelink {
		text-align: center;
	}
	.pagelink a {
		width: 150px;
	}
	.textbox, .button {
		font-size: 11pt;
		vertical-align: middle;
	}
	@media (max-width: 450px) {
		.button {
			font-size: 9pt;
		}
	}
</style>

<div>

	<header>
		<div class="nav-wrapper"><ul class="nav">
			<li><a class="button nav-first" href="//pokemonshowdown.com/"><img src="//pokemonshowdown.com/images/pokemonshowdownbeta.png" srcset="//pokemonshowdown.com/images/pokemonshowdownbeta.png 1x, //pokemonshowdown.com/images/pokemonshowdownbeta@2x.png 2x" alt="Pok&eacute;mon Showdown" width="146" height="44" /> Home</a></li>
			<li><a class="button" href="//pokemonshowdown.com/dex/">Pok&eacute;dex</a></li>
			<li><a class="button cur" href="/">Replays</a></li>
			<li><a class="button" href="//pokemonshowdown.com/ladder/">Ladder</a></li>
			<li><a class="button nav-last" href="//pokemonshowdown.com/forums/">Forum</a></li>
			<li><a class="button greenbutton nav-first nav-last" href="//play.pokemonshowdown.com/">Play</a></li>
		</ul></div>
	</header>

	<div class="main" id="main">

		<noscript><section class="section">You need to enable JavaScript to use this page; sorry!</section></noscript>

	</div>

</div>

<script defer nomodule src="//play.pokemonshowdown.com/js/lib/ps-polyfill.js"></script>
<script defer src="//play.pokemonshowdown.com/js/lib/preact.min.js"></script>

<script defer src="//play.pokemonshowdown.com/config/config.js?6dec07f6"></script>
<script defer src="//play.pokemonshowdown.com/js/lib/jquery-1.11.0.min.js"></script>
<script defer src="//play.pokemonshowdown.com/js/lib/html-sanitizer-minified.js"></script>
<script defer src="//play.pokemonshowdown.com/js/battle-sound.js"></script>
<script defer src="//play.pokemonshowdown.com/js/battledata.js?0.6315294753075389"></script>
<script defer src="//play.pokemonshowdown.com/data/pokedex-mini.js?0.7603743185311358"></script>
<script defer src="//play.pokemonshowdown.com/data/pokedex-mini-bw.js?0.030888842834281283"></script>
<script defer src="//play.pokemonshowdown.com/data/graphics.js?0.05593094747507488"></script>
<script defer src="//play.pokemonshowdown.com/data/pokedex.js?0.47064822249611904"></script>
<script defer src="//play.pokemonshowdown.com/data/moves.js?0.8583693120512459"></script>
<script defer src="//play.pokemonshowdown.com/data/abilities.js?0.16017181182386842"></script>
<script defer src="//play.pokemonshowdown.com/data/items.js?0.4163379185673943"></script>
<script defer src="//play.pokemonshowdown.com/data/teambuilder-tables.js?0.31075597372830477"></script>
<script defer src="//play.pokemonshowdown.com/js/battle-tooltips.js?0.6536193500708172"></script>
<script defer src="//play.pokemonshowdown.com/js/battle.js?0.1916591943277901"></script>

<script defer src="js/utils.js?e31f9a17"></script>
<script defer src="js/replays-battle.js?7008c182"></script>

<!-- don't scrape this data! just add .json or .log after the URL!
Full API docs: https://github.com/smogon/pokemon-showdown-client/blob/master/WEB-API.md -->
<script type="text/plain" class="log" id="replaylog-smogtours-gen3ou-794054">
|inactive|Battle timer is ON: inactive players will automatically lose when time's up.
|t:|1727902870
|gametype|singles
|player|p1|ByrneBabyyyyy|1|
|player|p2|Buzzed27|169|
|teamsize|p1|6
|teamsize|p2|6
|gen|3
|tier|[Gen 3] OU
|rule|Sleep Clause Mod: Limit one foe put to sleep
|rule|Switch Priority Clause Mod: Faster Pokémon switch first
|rule|Species Clause: Limit one of each Pokémon
|rule|OHKO Clause: OHKO moves are banned
|rule|Evasion Items Clause: Evasion items are banned
|rule|Evasion Moves Clause: Evasion moves are banned
|rule|Endless Battle Clause: Forcing endless battles is banned
|rule|HP Percentage Mod: HP is shown in percentages
|rule|One Boost Passer Clause: Limit one Baton Passer that has a way to boost its stats
|rule|Freeze Clause Mod: Limit one foe frozen
|
|t:|1727902870
|start
|switch|p1a: Salamence|Salamence, M|100/100
|switch|p2a: Zapdos|Zapdos|100/100
|-ability|p1a: Salamence|Intimidate|boost
|-unboost|p2a: Zapdos|atk|1
|turn|1
|
|t:|1727902882
|switch|p1a: Celebi|Celebi|100/100
|move|p2a: Zapdos|Thunderbolt|p1a: Celebi
|-resisted|p1a: Celebi
|-damage|p1a: Celebi|85/100
|
|-heal|p1a: Celebi|91/100|[from] item: Leftovers
|upkeep
|turn|2
|
|t:|1727902890
|switch|p1a: Claydol|Claydol|100/100
|switch|p2a: Forretress|Forretress, M|100/100
|
|upkeep
|turn|3
|
|t:|1727902902
|switch|p1a: Salamence|Salamence, M|100/100
|-ability|p1a: Salamence|Intimidate|boost
|-unboost|p2a: Forretress|atk|1
|move|p2a: Forretress|Spikes|p1a: Salamence
|-sidestart|p1: ByrneBabyyyyy|Spikes
|
|upkeep
|turn|4
|
|t:|1727902917
|switch|p1a: Celebi|Celebi|91/100
|-damage|p1a: Celebi|79/100|[from] Spikes
|switch|p2a: Gyarados|Gyarados, M|100/100
|-ability|p2a: Gyarados|Intimidate|boost
|-unboost|p1a: Celebi|atk|1
|
|-heal|p1a: Celebi|85/100|[from] item: Leftovers
|upkeep
|turn|5
|
|t:|1727902943
|switch|p2a: Forretress|Forretress, M|100/100
|move|p1a: Celebi|Leech Seed|p2a: Forretress
|-start|p2a: Forretress|move: Leech Seed
|
|-heal|p1a: Celebi|91/100|[from] item: Leftovers
|-damage|p2a: Forretress|88/100|[from] Leech Seed|[of] p1a: Celebi
|-heal|p1a: Celebi|100/100|[silent]
|upkeep
|turn|6
|
|t:|1727902948
|move|p1a: Celebi|Hidden Power|p2a: Forretress
|-supereffective|p2a: Forretress
|-damage|p2a: Forretress|29/100
|move|p2a: Forretress|Rapid Spin|p1a: Celebi
|-damage|p1a: Celebi|97/100
|-end|p2a: Forretress|Leech Seed|[from] move: Rapid Spin|[of] p2a: Forretress
|
|-heal|p1a: Celebi|100/100|[from] item: Leftovers
|-heal|p2a: Forretress|35/100|[from] item: Leftovers
|upkeep
|turn|7
|
|t:|1727902972
|switch|p2a: Gyarados|Gyarados, M|100/100
|-ability|p2a: Gyarados|Intimidate|boost
|-unboost|p1a: Celebi|atk|1
|move|p1a: Celebi|Hidden Power|p2a: Gyarados
|-resisted|p2a: Gyarados
|-damage|p2a: Gyarados|93/100
|
|-heal|p2a: Gyarados|99/100|[from] item: Leftovers
|upkeep
|turn|8
|
|t:|1727902994
|switch|p2a: Tyranitar|Tyranitar, M|100/100
|-weather|Sandstorm|[from] ability: Sand Stream|[of] p2a: Tyranitar
|switch|p1a: Skarmory|Skarmory, F|100/100
|
|-weather|Sandstorm|[upkeep]
|upkeep
|turn|9
|
|t:|1727903006
|switch|p1a: Claydol|Claydol|100/100
|switch|p2a: Forretress|Forretress, M|35/100
|
|-weather|Sandstorm|[upkeep]
|-heal|p2a: Forretress|41/100|[from] item: Leftovers
|upkeep
|turn|10
|inactive|ByrneBabyyyyy has 270 seconds left.
|inactive|ByrneBabyyyyy has 240 seconds left.
|inactive|Buzzed27 has 270 seconds left.
|inactive|ByrneBabyyyyy disconnected and has 300 seconds to reconnect!
|player|p1|
|inactive|ByrneBabyyyyy reconnected and has 235 seconds left.
|player|p1|ByrneBabyyyyy|1|
|c|☆ByrneBabyyyyy|internet is a little spotty
|inactive|Buzzed27 has 240 seconds left.
|
|t:|1727903085
|switch|p1a: Salamence|Salamence, M|100/100
|-ability|p1a: Salamence|Intimidate|boost
|-unboost|p2a: Forretress|atk|1
|switch|p2a: Swampert|Swampert, F|100/100
|
|-weather|Sandstorm|[upkeep]
|-damage|p1a: Salamence|94/100|[from] Sandstorm
|-heal|p1a: Salamence|100/100|[from] item: Leftovers
|upkeep
|turn|11
|inactive|Buzzed27 has 240 seconds left.
|
|t:|1727903112
|switch|p1a: Skarmory|Skarmory, F|100/100
|move|p2a: Swampert|Ice Beam|p1a: Skarmory
|-damage|p1a: Skarmory|82/100
|
|-weather|Sandstorm|[upkeep]
|-heal|p1a: Skarmory|88/100|[from] item: Leftovers
|upkeep
|turn|12
|
|t:|1727903123
|switch|p2a: Forretress|Forretress, M|41/100
|move|p1a: Skarmory|Toxic|p2a: Forretress
|-immune|p2a: Forretress
|
|-weather|Sandstorm|[upkeep]
|-heal|p1a: Skarmory|94/100|[from] item: Leftovers
|-heal|p2a: Forretress|47/100|[from] item: Leftovers
|upkeep
|turn|13
|
|t:|1727903133
|move|p1a: Skarmory|Spikes|p2a: Forretress
|-sidestart|p2: Buzzed27|Spikes
|move|p2a: Forretress|Spikes|p1a: Skarmory
|-sidestart|p1: ByrneBabyyyyy|Spikes
|
|-weather|Sandstorm|[upkeep]
|-heal|p1a: Skarmory|99/100|[from] item: Leftovers
|-heal|p2a: Forretress|54/100|[from] item: Leftovers
|upkeep
|turn|14
|inactive|ByrneBabyyyyy disconnected and has 290 seconds to reconnect!
|player|p1|
|inactive|ByrneBabyyyyy has 270 seconds to reconnect!
|inactive|ByrneBabyyyyy reconnected and has 220 seconds left.
|player|p1|ByrneBabyyyyy|1|
|
|t:|1727903181
|switch|p1a: Salamence|Salamence, M|100/100
|-ability|p1a: Salamence|Intimidate|boost
|-unboost|p2a: Forretress|atk|1
|move|p2a: Forretress|Rapid Spin|p1a: Salamence
|-damage|p1a: Salamence|97/100
|-sideend|p2: Buzzed27|Spikes|[from] move: Rapid Spin|[of] p2a: Forretress
|
|-weather|Sandstorm|[upkeep]
|-damage|p1a: Salamence|91/100|[from] Sandstorm
|-heal|p1a: Salamence|97/100|[from] item: Leftovers
|-heal|p2a: Forretress|60/100|[from] item: Leftovers
|upkeep
|turn|15
|
|t:|1727903195
|switch|p2a: Gyarados|Gyarados, M|99/100
|-ability|p2a: Gyarados|Intimidate|boost
|-unboost|p1a: Salamence|atk|1
|move|p1a: Salamence|Fire Blast|p2a: Gyarados
|-resisted|p2a: Gyarados
|-damage|p2a: Gyarados|82/100
|
|-weather|Sandstorm|[upkeep]
|-damage|p1a: Salamence|91/100|[from] Sandstorm
|-damage|p2a: Gyarados|76/100|[from] Sandstorm
|-heal|p1a: Salamence|97/100|[from] item: Leftovers
|-heal|p2a: Gyarados|82/100|[from] item: Leftovers
|upkeep
|turn|16
|
|t:|1727903216
|switch|p1a: Claydol|Claydol|100/100
|move|p2a: Gyarados|Dragon Dance|p2a: Gyarados
|-boost|p2a: Gyarados|atk|1
|-boost|p2a: Gyarados|spe|1
|
|-weather|Sandstorm|[upkeep]
|-damage|p2a: Gyarados|76/100|[from] Sandstorm
|-heal|p2a: Gyarados|82/100|[from] item: Leftovers
|upkeep
|turn|17
|inactive|Buzzed27 has 270 seconds left.
|
|t:|1727903231
|switch|p2a: Swampert|Swampert, F|100/100
|move|p1a: Claydol|Rapid Spin|p2a: Swampert
|-damage|p2a: Swampert|97/100
|-sideend|p1: ByrneBabyyyyy|Spikes|[from] move: Rapid Spin|[of] p1a: Claydol
|
|-weather|Sandstorm|[upkeep]
|-heal|p2a: Swampert|100/100|[from] item: Leftovers
|upkeep
|turn|18
|
|t:|1727903236
|switch|p1a: Skarmory|Skarmory, F|99/100
|move|p2a: Swampert|Ice Beam|p1a: Skarmory
|-damage|p1a: Skarmory|80/100
|
|-weather|Sandstorm|[upkeep]
|-heal|p1a: Skarmory|86/100|[from] item: Leftovers
|upkeep
|turn|19
|inactive|ByrneBabyyyyy has 240 seconds left.
|
|t:|1727903254
|switch|p1a: Regice|Regice|100/100
|switch|p2a: Forretress|Forretress, M|60/100
|
|-weather|Sandstorm|[upkeep]
|-damage|p1a: Regice|94/100|[from] Sandstorm
|-heal|p1a: Regice|100/100|[from] item: Leftovers
|-heal|p2a: Forretress|66/100|[from] item: Leftovers
|upkeep
|turn|20
|inactive|Buzzed27 has 270 seconds left.
|
|t:|1727903282
|switch|p2a: Swampert|Swampert, F|100/100
|move|p1a: Regice|Thunder Wave|p2a: Swampert
|-immune|p2a: Swampert
|
|-weather|Sandstorm|[upkeep]
|-damage|p1a: Regice|94/100|[from] Sandstorm
|-heal|p1a: Regice|100/100|[from] item: Leftovers
|upkeep
|turn|21
|
|t:|1727903285
|switch|p2a: Jirachi|Jirachi|100/100
|move|p1a: Regice|Toxic|p2a: Jirachi
|-immune|p2a: Jirachi
|
|-weather|Sandstorm|[upkeep]
|-damage|p1a: Regice|94/100|[from] Sandstorm
|-heal|p1a: Regice|100/100|[from] item: Leftovers
|upkeep
|turn|22
|
|t:|1727903293
|move|p2a: Jirachi|Toxic|p1a: Regice
|-status|p1a: Regice|tox
|move|p1a: Regice|Thunder Wave|p2a: Jirachi
|-status|p2a: Jirachi|par
|
|-weather|Sandstorm|[upkeep]
|-damage|p1a: Regice|94/100 tox|[from] Sandstorm
|-heal|p1a: Regice|100/100 tox|[from] item: Leftovers
|-damage|p1a: Regice|94/100 tox|[from] psn
|upkeep
|turn|23
|
|t:|1727903301
|switch|p1a: Skarmory|Skarmory, F|86/100
|move|p2a: Jirachi|Fire Punch|p1a: Skarmory
|-supereffective|p1a: Skarmory
|-crit|p1a: Skarmory
|-damage|p1a: Skarmory|20/100
|
|-weather|Sandstorm|[upkeep]
|-heal|p1a: Skarmory|26/100|[from] item: Leftovers
|upkeep
|turn|24
|
|t:|1727903310
|move|p1a: Skarmory|Protect|p1a: Skarmory
|-singleturn|p1a: Skarmory|Protect
|move|p2a: Jirachi|Fire Punch|p1a: Skarmory
|-activate|p1a: Skarmory|Protect
|
|-weather|Sandstorm|[upkeep]
|-heal|p1a: Skarmory|32/100|[from] item: Leftovers
|upkeep
|turn|25
|
|t:|1727903318
|switch|p1a: Salamence|Salamence, M|97/100
|-ability|p1a: Salamence|Intimidate|boost
|-unboost|p2a: Jirachi|atk|1
|cant|p2a: Jirachi|par
|
|-weather|Sandstorm|[upkeep]
|-damage|p1a: Salamence|91/100|[from] Sandstorm
|-heal|p1a: Salamence|97/100|[from] item: Leftovers
|upkeep
|turn|26
|inactive|ByrneBabyyyyy has 270 seconds left.
|
|t:|1727903335
|move|p1a: Salamence|Fire Blast|p2a: Jirachi
|-supereffective|p2a: Jirachi
|-damage|p2a: Jirachi|52/100 par
|cant|p2a: Jirachi|par
|
|-weather|Sandstorm|[upkeep]
|-damage|p1a: Salamence|91/100|[from] Sandstorm
|-heal|p1a: Salamence|97/100|[from] item: Leftovers
|-heal|p2a: Jirachi|58/100 par|[from] item: Leftovers
|upkeep
|turn|27
|inactive|ByrneBabyyyyy has 270 seconds left.
|inactive|ByrneBabyyyyy disconnected and has 260 seconds to reconnect!
|player|p1|
|inactive|Buzzed27 has 270 seconds left.
|inactive|ByrneBabyyyyy reconnected and has 255 seconds left.
|player|p1|ByrneBabyyyyy|1|
|
|t:|1727903380
|switch|p2a: Zapdos|Zapdos|100/100
|move|p1a: Salamence|Fire Blast|p2a: Zapdos
|-crit|p2a: Zapdos
|-damage|p2a: Zapdos|50/100
|
|-weather|Sandstorm|[upkeep]
|-damage|p1a: Salamence|91/100|[from] Sandstorm
|-damage|p2a: Zapdos|44/100|[from] Sandstorm
|-heal|p1a: Salamence|97/100|[from] item: Leftovers
|-heal|p2a: Zapdos|50/100|[from] item: Leftovers
|upkeep
|turn|28
|
|t:|1727903391
|switch|p1a: Celebi|Celebi|100/100
|move|p2a: Zapdos|Rest|p2a: Zapdos
|-status|p2a: Zapdos|slp|[from] move: Rest
|-heal|p2a: Zapdos|100/100 slp|[silent]
|
|-weather|Sandstorm|[upkeep]
|-damage|p1a: Celebi|94/100|[from] Sandstorm
|-damage|p2a: Zapdos|94/100 slp|[from] Sandstorm
|-heal|p1a: Celebi|100/100|[from] item: Leftovers
|-heal|p2a: Zapdos|100/100 slp|[from] item: Leftovers
|upkeep
|turn|29
|inactive|Buzzed27 has 270 seconds left.
|
|t:|1727903407
|move|p1a: Celebi|Leech Seed|p2a: Zapdos
|-start|p2a: Zapdos|move: Leech Seed
|cant|p2a: Zapdos|slp
|
|-weather|Sandstorm|[upkeep]
|-damage|p1a: Celebi|94/100|[from] Sandstorm
|-damage|p2a: Zapdos|94/100 slp|[from] Sandstorm
|-heal|p1a: Celebi|100/100|[from] item: Leftovers
|-heal|p2a: Zapdos|100/100 slp|[from] item: Leftovers
|-damage|p2a: Zapdos|88/100 slp|[from] Leech Seed|[of] p1a: Celebi
|upkeep
|turn|30
|inactive|ByrneBabyyyyy has 270 seconds left.
|inactive|Buzzed27 has 270 seconds left.
|
|t:|1727903421
|switch|p2a: Tyranitar|Tyranitar, M|100/100
|move|p1a: Celebi|Leech Seed|p2a: Tyranitar
|-start|p2a: Tyranitar|move: Leech Seed
|
|-weather|Sandstorm|[upkeep]
|-damage|p1a: Celebi|94/100|[from] Sandstorm
|-heal|p1a: Celebi|100/100|[from] item: Leftovers
|-damage|p2a: Tyranitar|88/100|[from] Leech Seed|[of] p1a: Celebi
|upkeep
|turn|31
|
|t:|1727903431
|switch|p1a: Claydol|Claydol|100/100
|switch|p2a: Jirachi|Jirachi|58/100 par
|
|-weather|Sandstorm|[upkeep]
|-heal|p2a: Jirachi|64/100 par|[from] item: Leftovers
|upkeep
|turn|32
|
|t:|1727903436
|switch|p2a: Zapdos|Zapdos|88/100 slp
|move|p1a: Claydol|Earthquake|p2a: Zapdos
|-immune|p2a: Zapdos
|
|-weather|Sandstorm|[upkeep]
|-damage|p2a: Zapdos|82/100 slp|[from] Sandstorm
|-heal|p2a: Zapdos|88/100 slp|[from] item: Leftovers
|upkeep
|turn|33
|
|t:|1727903444
|switch|p1a: Skarmory|Skarmory, F|32/100
|cant|p2a: Zapdos|slp
|
|-weather|Sandstorm|[upkeep]
|-damage|p2a: Zapdos|82/100 slp|[from] Sandstorm
|-heal|p2a: Zapdos|88/100 slp|[from] item: Leftovers
|-heal|p1a: Skarmory|38/100|[from] item: Leftovers
|upkeep
|turn|34
|
|t:|1727903446
|switch|p1a: Celebi|Celebi|100/100
|-curestatus|p2a: Zapdos|slp|[msg]
|move|p2a: Zapdos|Thunderbolt|p1a: Celebi
|-resisted|p1a: Celebi
|-damage|p1a: Celebi|84/100
|-status|p1a: Celebi|par
|
|-weather|Sandstorm|[upkeep]
|-damage|p2a: Zapdos|82/100|[from] Sandstorm
|-damage|p1a: Celebi|77/100 par|[from] Sandstorm
|-heal|p2a: Zapdos|88/100|[from] item: Leftovers
|-heal|p1a: Celebi|84/100 par|[from] item: Leftovers
|upkeep
|turn|35
|inactive|ByrneBabyyyyy has 270 seconds left.
|inactive|Buzzed27 has 270 seconds left.
|
|t:|1727903484
|switch|p2a: Jirachi|Jirachi|64/100 par
|-curestatus|p1a: Celebi|par|[from] ability: Natural Cure
|switch|p1a: Salamence|Salamence, M|97/100
|-ability|p1a: Salamence|Intimidate|boost
|-unboost|p2a: Jirachi|atk|1
|
|-weather|Sandstorm|[upkeep]
|-damage|p1a: Salamence|91/100|[from] Sandstorm
|-heal|p1a: Salamence|97/100|[from] item: Leftovers
|-heal|p2a: Jirachi|70/100 par|[from] item: Leftovers
|upkeep
|turn|36
|inactive|ByrneBabyyyyy has 270 seconds left.
|inactive|Buzzed27 has 270 seconds left.
|
|t:|1727903499
|switch|p2a: Swampert|Swampert, F|100/100
|move|p1a: Salamence|Fire Blast|p2a: Swampert
|-resisted|p2a: Swampert
|-damage|p2a: Swampert|86/100
|
|-weather|Sandstorm|[upkeep]
|-damage|p1a: Salamence|91/100|[from] Sandstorm
|-heal|p1a: Salamence|97/100|[from] item: Leftovers
|-heal|p2a: Swampert|92/100|[from] item: Leftovers
|upkeep
|turn|37
|
|t:|1727903506
|switch|p1a: Regice|Regice|94/100 tox
|move|p2a: Swampert|Protect||[still]
|-fail|p2a: Swampert
|
|-weather|Sandstorm|[upkeep]
|-damage|p1a: Regice|88/100 tox|[from] Sandstorm
|-heal|p2a: Swampert|98/100|[from] item: Leftovers
|-heal|p1a: Regice|94/100 tox|[from] item: Leftovers
|-damage|p1a: Regice|88/100 tox|[from] psn
|upkeep
|turn|38
|
|t:|1727903519
|switch|p1a: Celebi|Celebi|84/100
|move|p2a: Swampert|Protect||[still]
|-fail|p2a: Swampert
|
|-weather|Sandstorm|[upkeep]
|-damage|p1a: Celebi|77/100|[from] Sandstorm
|-heal|p1a: Celebi|84/100|[from] item: Leftovers
|-heal|p2a: Swampert|100/100|[from] item: Leftovers
|upkeep
|turn|39
|
|t:|1727903545
|move|p1a: Celebi|Leech Seed|p2a: Swampert
|-start|p2a: Swampert|move: Leech Seed
|move|p2a: Swampert|Ice Beam|p1a: Celebi
|-supereffective|p1a: Celebi
|-damage|p1a: Celebi|55/100
|
|-weather|Sandstorm|[upkeep]
|-damage|p1a: Celebi|49/100|[from] Sandstorm
|-heal|p1a: Celebi|55/100|[from] item: Leftovers
|-damage|p2a: Swampert|88/100|[from] Leech Seed|[of] p1a: Celebi
|-heal|p1a: Celebi|68/100|[silent]
|upkeep
|turn|40
|
|t:|1727903551
|switch|p2a: Jirachi|Jirachi|70/100 par
|move|p1a: Celebi|Recover|p1a: Celebi
|-heal|p1a: Celebi|100/100
|
|-weather|Sandstorm|[upkeep]
|-damage|p1a: Celebi|94/100|[from] Sandstorm
|-heal|p1a: Celebi|100/100|[from] item: Leftovers
|-heal|p2a: Jirachi|76/100 par|[from] item: Leftovers
|upkeep
|turn|41
|
|t:|1727903566
|move|p1a: Celebi|Leech Seed|p2a: Jirachi
|-start|p2a: Jirachi|move: Leech Seed
|move|p2a: Jirachi|Toxic|p1a: Celebi
|-status|p1a: Celebi|tox
|
|-weather|Sandstorm|[upkeep]
|-damage|p1a: Celebi|94/100 tox|[from] Sandstorm
|-heal|p1a: Celebi|100/100 tox|[from] item: Leftovers
|-damage|p1a: Celebi|94/100 tox|[from] psn
|-heal|p2a: Jirachi|83/100 par|[from] item: Leftovers
|-damage|p2a: Jirachi|70/100 par|[from] Leech Seed|[of] p1a: Celebi
|-heal|p1a: Celebi|100/100 tox|[silent]
|upkeep
|turn|42
|
|t:|1727903579
|switch|p2a: Zapdos|Zapdos|88/100
|move|p1a: Celebi|Heal Bell|p1a: Celebi
|-activate|p1a: Celebi|move: Heal Bell
|-curestatus|p1a: Celebi|tox|[silent]
|-curestatus|p1: Regice|tox|[silent]
|
|-weather|Sandstorm|[upkeep]
|-damage|p1a: Celebi|94/100|[from] Sandstorm
|-damage|p2a: Zapdos|82/100|[from] Sandstorm
|-heal|p1a: Celebi|100/100|[from] item: Leftovers
|-heal|p2a: Zapdos|88/100|[from] item: Leftovers
|upkeep
|turn|43
|
|t:|1727903593
|move|p1a: Celebi|Leech Seed|p2a: Zapdos
|-start|p2a: Zapdos|move: Leech Seed
|move|p2a: Zapdos|Toxic|p1a: Celebi
|-status|p1a: Celebi|tox
|
|-weather|Sandstorm|[upkeep]
|-damage|p1a: Celebi|94/100 tox|[from] Sandstorm
|-damage|p2a: Zapdos|82/100|[from] Sandstorm
|-heal|p1a: Celebi|100/100 tox|[from] item: Leftovers
|-damage|p1a: Celebi|94/100 tox|[from] psn
|-heal|p2a: Zapdos|88/100|[from] item: Leftovers
|-damage|p2a: Zapdos|75/100|[from] Leech Seed|[of] p1a: Celebi
|-heal|p1a: Celebi|100/100 tox|[silent]
|upkeep
|turn|44
|
|t:|1727903607
|-curestatus|p1a: Celebi|tox|[from] ability: Natural Cure
|switch|p1a: Skarmory|Skarmory, F|38/100
|switch|p2a: Tyranitar|Tyranitar, M|88/100
|
|-weather|Sandstorm|[upkeep]
|-heal|p1a: Skarmory|44/100|[from] item: Leftovers
|-heal|p2a: Tyranitar|94/100|[from] item: Leftovers
|upkeep
|turn|45
|
|t:|1727903619
|switch|p2a: Forretress|Forretress, M|66/100
|move|p1a: Skarmory|Toxic|p2a: Forretress
|-immune|p2a: Forretress
|
|-weather|Sandstorm|[upkeep]
|-heal|p1a: Skarmory|50/100|[from] item: Leftovers
|-heal|p2a: Forretress|72/100|[from] item: Leftovers
|upkeep
|turn|46
|
|t:|1727903628
|move|p1a: Skarmory|Spikes|p2a: Forretress
|-sidestart|p2: Buzzed27|Spikes
|move|p2a: Forretress|Spikes|p1a: Skarmory
|-sidestart|p1: ByrneBabyyyyy|Spikes
|
|-weather|Sandstorm|[upkeep]
|-heal|p1a: Skarmory|56/100|[from] item: Leftovers
|-heal|p2a: Forretress|78/100|[from] item: Leftovers
|upkeep
|turn|47
|
|t:|1727903631
|move|p1a: Skarmory|Spikes|p2a: Forretress
|-sidestart|p2: Buzzed27|Spikes
|move|p2a: Forretress|Rapid Spin|p1a: Skarmory
|-resisted|p1a: Skarmory
|-damage|p1a: Skarmory|54/100
|-sideend|p2: Buzzed27|Spikes|[from] move: Rapid Spin|[of] p2a: Forretress
|
|-weather|Sandstorm|[upkeep]
|-heal|p1a: Skarmory|60/100|[from] item: Leftovers
|-heal|p2a: Forretress|85/100|[from] item: Leftovers
|upkeep
|turn|48
|
|t:|1727903635
|move|p1a: Skarmory|Spikes|p2a: Forretress
|-sidestart|p2: Buzzed27|Spikes
|move|p2a: Forretress|Spikes|p1a: Skarmory
|-sidestart|p1: ByrneBabyyyyy|Spikes
|
|-weather|Sandstorm|[upkeep]
|-heal|p1a: Skarmory|66/100|[from] item: Leftovers
|-heal|p2a: Forretress|91/100|[from] item: Leftovers
|upkeep
|turn|49
|
|t:|1727903638
|move|p1a: Skarmory|Spikes|p2a: Forretress
|-sidestart|p2: Buzzed27|Spikes
|move|p2a: Forretress|Rapid Spin|p1a: Skarmory
|-resisted|p1a: Skarmory
|-damage|p1a: Skarmory|65/100
|-sideend|p2: Buzzed27|Spikes|[from] move: Rapid Spin|[of] p2a: Forretress
|
|-weather|Sandstorm|[upkeep]
|-heal|p1a: Skarmory|71/100|[from] item: Leftovers
|-heal|p2a: Forretress|97/100|[from] item: Leftovers
|upkeep
|turn|50
|
|t:|1727903641
|move|p1a: Skarmory|Spikes|p2a: Forretress
|-sidestart|p2: Buzzed27|Spikes
|move|p2a: Forretress|Spikes|p1a: Skarmory
|-sidestart|p1: ByrneBabyyyyy|Spikes
|
|-weather|Sandstorm|[upkeep]
|-heal|p1a: Skarmory|77/100|[from] item: Leftovers
|-heal|p2a: Forretress|100/100|[from] item: Leftovers
|upkeep
|turn|51
|
|t:|1727903643
|move|p1a: Skarmory|Spikes|p2a: Forretress
|-sidestart|p2: Buzzed27|Spikes
|move|p2a: Forretress|Rapid Spin|p1a: Skarmory
|-resisted|p1a: Skarmory
|-damage|p1a: Skarmory|75/100
|-sideend|p2: Buzzed27|Spikes|[from] move: Rapid Spin|[of] p2a: Forretress
|
|-weather|Sandstorm|[upkeep]
|-heal|p1a: Skarmory|81/100|[from] item: Leftovers
|upkeep
|turn|52
|
|t:|1727903653
|move|p1a: Skarmory|Spikes|p2a: Forretress
|-sidestart|p2: Buzzed27|Spikes
|move|p2a: Forretress|Rapid Spin|p1a: Skarmory
|-resisted|p1a: Skarmory
|-damage|p1a: Skarmory|80/100
|-sideend|p2: Buzzed27|Spikes|[from] move: Rapid Spin|[of] p2a: Forretress
|
|-weather|Sandstorm|[upkeep]
|-heal|p1a: Skarmory|86/100|[from] item: Leftovers
|upkeep
|turn|53
|
|t:|1727903657
|move|p1a: Skarmory|Spikes|p2a: Forretress
|-sidestart|p2: Buzzed27|Spikes
|move|p2a: Forretress|Rapid Spin|p1a: Skarmory
|-resisted|p1a: Skarmory
|-damage|p1a: Skarmory|84/100
|-sideend|p2: Buzzed27|Spikes|[from] move: Rapid Spin|[of] p2a: Forretress
|
|-weather|Sandstorm|[upkeep]
|-heal|p1a: Skarmory|90/100|[from] item: Leftovers
|upkeep
|turn|54
|
|t:|1727903662
|move|p1a: Skarmory|Spikes|p2a: Forretress
|-sidestart|p2: Buzzed27|Spikes
|move|p2a: Forretress|Rapid Spin|p1a: Skarmory
|-resisted|p1a: Skarmory
|-damage|p1a: Skarmory|89/100
|-sideend|p2: Buzzed27|Spikes|[from] move: Rapid Spin|[of] p2a: Forretress
|
|-weather|Sandstorm|[upkeep]
|-heal|p1a: Skarmory|95/100|[from] item: Leftovers
|upkeep
|turn|55
|
|t:|1727903666
|move|p1a: Skarmory|Spikes|p2a: Forretress
|-sidestart|p2: Buzzed27|Spikes
|move|p2a: Forretress|Rapid Spin|p1a: Skarmory
|-resisted|p1a: Skarmory
|-damage|p1a: Skarmory|93/100
|-sideend|p2: Buzzed27|Spikes|[from] move: Rapid Spin|[of] p2a: Forretress
|
|-weather|Sandstorm|[upkeep]
|-heal|p1a: Skarmory|99/100|[from] item: Leftovers
|upkeep
|turn|56
|
|t:|1727903670
|switch|p1a: Claydol|Claydol|100/100
|move|p2a: Forretress|Rapid Spin|p1a: Claydol
|-damage|p1a: Claydol|96/100
|
|-weather|Sandstorm|[upkeep]
|-heal|p1a: Claydol|100/100|[from] item: Leftovers
|upkeep
|turn|57
|
|t:|1727903674
|move|p1a: Claydol|Rapid Spin|p2a: Forretress
|-resisted|p2a: Forretress
|-damage|p2a: Forretress|99/100
|-sideend|p1: ByrneBabyyyyy|Spikes|[from] move: Rapid Spin|[of] p1a: Claydol
|move|p2a: Forretress|Spikes|p1a: Claydol
|-sidestart|p1: ByrneBabyyyyy|Spikes
|
|-weather|Sandstorm|[upkeep]
|-heal|p2a: Forretress|100/100|[from] item: Leftovers
|upkeep
|turn|58
|
|t:|1727903678
|switch|p1a: Salamence|Salamence, M|97/100
|-ability|p1a: Salamence|Intimidate|boost
|-unboost|p2a: Forretress|atk|1
|move|p2a: Forretress|Spikes|p1a: Salamence
|-sidestart|p1: ByrneBabyyyyy|Spikes
|
|-weather|Sandstorm|[upkeep]
|-damage|p1a: Salamence|91/100|[from] Sandstorm
|-heal|p1a: Salamence|97/100|[from] item: Leftovers
|upkeep
|turn|59
|
|t:|1727903692
|switch|p2a: Gyarados|Gyarados, M|82/100
|-ability|p2a: Gyarados|Intimidate|boost
|-unboost|p1a: Salamence|atk|1
|move|p1a: Salamence|Hidden Power|p2a: Gyarados
|-damage|p2a: Gyarados|62/100
|
|-weather|Sandstorm|[upkeep]
|-damage|p1a: Salamence|91/100|[from] Sandstorm
|-damage|p2a: Gyarados|55/100|[from] Sandstorm
|-heal|p1a: Salamence|97/100|[from] item: Leftovers
|-heal|p2a: Gyarados|62/100|[from] item: Leftovers
|upkeep
|turn|60
|
|t:|1727903703
|move|p1a: Salamence|Rock Slide|p2a: Gyarados
|-supereffective|p2a: Gyarados
|-damage|p2a: Gyarados|26/100
|cant|p2a: Gyarados|flinch
|
|-weather|Sandstorm|[upkeep]
|-damage|p1a: Salamence|91/100|[from] Sandstorm
|-damage|p2a: Gyarados|20/100|[from] Sandstorm
|-heal|p1a: Salamence|97/100|[from] item: Leftovers
|-heal|p2a: Gyarados|26/100|[from] item: Leftovers
|upkeep
|turn|61
|
|t:|1727903708
|switch|p2a: Jirachi|Jirachi|70/100 par
|move|p1a: Salamence|Rock Slide|p2a: Jirachi
|-resisted|p2a: Jirachi
|-damage|p2a: Jirachi|64/100 par
|
|-weather|Sandstorm|[upkeep]
|-damage|p1a: Salamence|91/100|[from] Sandstorm
|-heal|p1a: Salamence|97/100|[from] item: Leftovers
|-heal|p2a: Jirachi|71/100 par|[from] item: Leftovers
|upkeep
|turn|62
|
|t:|1727903722
|cant|p2a: Jirachi|par
|move|p1a: Salamence|Hidden Power|p2a: Jirachi
|-resisted|p2a: Jirachi
|-damage|p2a: Jirachi|63/100 par
|
|-weather|Sandstorm|[upkeep]
|-damage|p1a: Salamence|91/100|[from] Sandstorm
|-heal|p1a: Salamence|97/100|[from] item: Leftovers
|-heal|p2a: Jirachi|69/100 par|[from] item: Leftovers
|upkeep
|turn|63
|
|t:|1727903730
|cant|p2a: Jirachi|par
|move|p1a: Salamence|Hidden Power|p2a: Jirachi
|-resisted|p2a: Jirachi
|-damage|p2a: Jirachi|63/100 par
|
|-weather|Sandstorm|[upkeep]
|-damage|p1a: Salamence|91/100|[from] Sandstorm
|-heal|p1a: Salamence|97/100|[from] item: Leftovers
|-heal|p2a: Jirachi|69/100 par|[from] item: Leftovers
|upkeep
|turn|64
|
|t:|1727903736
|cant|p2a: Jirachi|par
|move|p1a: Salamence|Fire Blast|p2a: Jirachi
|-supereffective|p2a: Jirachi
|-damage|p2a: Jirachi|17/100 par
|
|-weather|Sandstorm|[upkeep]
|-damage|p1a: Salamence|91/100|[from] Sandstorm
|-heal|p1a: Salamence|97/100|[from] item: Leftovers
|-heal|p2a: Jirachi|23/100 par|[from] item: Leftovers
|upkeep
|turn|65
|c|☆Buzzed27|jesus
|c|☆Buzzed27|Jirachi has been para'd like 4 out of 6 turns lol
|inactive|ByrneBabyyyyy has 270 seconds left.
|c|☆ByrneBabyyyyy|i lowkey don't like clicking twave, but it helps the team so like
|c|☆Buzzed27|It's part of the game, that's for sure.
|inactive|ByrneBabyyyyy has 240 seconds left.
|c|☆ByrneBabyyyyy|exactly, ye
|
|t:|1727903806
|move|p2a: Jirachi|Protect|p2a: Jirachi
|-singleturn|p2a: Jirachi|Protect
|move|p1a: Salamence|Rock Slide|p2a: Jirachi
|-activate|p2a: Jirachi|Protect
|
|-weather|Sandstorm|[upkeep]
|-damage|p1a: Salamence|91/100|[from] Sandstorm
|-heal|p1a: Salamence|97/100|[from] item: Leftovers
|-heal|p2a: Jirachi|29/100 par|[from] item: Leftovers
|upkeep
|turn|66
|inactive|ByrneBabyyyyy has 240 seconds left.
|
|t:|1727903829
|switch|p2a: Tyranitar|Tyranitar, M|94/100
|move|p1a: Salamence|Rock Slide|p2a: Tyranitar
|-damage|p2a: Tyranitar|81/100
|
|-weather|Sandstorm|[upkeep]
|-damage|p1a: Salamence|91/100|[from] Sandstorm
|-heal|p1a: Salamence|97/100|[from] item: Leftovers
|-heal|p2a: Tyranitar|87/100|[from] item: Leftovers
|upkeep
|turn|67
|inactive|Buzzed27 has 270 seconds left.
|
|t:|1727903859
|switch|p1a: Claydol|Claydol|100/100
|move|p2a: Tyranitar|Crunch|p1a: Claydol
|-supereffective|p1a: Claydol
|-damage|p1a: Claydol|38/100
|
|-weather|Sandstorm|[upkeep]
|-heal|p1a: Claydol|44/100|[from] item: Leftovers
|-heal|p2a: Tyranitar|93/100|[from] item: Leftovers
|upkeep
|turn|68
|inactive|Buzzed27 has 270 seconds left.
|inactive|ByrneBabyyyyy has 210 seconds left.
|
|t:|1727903901
|move|p1a: Claydol|Rapid Spin|p2a: Tyranitar
|-resisted|p2a: Tyranitar
|-damage|p2a: Tyranitar|91/100
|-sideend|p1: ByrneBabyyyyy|Spikes|[from] move: Rapid Spin|[of] p1a: Claydol
|move|p2a: Tyranitar|Pursuit|p1a: Claydol
|-supereffective|p1a: Claydol
|-damage|p1a: Claydol|8/100
|
|-weather|Sandstorm|[upkeep]
|-heal|p1a: Claydol|14/100|[from] item: Leftovers
|-heal|p2a: Tyranitar|98/100|[from] item: Leftovers
|upkeep
|turn|69
|
|t:|1727903908
|move|p1a: Claydol|Earthquake|p2a: Tyranitar
|-supereffective|p2a: Tyranitar
|-damage|p2a: Tyranitar|43/100
|move|p2a: Tyranitar|Pursuit|p1a: Claydol
|-supereffective|p1a: Claydol
|-damage|p1a: Claydol|0 fnt
|faint|p1a: Claydol
|
|t:|1727903916
|switch|p1a: Salamence|Salamence, M|97/100
|-ability|p1a: Salamence|Intimidate|boost
|-unboost|p2a: Tyranitar|atk|1
|
|-weather|Sandstorm|[upkeep]
|-damage|p1a: Salamence|91/100|[from] Sandstorm
|-heal|p1a: Salamence|97/100|[from] item: Leftovers
|-heal|p2a: Tyranitar|49/100|[from] item: Leftovers
|upkeep
|turn|70
|inactive|ByrneBabyyyyy has 210 seconds left.
|
|t:|1727903924
|switch|p1a: Celebi|Celebi|100/100
|move|p2a: Tyranitar|Crunch|p1a: Celebi
|-supereffective|p1a: Celebi
|-damage|p1a: Celebi|43/100
|
|-weather|Sandstorm|[upkeep]
|-damage|p1a: Celebi|36/100|[from] Sandstorm
|-heal|p1a: Celebi|43/100|[from] item: Leftovers
|-heal|p2a: Tyranitar|55/100|[from] item: Leftovers
|upkeep
|turn|71
|c|☆ByrneBabyyyyy|omg.
|inactive|ByrneBabyyyyy has 210 seconds left.
|c|☆ByrneBabyyyyy|this suddenly went REALLY south
|
|t:|1727903940
|move|p1a: Celebi|Recover|p1a: Celebi
|-heal|p1a: Celebi|93/100
|move|p2a: Tyranitar|Crunch|p1a: Celebi
|-supereffective|p1a: Celebi
|-damage|p1a: Celebi|37/100
|
|-weather|Sandstorm|[upkeep]
|-damage|p1a: Celebi|31/100|[from] Sandstorm
|-heal|p1a: Celebi|37/100|[from] item: Leftovers
|-heal|p2a: Tyranitar|62/100|[from] item: Leftovers
|upkeep
|turn|72
|inactive|ByrneBabyyyyy has 210 seconds left.
|
|t:|1727903960
|move|p1a: Celebi|Recover|p1a: Celebi
|-heal|p1a: Celebi|87/100
|move|p2a: Tyranitar|Crunch|p1a: Celebi
|-supereffective|p1a: Celebi
|-damage|p1a: Celebi|27/100
|-unboost|p1a: Celebi|spd|1
|
|-weather|Sandstorm|[upkeep]
|-damage|p1a: Celebi|21/100|[from] Sandstorm
|-heal|p1a: Celebi|27/100|[from] item: Leftovers
|-heal|p2a: Tyranitar|68/100|[from] item: Leftovers
|upkeep
|turn|73
|
|t:|1727903969
|move|p1a: Celebi|Leech Seed|p2a: Tyranitar
|-start|p2a: Tyranitar|move: Leech Seed
|move|p2a: Tyranitar|Pursuit|p1a: Celebi
|-supereffective|p1a: Celebi
|-damage|p1a: Celebi|0 fnt
|faint|p1a: Celebi
|
|t:|1727903975
|switch|p1a: Salamence|Salamence, M|97/100
|-ability|p1a: Salamence|Intimidate|boost
|-unboost|p2a: Tyranitar|atk|1
|
|-weather|Sandstorm|[upkeep]
|-damage|p1a: Salamence|91/100|[from] Sandstorm
|-heal|p1a: Salamence|97/100|[from] item: Leftovers
|-heal|p2a: Tyranitar|74/100|[from] item: Leftovers
|-damage|p2a: Tyranitar|62/100|[from] Leech Seed|[of] p1a: Salamence
|-heal|p1a: Salamence|100/100|[silent]
|upkeep
|turn|74
|
|t:|1727903985
|move|p1a: Salamence|Brick Break|p2a: Tyranitar
|-supereffective|p2a: Tyranitar
|-damage|p2a: Tyranitar|0 fnt
|faint|p2a: Tyranitar
|
|t:|1727903992
|switch|p2a: Jirachi|Jirachi|29/100 par
|
|-weather|Sandstorm|[upkeep]
|-damage|p1a: Salamence|94/100|[from] Sandstorm
|-heal|p1a: Salamence|100/100|[from] item: Leftovers
|-heal|p2a: Jirachi|36/100 par|[from] item: Leftovers
|upkeep
|turn|75
|
|t:|1727903997
|switch|p2a: Zapdos|Zapdos|75/100
|move|p1a: Salamence|Rock Slide|p2a: Zapdos
|-supereffective|p2a: Zapdos
|-damage|p2a: Zapdos|30/100
|
|-weather|Sandstorm|[upkeep]
|-damage|p1a: Salamence|94/100|[from] Sandstorm
|-damage|p2a: Zapdos|24/100|[from] Sandstorm
|-heal|p1a: Salamence|100/100|[from] item: Leftovers
|-heal|p2a: Zapdos|30/100|[from] item: Leftovers
|upkeep
|turn|76
|c|☆Buzzed27|Baller call out
|
|t:|1727904010
|switch|p2a: Gyarados|Gyarados, M|26/100
|-ability|p2a: Gyarados|Intimidate|boost
|-unboost|p1a: Salamence|atk|1
|move|p1a: Salamence|Rock Slide|p2a: Gyarados
|-supereffective|p2a: Gyarados
|-damage|p2a: Gyarados|0 fnt
|faint|p2a: Gyarados
|
|t:|1727904014
|switch|p2a: Zapdos|Zapdos|30/100
|
|-weather|Sandstorm|[upkeep]
|-damage|p1a: Salamence|94/100|[from] Sandstorm
|-damage|p2a: Zapdos|24/100|[from] Sandstorm
|-heal|p1a: Salamence|100/100|[from] item: Leftovers
|-heal|p2a: Zapdos|30/100|[from] item: Leftovers
|upkeep
|turn|77
|c|☆ByrneBabyyyyy|that was me not wanting to waste a fire blast lmao
|
|t:|1727904025
|move|p1a: Salamence|Rock Slide|p2a: Zapdos
|-supereffective|p2a: Zapdos
|-damage|p2a: Zapdos|0 fnt
|faint|p2a: Zapdos
|
|t:|1727904029
|switch|p2a: Jirachi|Jirachi|36/100 par
|
|-weather|Sandstorm|[upkeep]
|-damage|p1a: Salamence|94/100|[from] Sandstorm
|-heal|p1a: Salamence|100/100|[from] item: Leftovers
|-heal|p2a: Jirachi|42/100 par|[from] item: Leftovers
|upkeep
|turn|78
|
|t:|1727904036
|switch|p1a: Skarmory|Skarmory, F|99/100
|move|p2a: Jirachi|Protect||[still]
|-fail|p2a: Jirachi
|
|-weather|Sandstorm|[upkeep]
|-heal|p1a: Skarmory|100/100|[from] item: Leftovers
|-heal|p2a: Jirachi|48/100 par|[from] item: Leftovers
|upkeep
|turn|79
|
|t:|1727904040
|switch|p2a: Forretress|Forretress, M|100/100
|move|p1a: Skarmory|Roar|p2a: Forretress
|drag|p2a: Swampert|Swampert, F|88/100
|
|-weather|Sandstorm|[upkeep]
|-heal|p2a: Swampert|94/100|[from] item: Leftovers
|upkeep
|turn|80
|
|t:|1727904043
|switch|p2a: Forretress|Forretress, M|100/100
|move|p1a: Skarmory|Toxic|p2a: Forretress
|-immune|p2a: Forretress
|
|-weather|Sandstorm|[upkeep]
|upkeep
|turn|81
|
|t:|1727904047
|switch|p1a: Regice|Regice|88/100
|move|p2a: Forretress|Spikes|p1a: Regice
|-sidestart|p1: ByrneBabyyyyy|Spikes
|
|-weather|Sandstorm|[upkeep]
|-damage|p1a: Regice|82/100|[from] Sandstorm
|-heal|p1a: Regice|88/100|[from] item: Leftovers
|upkeep
|turn|82
|
|t:|1727904064
|switch|p2a: Jirachi|Jirachi|48/100 par
|move|p1a: Regice|Thunder Wave|p2a: Jirachi
|-fail|p2a: Jirachi|par
|
|-weather|Sandstorm|[upkeep]
|-damage|p1a: Regice|82/100|[from] Sandstorm
|-heal|p1a: Regice|88/100|[from] item: Leftovers
|-heal|p2a: Jirachi|54/100 par|[from] item: Leftovers
|upkeep
|turn|83
|
|t:|1727904067
|move|p1a: Regice|Thunderbolt|p2a: Jirachi
|-damage|p2a: Jirachi|37/100 par
|move|p2a: Jirachi|Wish|p2a: Jirachi
|
|-weather|Sandstorm|[upkeep]
|-damage|p1a: Regice|82/100|[from] Sandstorm
|-heal|p1a: Regice|88/100|[from] item: Leftovers
|-heal|p2a: Jirachi|43/100 par|[from] item: Leftovers
|upkeep
|turn|84
|c|☆Buzzed27|finally
|inactive|ByrneBabyyyyy has 270 seconds left.
|
|t:|1727904104
|move|p1a: Regice|Thunderbolt|p2a: Jirachi
|-damage|p2a: Jirachi|26/100 par
|move|p2a: Jirachi|Toxic|p1a: Regice
|-status|p1a: Regice|tox
|
|-heal|p2a: Jirachi|76/100 par|[from] move: Wish|[wisher] Jirachi
|-weather|Sandstorm|[upkeep]
|-damage|p1a: Regice|82/100 tox|[from] Sandstorm
|-heal|p1a: Regice|88/100 tox|[from] item: Leftovers
|-damage|p1a: Regice|82/100 tox|[from] psn
|-heal|p2a: Jirachi|82/100 par|[from] item: Leftovers
|upkeep
|turn|85
|inactive|ByrneBabyyyyy has 270 seconds left.
|c|☆ByrneBabyyyyy|o h n o
|
|t:|1727904127
|switch|p1a: Skarmory|Skarmory, F|100/100
|move|p2a: Jirachi|Toxic|p1a: Skarmory
|-immune|p1a: Skarmory
|
|-weather|Sandstorm|[upkeep]
|-heal|p2a: Jirachi|88/100 par|[from] item: Leftovers
|upkeep
|turn|86
|
|t:|1727904136
|move|p1a: Skarmory|Spikes|p2a: Jirachi
|-sidestart|p2: Buzzed27|Spikes
|move|p2a: Jirachi|Fire Punch|p1a: Skarmory
|-supereffective|p1a: Skarmory
|-crit|p1a: Skarmory
|-damage|p1a: Skarmory|40/100
|
|-weather|Sandstorm|[upkeep]
|-heal|p1a: Skarmory|46/100|[from] item: Leftovers
|-heal|p2a: Jirachi|95/100 par|[from] item: Leftovers
|upkeep
|turn|87
|
|t:|1727904151
|move|p2a: Jirachi|Fire Punch|p1a: Skarmory
|-supereffective|p1a: Skarmory
|-damage|p1a: Skarmory|12/100
|move|p1a: Skarmory|Roar|p2a: Jirachi
|drag|p2a: Forretress|Forretress, M|100/100
|-damage|p2a: Forretress|88/100|[from] Spikes
|
|-weather|Sandstorm|[upkeep]
|-heal|p1a: Skarmory|18/100|[from] item: Leftovers
|-heal|p2a: Forretress|94/100|[from] item: Leftovers
|upkeep
|turn|88
|inactive|ByrneBabyyyyy has 240 seconds left.
|inactive|Buzzed27 has 270 seconds left.
|inactive|ByrneBabyyyyy has 210 seconds left.
|
|t:|1727904239
|move|p1a: Skarmory|Spikes|p2a: Forretress
|-sidestart|p2: Buzzed27|Spikes
|move|p2a: Forretress|Rapid Spin|p1a: Skarmory
|-resisted|p1a: Skarmory
|-damage|p1a: Skarmory|16/100
|-sideend|p2: Buzzed27|Spikes|[from] move: Rapid Spin|[of] p2a: Forretress
|
|-weather|Sandstorm|[upkeep]
|-heal|p1a: Skarmory|22/100|[from] item: Leftovers
|-heal|p2a: Forretress|100/100|[from] item: Leftovers
|upkeep
|turn|89
|inactive|Buzzed27 has 270 seconds left.
|
|t:|1727904257
|move|p2a: Forretress|Spikes|p1a: Skarmory
|-sidestart|p1: ByrneBabyyyyy|Spikes
|move|p1a: Skarmory|Roar|p2a: Forretress
|drag|p2a: Jirachi|Jirachi|95/100 par
|
|-weather|Sandstorm|[upkeep]
|-heal|p1a: Skarmory|28/100|[from] item: Leftovers
|-heal|p2a: Jirachi|100/100 par|[from] item: Leftovers
|upkeep
|turn|90
|
|t:|1727904265
|move|p1a: Skarmory|Spikes|p2a: Jirachi
|-sidestart|p2: Buzzed27|Spikes
|cant|p2a: Jirachi|par
|
|-weather|Sandstorm|[upkeep]
|-heal|p1a: Skarmory|34/100|[from] item: Leftovers
|upkeep
|turn|91
|
|t:|1727904268
|move|p1a: Skarmory|Spikes|p2a: Jirachi
|-sidestart|p2: Buzzed27|Spikes
|move|p2a: Jirachi|Fire Punch|p1a: Skarmory
|-supereffective|p1a: Skarmory
|-damage|p1a: Skarmory|4/100
|
|-weather|Sandstorm|[upkeep]
|-heal|p1a: Skarmory|10/100|[from] item: Leftovers
|upkeep
|turn|92
|
|t:|1727904272
|switch|p2a: Forretress|Forretress, M|100/100
|-damage|p2a: Forretress|84/100|[from] Spikes
|move|p1a: Skarmory|Spikes|p2a: Forretress
|-sidestart|p2: Buzzed27|Spikes
|
|-weather|Sandstorm|[upkeep]
|-heal|p1a: Skarmory|16/100|[from] item: Leftovers
|-heal|p2a: Forretress|90/100|[from] item: Leftovers
|upkeep
|turn|93
|
|t:|1727904278
|switch|p1a: Salamence|Salamence, M|100/100
|-ability|p1a: Salamence|Intimidate|boost
|-unboost|p2a: Forretress|atk|1
|move|p2a: Forretress|Rapid Spin|p1a: Salamence
|-damage|p1a: Salamence|97/100
|-sideend|p2: Buzzed27|Spikes|[from] move: Rapid Spin|[of] p2a: Forretress
|
|-weather|Sandstorm|[upkeep]
|-damage|p1a: Salamence|91/100|[from] Sandstorm
|-heal|p1a: Salamence|97/100|[from] item: Leftovers
|-heal|p2a: Forretress|96/100|[from] item: Leftovers
|upkeep
|turn|94
|
|t:|1727904284
|move|p1a: Salamence|Fire Blast|p2a: Forretress
|-supereffective|p2a: Forretress
|-damage|p2a: Forretress|0 fnt
|faint|p2a: Forretress
|
|t:|1727904286
|switch|p2a: Jirachi|Jirachi|100/100 par
|
|-weather|Sandstorm|[upkeep]
|-damage|p1a: Salamence|91/100|[from] Sandstorm
|-heal|p1a: Salamence|97/100|[from] item: Leftovers
|upkeep
|turn|95
|
|t:|1727904298
|switch|p1a: Skarmory|Skarmory, F|16/100
|cant|p2a: Jirachi|par
|
|-weather|Sandstorm|[upkeep]
|-heal|p1a: Skarmory|22/100|[from] item: Leftovers
|upkeep
|turn|96
|c|☆Buzzed27|ok
|c|☆Buzzed27|I did click fire punch there
|
|t:|1727904307
|move|p1a: Skarmory|Spikes|p2a: Jirachi
|-sidestart|p2: Buzzed27|Spikes
|move|p2a: Jirachi|Fire Punch|p1a: Skarmory
|-supereffective|p1a: Skarmory
|-damage|p1a: Skarmory|0 fnt
|faint|p1a: Skarmory
|
|t:|1727904317
|switch|p1a: Aerodactyl|Aerodactyl, M|100/100
|
|-weather|Sandstorm|[upkeep]
|upkeep
|turn|97
|c|☆ByrneBabyyyyy|I don't think it matters tbh
|c|☆ByrneBabyyyyy|but if there's anyone who can throw a game in the tournament
|c|☆ByrneBabyyyyy|it's me
|
|t:|1727904333
|switch|p2a: Swampert|Swampert, F|94/100
|-damage|p2a: Swampert|82/100|[from] Spikes
|move|p1a: Aerodactyl|Earthquake|p2a: Swampert
|-damage|p2a: Swampert|51/100
|
|-weather|Sandstorm|[upkeep]
|-heal|p2a: Swampert|57/100|[from] item: Leftovers
|upkeep
|turn|98
|
|t:|1727904341
|switch|p1a: Regice|Regice|82/100 tox
|-damage|p1a: Regice|66/100 tox|[from] Spikes
|move|p2a: Swampert|Ice Beam|p1a: Regice
|-resisted|p1a: Regice
|-damage|p1a: Regice|61/100 tox
|
|-weather|Sandstorm|[upkeep]
|-damage|p1a: Regice|55/100 tox|[from] Sandstorm
|-heal|p2a: Swampert|63/100|[from] item: Leftovers
|-heal|p1a: Regice|61/100 tox|[from] item: Leftovers
|-damage|p1a: Regice|55/100 tox|[from] psn
|upkeep
|turn|99
|inactive|ByrneBabyyyyy has 240 seconds left.
|
|t:|1727904363
|move|p2a: Swampert|Protect|p2a: Swampert
|-singleturn|p2a: Swampert|Protect
|move|p1a: Regice|Toxic|p2a: Swampert
|-activate|p2a: Swampert|Protect
|
|-weather|Sandstorm|[upkeep]
|-damage|p1a: Regice|49/100 tox|[from] Sandstorm
|-heal|p2a: Swampert|69/100|[from] item: Leftovers
|-heal|p1a: Regice|55/100 tox|[from] item: Leftovers
|-damage|p1a: Regice|43/100 tox|[from] psn
|upkeep
|turn|100
|c|☆Buzzed27|idk you have outs.
|
|t:|1727904371
|switch|p2a: Jirachi|Jirachi|100/100 par
|-damage|p2a: Jirachi|88/100 par|[from] Spikes
|switch|p1a: Salamence|Salamence, M|97/100
|-ability|p1a: Salamence|Intimidate|boost
|-unboost|p2a: Jirachi|atk|1
|
|-weather|Sandstorm|[upkeep]
|-damage|p1a: Salamence|91/100|[from] Sandstorm
|-heal|p1a: Salamence|97/100|[from] item: Leftovers
|-heal|p2a: Jirachi|94/100 par|[from] item: Leftovers
|upkeep
|turn|101
|
|t:|1727904379
|move|p1a: Salamence|Rock Slide|p2a: Jirachi
|-resisted|p2a: Jirachi
|-damage|p2a: Jirachi|85/100 par
|move|p2a: Jirachi|Wish|p2a: Jirachi
|
|-weather|Sandstorm|[upkeep]
|-damage|p1a: Salamence|91/100|[from] Sandstorm
|-heal|p1a: Salamence|97/100|[from] item: Leftovers
|-heal|p2a: Jirachi|91/100 par|[from] item: Leftovers
|upkeep
|turn|102
|
|t:|1727904385
|move|p1a: Salamence|Brick Break|p2a: Jirachi
|-damage|p2a: Jirachi|72/100 par
|cant|p2a: Jirachi|par
|
|-heal|p2a: Jirachi|100/100 par|[from] move: Wish|[wisher] Jirachi
|-weather|Sandstorm|[upkeep]
|-damage|p1a: Salamence|91/100|[from] Sandstorm
|-heal|p1a: Salamence|97/100|[from] item: Leftovers
|upkeep
|turn|103
|
|t:|1727904396
|move|p1a: Salamence|Brick Break|p2a: Jirachi
|-damage|p2a: Jirachi|82/100 par
|move|p2a: Jirachi|Wish|p2a: Jirachi
|
|-weather|Sandstorm|[upkeep]
|-damage|p1a: Salamence|91/100|[from] Sandstorm
|-heal|p1a: Salamence|97/100|[from] item: Leftovers
|-heal|p2a: Jirachi|88/100 par|[from] item: Leftovers
|upkeep
|turn|104
|
|t:|1727904403
|move|p1a: Salamence|Rock Slide|p2a: Jirachi
|-resisted|p2a: Jirachi
|-damage|p2a: Jirachi|78/100 par
|move|p2a: Jirachi|Toxic|p1a: Salamence
|-status|p1a: Salamence|tox
|
|-heal|p2a: Jirachi|100/100 par|[from] move: Wish|[wisher] Jirachi
|-weather|Sandstorm|[upkeep]
|-damage|p1a: Salamence|91/100 tox|[from] Sandstorm
|-heal|p1a: Salamence|97/100 tox|[from] item: Leftovers
|-damage|p1a: Salamence|91/100 tox|[from] psn
|upkeep
|turn|105
|
|t:|1727904409
|move|p1a: Salamence|Fire Blast|p2a: Jirachi
|-supereffective|p2a: Jirachi
|-damage|p2a: Jirachi|51/100 par
|move|p2a: Jirachi|Fire Punch|p1a: Salamence
|-resisted|p1a: Salamence
|-damage|p1a: Salamence|79/100 tox
|
|-weather|Sandstorm|[upkeep]
|-damage|p1a: Salamence|73/100 tox|[from] Sandstorm
|-heal|p1a: Salamence|79/100 tox|[from] item: Leftovers
|-damage|p1a: Salamence|67/100 tox|[from] psn
|-heal|p2a: Jirachi|57/100 par|[from] item: Leftovers
|upkeep
|turn|106
|
|t:|1727904419
|switch|p1a: Aerodactyl|Aerodactyl, M|100/100
|move|p2a: Jirachi|Wish|p2a: Jirachi
|
|-weather|Sandstorm|[upkeep]
|-heal|p2a: Jirachi|63/100 par|[from] item: Leftovers
|upkeep
|turn|107
|
|t:|1727904425
|switch|p2a: Swampert|Swampert, F|69/100
|-damage|p2a: Swampert|57/100|[from] Spikes
|move|p1a: Aerodactyl|Earthquake|p2a: Swampert
|-damage|p2a: Swampert|26/100
|
|-heal|p2a: Swampert|76/100|[from] move: Wish|[wisher] Jirachi
|-weather|Sandstorm|[upkeep]
|-heal|p2a: Swampert|82/100|[from] item: Leftovers
|upkeep
|turn|108
|
|t:|1727904434
|switch|p1a: Regice|Regice|43/100 tox
|-damage|p1a: Regice|27/100 tox|[from] Spikes
|move|p2a: Swampert|Ice Beam|p1a: Regice
|-resisted|p1a: Regice
|-damage|p1a: Regice|22/100 tox
|
|-weather|Sandstorm|[upkeep]
|-damage|p1a: Regice|16/100 tox|[from] Sandstorm
|-heal|p2a: Swampert|88/100|[from] item: Leftovers
|-heal|p1a: Regice|22/100 tox|[from] item: Leftovers
|-damage|p1a: Regice|16/100 tox|[from] psn
|upkeep
|turn|109
|
|t:|1727904442
|switch|p1a: Salamence|Salamence, M|67/100 tox
|-ability|p1a: Salamence|Intimidate|boost
|-unboost|p2a: Swampert|atk|1
|move|p2a: Swampert|Protect||[still]
|-fail|p2a: Swampert
|
|-weather|Sandstorm|[upkeep]
|-damage|p1a: Salamence|61/100 tox|[from] Sandstorm
|-heal|p1a: Salamence|67/100 tox|[from] item: Leftovers
|-damage|p1a: Salamence|61/100 tox|[from] psn
|-heal|p2a: Swampert|95/100|[from] item: Leftovers
|upkeep
|turn|110
|
|t:|1727904457
|move|p2a: Swampert|Protect|p2a: Swampert
|-singleturn|p2a: Swampert|Protect
|move|p1a: Salamence|Brick Break|p2a: Swampert
|-activate|p2a: Swampert|Protect
|
|-weather|Sandstorm|[upkeep]
|-damage|p1a: Salamence|55/100 tox|[from] Sandstorm
|-heal|p1a: Salamence|61/100 tox|[from] item: Leftovers
|-damage|p1a: Salamence|49/100 tox|[from] psn
|-heal|p2a: Swampert|100/100|[from] item: Leftovers
|upkeep
|turn|111
|c|☆Buzzed27|Pretty wild game tbh
|c|☆ByrneBabyyyyy|ikr
|
|t:|1727904472
|switch|p1a: Aerodactyl|Aerodactyl, M|100/100
|switch|p2a: Jirachi|Jirachi|63/100 par
|-damage|p2a: Jirachi|51/100 par|[from] Spikes
|
|-weather|Sandstorm|[upkeep]
|-heal|p2a: Jirachi|57/100 par|[from] item: Leftovers
|upkeep
|turn|112
|inactive|ByrneBabyyyyy has 270 seconds left.
|inactive|ByrneBabyyyyy has 240 seconds left.
|c|☆ByrneBabyyyyy|losing celebi really hurts
|c|☆Buzzed27|We both had mons go from like sub 20 all the way back to 100% in this one lol
|c|☆ByrneBabyyyyy|IKR LOL
|inactive|ByrneBabyyyyy has 210 seconds left.
|
|t:|1727904551
|switch|p2a: Swampert|Swampert, F|100/100
|-damage|p2a: Swampert|88/100|[from] Spikes
|move|p1a: Aerodactyl|Double-Edge|p2a: Swampert
|-damage|p2a: Swampert|55/100
|
|-weather|Sandstorm|[upkeep]
|-heal|p2a: Swampert|61/100|[from] item: Leftovers
|upkeep
|turn|113
|c|☆Buzzed27|Like you actually made me make the decision that keeping spike away was more impactful than letting your Skarm chip heal 80%
|inactive|ByrneBabyyyyy has 210 seconds left.
|c|☆ByrneBabyyyyy|it was, tbh, cause like if I had 3 layers rn, this would be so much easier for me
|inactive|ByrneBabyyyyy has 180 seconds left.
|c|☆Buzzed27|I'd be hosed.
|
|t:|1727904599
|move|p2a: Swampert|Protect|p2a: Swampert
|-singleturn|p2a: Swampert|Protect
|move|p1a: Aerodactyl|Double-Edge|p2a: Swampert
|-activate|p2a: Swampert|Protect
|
|-weather|Sandstorm|[upkeep]
|-heal|p2a: Swampert|67/100|[from] item: Leftovers
|upkeep
|turn|114
|inactive|ByrneBabyyyyy has 180 seconds left.
|
|t:|1727904613
|switch|p1a: Salamence|Salamence, M|49/100 tox
|-ability|p1a: Salamence|Intimidate|boost
|-unboost|p2a: Swampert|atk|1
|move|p2a: Swampert|Hydro Pump|p1a: Salamence
|-resisted|p1a: Salamence
|-damage|p1a: Salamence|25/100 tox
|
|-weather|Sandstorm|[upkeep]
|-damage|p1a: Salamence|19/100 tox|[from] Sandstorm
|-heal|p1a: Salamence|25/100 tox|[from] item: Leftovers
|-damage|p1a: Salamence|19/100 tox|[from] psn
|-heal|p2a: Swampert|73/100|[from] item: Leftovers
|upkeep
|turn|115
|c|☆ByrneBabyyyyy|time for a hair-brained scheme
|inactive|ByrneBabyyyyy has 180 seconds left.
|c|☆ByrneBabyyyyy|scratch that, there is no scheme
|c|☆ByrneBabyyyyy|I was hoping to catch rachi
|
|t:|1727904646
|move|p2a: Swampert|Protect|p2a: Swampert
|-singleturn|p2a: Swampert|Protect
|move|p1a: Salamence|Hidden Power|p2a: Swampert
|-activate|p2a: Swampert|Protect
|
|-weather|Sandstorm|[upkeep]
|-damage|p1a: Salamence|13/100 tox|[from] Sandstorm
|-heal|p1a: Salamence|19/100 tox|[from] item: Leftovers
|-damage|p1a: Salamence|7/100 tox|[from] psn
|-heal|p2a: Swampert|80/100|[from] item: Leftovers
|upkeep
|turn|116
|
|t:|1727904651
|switch|p2a: Jirachi|Jirachi|57/100 par
|-damage|p2a: Jirachi|45/100 par|[from] Spikes
|move|p1a: Salamence|Brick Break|p2a: Jirachi
|-damage|p2a: Jirachi|24/100 par
|
|-weather|Sandstorm|[upkeep]
|-damage|p1a: Salamence|1/100 tox|[from] Sandstorm
|-heal|p1a: Salamence|7/100 tox|[from] item: Leftovers
|-damage|p1a: Salamence|0 fnt|[from] psn
|faint|p1a: Salamence
|-heal|p2a: Jirachi|30/100 par|[from] item: Leftovers
|upkeep
|
|t:|1727904671
|switch|p1a: Aerodactyl|Aerodactyl, M|100/100
|turn|117
|c|☆Buzzed27|barring crits I should have this.
|
|t:|1727904675
|cant|p2a: Jirachi|par
|move|p1a: Aerodactyl|Earthquake|p2a: Jirachi
|-supereffective|p2a: Jirachi
|-damage|p2a: Jirachi|0 fnt
|faint|p2a: Jirachi
|
|t:|1727904678
|switch|p2a: Swampert|Swampert, F|80/100
|-damage|p2a: Swampert|67/100|[from] Spikes
|
|-weather|Sandstorm|[upkeep]
|-heal|p2a: Swampert|73/100|[from] item: Leftovers
|upkeep
|turn|118
|
|t:|1727904690
|switch|p1a: Regice|Regice|16/100 tox
|-damage|p1a: Regice|0 fnt|[from] Spikes
|faint|p1a: Regice
|
|t:|1727904693
|switch|p1a: Aerodactyl|Aerodactyl, M|100/100
|
|-weather|Sandstorm|[upkeep]
|-heal|p2a: Swampert|80/100|[from] item: Leftovers
|upkeep
|turn|119
|inactive|ByrneBabyyyyy has 180 seconds left.
|c|☆ByrneBabyyyyy|AERO
|c|☆ByrneBabyyyyy|PLZ
|
|t:|1727904700
|move|p2a: Swampert|Protect|p2a: Swampert
|-singleturn|p2a: Swampert|Protect
|move|p1a: Aerodactyl|Double-Edge|p2a: Swampert
|-activate|p2a: Swampert|Protect
|
|-weather|Sandstorm|[upkeep]
|-heal|p2a: Swampert|86/100|[from] item: Leftovers
|upkeep
|turn|120
|
|t:|1727904708
|move|p1a: Aerodactyl|Double-Edge|p2a: Swampert
|-damage|p2a: Swampert|52/100
|move|p2a: Swampert|Ice Beam|p1a: Aerodactyl
|-supereffective|p1a: Aerodactyl
|-damage|p1a: Aerodactyl|49/100
|
|-weather|Sandstorm|[upkeep]
|-heal|p2a: Swampert|59/100|[from] item: Leftovers
|upkeep
|turn|121
|
|t:|1727904712
|move|p2a: Swampert|Protect|p2a: Swampert
|-singleturn|p2a: Swampert|Protect
|move|p1a: Aerodactyl|Double-Edge|p2a: Swampert
|-activate|p2a: Swampert|Protect
|
|-weather|Sandstorm|[upkeep]
|-heal|p2a: Swampert|65/100|[from] item: Leftovers
|upkeep
|turn|122
|c|☆Buzzed27|a crit COULD do it here
|
|t:|1727904721
|move|p1a: Aerodactyl|Double-Edge|p2a: Swampert
|-damage|p2a: Swampert|27/100
|move|p2a: Swampert|Ice Beam|p1a: Aerodactyl
|-supereffective|p1a: Aerodactyl
|-damage|p1a: Aerodactyl|0 fnt
|faint|p1a: Aerodactyl
|
|win|Buzzed27
|c|☆ByrneBabyyyyy|NAAAAAAAAAAAUR
|c|☆Buzzed27|GGs
|c|☆ByrneBabyyyyy|GG DUDE
|c|☆Buzzed27|wild.
|c|☆ByrneBabyyyyy|wp
|c|☆Buzzed27|you too.
|c|☆Buzzed27|I had to make some stupid reads
|c|☆Buzzed27|to get back into it
|c|☆ByrneBabyyyyy|If I had more experience, I think I had it
|c|☆Buzzed27|I held off clicking anything on Ttar
|c|☆Buzzed27|for a long time
|c|☆ByrneBabyyyyy|I was shocked you switched out
|c|☆Buzzed27|Because once I clicked crunch the jig was up.

</script>
<script type="application/json" class="data" id="replaydata-smogtours-gen3ou-794054">
{"id":"smogtours-gen3ou-794054","format":"[Gen 3] OU","players":["ByrneBabyyyyy","Buzzed27"],"uploadtime":1727904721,"views":156,"formatid":"gen3ou","rating":null,"private":0,"password":null}
</script>

<script defer src="js/replays.js?9d40a366"></script>
