<!DOCTYPE html>
<meta charset="utf-8" />
<meta name="viewport" content="width=device-width" />

<title>[Gen 3] OU: loleinsmaragd vs. Emerald_Harrold - Replays - Pok&eacute;mon Showdown!</title>

<meta name="description" content="Watch a replay of a Pok&eacute;mon battle between loleinsmaragd and Emerald_Harrold! Format: [Gen 3] OU; Date: Oct 20, 2024" />
<!--

Hey, you! Looking in the source for the replay log?

You can find them in JSON format, just add `.json` at the end of a replay URL.

https://replay.pokemonshowdown.com/gen7randomdoublesbattle-865046831.json

Or, if you only need the log itself, add `.log` instead:

https://replay.pokemonshowdown.com/gen7randomdoublesbattle-865046831.log

-->

<link rel="stylesheet" href="//pokemonshowdown.com/style/global.css?0.767286132409787" />
<link rel="stylesheet" href="//play.pokemonshowdown.com/style/font-awesome.css?0.9266228007934947" />
<link rel="stylesheet" href="//play.pokemonshowdown.com/style/battle.css?0.7924700842790926" />
<link rel="stylesheet" href="//play.pokemonshowdown.com/style/utilichart.css?0.8777417872839479" />

<!-- Global site tag (gtag.js) - Google Analytics -->
<script async src="https://www.googletagmanager.com/gtag/js?id=UA-26211653-1"></script>
<script>
  window.dataLayer = window.dataLayer || [];
  function gtag(){dataLayer.push(arguments);}
  gtag('js', new Date());

  gtag('config', 'UA-26211653-1');
</script>
<!-- End Google Analytics -->
<!-- Venatus Ad Manager - Install in <HEAD> of page -->
	<script src="https://hb.vntsm.com/v3/live/ad-manager.min.js" type="text/javascript" data-site-id="642aba63ec9a7b11c3c9c1be" data-mode="scan" async></script>
<!-- / Venatus Ad Manager -->

<style>
	@media (max-width:820px) {
		.battle {
			margin: 0 auto;
		}
		.battle-log {
			margin: 7px auto 0;
			max-width: 640px;
			height: 300px;
			position: static;
		}
	}
	.optgroup {
		display: inline-block;
		line-height: 22px;
		font-size: 10pt;
	}
	.optgroup .button {
		height: 25px;
		padding-top: 0;
		padding-bottom: 0;
	}
	.optgroup button.button {
		padding-left: 12px;
		padding-right: 12px;
	}
	.linklist {
		list-style: none;
		margin: 0.5em 0;
		padding: 0;
	}
	.linklist li {
		padding: 2px 0;
	}
	.sidebar {
		float: left;
		width: 320px;
	}
	.bar-wrapper {
		max-width: 1100px;
		margin: 0 auto;
	}
	.bar-wrapper.has-sidebar {
		max-width: 1430px;
	}
	.mainbar {
		margin: 0;
		padding-right: 1px;
	}
	.mainbar.has-sidebar {
		margin-left: 330px;
	}
	@media (min-width: 1511px) {
		.sidebar {
			width: 400px;
		}
		.bar-wrapper.has-sidebar {
			max-width: 1510px;
		}
		.mainbar.has-sidebar {
			margin-left: 410px;
		}
	}
	.section.first-section {
		margin-top: 9px;
	}
	.blocklink small {
		white-space: normal;
	}
	.button {
		vertical-align: middle;
	}
	.replay-controls {
		padding-top: 10px;
	}
	.replay-controls h1 {
		font-size: 16pt;
		font-weight: normal;
		color: #CCC;
	}
	.pagelink {
		text-align: center;
	}
	.pagelink a {
		width: 150px;
	}
	.textbox, .button {
		font-size: 11pt;
		vertical-align: middle;
	}
	@media (max-width: 450px) {
		.button {
			font-size: 9pt;
		}
	}
</style>

<div>

	<header>
		<div class="nav-wrapper"><ul class="nav">
			<li><a class="button nav-first" href="//pokemonshowdown.com/"><img src="//pokemonshowdown.com/images/pokemonshowdownbeta.png" srcset="//pokemonshowdown.com/images/pokemonshowdownbeta.png 1x, //pokemonshowdown.com/images/pokemonshowdownbeta@2x.png 2x" alt="Pok&eacute;mon Showdown" width="146" height="44" /> Home</a></li>
			<li><a class="button" href="//pokemonshowdown.com/dex/">Pok&eacute;dex</a></li>
			<li><a class="button cur" href="/">Replays</a></li>
			<li><a class="button" href="//pokemonshowdown.com/ladder/">Ladder</a></li>
			<li><a class="button nav-last" href="//pokemonshowdown.com/forums/">Forum</a></li>
			<li><a class="button greenbutton nav-first nav-last" href="//play.pokemonshowdown.com/">Play</a></li>
		</ul></div>
	</header>

	<div class="main" id="main">

		<noscript><section class="section">You need to enable JavaScript to use this page; sorry!</section></noscript>

	</div>

</div>

<script defer nomodule src="//play.pokemonshowdown.com/js/lib/ps-polyfill.js"></script>
<script defer src="//play.pokemonshowdown.com/js/lib/preact.min.js"></script>

<script defer src="//play.pokemonshowdown.com/config/config.js?6dec07f6"></script>
<script defer src="//play.pokemonshowdown.com/js/lib/jquery-1.11.0.min.js"></script>
<script defer src="//play.pokemonshowdown.com/js/lib/html-sanitizer-minified.js"></script>
<script defer src="//play.pokemonshowdown.com/js/battle-sound.js"></script>
<script defer src="//play.pokemonshowdown.com/js/battledata.js?0.6315294753075389"></script>
<script defer src="//play.pokemonshowdown.com/data/pokedex-mini.js?0.7603743185311358"></script>
<script defer src="//play.pokemonshowdown.com/data/pokedex-mini-bw.js?0.030888842834281283"></script>
<script defer src="//play.pokemonshowdown.com/data/graphics.js?0.05593094747507488"></script>
<script defer src="//play.pokemonshowdown.com/data/pokedex.js?0.47064822249611904"></script>
<script defer src="//play.pokemonshowdown.com/data/moves.js?0.8583693120512459"></script>
<script defer src="//play.pokemonshowdown.com/data/abilities.js?0.16017181182386842"></script>
<script defer src="//play.pokemonshowdown.com/data/items.js?0.4163379185673943"></script>
<script defer src="//play.pokemonshowdown.com/data/teambuilder-tables.js?0.31075597372830477"></script>
<script defer src="//play.pokemonshowdown.com/js/battle-tooltips.js?0.6536193500708172"></script>
<script defer src="//play.pokemonshowdown.com/js/battle.js?0.1916591943277901"></script>

<script defer src="js/utils.js?e31f9a17"></script>
<script defer src="js/replays-battle.js?7008c182"></script>

<!-- don't scrape this data! just add .json or .log after the URL!
Full API docs: https://github.com/smogon/pokemon-showdown-client/blob/master/WEB-API.md -->
<script type="text/plain" class="log" id="replaylog-smogtours-gen3ou-800358">
|inactive|Battle timer is ON: inactive players will automatically lose when time's up.
|t:|1729431309
|gametype|singles
|player|p1|loleinsmaragd|clerk-boss|
|player|p2|Emerald_Harrold|brandon-gen3|
|teamsize|p1|6
|teamsize|p2|6
|gen|3
|tier|[Gen 3] OU
|rule|Sleep Clause Mod: Limit one foe put to sleep
|rule|Switch Priority Clause Mod: Faster Pokémon switch first
|rule|Species Clause: Limit one of each Pokémon
|rule|OHKO Clause: OHKO moves are banned
|rule|Evasion Items Clause: Evasion items are banned
|rule|Evasion Moves Clause: Evasion moves are banned
|rule|Endless Battle Clause: Forcing endless battles is banned
|rule|HP Percentage Mod: HP is shown in percentages
|rule|One Boost Passer Clause: Limit one Baton Passer that has a way to boost its stats
|rule|Freeze Clause Mod: Limit one foe frozen
|
|t:|1729431309
|start
|switch|p1a: Skarmory|Skarmory, M|100/100
|switch|p2a: Salamence|Salamence, M|100/100
|-ability|p2a: Salamence|Intimidate|boost
|-unboost|p1a: Skarmory|atk|1
|turn|1
|
|t:|1729431316
|switch|p2a: Magneton|Magneton|100/100
|move|p1a: Skarmory|Spikes|p2a: Magneton
|-sidestart|p2: Emerald_Harrold|Spikes
|
|upkeep
|turn|2
|
|t:|1729431323
|move|p2a: Magneton|Thunderbolt|p1a: Skarmory
|-supereffective|p1a: Skarmory
|-damage|p1a: Skarmory|0 fnt
|faint|p1a: Skarmory
|
|t:|1729431327
|switch|p1a: Moltres|Moltres|100/100
|
|upkeep
|turn|3
|
|t:|1729431334
|switch|p2a: Snorlax|Snorlax, F|100/100
|-damage|p2a: Snorlax|88/100|[from] Spikes
|move|p1a: Moltres|Flamethrower|p2a: Snorlax
|-damage|p2a: Snorlax|58/100
|
|-heal|p2a: Snorlax|64/100|[from] item: Leftovers
|upkeep
|turn|4
|
|t:|1729431336
|move|p1a: Moltres|Will-O-Wisp|p2a: Snorlax|[miss]
|-miss|p1a: Moltres|p2a: Snorlax
|move|p2a: Snorlax|Body Slam|p1a: Moltres
|-damage|p1a: Moltres|55/100
|
|-heal|p1a: Moltres|61/100|[from] item: Leftovers
|-heal|p2a: Snorlax|70/100|[from] item: Leftovers
|upkeep
|turn|5
|
|t:|1729431345
|move|p1a: Moltres|Will-O-Wisp|p2a: Snorlax
|-status|p2a: Snorlax|brn
|move|p2a: Snorlax|Body Slam|p1a: Moltres
|-damage|p1a: Moltres|39/100
|-status|p1a: Moltres|par
|
|-heal|p2a: Snorlax|77/100 brn|[from] item: Leftovers
|-damage|p2a: Snorlax|64/100 brn|[from] brn
|-heal|p1a: Moltres|45/100 par|[from] item: Leftovers
|upkeep
|turn|6
|
|t:|1729431351
|move|p2a: Snorlax|Body Slam|p1a: Moltres
|-damage|p1a: Moltres|24/100 par
|move|p1a: Moltres|Rest|p1a: Moltres
|-status|p1a: Moltres|slp|[from] move: Rest
|-heal|p1a: Moltres|100/100 slp|[silent]
|
|-heal|p2a: Snorlax|70/100 brn|[from] item: Leftovers
|-damage|p2a: Snorlax|58/100 brn|[from] brn
|upkeep
|turn|7
|inactive|Emerald_Harrold has 270 seconds left.
|
|t:|1729431389
|switch|p1a: Blissey|Blissey, F|100/100
|move|p2a: Snorlax|Shadow Ball|p1a: Blissey
|-immune|p1a: Blissey
|
|-heal|p2a: Snorlax|64/100 brn|[from] item: Leftovers
|-damage|p2a: Snorlax|52/100 brn|[from] brn
|upkeep
|turn|8
|
|t:|1729431394
|move|p1a: Blissey|Aromatherapy|p1a: Blissey
|-cureteam|p1a: Blissey|[from] move: Aromatherapy
|move|p2a: Snorlax|Self-Destruct|p1a: Blissey
|-damage|p1a: Blissey|7/100
|faint|p2a: Snorlax
|inactive|Emerald_Harrold has 270 seconds left.
|inactive|Emerald_Harrold has 240 seconds left.
|
|t:|1729431435
|switch|p2a: Magneton|Magneton|100/100
|-damage|p2a: Magneton|88/100|[from] Spikes
|
|-heal|p1a: Blissey|13/100|[from] item: Leftovers
|upkeep
|turn|9
|
|t:|1729431442
|switch|p1a: Flygon|Flygon, M|100/100
|move|p2a: Magneton|Toxic|p1a: Flygon
|-status|p1a: Flygon|tox
|
|-damage|p1a: Flygon|94/100 tox|[from] psn
|upkeep
|turn|10
|
|t:|1729431462
|switch|p1a: Blissey|Blissey, F|13/100
|move|p2a: Magneton|Protect||[still]
|-fail|p2a: Magneton
|
|-heal|p1a: Blissey|19/100|[from] item: Leftovers
|upkeep
|turn|11
|
|t:|1729431467
|switch|p1a: Flygon|Flygon, M|94/100 tox
|move|p2a: Magneton|Thunderbolt|p1a: Flygon
|-immune|p1a: Flygon
|
|-heal|p1a: Flygon|100/100 tox|[from] item: Leftovers
|-damage|p1a: Flygon|94/100 tox|[from] psn
|upkeep
|turn|12
|
|t:|1729431474
|switch|p2a: Gyarados|Gyarados, F|100/100
|-ability|p2a: Gyarados|Intimidate|boost
|-unboost|p1a: Flygon|atk|1
|move|p1a: Flygon|Earthquake|p2a: Gyarados
|-immune|p2a: Gyarados
|
|-heal|p1a: Flygon|100/100 tox|[from] item: Leftovers
|-damage|p1a: Flygon|88/100 tox|[from] psn
|upkeep
|turn|13
|
|t:|1729431484
|switch|p2a: Magneton|Magneton|88/100
|-damage|p2a: Magneton|76/100|[from] Spikes
|move|p1a: Flygon|Toxic|p2a: Magneton|[miss]
|-miss|p1a: Flygon|p2a: Magneton
|
|-heal|p1a: Flygon|94/100 tox|[from] item: Leftovers
|-damage|p1a: Flygon|76/100 tox|[from] psn
|upkeep
|turn|14
|inactive|Emerald_Harrold has 270 seconds left.
|
|t:|1729431519
|switch|p2a: Salamence|Salamence, M|100/100
|-ability|p2a: Salamence|Intimidate|boost
|-unboost|p1a: Flygon|atk|1
|move|p1a: Flygon|Earthquake|p2a: Salamence
|-immune|p2a: Salamence
|
|-heal|p1a: Flygon|82/100 tox|[from] item: Leftovers
|-damage|p1a: Flygon|58/100 tox|[from] psn
|upkeep
|turn|15
|
|t:|1729431527
|switch|p1a: Zapdos|Zapdos|100/100
|move|p2a: Salamence|Hidden Power|p1a: Zapdos
|-resisted|p1a: Zapdos
|-crit|p1a: Zapdos
|-damage|p1a: Zapdos|40/100
|
|-heal|p1a: Zapdos|46/100|[from] item: Leftovers
|upkeep
|turn|16
|
|t:|1729431535
|switch|p2a: Steelix|Steelix, M|100/100
|-damage|p2a: Steelix|88/100|[from] Spikes
|move|p1a: Zapdos|Rest|p1a: Zapdos
|-status|p1a: Zapdos|slp|[from] move: Rest
|-heal|p1a: Zapdos|100/100 slp|[silent]
|
|-heal|p2a: Steelix|94/100|[from] item: Leftovers
|upkeep
|turn|17
|
|t:|1729431545
|switch|p1a: Flygon|Flygon, M|58/100 tox
|switch|p2a: Magneton|Magneton|76/100
|-damage|p2a: Magneton|63/100|[from] Spikes
|
|-heal|p1a: Flygon|64/100 tox|[from] item: Leftovers
|-damage|p1a: Flygon|58/100 tox|[from] psn
|upkeep
|turn|18
|
|t:|1729431551
|switch|p1a: Blissey|Blissey, F|19/100
|move|p2a: Magneton|Protect||[still]
|-fail|p2a: Magneton
|
|-heal|p1a: Blissey|25/100|[from] item: Leftovers
|upkeep
|turn|19
|
|t:|1729431559
|move|p2a: Magneton|Thunderbolt|p1a: Blissey
|-damage|p1a: Blissey|1/100
|move|p1a: Blissey|Soft-Boiled|p1a: Blissey
|-heal|p1a: Blissey|51/100
|
|-heal|p1a: Blissey|57/100|[from] item: Leftovers
|upkeep
|turn|20
|
|t:|1729431566
|move|p2a: Magneton|Toxic|p1a: Blissey
|-status|p1a: Blissey|tox
|move|p1a: Blissey|Soft-Boiled|p1a: Blissey
|-heal|p1a: Blissey|100/100 tox
|
|-damage|p1a: Blissey|94/100 tox|[from] psn
|upkeep
|turn|21
|
|t:|1729431575
|move|p2a: Magneton|Thunderbolt|p1a: Blissey
|-damage|p1a: Blissey|70/100 tox
|move|p1a: Blissey|Aromatherapy|p1a: Blissey
|-cureteam|p1a: Blissey|[from] move: Aromatherapy
|
|-heal|p1a: Blissey|76/100|[from] item: Leftovers
|upkeep
|turn|22
|
|t:|1729431580
|move|p2a: Magneton|Toxic|p1a: Blissey
|-status|p1a: Blissey|tox
|move|p1a: Blissey|Seismic Toss|p2a: Magneton
|-damage|p2a: Magneton|22/100
|
|-heal|p1a: Blissey|82/100 tox|[from] item: Leftovers
|-damage|p1a: Blissey|76/100 tox|[from] psn
|upkeep
|turn|23
|
|t:|1729431591
|switch|p2a: Celebi|Celebi|100/100
|-damage|p2a: Celebi|88/100|[from] Spikes
|move|p1a: Blissey|Seismic Toss|p2a: Celebi
|-damage|p2a: Celebi|63/100
|
|-heal|p2a: Celebi|70/100|[from] item: Leftovers
|-heal|p1a: Blissey|82/100 tox|[from] item: Leftovers
|-damage|p1a: Blissey|70/100 tox|[from] psn
|upkeep
|turn|24
|
|t:|1729431596
|move|p2a: Celebi|Leech Seed|p1a: Blissey
|-start|p1a: Blissey|move: Leech Seed
|move|p1a: Blissey|Aromatherapy|p1a: Blissey
|-cureteam|p1a: Blissey|[from] move: Aromatherapy
|
|-heal|p2a: Celebi|76/100|[from] item: Leftovers
|-heal|p1a: Blissey|76/100|[from] item: Leftovers
|-damage|p1a: Blissey|64/100|[from] Leech Seed|[of] p2a: Celebi
|-heal|p2a: Celebi|96/100|[silent]
|upkeep
|turn|25
|
|t:|1729431606
|move|p2a: Celebi|Leech Seed||[still]
|-fail|p2a: Celebi
|move|p1a: Blissey|Soft-Boiled|p1a: Blissey
|-heal|p1a: Blissey|100/100
|
|-heal|p2a: Celebi|100/100|[from] item: Leftovers
|-damage|p1a: Blissey|88/100|[from] Leech Seed|[of] p2a: Celebi
|upkeep
|turn|26
|
|t:|1729431614
|switch|p2a: Steelix|Steelix, M|94/100
|-damage|p2a: Steelix|82/100|[from] Spikes
|switch|p1a: Moltres|Moltres|100/100
|
|-heal|p2a: Steelix|88/100|[from] item: Leftovers
|upkeep
|turn|27
|inactive|loleinsmaragd has 270 seconds left.
|
|t:|1729431646
|move|p1a: Moltres|Flamethrower|p2a: Steelix
|-supereffective|p2a: Steelix
|-damage|p2a: Steelix|0 fnt
|faint|p2a: Steelix
|inactive|Emerald_Harrold has 270 seconds left.
|c|☆Emerald_Harrold|I'm washed
|
|t:|1729431682
|switch|p2a: Salamence|Salamence, M|100/100
|-ability|p2a: Salamence|Intimidate|boost
|-unboost|p1a: Moltres|atk|1
|
|upkeep
|turn|28
|
|t:|1729431691
|switch|p1a: Flygon|Flygon, M|58/100
|move|p2a: Salamence|Rock Slide|p1a: Flygon|[miss]
|-miss|p2a: Salamence|p1a: Flygon
|
|-heal|p1a: Flygon|64/100|[from] item: Leftovers
|upkeep
|turn|29
|inactive|Emerald_Harrold has 270 seconds left.
|
|t:|1729431708
|switch|p2a: Celebi|Celebi|100/100
|-damage|p2a: Celebi|88/100|[from] Spikes
|move|p1a: Flygon|Toxic|p2a: Celebi
|-status|p2a: Celebi|tox
|
|-heal|p1a: Flygon|70/100|[from] item: Leftovers
|-heal|p2a: Celebi|94/100 tox|[from] item: Leftovers
|-damage|p2a: Celebi|88/100 tox|[from] psn
|upkeep
|turn|30
|
|t:|1729431713
|move|p1a: Flygon|Protect|p1a: Flygon
|-singleturn|p1a: Flygon|Protect
|move|p2a: Celebi|Leech Seed|p1a: Flygon
|-activate|p1a: Flygon|Protect
|
|-heal|p2a: Celebi|94/100 tox|[from] item: Leftovers
|-heal|p1a: Flygon|76/100|[from] item: Leftovers
|-damage|p2a: Celebi|82/100 tox|[from] psn
|upkeep
|turn|31
|
|t:|1729431730
|switch|p1a: Moltres|Moltres|100/100
|move|p2a: Celebi|Leech Seed|p1a: Moltres|[miss]
|-miss|p2a: Celebi|p1a: Moltres
|
|-heal|p2a: Celebi|88/100 tox|[from] item: Leftovers
|-damage|p2a: Celebi|70/100 tox|[from] psn
|upkeep
|turn|32
|
|t:|1729431742
|-curestatus|p2a: Celebi|tox|[from] ability: Natural Cure
|switch|p2a: Magneton|Magneton|22/100
|-damage|p2a: Magneton|10/100|[from] Spikes
|move|p1a: Moltres|Will-O-Wisp|p2a: Magneton
|-status|p2a: Magneton|brn
|
|-damage|p2a: Magneton|0 fnt|[from] brn
|faint|p2a: Magneton
|upkeep
|
|t:|1729431745
|switch|p2a: Salamence|Salamence, M|100/100
|-ability|p2a: Salamence|Intimidate|boost
|-unboost|p1a: Moltres|atk|1
|turn|33
|
|t:|1729431755
|switch|p1a: Flygon|Flygon, M|76/100
|move|p2a: Salamence|Hidden Power|p1a: Flygon
|-damage|p1a: Flygon|25/100
|
|-heal|p1a: Flygon|31/100|[from] item: Leftovers
|upkeep
|turn|34
|
|t:|1729431762
|move|p1a: Flygon|Protect|p1a: Flygon
|-singleturn|p1a: Flygon|Protect
|move|p2a: Salamence|Hidden Power|p1a: Flygon
|-activate|p1a: Flygon|Protect
|
|-heal|p1a: Flygon|37/100|[from] item: Leftovers
|upkeep
|turn|35
|
|t:|1729431766
|switch|p1a: Misdreavus|Misdreavus, F|100/100
|move|p2a: Salamence|Hidden Power|p1a: Misdreavus
|-damage|p1a: Misdreavus|6/100
|
|-heal|p1a: Misdreavus|12/100|[from] item: Leftovers
|upkeep
|turn|36
|
|t:|1729431772
|move|p2a: Salamence|Hidden Power|p1a: Misdreavus
|-damage|p1a: Misdreavus|0 fnt
|faint|p1a: Misdreavus
|
|t:|1729431774
|switch|p1a: Moltres|Moltres|100/100
|
|upkeep
|turn|37
|
|t:|1729431777
|move|p2a: Salamence|Hidden Power|p1a: Moltres
|-damage|p1a: Moltres|29/100
|move|p1a: Moltres|Will-O-Wisp|p2a: Salamence
|-status|p2a: Salamence|brn
|
|-damage|p2a: Salamence|88/100 brn|[from] brn
|-heal|p1a: Moltres|35/100|[from] item: Leftovers
|upkeep
|turn|38
|
|t:|1729431784
|switch|p1a: Flygon|Flygon, M|37/100
|move|p2a: Salamence|Hidden Power|p1a: Flygon
|-crit|p1a: Flygon
|-damage|p1a: Flygon|0 fnt
|faint|p1a: Flygon
|inactive|loleinsmaragd has 270 seconds left.
|
|t:|1729431828
|switch|p1a: Blissey|Blissey, F|88/100
|
|-damage|p2a: Salamence|76/100 brn|[from] brn
|-heal|p1a: Blissey|94/100|[from] item: Leftovers
|upkeep
|turn|39
|
|t:|1729431836
|switch|p2a: Celebi|Celebi|70/100
|-damage|p2a: Celebi|57/100|[from] Spikes
|switch|p1a: Zapdos|Zapdos|100/100
|
|-heal|p2a: Celebi|63/100|[from] item: Leftovers
|upkeep
|turn|40
|
|t:|1729431841
|move|p1a: Zapdos|Thunderbolt|p2a: Celebi
|-resisted|p2a: Celebi
|-damage|p2a: Celebi|47/100
|move|p2a: Celebi|Recover|p2a: Celebi
|-heal|p2a: Celebi|97/100
|
|-heal|p2a: Celebi|100/100|[from] item: Leftovers
|upkeep
|turn|41
|
|t:|1729431848
|switch|p1a: Moltres|Moltres|35/100
|move|p2a: Celebi|Heal Bell|p2a: Celebi
|-activate|p2a: Celebi|move: Heal Bell
|-curestatus|p2: Salamence|brn|[silent]
|
|-heal|p1a: Moltres|41/100|[from] item: Leftovers
|upkeep
|turn|42
|
|t:|1729431855
|move|p1a: Moltres|Will-O-Wisp|p2a: Celebi
|-status|p2a: Celebi|brn
|move|p2a: Celebi|Leech Seed|p1a: Moltres
|-start|p1a: Moltres|move: Leech Seed
|
|-heal|p1a: Moltres|47/100|[from] item: Leftovers
|-damage|p1a: Moltres|35/100|[from] Leech Seed|[of] p2a: Celebi
|-damage|p2a: Celebi|88/100 brn|[from] brn
|upkeep
|turn|43
|
|t:|1729431862
|-curestatus|p2a: Celebi|brn|[from] ability: Natural Cure
|switch|p2a: Salamence|Salamence, M|76/100
|-ability|p2a: Salamence|Intimidate|boost
|-unboost|p1a: Moltres|atk|1
|move|p1a: Moltres|Will-O-Wisp|p2a: Salamence|[miss]
|-miss|p1a: Moltres|p2a: Salamence
|
|-heal|p1a: Moltres|41/100|[from] item: Leftovers
|-damage|p1a: Moltres|29/100|[from] Leech Seed|[of] p2a: Salamence
|-heal|p2a: Salamence|88/100|[silent]
|upkeep
|turn|44
|
|t:|1729431870
|move|p2a: Salamence|Rock Slide|p1a: Moltres
|-supereffective|p1a: Moltres
|-damage|p1a: Moltres|0 fnt
|faint|p1a: Moltres
|
|t:|1729431873
|switch|p1a: Blissey|Blissey, F|94/100
|
|-heal|p1a: Blissey|99/100|[from] item: Leftovers
|upkeep
|turn|45
|
|t:|1729431881
|switch|p2a: Celebi|Celebi|88/100
|-damage|p2a: Celebi|76/100|[from] Spikes
|move|p1a: Blissey|Ice Beam|p2a: Celebi
|-supereffective|p2a: Celebi
|-damage|p2a: Celebi|39/100
|
|-heal|p2a: Celebi|45/100|[from] item: Leftovers
|-heal|p1a: Blissey|100/100|[from] item: Leftovers
|upkeep
|turn|46
|
|t:|1729431892
|move|p2a: Celebi|Leech Seed|p1a: Blissey
|-start|p1a: Blissey|move: Leech Seed
|move|p1a: Blissey|Ice Beam|p2a: Celebi
|-supereffective|p2a: Celebi
|-damage|p2a: Celebi|4/100
|
|-heal|p2a: Celebi|10/100|[from] item: Leftovers
|-damage|p1a: Blissey|88/100|[from] Leech Seed|[of] p2a: Celebi
|-heal|p2a: Celebi|30/100|[silent]
|upkeep
|turn|47
|
|t:|1729431900
|move|p2a: Celebi|Recover|p2a: Celebi
|-heal|p2a: Celebi|80/100
|move|p1a: Blissey|Ice Beam|p2a: Celebi
|-supereffective|p2a: Celebi
|-damage|p2a: Celebi|39/100
|
|-heal|p2a: Celebi|45/100|[from] item: Leftovers
|-heal|p1a: Blissey|94/100|[from] item: Leftovers
|-damage|p1a: Blissey|82/100|[from] Leech Seed|[of] p2a: Celebi
|-heal|p2a: Celebi|65/100|[silent]
|upkeep
|turn|48
|
|t:|1729431905
|switch|p1a: Zapdos|Zapdos|100/100
|move|p2a: Celebi|Recover|p2a: Celebi
|-heal|p2a: Celebi|100/100
|
|upkeep
|turn|49
|
|t:|1729431912
|switch|p1a: Blissey|Blissey, F|82/100
|move|p2a: Celebi|Leech Seed|p1a: Blissey
|-start|p1a: Blissey|move: Leech Seed
|
|-heal|p1a: Blissey|88/100|[from] item: Leftovers
|-damage|p1a: Blissey|75/100|[from] Leech Seed|[of] p2a: Celebi
|upkeep
|turn|50
|
|t:|1729431921
|switch|p2a: Gyarados|Gyarados, F|100/100
|-ability|p2a: Gyarados|Intimidate|boost
|-unboost|p1a: Blissey|atk|1
|move|p1a: Blissey|Soft-Boiled|p1a: Blissey
|-heal|p1a: Blissey|100/100
|
|-damage|p1a: Blissey|88/100|[from] Leech Seed|[of] p2a: Gyarados
|upkeep
|turn|51
|
|t:|1729431931
|switch|p2a: Salamence|Salamence, M|88/100
|-ability|p2a: Salamence|Intimidate|boost
|-unboost|p1a: Blissey|atk|1
|switch|p1a: Zapdos|Zapdos|100/100
|
|upkeep
|turn|52
|
|t:|1729431938
|move|p2a: Salamence|Rock Slide|p1a: Zapdos
|-supereffective|p1a: Zapdos
|-crit|p1a: Zapdos
|-damage|p1a: Zapdos|0 fnt
|faint|p1a: Zapdos
|
|t:|1729431941
|switch|p1a: Blissey|Blissey, F|88/100
|
|-heal|p1a: Blissey|94/100|[from] item: Leftovers
|upkeep
|turn|53
|
|t:|1729431950
|switch|p2a: Celebi|Celebi|100/100
|-damage|p2a: Celebi|88/100|[from] Spikes
|move|p1a: Blissey|Ice Beam|p2a: Celebi
|-supereffective|p2a: Celebi
|-damage|p2a: Celebi|48/100
|
|-heal|p2a: Celebi|54/100|[from] item: Leftovers
|-heal|p1a: Blissey|99/100|[from] item: Leftovers
|upkeep
|turn|54
|
|t:|1729431957
|move|p2a: Celebi|Leech Seed|p1a: Blissey
|-start|p1a: Blissey|move: Leech Seed
|move|p1a: Blissey|Ice Beam|p2a: Celebi
|-supereffective|p2a: Celebi
|-damage|p2a: Celebi|13/100
|
|-heal|p2a: Celebi|19/100|[from] item: Leftovers
|-heal|p1a: Blissey|100/100|[from] item: Leftovers
|-damage|p1a: Blissey|88/100|[from] Leech Seed|[of] p2a: Celebi
|-heal|p2a: Celebi|39/100|[silent]
|upkeep
|turn|55
|
|t:|1729431967
|move|p2a: Celebi|Recover|p2a: Celebi
|-heal|p2a: Celebi|89/100
|move|p1a: Blissey|Seismic Toss|p2a: Celebi
|-damage|p2a: Celebi|64/100
|
|-heal|p2a: Celebi|71/100|[from] item: Leftovers
|-heal|p1a: Blissey|94/100|[from] item: Leftovers
|-damage|p1a: Blissey|82/100|[from] Leech Seed|[of] p2a: Celebi
|-heal|p2a: Celebi|91/100|[silent]
|upkeep
|turn|56
|
|t:|1729431977
|switch|p2a: Salamence|Salamence, M|88/100
|-ability|p2a: Salamence|Intimidate|boost
|-unboost|p1a: Blissey|atk|1
|move|p1a: Blissey|Seismic Toss|p2a: Salamence
|-damage|p2a: Salamence|58/100
|
|-heal|p1a: Blissey|88/100|[from] item: Leftovers
|-damage|p1a: Blissey|75/100|[from] Leech Seed|[of] p2a: Salamence
|-heal|p2a: Salamence|82/100|[silent]
|upkeep
|turn|57
|
|t:|1729431981
|move|p2a: Salamence|Brick Break|p1a: Blissey
|-supereffective|p1a: Blissey
|-damage|p1a: Blissey|0 fnt
|faint|p1a: Blissey
|
|win|Emerald_Harrold
|c|☆Emerald_Harrold|gg

</script>
<script type="application/json" class="data" id="replaydata-smogtours-gen3ou-800358">
{"id":"smogtours-gen3ou-800358","format":"[Gen 3] OU","players":["loleinsmaragd","Emerald_Harrold"],"uploadtime":1729431981,"views":103,"formatid":"gen3ou","rating":null,"private":0,"password":null}
</script>

<script defer src="js/replays.js?9d40a366"></script>
