<!DOCTYPE html>
<meta charset="utf-8" />
<meta name="viewport" content="width=device-width" />

<title>[Gen 3] OU: EpiclyEpicGamerW vs. xgermx - Replays - Pok&eacute;mon Showdown!</title>

<meta name="description" content="Watch a replay of a Pok&eacute;mon battle between EpiclyEpicGamerW and xgermx! Format: [Gen 3] OU; Date: Oct 3, 2024" />
<!--

Hey, you! Looking in the source for the replay log?

You can find them in JSON format, just add `.json` at the end of a replay URL.

https://replay.pokemonshowdown.com/gen7randomdoublesbattle-865046831.json

Or, if you only need the log itself, add `.log` instead:

https://replay.pokemonshowdown.com/gen7randomdoublesbattle-865046831.log

-->

<link rel="stylesheet" href="//pokemonshowdown.com/style/global.css?0.023195364461161105" />
<link rel="stylesheet" href="//play.pokemonshowdown.com/style/font-awesome.css?0.13261647063804238" />
<link rel="stylesheet" href="//play.pokemonshowdown.com/style/battle.css?0.8753245789963631" />
<link rel="stylesheet" href="//play.pokemonshowdown.com/style/utilichart.css?0.8627959624976733" />

<!-- Global site tag (gtag.js) - Google Analytics -->
<script async src="https://www.googletagmanager.com/gtag/js?id=UA-26211653-1"></script>
<script>
  window.dataLayer = window.dataLayer || [];
  function gtag(){dataLayer.push(arguments);}
  gtag('js', new Date());

  gtag('config', 'UA-26211653-1');
</script>
<!-- End Google Analytics -->
<!-- Venatus Ad Manager - Install in <HEAD> of page -->
	<script src="https://hb.vntsm.com/v3/live/ad-manager.min.js" type="text/javascript" data-site-id="642aba63ec9a7b11c3c9c1be" data-mode="scan" async></script>
<!-- / Venatus Ad Manager -->

<style>
	@media (max-width:820px) {
		.battle {
			margin: 0 auto;
		}
		.battle-log {
			margin: 7px auto 0;
			max-width: 640px;
			height: 300px;
			position: static;
		}
	}
	.optgroup {
		display: inline-block;
		line-height: 22px;
		font-size: 10pt;
	}
	.optgroup .button {
		height: 25px;
		padding-top: 0;
		padding-bottom: 0;
	}
	.optgroup button.button {
		padding-left: 12px;
		padding-right: 12px;
	}
	.linklist {
		list-style: none;
		margin: 0.5em 0;
		padding: 0;
	}
	.linklist li {
		padding: 2px 0;
	}
	.sidebar {
		float: left;
		width: 320px;
	}
	.bar-wrapper {
		max-width: 1100px;
		margin: 0 auto;
	}
	.bar-wrapper.has-sidebar {
		max-width: 1430px;
	}
	.mainbar {
		margin: 0;
		padding-right: 1px;
	}
	.mainbar.has-sidebar {
		margin-left: 330px;
	}
	@media (min-width: 1511px) {
		.sidebar {
			width: 400px;
		}
		.bar-wrapper.has-sidebar {
			max-width: 1510px;
		}
		.mainbar.has-sidebar {
			margin-left: 410px;
		}
	}
	.section.first-section {
		margin-top: 9px;
	}
	.blocklink small {
		white-space: normal;
	}
	.button {
		vertical-align: middle;
	}
	.replay-controls {
		padding-top: 10px;
	}
	.replay-controls h1 {
		font-size: 16pt;
		font-weight: normal;
		color: #CCC;
	}
	.pagelink {
		text-align: center;
	}
	.pagelink a {
		width: 150px;
	}
	.textbox, .button {
		font-size: 11pt;
		vertical-align: middle;
	}
	@media (max-width: 450px) {
		.button {
			font-size: 9pt;
		}
	}
</style>

<div>

	<header>
		<div class="nav-wrapper"><ul class="nav">
			<li><a class="button nav-first" href="//pokemonshowdown.com/"><img src="//pokemonshowdown.com/images/pokemonshowdownbeta.png" srcset="//pokemonshowdown.com/images/pokemonshowdownbeta.png 1x, //pokemonshowdown.com/images/pokemonshowdownbeta@2x.png 2x" alt="Pok&eacute;mon Showdown" width="146" height="44" /> Home</a></li>
			<li><a class="button" href="//pokemonshowdown.com/dex/">Pok&eacute;dex</a></li>
			<li><a class="button cur" href="/">Replays</a></li>
			<li><a class="button" href="//pokemonshowdown.com/ladder/">Ladder</a></li>
			<li><a class="button nav-last" href="//pokemonshowdown.com/forums/">Forum</a></li>
			<li><a class="button greenbutton nav-first nav-last" href="//play.pokemonshowdown.com/">Play</a></li>
		</ul></div>
	</header>

	<div class="main" id="main">

		<noscript><section class="section">You need to enable JavaScript to use this page; sorry!</section></noscript>

	</div>

</div>

<script defer nomodule src="//play.pokemonshowdown.com/js/lib/ps-polyfill.js"></script>
<script defer src="//play.pokemonshowdown.com/js/lib/preact.min.js"></script>

<script defer src="//play.pokemonshowdown.com/config/config.js?2bddbc15"></script>
<script defer src="//play.pokemonshowdown.com/js/lib/jquery-1.11.0.min.js"></script>
<script defer src="//play.pokemonshowdown.com/js/lib/html-sanitizer-minified.js"></script>
<script defer src="//play.pokemonshowdown.com/js/battle-sound.js"></script>
<script defer src="//play.pokemonshowdown.com/js/battledata.js?0.7209276989879541"></script>
<script defer src="//play.pokemonshowdown.com/data/pokedex-mini.js?0.6111056340867951"></script>
<script defer src="//play.pokemonshowdown.com/data/pokedex-mini-bw.js?0.3532142036491459"></script>
<script defer src="//play.pokemonshowdown.com/data/graphics.js?0.24223875632456182"></script>
<script defer src="//play.pokemonshowdown.com/data/pokedex.js?0.38839984266356864"></script>
<script defer src="//play.pokemonshowdown.com/data/moves.js?0.21866028504024015"></script>
<script defer src="//play.pokemonshowdown.com/data/abilities.js?0.2005157953846628"></script>
<script defer src="//play.pokemonshowdown.com/data/items.js?0.9894211263848525"></script>
<script defer src="//play.pokemonshowdown.com/data/teambuilder-tables.js?0.6008791140282215"></script>
<script defer src="//play.pokemonshowdown.com/js/battle-tooltips.js?0.7580118955022959"></script>
<script defer src="//play.pokemonshowdown.com/js/battle.js?0.6057722274234274"></script>

<script defer src="js/utils.js?e31f9a17"></script>
<script defer src="js/replays-battle.js?7008c182"></script>

<!-- don't scrape this data! just add .json or .log after the URL!
Full API docs: https://github.com/smogon/pokemon-showdown-client/blob/master/WEB-API.md -->
<script type="text/plain" class="log" id="replaylog-smogtours-gen3ou-794402">
|inactive|Battle timer is ON: inactive players will automatically lose when time's up.
|t:|1727991632
|gametype|singles
|player|p1|EpiclyEpicGamerW|red-masters|
|player|p2|xgermx|2|
|teamsize|p1|6
|teamsize|p2|6
|gen|3
|tier|[Gen 3] OU
|rule|Sleep Clause Mod: Limit one foe put to sleep
|rule|Switch Priority Clause Mod: Faster Pokémon switch first
|rule|Species Clause: Limit one of each Pokémon
|rule|OHKO Clause: OHKO moves are banned
|rule|Evasion Items Clause: Evasion items are banned
|rule|Evasion Moves Clause: Evasion moves are banned
|rule|Endless Battle Clause: Forcing endless battles is banned
|rule|HP Percentage Mod: HP is shown in percentages
|rule|One Boost Passer Clause: Limit one Baton Passer that has a way to boost its stats
|rule|Freeze Clause Mod: Limit one foe frozen
|
|t:|1727991632
|start
|switch|p1a: Vaporeon|Vaporeon, M|100/100
|switch|p2a: Jynx|Jynx, F|100/100
|turn|1
|
|t:|1727991660
|move|p2a: Jynx|Substitute|p2a: Jynx
|-start|p2a: Jynx|Substitute
|-damage|p2a: Jynx|75/100
|move|p1a: Vaporeon|Substitute|p1a: Vaporeon
|-start|p1a: Vaporeon|Substitute
|-damage|p1a: Vaporeon|76/100
|
|-heal|p2a: Jynx|82/100|[from] item: Leftovers
|upkeep
|turn|2
|inactive|xgermx has 270 seconds left.
|
|t:|1727991702
|move|p2a: Jynx|Calm Mind|p2a: Jynx
|-boost|p2a: Jynx|spa|1
|-boost|p2a: Jynx|spd|1
|move|p1a: Vaporeon|Hydro Pump|p2a: Jynx|[miss]
|-miss|p1a: Vaporeon|p2a: Jynx
|
|-heal|p2a: Jynx|88/100|[from] item: Leftovers
|upkeep
|turn|3
|
|t:|1727991712
|move|p2a: Jynx|Ice Beam|p1a: Vaporeon
|-resisted|p1a: Vaporeon
|-end|p1a: Vaporeon|Substitute
|move|p1a: Vaporeon|Baton Pass|p1a: Vaporeon
|inactive|EpiclyEpicGamerW has 270 seconds left.
|c|☆xgermx|first time a see a vaporeon in gen 3
|c|☆xgermx|i had no idea what it did
|
|t:|1727991759
|switch|p1a: Tyranitar|Tyranitar, F|100/100|[from] Baton Pass
|-weather|Sandstorm|[from] ability: Sand Stream|[of] p1a: Tyranitar
|
|-weather|Sandstorm|[upkeep]
|-damage|p2a: Jynx|82/100|[from] Sandstorm
|-heal|p2a: Jynx|88/100|[from] item: Leftovers
|upkeep
|turn|4
|inactive|xgermx has 270 seconds left.
|
|t:|1727991766
|move|p2a: Jynx|Lovely Kiss|p1a: Tyranitar
|-status|p1a: Tyranitar|slp|[from] move: Lovely Kiss
|-enditem|p1a: Tyranitar|Lum Berry|[eat]
|-curestatus|p1a: Tyranitar|slp|[msg]
|move|p1a: Tyranitar|Earthquake|p2a: Jynx
|-end|p2a: Jynx|Substitute
|
|-weather|Sandstorm|[upkeep]
|-damage|p2a: Jynx|82/100|[from] Sandstorm
|-heal|p2a: Jynx|88/100|[from] item: Leftovers
|upkeep
|turn|5
|inactive|EpiclyEpicGamerW has 270 seconds left.
|inactive|xgermx has 270 seconds left.
|
|t:|1727991776
|move|p2a: Jynx|Lovely Kiss|p1a: Tyranitar
|-status|p1a: Tyranitar|slp|[from] move: Lovely Kiss
|cant|p1a: Tyranitar|slp
|
|-weather|Sandstorm|[upkeep]
|-damage|p2a: Jynx|82/100|[from] Sandstorm
|-heal|p2a: Jynx|88/100|[from] item: Leftovers
|upkeep
|turn|6
|
|t:|1727991784
|move|p2a: Jynx|Substitute|p2a: Jynx
|-start|p2a: Jynx|Substitute
|-damage|p2a: Jynx|63/100
|-curestatus|p1a: Tyranitar|slp|[msg]
|move|p1a: Tyranitar|Earthquake|p2a: Jynx
|-end|p2a: Jynx|Substitute
|
|-weather|Sandstorm|[upkeep]
|-damage|p2a: Jynx|57/100|[from] Sandstorm
|-heal|p2a: Jynx|63/100|[from] item: Leftovers
|upkeep
|turn|7
|
|t:|1727991793
|move|p2a: Jynx|Lovely Kiss|p1a: Tyranitar|[miss]
|-miss|p2a: Jynx|p1a: Tyranitar
|move|p1a: Tyranitar|Earthquake|p2a: Jynx
|-damage|p2a: Jynx|0 fnt
|faint|p2a: Jynx
|
|t:|1727991804
|switch|p2a: Claydol|Claydol|100/100
|
|-weather|Sandstorm|[upkeep]
|upkeep
|turn|8
|inactive|EpiclyEpicGamerW has 270 seconds left.
|
|t:|1727991844
|switch|p1a: Aerodactyl|Aerodactyl, M|100/100
|move|p2a: Claydol|Earthquake|p1a: Aerodactyl
|-immune|p1a: Aerodactyl
|
|-weather|Sandstorm|[upkeep]
|upkeep
|turn|9
|inactive|EpiclyEpicGamerW has 270 seconds left.
|
|t:|1727991865
|switch|p2a: Magneton|Magneton|100/100
|move|p1a: Aerodactyl|Double-Edge|p2a: Magneton
|-resisted|p2a: Magneton
|-damage|p2a: Magneton|64/100
|
|-weather|Sandstorm|[upkeep]
|-heal|p2a: Magneton|70/100|[from] item: Leftovers
|upkeep
|turn|10
|
|t:|1727991877
|switch|p1a: Gengar|Gengar, F|100/100
|move|p2a: Magneton|Toxic|p1a: Gengar
|-immune|p1a: Gengar
|
|-weather|Sandstorm|[upkeep]
|-damage|p1a: Gengar|94/100|[from] Sandstorm
|-heal|p1a: Gengar|100/100|[from] item: Leftovers
|-heal|p2a: Magneton|77/100|[from] item: Leftovers
|upkeep
|turn|11
|
|t:|1727991886
|move|p2a: Magneton|Protect|p2a: Magneton
|-singleturn|p2a: Magneton|Protect
|move|p1a: Gengar|Fire Punch|p2a: Magneton
|-activate|p2a: Magneton|Protect
|
|-weather|Sandstorm|[upkeep]
|-damage|p1a: Gengar|94/100|[from] Sandstorm
|-heal|p1a: Gengar|100/100|[from] item: Leftovers
|-heal|p2a: Magneton|83/100|[from] item: Leftovers
|upkeep
|turn|12
|
|t:|1727991896
|switch|p2a: Blissey|Blissey, F|100/100
|move|p1a: Gengar|Ice Punch|p2a: Blissey
|-damage|p2a: Blissey|92/100
|
|-weather|Sandstorm|[upkeep]
|-damage|p1a: Gengar|94/100|[from] Sandstorm
|-damage|p2a: Blissey|86/100|[from] Sandstorm
|-heal|p1a: Gengar|100/100|[from] item: Leftovers
|-heal|p2a: Blissey|92/100|[from] item: Leftovers
|upkeep
|turn|13
|
|t:|1727991907
|switch|p1a: Metagross|Metagross|100/100
|move|p2a: Blissey|Toxic|p1a: Metagross|[miss]
|-miss|p2a: Blissey|p1a: Metagross
|
|-weather|Sandstorm|[upkeep]
|-damage|p2a: Blissey|86/100|[from] Sandstorm
|-heal|p2a: Blissey|92/100|[from] item: Leftovers
|upkeep
|turn|14
|
|t:|1727991928
|switch|p1a: Smeargle|Smeargle, F|100/100
|switch|p2a: Claydol|Claydol|100/100
|
|-weather|Sandstorm|[upkeep]
|-damage|p1a: Smeargle|95/100|[from] Sandstorm
|upkeep
|turn|15
|
|t:|1727991941
|move|p1a: Smeargle|Spore|p2a: Claydol
|-status|p2a: Claydol|slp|[from] move: Spore
|cant|p2a: Claydol|slp
|
|-weather|Sandstorm|[upkeep]
|-damage|p1a: Smeargle|89/100|[from] Sandstorm
|upkeep
|turn|16
|
|t:|1727991950
|switch|p2a: Dugtrio|Dugtrio, F|100/100
|move|p1a: Smeargle|Spikes|p2a: Dugtrio
|-sidestart|p2: xgermx|Spikes
|
|-weather|Sandstorm|[upkeep]
|-damage|p1a: Smeargle|83/100|[from] Sandstorm
|upkeep
|turn|17
|
|t:|1727991957
|move|p2a: Dugtrio|Earthquake|p1a: Smeargle
|-damage|p1a: Smeargle|0 fnt
|faint|p1a: Smeargle
|
|t:|1727991962
|switch|p1a: Gengar|Gengar, F|100/100
|
|-weather|Sandstorm|[upkeep]
|-damage|p1a: Gengar|94/100|[from] Sandstorm
|-heal|p1a: Gengar|100/100|[from] item: Leftovers
|upkeep
|turn|18
|
|t:|1727991975
|switch|p2a: Blissey|Blissey, F|92/100
|-damage|p2a: Blissey|79/100|[from] Spikes
|move|p1a: Gengar|Explosion|p2a: Blissey
|-damage|p2a: Blissey|7/100
|faint|p1a: Gengar
|
|t:|1727991988
|switch|p1a: Tyranitar|Tyranitar, F|100/100
|
|-weather|Sandstorm|[upkeep]
|-damage|p2a: Blissey|1/100|[from] Sandstorm
|-heal|p2a: Blissey|7/100|[from] item: Leftovers
|upkeep
|turn|19
|
|t:|1727991998
|move|p1a: Tyranitar|Dragon Dance|p1a: Tyranitar
|-boost|p1a: Tyranitar|atk|1
|-boost|p1a: Tyranitar|spe|1
|move|p2a: Blissey|Toxic|p1a: Tyranitar
|-status|p1a: Tyranitar|tox
|
|-weather|Sandstorm|[upkeep]
|-damage|p2a: Blissey|1/100|[from] Sandstorm
|-damage|p1a: Tyranitar|94/100 tox|[from] psn
|-heal|p2a: Blissey|7/100|[from] item: Leftovers
|upkeep
|turn|20
|
|t:|1727992008
|move|p1a: Tyranitar|Dragon Dance|p1a: Tyranitar
|-boost|p1a: Tyranitar|atk|1
|-boost|p1a: Tyranitar|spe|1
|move|p2a: Blissey|Ice Beam|p1a: Tyranitar
|-damage|p1a: Tyranitar|76/100 tox
|
|-weather|Sandstorm|[upkeep]
|-damage|p2a: Blissey|1/100|[from] Sandstorm
|-damage|p1a: Tyranitar|64/100 tox|[from] psn
|-heal|p2a: Blissey|7/100|[from] item: Leftovers
|upkeep
|turn|21
|
|t:|1727992017
|move|p1a: Tyranitar|Double-Edge|p2a: Blissey
|-damage|p2a: Blissey|0 fnt
|-damage|p1a: Tyranitar|61/100 tox|[from] Recoil|[of] p2a: Blissey
|faint|p2a: Blissey
|
|t:|1727992036
|switch|p2a: Magneton|Magneton|83/100
|-damage|p2a: Magneton|70/100|[from] Spikes
|
|-weather|Sandstorm|[upkeep]
|-damage|p1a: Tyranitar|42/100 tox|[from] psn
|-heal|p2a: Magneton|77/100|[from] item: Leftovers
|upkeep
|turn|22
|
|t:|1727992046
|move|p2a: Magneton|Protect|p2a: Magneton
|-singleturn|p2a: Magneton|Protect
|move|p1a: Tyranitar|Earthquake|p2a: Magneton
|-activate|p2a: Magneton|Protect
|
|-weather|Sandstorm|[upkeep]
|-damage|p1a: Tyranitar|18/100 tox|[from] psn
|-heal|p2a: Magneton|83/100|[from] item: Leftovers
|upkeep
|turn|23
|
|t:|1727992055
|switch|p2a: Claydol|Claydol|100/100 slp
|move|p1a: Tyranitar|Double-Edge|p2a: Claydol
|-damage|p2a: Claydol|19/100 slp
|-damage|p1a: Tyranitar|0 fnt|[from] Recoil|[of] p2a: Claydol
|faint|p1a: Tyranitar
|
|t:|1727992065
|switch|p1a: Vaporeon|Vaporeon, M|76/100
|
|-weather|Sandstorm|[upkeep]
|-damage|p1a: Vaporeon|69/100|[from] Sandstorm
|-heal|p2a: Claydol|25/100 slp|[from] item: Leftovers
|upkeep
|turn|24
|
|t:|1727992074
|move|p1a: Vaporeon|Substitute|p1a: Vaporeon
|-start|p1a: Vaporeon|Substitute
|-damage|p1a: Vaporeon|44/100
|-curestatus|p2a: Claydol|slp|[msg]
|move|p2a: Claydol|Explosion|p1a: Vaporeon
|-crit|p1a: Vaporeon
|-end|p1a: Vaporeon|Substitute
|faint|p2a: Claydol
|
|t:|1727992082
|switch|p2a: Dugtrio|Dugtrio, F|100/100
|-damage|p2a: Dugtrio|88/100|[from] Spikes
|
|-weather|Sandstorm|[upkeep]
|-damage|p1a: Vaporeon|38/100|[from] Sandstorm
|upkeep
|turn|25
|
|t:|1727992087
|move|p2a: Dugtrio|Earthquake|p1a: Vaporeon
|-damage|p1a: Vaporeon|0 fnt
|faint|p1a: Vaporeon
|
|t:|1727992090
|switch|p1a: Aerodactyl|Aerodactyl, M|100/100
|
|-weather|Sandstorm|[upkeep]
|upkeep
|turn|26
|
|t:|1727992105
|switch|p2a: Magneton|Magneton|83/100
|-damage|p2a: Magneton|70/100|[from] Spikes
|move|p1a: Aerodactyl|Rock Slide|p2a: Magneton
|-resisted|p2a: Magneton
|-damage|p2a: Magneton|39/100
|
|-weather|Sandstorm|[upkeep]
|-heal|p2a: Magneton|46/100|[from] item: Leftovers
|upkeep
|turn|27
|
|t:|1727992116
|move|p1a: Aerodactyl|Rock Slide|p2a: Magneton
|-resisted|p2a: Magneton
|-damage|p2a: Magneton|14/100
|move|p2a: Magneton|Thunderbolt|p1a: Aerodactyl
|-supereffective|p1a: Aerodactyl
|-damage|p1a: Aerodactyl|0 fnt
|faint|p1a: Aerodactyl
|
|t:|1727992120
|switch|p1a: Metagross|Metagross|100/100
|
|-weather|Sandstorm|[upkeep]
|-heal|p2a: Magneton|20/100|[from] item: Leftovers
|upkeep
|turn|28
|
|t:|1727992126
|move|p1a: Metagross|Psychic|p2a: Magneton
|-resisted|p2a: Magneton
|-damage|p2a: Magneton|0 fnt
|faint|p2a: Magneton
|-message|EpiclyEpicGamerW forfeited.
|
|win|xgermx
|player|p1|
|c|☆xgermx|gg

</script>
<script type="application/json" class="data" id="replaydata-smogtours-gen3ou-794402">
{"id":"smogtours-gen3ou-794402","format":"[Gen 3] OU","players":["EpiclyEpicGamerW","xgermx"],"uploadtime":1727992127,"views":116,"formatid":"gen3ou","rating":null,"private":0,"password":null}
</script>

<script defer src="js/replays.js?9d40a366"></script>
