<!DOCTYPE html>
<meta charset="utf-8" />
<meta name="viewport" content="width=device-width" />

<title>[Gen 3] OU: Skarpherim© vs. Genexys - Replays - Pok&eacute;mon Showdown!</title>

<meta name="description" content="Watch a replay of a Pok&eacute;mon battle between Skarpherim© and Genexys! Format: [Gen 3] OU; Date: Nov 14, 2024" />
<!--

Hey, you! Looking in the source for the replay log?

You can find them in JSON format, just add `.json` at the end of a replay URL.

https://replay.pokemonshowdown.com/gen7randomdoublesbattle-865046831.json

Or, if you only need the log itself, add `.log` instead:

https://replay.pokemonshowdown.com/gen7randomdoublesbattle-865046831.log

-->

<link rel="stylesheet" href="//pokemonshowdown.com/style/global.css?0.767286132409787" />
<link rel="stylesheet" href="//play.pokemonshowdown.com/style/font-awesome.css?0.9266228007934947" />
<link rel="stylesheet" href="//play.pokemonshowdown.com/style/battle.css?0.7924700842790926" />
<link rel="stylesheet" href="//play.pokemonshowdown.com/style/utilichart.css?0.8777417872839479" />

<!-- Global site tag (gtag.js) - Google Analytics -->
<script async src="https://www.googletagmanager.com/gtag/js?id=UA-26211653-1"></script>
<script>
  window.dataLayer = window.dataLayer || [];
  function gtag(){dataLayer.push(arguments);}
  gtag('js', new Date());

  gtag('config', 'UA-26211653-1');
</script>
<!-- End Google Analytics -->
<!-- Venatus Ad Manager - Install in <HEAD> of page -->
	<script src="https://hb.vntsm.com/v3/live/ad-manager.min.js" type="text/javascript" data-site-id="642aba63ec9a7b11c3c9c1be" data-mode="scan" async></script>
<!-- / Venatus Ad Manager -->

<style>
	@media (max-width:820px) {
		.battle {
			margin: 0 auto;
		}
		.battle-log {
			margin: 7px auto 0;
			max-width: 640px;
			height: 300px;
			position: static;
		}
	}
	.optgroup {
		display: inline-block;
		line-height: 22px;
		font-size: 10pt;
	}
	.optgroup .button {
		height: 25px;
		padding-top: 0;
		padding-bottom: 0;
	}
	.optgroup button.button {
		padding-left: 12px;
		padding-right: 12px;
	}
	.linklist {
		list-style: none;
		margin: 0.5em 0;
		padding: 0;
	}
	.linklist li {
		padding: 2px 0;
	}
	.sidebar {
		float: left;
		width: 320px;
	}
	.bar-wrapper {
		max-width: 1100px;
		margin: 0 auto;
	}
	.bar-wrapper.has-sidebar {
		max-width: 1430px;
	}
	.mainbar {
		margin: 0;
		padding-right: 1px;
	}
	.mainbar.has-sidebar {
		margin-left: 330px;
	}
	@media (min-width: 1511px) {
		.sidebar {
			width: 400px;
		}
		.bar-wrapper.has-sidebar {
			max-width: 1510px;
		}
		.mainbar.has-sidebar {
			margin-left: 410px;
		}
	}
	.section.first-section {
		margin-top: 9px;
	}
	.blocklink small {
		white-space: normal;
	}
	.button {
		vertical-align: middle;
	}
	.replay-controls {
		padding-top: 10px;
	}
	.replay-controls h1 {
		font-size: 16pt;
		font-weight: normal;
		color: #CCC;
	}
	.pagelink {
		text-align: center;
	}
	.pagelink a {
		width: 150px;
	}
	.textbox, .button {
		font-size: 11pt;
		vertical-align: middle;
	}
	@media (max-width: 450px) {
		.button {
			font-size: 9pt;
		}
	}
</style>

<div>

	<header>
		<div class="nav-wrapper"><ul class="nav">
			<li><a class="button nav-first" href="//pokemonshowdown.com/"><img src="//pokemonshowdown.com/images/pokemonshowdownbeta.png" srcset="//pokemonshowdown.com/images/pokemonshowdownbeta.png 1x, //pokemonshowdown.com/images/pokemonshowdownbeta@2x.png 2x" alt="Pok&eacute;mon Showdown" width="146" height="44" /> Home</a></li>
			<li><a class="button" href="//pokemonshowdown.com/dex/">Pok&eacute;dex</a></li>
			<li><a class="button cur" href="/">Replays</a></li>
			<li><a class="button" href="//pokemonshowdown.com/ladder/">Ladder</a></li>
			<li><a class="button nav-last" href="//pokemonshowdown.com/forums/">Forum</a></li>
			<li><a class="button greenbutton nav-first nav-last" href="//play.pokemonshowdown.com/">Play</a></li>
		</ul></div>
	</header>

	<div class="main" id="main">

		<noscript><section class="section">You need to enable JavaScript to use this page; sorry!</section></noscript>

	</div>

</div>

<script defer nomodule src="//play.pokemonshowdown.com/js/lib/ps-polyfill.js"></script>
<script defer src="//play.pokemonshowdown.com/js/lib/preact.min.js"></script>

<script defer src="//play.pokemonshowdown.com/config/config.js?6dec07f6"></script>
<script defer src="//play.pokemonshowdown.com/js/lib/jquery-1.11.0.min.js"></script>
<script defer src="//play.pokemonshowdown.com/js/lib/html-sanitizer-minified.js"></script>
<script defer src="//play.pokemonshowdown.com/js/battle-sound.js"></script>
<script defer src="//play.pokemonshowdown.com/js/battledata.js?0.6315294753075389"></script>
<script defer src="//play.pokemonshowdown.com/data/pokedex-mini.js?0.7603743185311358"></script>
<script defer src="//play.pokemonshowdown.com/data/pokedex-mini-bw.js?0.030888842834281283"></script>
<script defer src="//play.pokemonshowdown.com/data/graphics.js?0.05593094747507488"></script>
<script defer src="//play.pokemonshowdown.com/data/pokedex.js?0.47064822249611904"></script>
<script defer src="//play.pokemonshowdown.com/data/moves.js?0.8583693120512459"></script>
<script defer src="//play.pokemonshowdown.com/data/abilities.js?0.16017181182386842"></script>
<script defer src="//play.pokemonshowdown.com/data/items.js?0.4163379185673943"></script>
<script defer src="//play.pokemonshowdown.com/data/teambuilder-tables.js?0.31075597372830477"></script>
<script defer src="//play.pokemonshowdown.com/js/battle-tooltips.js?0.6536193500708172"></script>
<script defer src="//play.pokemonshowdown.com/js/battle.js?0.1916591943277901"></script>

<script defer src="js/utils.js?e31f9a17"></script>
<script defer src="js/replays-battle.js?7008c182"></script>

<!-- don't scrape this data! just add .json or .log after the URL!
Full API docs: https://github.com/smogon/pokemon-showdown-client/blob/master/WEB-API.md -->
<script type="text/plain" class="log" id="replaylog-smogtours-gen3ou-806261">
|inactive|Battle timer is ON: inactive players will automatically lose when time's up.
|t:|1731615710
|gametype|singles
|player|p1|Skarpherim©|lucas-gen4pt|
|player|p2|Genexys|ghetsis|
|teamsize|p1|6
|teamsize|p2|6
|gen|3
|tier|[Gen 3] OU
|rule|Sleep Clause Mod: Limit one foe put to sleep
|rule|Switch Priority Clause Mod: Faster Pokémon switch first
|rule|Species Clause: Limit one of each Pokémon
|rule|OHKO Clause: OHKO moves are banned
|rule|Evasion Items Clause: Evasion items are banned
|rule|Evasion Moves Clause: Evasion moves are banned
|rule|Endless Battle Clause: Forcing endless battles is banned
|rule|HP Percentage Mod: HP is shown in percentages
|rule|One Boost Passer Clause: Limit one Baton Passer that has a way to boost its stats
|rule|Freeze Clause Mod: Limit one foe frozen
|
|t:|1731615710
|start
|switch|p1a: Tyranitar|Tyranitar, M|100/100
|switch|p2a: Crackdos|Zapdos|100/100
|-weather|Sandstorm|[from] ability: Sand Stream|[of] p1a: Tyranitar
|turn|1
|c|☆Skarpherim©|hf
|c|☆Genexys|glhf
|raw|<div class="broadcast-red"><strong>Moderated chat was set to ☆!<\/strong><br />Only users of rank ☆ and higher can talk.<\/div>
|
|t:|1731615725
|switch|p2a: Yaharr|Jirachi|100/100
|move|p1a: Tyranitar|Rock Slide|p2a: Yaharr
|-resisted|p2a: Yaharr
|-damage|p2a: Yaharr|85/100
|
|-weather|Sandstorm|[upkeep]
|-heal|p2a: Yaharr|92/100|[from] item: Leftovers
|upkeep
|turn|2
|inactive|Skarpherim© has 270 seconds left.
|inactive|Genexys has 270 seconds left.
|inactive|Skarpherim© has 240 seconds left.
|
|t:|1731615791
|switch|p2a: Spreddie Gibbs|Flygon, M|100/100
|switch|p1a: Blissey|Blissey, F|100/100
|
|-weather|Sandstorm|[upkeep]
|-damage|p1a: Blissey|94/100|[from] Sandstorm
|-heal|p1a: Blissey|100/100|[from] item: Leftovers
|upkeep
|turn|3
|inactive|Skarpherim© has 240 seconds left.
|
|t:|1731615811
|switch|p2a: ILTGMDSWIGH|Skarmory, M|100/100
|switch|p1a: Skarmory|Skarmory, M|100/100
|
|-weather|Sandstorm|[upkeep]
|upkeep
|turn|4
|
|t:|1731615814
|move|p2a: ILTGMDSWIGH|Spikes|p1a: Skarmory
|-sidestart|p1: Skarpherim©|Spikes
|move|p1a: Skarmory|Spikes|p2a: ILTGMDSWIGH
|-sidestart|p2: Genexys|Spikes
|
|-weather|Sandstorm|[upkeep]
|upkeep
|turn|5
|
|t:|1731615822
|move|p2a: ILTGMDSWIGH|Spikes|p1a: Skarmory
|-sidestart|p1: Skarpherim©|Spikes
|move|p1a: Skarmory|Spikes|p2a: ILTGMDSWIGH
|-sidestart|p2: Genexys|Spikes
|
|-weather|Sandstorm|[upkeep]
|upkeep
|turn|6
|inactive|Skarpherim© has 240 seconds left.
|
|t:|1731615845
|switch|p1a: Claydol|Claydol|100/100
|move|p2a: ILTGMDSWIGH|Spikes|p1a: Claydol
|-sidestart|p1: Skarpherim©|Spikes
|
|-weather|Sandstorm|[upkeep]
|upkeep
|turn|7
|
|t:|1731615851
|move|p1a: Claydol|Shadow Ball|p2a: ILTGMDSWIGH
|-resisted|p2a: ILTGMDSWIGH
|-crit|p2a: ILTGMDSWIGH
|-damage|p2a: ILTGMDSWIGH|86/100
|move|p2a: ILTGMDSWIGH|Toxic|p1a: Claydol
|-status|p1a: Claydol|tox
|
|-weather|Sandstorm|[upkeep]
|-damage|p1a: Claydol|94/100 tox|[from] psn
|-heal|p2a: ILTGMDSWIGH|92/100|[from] item: Leftovers
|upkeep
|turn|8
|inactive|Skarpherim© has 240 seconds left.
|
|t:|1731615866
|switch|p2a: Wilhelm|Gengar, F|100/100
|move|p1a: Claydol|Rapid Spin|p2a: Wilhelm
|-immune|p2a: Wilhelm
|
|-weather|Sandstorm|[upkeep]
|-damage|p2a: Wilhelm|94/100|[from] Sandstorm
|-heal|p2a: Wilhelm|100/100|[from] item: Leftovers
|-heal|p1a: Claydol|100/100 tox|[from] item: Leftovers
|-damage|p1a: Claydol|88/100 tox|[from] psn
|upkeep
|turn|9
|inactive|Skarpherim© has 240 seconds left.
|
|t:|1731615897
|switch|p1a: Blissey|Blissey, F|100/100
|-damage|p1a: Blissey|76/100|[from] Spikes
|move|p2a: Wilhelm|Ice Punch|p1a: Blissey
|-damage|p1a: Blissey|67/100
|
|-weather|Sandstorm|[upkeep]
|-damage|p2a: Wilhelm|94/100|[from] Sandstorm
|-damage|p1a: Blissey|61/100|[from] Sandstorm
|-heal|p2a: Wilhelm|100/100|[from] item: Leftovers
|-heal|p1a: Blissey|67/100|[from] item: Leftovers
|upkeep
|turn|10
|
|t:|1731615906
|switch|p2a: Crackdos|Zapdos|100/100
|move|p1a: Blissey|Ice Beam|p2a: Crackdos
|-supereffective|p2a: Crackdos
|-damage|p2a: Crackdos|68/100
|
|-weather|Sandstorm|[upkeep]
|-damage|p2a: Crackdos|62/100|[from] Sandstorm
|-damage|p1a: Blissey|61/100|[from] Sandstorm
|-heal|p2a: Crackdos|68/100|[from] item: Leftovers
|-heal|p1a: Blissey|67/100|[from] item: Leftovers
|upkeep
|turn|11
|
|t:|1731615916
|switch|p2a: Yaharr|Jirachi|92/100
|-damage|p2a: Yaharr|75/100|[from] Spikes
|move|p1a: Blissey|Ice Beam|p2a: Yaharr
|-resisted|p2a: Yaharr
|-damage|p2a: Yaharr|67/100
|
|-weather|Sandstorm|[upkeep]
|-damage|p1a: Blissey|61/100|[from] Sandstorm
|-heal|p2a: Yaharr|73/100|[from] item: Leftovers
|-heal|p1a: Blissey|67/100|[from] item: Leftovers
|upkeep
|turn|12
|
|t:|1731615919
|move|p2a: Yaharr|Wish|p2a: Yaharr
|move|p1a: Blissey|Soft-Boiled|p1a: Blissey
|-heal|p1a: Blissey|100/100
|
|-weather|Sandstorm|[upkeep]
|-damage|p1a: Blissey|94/100|[from] Sandstorm
|-heal|p2a: Yaharr|79/100|[from] item: Leftovers
|-heal|p1a: Blissey|100/100|[from] item: Leftovers
|upkeep
|turn|13
|
|t:|1731615928
|move|p2a: Yaharr|Fire Punch|p1a: Blissey
|-damage|p1a: Blissey|94/100
|-status|p1a: Blissey|brn
|move|p1a: Blissey|Wish|p1a: Blissey
|
|-heal|p2a: Yaharr|100/100|[from] move: Wish|[wisher] Yaharr
|-weather|Sandstorm|[upkeep]
|-damage|p1a: Blissey|87/100 brn|[from] Sandstorm
|-heal|p1a: Blissey|94/100 brn|[from] item: Leftovers
|-damage|p1a: Blissey|81/100 brn|[from] brn
|upkeep
|turn|14
|
|t:|1731615935
|-curestatus|p1a: Blissey|brn|[from] ability: Natural Cure
|switch|p1a: Claydol|Claydol|88/100 tox
|move|p2a: Yaharr|Wish|p2a: Yaharr
|
|-heal|p1a: Claydol|100/100 tox|[from] move: Wish|[wisher] Blissey
|-weather|Sandstorm|[upkeep]
|-damage|p1a: Claydol|94/100 tox|[from] psn
|upkeep
|turn|15
|
|t:|1731615950
|switch|p2a: Wilhelm|Gengar, F|100/100
|move|p1a: Claydol|Shadow Ball|p2a: Wilhelm
|-supereffective|p2a: Wilhelm
|-damage|p2a: Wilhelm|44/100
|
|-heal|p2a: Wilhelm|94/100|[from] move: Wish|[wisher] Yaharr
|-weather|Sandstorm|[upkeep]
|-damage|p2a: Wilhelm|88/100|[from] Sandstorm
|-heal|p2a: Wilhelm|94/100|[from] item: Leftovers
|-heal|p1a: Claydol|100/100 tox|[from] item: Leftovers
|-damage|p1a: Claydol|88/100 tox|[from] psn
|upkeep
|turn|16
|
|t:|1731615959
|switch|p1a: Blissey|Blissey, F|81/100
|-damage|p1a: Blissey|56/100|[from] Spikes
|move|p2a: Wilhelm|Ice Punch|p1a: Blissey
|-damage|p1a: Blissey|47/100
|-status|p1a: Blissey|frz
|
|-weather|Sandstorm|[upkeep]
|-damage|p2a: Wilhelm|88/100|[from] Sandstorm
|-damage|p1a: Blissey|41/100 frz|[from] Sandstorm
|-heal|p2a: Wilhelm|94/100|[from] item: Leftovers
|-heal|p1a: Blissey|47/100 frz|[from] item: Leftovers
|upkeep
|turn|17
|
|t:|1731615963
|move|p2a: Wilhelm|Taunt|p1a: Blissey
|-start|p1a: Blissey|move: Taunt
|cant|p1a: Blissey|frz
|
|-weather|Sandstorm|[upkeep]
|-damage|p2a: Wilhelm|88/100|[from] Sandstorm
|-damage|p1a: Blissey|41/100 frz|[from] Sandstorm
|-heal|p2a: Wilhelm|94/100|[from] item: Leftovers
|-heal|p1a: Blissey|47/100 frz|[from] item: Leftovers
|upkeep
|turn|18
|c|☆Genexys|sry
|
|t:|1731615967
|move|p2a: Wilhelm|Taunt||[still]
|-fail|p2a: Wilhelm
|cant|p1a: Blissey|frz
|
|-weather|Sandstorm|[upkeep]
|-damage|p2a: Wilhelm|88/100|[from] Sandstorm
|-damage|p1a: Blissey|41/100 frz|[from] Sandstorm
|-heal|p2a: Wilhelm|94/100|[from] item: Leftovers
|-heal|p1a: Blissey|47/100 frz|[from] item: Leftovers
|-end|p1a: Blissey|move: Taunt|[silent]
|upkeep
|turn|19
|
|t:|1731615969
|move|p2a: Wilhelm|Thunderbolt|p1a: Blissey
|-crit|p1a: Blissey
|-damage|p1a: Blissey|25/100 frz
|cant|p1a: Blissey|frz
|
|-weather|Sandstorm|[upkeep]
|-damage|p2a: Wilhelm|88/100|[from] Sandstorm
|-damage|p1a: Blissey|19/100 frz|[from] Sandstorm
|-heal|p2a: Wilhelm|94/100|[from] item: Leftovers
|-heal|p1a: Blissey|25/100 frz|[from] item: Leftovers
|upkeep
|turn|20
|
|t:|1731615977
|-curestatus|p1a: Blissey|frz|[from] ability: Natural Cure
|switch|p1a: Tyranitar|Tyranitar, M|100/100
|-damage|p1a: Tyranitar|75/100|[from] Spikes
|move|p2a: Wilhelm|Taunt|p1a: Tyranitar
|-start|p1a: Tyranitar|move: Taunt
|
|-weather|Sandstorm|[upkeep]
|-damage|p2a: Wilhelm|88/100|[from] Sandstorm
|-heal|p2a: Wilhelm|94/100|[from] item: Leftovers
|-heal|p1a: Tyranitar|82/100|[from] item: Leftovers
|upkeep
|turn|21
|inactive|Skarpherim© has 270 seconds left.
|
|t:|1731616028
|switch|p2a: Spreddie Gibbs|Flygon, M|100/100
|move|p1a: Tyranitar|Rock Slide|p2a: Spreddie Gibbs
|-resisted|p2a: Spreddie Gibbs
|-damage|p2a: Spreddie Gibbs|83/100
|
|-weather|Sandstorm|[upkeep]
|-heal|p2a: Spreddie Gibbs|89/100|[from] item: Leftovers
|-heal|p1a: Tyranitar|88/100|[from] item: Leftovers
|-end|p1a: Tyranitar|move: Taunt|[silent]
|upkeep
|turn|22
|
|t:|1731616044
|switch|p1a: Gengar|Gengar, F|100/100
|move|p2a: Spreddie Gibbs|Earthquake|p1a: Gengar
|-immune|p1a: Gengar
|
|-weather|Sandstorm|[upkeep]
|-damage|p1a: Gengar|95/100|[from] Sandstorm
|-heal|p1a: Gengar|100/100|[from] item: Leftovers
|-heal|p2a: Spreddie Gibbs|95/100|[from] item: Leftovers
|upkeep
|turn|23
|
|t:|1731616050
|move|p2a: Spreddie Gibbs|Protect|p2a: Spreddie Gibbs
|-singleturn|p2a: Spreddie Gibbs|Protect
|move|p1a: Gengar|Will-O-Wisp|p2a: Spreddie Gibbs
|-activate|p2a: Spreddie Gibbs|Protect
|
|-weather|Sandstorm|[upkeep]
|-damage|p1a: Gengar|95/100|[from] Sandstorm
|-heal|p1a: Gengar|100/100|[from] item: Leftovers
|-heal|p2a: Spreddie Gibbs|100/100|[from] item: Leftovers
|upkeep
|turn|24
|inactive|Skarpherim© has 240 seconds left.
|inactive|Skarpherim© has 210 seconds left.
|
|t:|1731616104
|switch|p1a: Skarmory|Skarmory, M|100/100
|switch|p2a: Tantalus|Tyranitar, M, shiny|100/100
|-damage|p2a: Tantalus|84/100|[from] Spikes
|
|-weather|Sandstorm|[upkeep]
|-heal|p2a: Tantalus|90/100|[from] item: Leftovers
|upkeep
|turn|25
|
|t:|1731616110
|switch|p2a: Wilhelm|Gengar, F|94/100
|move|p1a: Skarmory|Toxic|p2a: Wilhelm
|-immune|p2a: Wilhelm
|
|-weather|Sandstorm|[upkeep]
|-damage|p2a: Wilhelm|88/100|[from] Sandstorm
|-heal|p2a: Wilhelm|94/100|[from] item: Leftovers
|upkeep
|turn|26
|
|t:|1731616118
|switch|p1a: Claydol|Claydol|88/100 tox
|move|p2a: Wilhelm|Will-O-Wisp|p1a: Claydol|[miss]
|-miss|p2a: Wilhelm|p1a: Claydol
|
|-weather|Sandstorm|[upkeep]
|-damage|p2a: Wilhelm|88/100|[from] Sandstorm
|-heal|p2a: Wilhelm|94/100|[from] item: Leftovers
|-heal|p1a: Claydol|94/100 tox|[from] item: Leftovers
|-damage|p1a: Claydol|88/100 tox|[from] psn
|upkeep
|turn|27
|
|t:|1731616125
|move|p2a: Wilhelm|Ice Punch|p1a: Claydol
|-supereffective|p1a: Claydol
|-damage|p1a: Claydol|47/100 tox
|move|p1a: Claydol|Shadow Ball|p2a: Wilhelm
|-supereffective|p2a: Wilhelm
|-damage|p2a: Wilhelm|36/100
|
|-weather|Sandstorm|[upkeep]
|-damage|p2a: Wilhelm|30/100|[from] Sandstorm
|-heal|p2a: Wilhelm|36/100|[from] item: Leftovers
|-heal|p1a: Claydol|54/100 tox|[from] item: Leftovers
|-damage|p1a: Claydol|41/100 tox|[from] psn
|upkeep
|turn|28
|
|t:|1731616140
|switch|p2a: ILTGMDSWIGH|Skarmory, M|92/100
|switch|p1a: Gengar|Gengar, F|100/100
|
|-weather|Sandstorm|[upkeep]
|-damage|p1a: Gengar|95/100|[from] Sandstorm
|-heal|p1a: Gengar|100/100|[from] item: Leftovers
|-heal|p2a: ILTGMDSWIGH|98/100|[from] item: Leftovers
|upkeep
|turn|29
|inactive|Skarpherim© has 210 seconds left.
|
|t:|1731616174
|switch|p1a: Tyranitar|Tyranitar, M|88/100
|-damage|p1a: Tyranitar|63/100|[from] Spikes
|move|p2a: ILTGMDSWIGH|Protect||[still]
|-fail|p2a: ILTGMDSWIGH
|
|-weather|Sandstorm|[upkeep]
|-heal|p2a: ILTGMDSWIGH|100/100|[from] item: Leftovers
|-heal|p1a: Tyranitar|69/100|[from] item: Leftovers
|upkeep
|turn|30
|inactive|Skarpherim© has 210 seconds left.
|
|t:|1731616189
|switch|p2a: Spreddie Gibbs|Flygon, M|100/100
|switch|p1a: Skarmory|Skarmory, M|100/100
|
|-weather|Sandstorm|[upkeep]
|upkeep
|turn|31
|
|t:|1731616194
|switch|p2a: Wilhelm|Gengar, F|36/100
|move|p1a: Skarmory|Spikes|p2a: Wilhelm
|-sidestart|p2: Genexys|Spikes
|
|-weather|Sandstorm|[upkeep]
|-damage|p2a: Wilhelm|30/100|[from] Sandstorm
|-heal|p2a: Wilhelm|36/100|[from] item: Leftovers
|upkeep
|turn|32
|
|t:|1731616200
|move|p2a: Wilhelm|Ice Punch|p1a: Skarmory
|-damage|p1a: Skarmory|79/100
|move|p1a: Skarmory|Roar|p2a: Wilhelm
|drag|p2a: Crackdos|Zapdos|68/100
|
|-weather|Sandstorm|[upkeep]
|-damage|p2a: Crackdos|62/100|[from] Sandstorm
|-heal|p2a: Crackdos|68/100|[from] item: Leftovers
|-heal|p1a: Skarmory|85/100|[from] item: Leftovers
|upkeep
|turn|33
|
|t:|1731616210
|switch|p2a: Wilhelm|Gengar, F|36/100
|switch|p1a: Claydol|Claydol|41/100 tox
|
|-weather|Sandstorm|[upkeep]
|-damage|p2a: Wilhelm|30/100|[from] Sandstorm
|-heal|p2a: Wilhelm|36/100|[from] item: Leftovers
|-heal|p1a: Claydol|47/100 tox|[from] item: Leftovers
|-damage|p1a: Claydol|41/100 tox|[from] psn
|upkeep
|turn|34
|inactive|Skarpherim© has 210 seconds left.
|
|t:|1731616228
|switch|p1a: Gengar|Gengar, F|100/100
|move|p2a: Wilhelm|Ice Punch|p1a: Gengar
|-damage|p1a: Gengar|73/100
|
|-weather|Sandstorm|[upkeep]
|-damage|p1a: Gengar|67/100|[from] Sandstorm
|-damage|p2a: Wilhelm|30/100|[from] Sandstorm
|-heal|p1a: Gengar|73/100|[from] item: Leftovers
|-heal|p2a: Wilhelm|36/100|[from] item: Leftovers
|upkeep
|turn|35
|inactive|Skarpherim© has 210 seconds left.
|
|t:|1731616241
|switch|p1a: Claydol|Claydol|41/100 tox
|switch|p2a: Tantalus|Tyranitar, M, shiny|90/100
|-damage|p2a: Tantalus|65/100|[from] Spikes
|
|-weather|Sandstorm|[upkeep]
|-heal|p1a: Claydol|47/100 tox|[from] item: Leftovers
|-damage|p1a: Claydol|41/100 tox|[from] psn
|-heal|p2a: Tantalus|71/100|[from] item: Leftovers
|upkeep
|turn|36
|
|t:|1731616247
|move|p1a: Claydol|Rapid Spin|p2a: Tantalus
|-resisted|p2a: Tantalus
|-damage|p2a: Tantalus|69/100
|-sideend|p1: Skarpherim©|Spikes|[from] move: Rapid Spin|[of] p1a: Claydol
|move|p2a: Tantalus|Crunch|p1a: Claydol
|-supereffective|p1a: Claydol
|-damage|p1a: Claydol|0 fnt
|faint|p1a: Claydol
|inactive|Skarpherim© has 210 seconds left.
|inactive|Skarpherim© has 180 seconds left.
|
|t:|1731616292
|switch|p1a: Tyranitar|Tyranitar, M|69/100
|
|-weather|Sandstorm|[upkeep]
|-heal|p1a: Tyranitar|75/100|[from] item: Leftovers
|-heal|p2a: Tantalus|75/100|[from] item: Leftovers
|upkeep
|turn|37
|
|t:|1731616303
|-singleturn|p1a: Tyranitar|move: Focus Punch
|switch|p2a: Spreddie Gibbs|Flygon, M|100/100
|move|p1a: Tyranitar|Focus Punch|p2a: Spreddie Gibbs
|-damage|p2a: Spreddie Gibbs|54/100
|
|-weather|Sandstorm|[upkeep]
|-heal|p2a: Spreddie Gibbs|60/100|[from] item: Leftovers
|-heal|p1a: Tyranitar|81/100|[from] item: Leftovers
|upkeep
|turn|38
|
|t:|1731616313
|switch|p1a: Gengar|Gengar, F|73/100
|move|p2a: Spreddie Gibbs|Earthquake|p1a: Gengar
|-immune|p1a: Gengar
|
|-weather|Sandstorm|[upkeep]
|-damage|p1a: Gengar|67/100|[from] Sandstorm
|-heal|p1a: Gengar|73/100|[from] item: Leftovers
|-heal|p2a: Spreddie Gibbs|66/100|[from] item: Leftovers
|upkeep
|turn|39
|
|t:|1731616320
|move|p2a: Spreddie Gibbs|Protect|p2a: Spreddie Gibbs
|-singleturn|p2a: Spreddie Gibbs|Protect
|move|p1a: Gengar|Will-O-Wisp|p2a: Spreddie Gibbs
|-activate|p2a: Spreddie Gibbs|Protect
|
|-weather|Sandstorm|[upkeep]
|-damage|p1a: Gengar|67/100|[from] Sandstorm
|-heal|p1a: Gengar|73/100|[from] item: Leftovers
|-heal|p2a: Spreddie Gibbs|72/100|[from] item: Leftovers
|upkeep
|turn|40
|
|t:|1731616327
|switch|p1a: Tyranitar|Tyranitar, M|81/100
|switch|p2a: Crackdos|Zapdos|68/100
|
|-weather|Sandstorm|[upkeep]
|-damage|p2a: Crackdos|62/100|[from] Sandstorm
|-heal|p2a: Crackdos|68/100|[from] item: Leftovers
|-heal|p1a: Tyranitar|88/100|[from] item: Leftovers
|upkeep
|turn|41
|
|t:|1731616333
|-singleturn|p1a: Tyranitar|move: Focus Punch
|switch|p2a: Spreddie Gibbs|Flygon, M|72/100
|move|p1a: Tyranitar|Focus Punch|p2a: Spreddie Gibbs
|-damage|p2a: Spreddie Gibbs|23/100
|
|-weather|Sandstorm|[upkeep]
|-heal|p2a: Spreddie Gibbs|29/100|[from] item: Leftovers
|-heal|p1a: Tyranitar|94/100|[from] item: Leftovers
|upkeep
|turn|42
|inactive|Skarpherim© has 180 seconds left.
|
|t:|1731616366
|switch|p1a: Gengar|Gengar, F|73/100
|move|p2a: Spreddie Gibbs|Rock Slide|p1a: Gengar
|-damage|p1a: Gengar|41/100
|
|-weather|Sandstorm|[upkeep]
|-damage|p1a: Gengar|35/100|[from] Sandstorm
|-heal|p1a: Gengar|41/100|[from] item: Leftovers
|-heal|p2a: Spreddie Gibbs|35/100|[from] item: Leftovers
|upkeep
|turn|43
|inactive|Skarpherim© has 180 seconds left.
|
|t:|1731616383
|switch|p2a: Tantalus|Tyranitar, M, shiny|75/100
|-damage|p2a: Tantalus|50/100|[from] Spikes
|move|p1a: Gengar|Will-O-Wisp|p2a: Tantalus
|-status|p2a: Tantalus|brn
|
|-weather|Sandstorm|[upkeep]
|-damage|p1a: Gengar|35/100|[from] Sandstorm
|-heal|p1a: Gengar|41/100|[from] item: Leftovers
|-heal|p2a: Tantalus|57/100 brn|[from] item: Leftovers
|-damage|p2a: Tantalus|44/100 brn|[from] brn
|upkeep
|turn|44
|inactive|Skarpherim© has 180 seconds left.
|inactive|Skarpherim© has 150 seconds left.
|
|t:|1731616424
|-activate|p1a: Gengar|move: Pursuit
|move|p2a: Tantalus|Pursuit|p1a: Gengar|[from]Pursuit
|-supereffective|p1a: Gengar
|-damage|p1a: Gengar|0 fnt
|faint|p1a: Gengar
|-hint|Previously chosen switches continue in Gen 2-4 after a Pursuit target faints.
|switch|p1a: Tyranitar|Tyranitar, M|94/100
|
|-weather|Sandstorm|[upkeep]
|-heal|p1a: Tyranitar|99/100|[from] item: Leftovers
|-heal|p2a: Tantalus|50/100 brn|[from] item: Leftovers
|-damage|p2a: Tantalus|38/100 brn|[from] brn
|upkeep
|turn|45
|inactive|Skarpherim© has 150 seconds left.
|
|t:|1731616430
|move|p1a: Tyranitar|Rock Slide|p2a: Tantalus
|-damage|p2a: Tantalus|2/100 brn
|move|p2a: Tantalus|Brick Break|p1a: Tyranitar
|-supereffective|p1a: Tyranitar
|-damage|p1a: Tyranitar|66/100
|
|-weather|Sandstorm|[upkeep]
|-heal|p1a: Tyranitar|72/100|[from] item: Leftovers
|-heal|p2a: Tantalus|8/100 brn|[from] item: Leftovers
|-damage|p2a: Tantalus|0 fnt|[from] brn
|faint|p2a: Tantalus
|upkeep
|
|t:|1731616435
|switch|p2a: Spreddie Gibbs|Flygon, M|35/100
|turn|46
|
|t:|1731616447
|move|p2a: Spreddie Gibbs|Earthquake|p1a: Tyranitar
|-supereffective|p1a: Tyranitar
|-damage|p1a: Tyranitar|23/100
|move|p1a: Tyranitar|Counter|p2a: Spreddie Gibbs
|-damage|p2a: Spreddie Gibbs|0 fnt
|faint|p2a: Spreddie Gibbs
|
|t:|1731616465
|switch|p2a: Crackdos|Zapdos|68/100
|
|-weather|Sandstorm|[upkeep]
|-damage|p2a: Crackdos|62/100|[from] Sandstorm
|-heal|p2a: Crackdos|68/100|[from] item: Leftovers
|-heal|p1a: Tyranitar|29/100|[from] item: Leftovers
|upkeep
|turn|47
|
|t:|1731616479
|switch|p1a: Skarmory|Skarmory, M|85/100
|move|p2a: Crackdos|Thunderbolt|p1a: Skarmory
|-supereffective|p1a: Skarmory
|-damage|p1a: Skarmory|5/100
|
|-weather|Sandstorm|[upkeep]
|-damage|p2a: Crackdos|62/100|[from] Sandstorm
|-heal|p2a: Crackdos|68/100|[from] item: Leftovers
|-heal|p1a: Skarmory|11/100|[from] item: Leftovers
|upkeep
|turn|48
|
|t:|1731616491
|move|p2a: Crackdos|Thunderbolt|p1a: Skarmory
|-supereffective|p1a: Skarmory
|-damage|p1a: Skarmory|0 fnt
|faint|p1a: Skarmory
|
|t:|1731616492
|switch|p1a: Blissey|Blissey, F|25/100
|
|-weather|Sandstorm|[upkeep]
|-damage|p2a: Crackdos|62/100|[from] Sandstorm
|-damage|p1a: Blissey|19/100|[from] Sandstorm
|-heal|p2a: Crackdos|68/100|[from] item: Leftovers
|-heal|p1a: Blissey|25/100|[from] item: Leftovers
|upkeep
|turn|49
|
|t:|1731616497
|switch|p2a: ILTGMDSWIGH|Skarmory, M|100/100
|move|p1a: Blissey|Soft-Boiled|p1a: Blissey
|-heal|p1a: Blissey|75/100
|
|-weather|Sandstorm|[upkeep]
|-damage|p1a: Blissey|69/100|[from] Sandstorm
|-heal|p1a: Blissey|75/100|[from] item: Leftovers
|upkeep
|turn|50
|
|t:|1731616500
|switch|p1a: Tyranitar|Tyranitar, M|29/100
|move|p2a: ILTGMDSWIGH|Spikes|p1a: Tyranitar
|-sidestart|p1: Skarpherim©|Spikes
|
|-weather|Sandstorm|[upkeep]
|-heal|p1a: Tyranitar|35/100|[from] item: Leftovers
|upkeep
|turn|51
|
|t:|1731616504
|move|p2a: ILTGMDSWIGH|Toxic|p1a: Tyranitar
|-status|p1a: Tyranitar|tox
|move|p1a: Tyranitar|Thunder Wave|p2a: ILTGMDSWIGH
|-status|p2a: ILTGMDSWIGH|par
|
|-weather|Sandstorm|[upkeep]
|-heal|p1a: Tyranitar|41/100 tox|[from] item: Leftovers
|-damage|p1a: Tyranitar|35/100 tox|[from] psn
|upkeep
|turn|52
|
|t:|1731616513
|-singleturn|p1a: Tyranitar|move: Focus Punch
|switch|p2a: Yaharr|Jirachi|100/100
|-damage|p2a: Yaharr|75/100|[from] Spikes
|move|p1a: Tyranitar|Focus Punch|p2a: Yaharr
|-damage|p2a: Yaharr|30/100
|
|-weather|Sandstorm|[upkeep]
|-heal|p2a: Yaharr|37/100|[from] item: Leftovers
|-heal|p1a: Tyranitar|41/100 tox|[from] item: Leftovers
|-damage|p1a: Tyranitar|29/100 tox|[from] psn
|upkeep
|turn|53
|inactive|Skarpherim© has 210 seconds left.
|
|t:|1731616527
|switch|p1a: Blissey|Blissey, F|75/100
|-damage|p1a: Blissey|63/100|[from] Spikes
|move|p2a: Yaharr|Protect||[still]
|-fail|p2a: Yaharr
|
|-weather|Sandstorm|[upkeep]
|-damage|p1a: Blissey|57/100|[from] Sandstorm
|-heal|p2a: Yaharr|43/100|[from] item: Leftovers
|-heal|p1a: Blissey|63/100|[from] item: Leftovers
|upkeep
|turn|54
|inactive|Skarpherim© has 210 seconds left.
|
|t:|1731616555
|move|p2a: Yaharr|Wish|p2a: Yaharr
|move|p1a: Blissey|Soft-Boiled|p1a: Blissey
|-heal|p1a: Blissey|100/100
|
|-weather|Sandstorm|[upkeep]
|-damage|p1a: Blissey|94/100|[from] Sandstorm
|-heal|p2a: Yaharr|49/100|[from] item: Leftovers
|-heal|p1a: Blissey|100/100|[from] item: Leftovers
|upkeep
|turn|55
|
|t:|1731616559
|move|p2a: Yaharr|Fire Punch|p1a: Blissey
|-damage|p1a: Blissey|94/100
|move|p1a: Blissey|Wish|p1a: Blissey
|
|-heal|p2a: Yaharr|99/100|[from] move: Wish|[wisher] Yaharr
|-weather|Sandstorm|[upkeep]
|-damage|p1a: Blissey|88/100|[from] Sandstorm
|-heal|p2a: Yaharr|100/100|[from] item: Leftovers
|-heal|p1a: Blissey|94/100|[from] item: Leftovers
|upkeep
|turn|56
|
|t:|1731616579
|switch|p1a: Tyranitar|Tyranitar, M|29/100 tox
|-damage|p1a: Tyranitar|17/100 tox|[from] Spikes
|move|p2a: Yaharr|Fire Punch|p1a: Tyranitar
|-resisted|p1a: Tyranitar
|-damage|p1a: Tyranitar|9/100 tox
|
|-heal|p1a: Tyranitar|59/100 tox|[from] move: Wish|[wisher] Blissey
|-weather|Sandstorm|[upkeep]
|-heal|p1a: Tyranitar|65/100 tox|[from] item: Leftovers
|-damage|p1a: Tyranitar|59/100 tox|[from] psn
|upkeep
|turn|57
|
|t:|1731616587
|switch|p1a: Blissey|Blissey, F|94/100
|-damage|p1a: Blissey|81/100|[from] Spikes
|move|p2a: Yaharr|Protect||[still]
|-fail|p2a: Yaharr
|
|-weather|Sandstorm|[upkeep]
|-damage|p1a: Blissey|75/100|[from] Sandstorm
|-heal|p1a: Blissey|81/100|[from] item: Leftovers
|upkeep
|turn|58
|
|t:|1731616592
|switch|p2a: ILTGMDSWIGH|Skarmory, M|100/100 par
|move|p1a: Blissey|Wish|p1a: Blissey
|
|-weather|Sandstorm|[upkeep]
|-damage|p1a: Blissey|75/100|[from] Sandstorm
|-heal|p1a: Blissey|81/100|[from] item: Leftovers
|upkeep
|turn|59
|
|t:|1731616601
|switch|p1a: Tyranitar|Tyranitar, M|59/100 tox
|-damage|p1a: Tyranitar|47/100 tox|[from] Spikes
|move|p2a: ILTGMDSWIGH|Spikes|p1a: Tyranitar
|-sidestart|p1: Skarpherim©|Spikes
|
|-heal|p1a: Tyranitar|97/100 tox|[from] move: Wish|[wisher] Blissey
|-weather|Sandstorm|[upkeep]
|-heal|p1a: Tyranitar|100/100 tox|[from] item: Leftovers
|-damage|p1a: Tyranitar|94/100 tox|[from] psn
|upkeep
|turn|60
|
|t:|1731616604
|-singleturn|p1a: Tyranitar|move: Focus Punch
|move|p2a: ILTGMDSWIGH|Spikes|p1a: Tyranitar
|-sidestart|p1: Skarpherim©|Spikes
|move|p1a: Tyranitar|Focus Punch|p2a: ILTGMDSWIGH
|-damage|p2a: ILTGMDSWIGH|54/100 par
|
|-weather|Sandstorm|[upkeep]
|-heal|p1a: Tyranitar|100/100 tox|[from] item: Leftovers
|-damage|p1a: Tyranitar|88/100 tox|[from] psn
|-heal|p2a: ILTGMDSWIGH|60/100 par|[from] item: Leftovers
|upkeep
|turn|61
|
|t:|1731616608
|-singleturn|p1a: Tyranitar|move: Focus Punch
|move|p1a: Tyranitar|Focus Punch|p2a: ILTGMDSWIGH
|-damage|p2a: ILTGMDSWIGH|16/100 par
|cant|p2a: ILTGMDSWIGH|par
|
|-weather|Sandstorm|[upkeep]
|-heal|p1a: Tyranitar|94/100 tox|[from] item: Leftovers
|-damage|p1a: Tyranitar|76/100 tox|[from] psn
|-heal|p2a: ILTGMDSWIGH|22/100 par|[from] item: Leftovers
|upkeep
|turn|62
|inactive|Skarpherim© has 240 seconds left.
|
|t:|1731616614
|switch|p1a: Blissey|Blissey, F|81/100
|-damage|p1a: Blissey|56/100|[from] Spikes
|move|p2a: ILTGMDSWIGH|Protect||[still]
|-fail|p2a: ILTGMDSWIGH
|
|-weather|Sandstorm|[upkeep]
|-damage|p1a: Blissey|50/100|[from] Sandstorm
|-heal|p1a: Blissey|56/100|[from] item: Leftovers
|-heal|p2a: ILTGMDSWIGH|28/100 par|[from] item: Leftovers
|upkeep
|turn|63
|
|t:|1731616622
|switch|p2a: Yaharr|Jirachi|100/100
|-damage|p2a: Yaharr|75/100|[from] Spikes
|move|p1a: Blissey|Seismic Toss|p2a: Yaharr
|-damage|p2a: Yaharr|51/100
|
|-weather|Sandstorm|[upkeep]
|-damage|p1a: Blissey|50/100|[from] Sandstorm
|-heal|p2a: Yaharr|57/100|[from] item: Leftovers
|-heal|p1a: Blissey|56/100|[from] item: Leftovers
|upkeep
|turn|64
|
|t:|1731616631
|move|p2a: Yaharr|Wish|p2a: Yaharr
|move|p1a: Blissey|Soft-Boiled|p1a: Blissey
|-heal|p1a: Blissey|100/100
|
|-weather|Sandstorm|[upkeep]
|-damage|p1a: Blissey|94/100|[from] Sandstorm
|-heal|p2a: Yaharr|63/100|[from] item: Leftovers
|-heal|p1a: Blissey|100/100|[from] item: Leftovers
|upkeep
|turn|65
|
|t:|1731616638
|move|p2a: Yaharr|Toxic|p1a: Blissey
|-status|p1a: Blissey|tox
|move|p1a: Blissey|Seismic Toss|p2a: Yaharr
|-damage|p2a: Yaharr|38/100
|
|-heal|p2a: Yaharr|88/100|[from] move: Wish|[wisher] Yaharr
|-weather|Sandstorm|[upkeep]
|-damage|p1a: Blissey|94/100 tox|[from] Sandstorm
|-heal|p2a: Yaharr|95/100|[from] item: Leftovers
|-heal|p1a: Blissey|100/100 tox|[from] item: Leftovers
|-damage|p1a: Blissey|94/100 tox|[from] psn
|upkeep
|turn|66
|
|t:|1731616641
|move|p2a: Yaharr|Wish|p2a: Yaharr
|move|p1a: Blissey|Wish|p1a: Blissey
|
|-weather|Sandstorm|[upkeep]
|-damage|p1a: Blissey|88/100 tox|[from] Sandstorm
|-heal|p2a: Yaharr|100/100|[from] item: Leftovers
|-heal|p1a: Blissey|94/100 tox|[from] item: Leftovers
|-damage|p1a: Blissey|82/100 tox|[from] psn
|upkeep
|turn|67
|
|t:|1731616645
|switch|p2a: Wilhelm|Gengar, F|36/100
|-curestatus|p1a: Blissey|tox|[from] ability: Natural Cure
|switch|p1a: Tyranitar|Tyranitar, M|76/100 tox
|-damage|p1a: Tyranitar|51/100 tox|[from] Spikes
|
|-heal|p1a: Tyranitar|100/100 tox|[from] move: Wish|[wisher] Blissey
|-heal|p2a: Wilhelm|86/100|[from] move: Wish|[wisher] Yaharr
|-weather|Sandstorm|[upkeep]
|-damage|p2a: Wilhelm|79/100|[from] Sandstorm
|-heal|p2a: Wilhelm|86/100|[from] item: Leftovers
|-damage|p1a: Tyranitar|94/100 tox|[from] psn
|upkeep
|turn|68
|
|t:|1731616655
|switch|p2a: ILTGMDSWIGH|Skarmory, M|28/100 par
|move|p1a: Tyranitar|Rock Slide|p2a: ILTGMDSWIGH
|-damage|p2a: ILTGMDSWIGH|0 fnt
|faint|p2a: ILTGMDSWIGH
|
|t:|1731616660
|switch|p2a: Yaharr|Jirachi|100/100
|-damage|p2a: Yaharr|75/100|[from] Spikes
|
|-weather|Sandstorm|[upkeep]
|-heal|p2a: Yaharr|82/100|[from] item: Leftovers
|-heal|p1a: Tyranitar|100/100 tox|[from] item: Leftovers
|-damage|p1a: Tyranitar|88/100 tox|[from] psn
|upkeep
|turn|69
|
|t:|1731616664
|switch|p1a: Blissey|Blissey, F|82/100
|-damage|p1a: Blissey|57/100|[from] Spikes
|move|p2a: Yaharr|Protect||[still]
|-fail|p2a: Yaharr
|
|-weather|Sandstorm|[upkeep]
|-damage|p1a: Blissey|51/100|[from] Sandstorm
|-heal|p2a: Yaharr|88/100|[from] item: Leftovers
|-heal|p1a: Blissey|57/100|[from] item: Leftovers
|upkeep
|turn|70
|
|t:|1731616668
|switch|p2a: Wilhelm|Gengar, F|86/100
|move|p1a: Blissey|Soft-Boiled|p1a: Blissey
|-heal|p1a: Blissey|100/100
|
|-weather|Sandstorm|[upkeep]
|-damage|p2a: Wilhelm|79/100|[from] Sandstorm
|-damage|p1a: Blissey|94/100|[from] Sandstorm
|-heal|p2a: Wilhelm|86/100|[from] item: Leftovers
|-heal|p1a: Blissey|100/100|[from] item: Leftovers
|upkeep
|turn|71
|
|t:|1731616671
|move|p2a: Wilhelm|Taunt|p1a: Blissey
|-start|p1a: Blissey|move: Taunt
|move|p1a: Blissey|Ice Beam|p2a: Wilhelm
|-damage|p2a: Wilhelm|55/100
|
|-weather|Sandstorm|[upkeep]
|-damage|p2a: Wilhelm|48/100|[from] Sandstorm
|-damage|p1a: Blissey|94/100|[from] Sandstorm
|-heal|p2a: Wilhelm|55/100|[from] item: Leftovers
|-heal|p1a: Blissey|100/100|[from] item: Leftovers
|upkeep
|turn|72
|
|t:|1731616673
|move|p2a: Wilhelm|Will-O-Wisp|p1a: Blissey
|-status|p1a: Blissey|brn
|move|p1a: Blissey|Ice Beam|p2a: Wilhelm
|-damage|p2a: Wilhelm|28/100
|
|-weather|Sandstorm|[upkeep]
|-damage|p2a: Wilhelm|22/100|[from] Sandstorm
|-damage|p1a: Blissey|94/100 brn|[from] Sandstorm
|-heal|p2a: Wilhelm|28/100|[from] item: Leftovers
|-heal|p1a: Blissey|100/100 brn|[from] item: Leftovers
|-damage|p1a: Blissey|88/100 brn|[from] brn
|-end|p1a: Blissey|move: Taunt|[silent]
|upkeep
|turn|73
|
|t:|1731616676
|switch|p2a: Crackdos|Zapdos|68/100
|move|p1a: Blissey|Wish|p1a: Blissey
|
|-weather|Sandstorm|[upkeep]
|-damage|p2a: Crackdos|62/100|[from] Sandstorm
|-damage|p1a: Blissey|82/100 brn|[from] Sandstorm
|-heal|p2a: Crackdos|68/100|[from] item: Leftovers
|-heal|p1a: Blissey|88/100 brn|[from] item: Leftovers
|-damage|p1a: Blissey|76/100 brn|[from] brn
|upkeep
|turn|74
|
|t:|1731616680
|move|p1a: Blissey|Ice Beam|p2a: Crackdos
|-supereffective|p2a: Crackdos
|-crit|p2a: Crackdos
|-damage|p2a: Crackdos|5/100
|move|p2a: Crackdos|Roar|p1a: Blissey
|-curestatus|p1a: Blissey|brn|[from] ability: Natural Cure
|drag|p1a: Suicune|Suicune|100/100
|-damage|p1a: Suicune|76/100|[from] Spikes
|
|-heal|p1a: Suicune|100/100|[from] move: Wish|[wisher] Blissey
|-weather|Sandstorm|[upkeep]
|-damage|p2a: Crackdos|0 fnt|[from] Sandstorm
|-damage|p1a: Suicune|94/100|[from] Sandstorm
|faint|p2a: Crackdos
|-heal|p1a: Suicune|100/100|[from] item: Leftovers
|upkeep
|
|t:|1731616685
|switch|p2a: Wilhelm|Gengar, F|28/100
|turn|75
|
|t:|1731616701
|switch|p1a: Blissey|Blissey, F|76/100
|-damage|p1a: Blissey|51/100|[from] Spikes
|move|p2a: Wilhelm|Thunderbolt|p1a: Blissey
|-damage|p1a: Blissey|40/100
|
|-weather|Sandstorm|[upkeep]
|-damage|p2a: Wilhelm|22/100|[from] Sandstorm
|-damage|p1a: Blissey|33/100|[from] Sandstorm
|-heal|p2a: Wilhelm|28/100|[from] item: Leftovers
|-heal|p1a: Blissey|40/100|[from] item: Leftovers
|upkeep
|turn|76
|
|t:|1731616706
|switch|p2a: Yaharr|Jirachi|88/100
|-damage|p2a: Yaharr|63/100|[from] Spikes
|move|p1a: Blissey|Ice Beam|p2a: Yaharr
|-resisted|p2a: Yaharr
|-damage|p2a: Yaharr|54/100
|
|-weather|Sandstorm|[upkeep]
|-damage|p1a: Blissey|33/100|[from] Sandstorm
|-heal|p2a: Yaharr|61/100|[from] item: Leftovers
|-heal|p1a: Blissey|40/100|[from] item: Leftovers
|upkeep
|turn|77
|
|t:|1731616708
|move|p2a: Yaharr|Wish|p2a: Yaharr
|move|p1a: Blissey|Soft-Boiled|p1a: Blissey
|-heal|p1a: Blissey|90/100
|
|-weather|Sandstorm|[upkeep]
|-damage|p1a: Blissey|83/100|[from] Sandstorm
|-heal|p2a: Yaharr|67/100|[from] item: Leftovers
|-heal|p1a: Blissey|90/100|[from] item: Leftovers
|upkeep
|turn|78
|
|t:|1731616723
|move|p2a: Yaharr|Fire Punch|p1a: Blissey
|-damage|p1a: Blissey|82/100
|move|p1a: Blissey|Ice Beam|p2a: Yaharr
|-resisted|p2a: Yaharr
|-damage|p2a: Yaharr|59/100
|
|-heal|p2a: Yaharr|100/100|[from] move: Wish|[wisher] Yaharr
|-weather|Sandstorm|[upkeep]
|-damage|p1a: Blissey|76/100|[from] Sandstorm
|-heal|p1a: Blissey|82/100|[from] item: Leftovers
|upkeep
|turn|79
|
|t:|1731616726
|move|p2a: Yaharr|Wish|p2a: Yaharr
|move|p1a: Blissey|Wish|p1a: Blissey
|
|-weather|Sandstorm|[upkeep]
|-damage|p1a: Blissey|76/100|[from] Sandstorm
|-heal|p1a: Blissey|82/100|[from] item: Leftovers
|upkeep
|turn|80
|
|t:|1731616733
|switch|p2a: Wilhelm|Gengar, F|28/100
|switch|p1a: Tyranitar|Tyranitar, M|88/100 tox
|-damage|p1a: Tyranitar|63/100 tox|[from] Spikes
|
|-heal|p1a: Tyranitar|100/100 tox|[from] move: Wish|[wisher] Blissey
|-heal|p2a: Wilhelm|78/100|[from] move: Wish|[wisher] Yaharr
|-weather|Sandstorm|[upkeep]
|-damage|p2a: Wilhelm|72/100|[from] Sandstorm
|-heal|p2a: Wilhelm|78/100|[from] item: Leftovers
|-damage|p1a: Tyranitar|94/100 tox|[from] psn
|upkeep
|turn|81
|
|t:|1731616740
|move|p2a: Wilhelm|Taunt|p1a: Tyranitar
|-start|p1a: Tyranitar|move: Taunt
|cant|p1a: Tyranitar|move: Taunt|Thunder Wave
|
|-weather|Sandstorm|[upkeep]
|-damage|p2a: Wilhelm|72/100|[from] Sandstorm
|-heal|p2a: Wilhelm|78/100|[from] item: Leftovers
|-heal|p1a: Tyranitar|100/100 tox|[from] item: Leftovers
|-damage|p1a: Tyranitar|88/100 tox|[from] psn
|upkeep
|turn|82
|
|t:|1731616744
|switch|p2a: Yaharr|Jirachi|100/100
|-damage|p2a: Yaharr|75/100|[from] Spikes
|move|p1a: Tyranitar|Rock Slide|p2a: Yaharr
|-resisted|p2a: Yaharr
|-damage|p2a: Yaharr|59/100
|
|-weather|Sandstorm|[upkeep]
|-heal|p2a: Yaharr|66/100|[from] item: Leftovers
|-heal|p1a: Tyranitar|94/100 tox|[from] item: Leftovers
|-damage|p1a: Tyranitar|76/100 tox|[from] psn
|-end|p1a: Tyranitar|move: Taunt|[silent]
|upkeep
|turn|83
|
|t:|1731616752
|switch|p1a: Blissey|Blissey, F|82/100
|-damage|p1a: Blissey|57/100|[from] Spikes
|move|p2a: Yaharr|Wish|p2a: Yaharr
|
|-weather|Sandstorm|[upkeep]
|-damage|p1a: Blissey|51/100|[from] Sandstorm
|-heal|p2a: Yaharr|72/100|[from] item: Leftovers
|-heal|p1a: Blissey|57/100|[from] item: Leftovers
|upkeep
|turn|84
|
|t:|1731616756
|switch|p2a: Wilhelm|Gengar, F|78/100
|move|p1a: Blissey|Soft-Boiled|p1a: Blissey
|-heal|p1a: Blissey|100/100
|
|-heal|p2a: Wilhelm|100/100|[from] move: Wish|[wisher] Yaharr
|-weather|Sandstorm|[upkeep]
|-damage|p2a: Wilhelm|94/100|[from] Sandstorm
|-damage|p1a: Blissey|94/100|[from] Sandstorm
|-heal|p2a: Wilhelm|100/100|[from] item: Leftovers
|-heal|p1a: Blissey|100/100|[from] item: Leftovers
|upkeep
|turn|85
|
|t:|1731616760
|move|p2a: Wilhelm|Will-O-Wisp|p1a: Blissey|[miss]
|-miss|p2a: Wilhelm|p1a: Blissey
|move|p1a: Blissey|Ice Beam|p2a: Wilhelm
|-damage|p2a: Wilhelm|73/100
|-status|p2a: Wilhelm|frz
|
|-weather|Sandstorm|[upkeep]
|-damage|p2a: Wilhelm|67/100 frz|[from] Sandstorm
|-damage|p1a: Blissey|94/100|[from] Sandstorm
|-heal|p2a: Wilhelm|73/100 frz|[from] item: Leftovers
|-heal|p1a: Blissey|100/100|[from] item: Leftovers
|upkeep
|turn|86
|
|t:|1731616763
|cant|p2a: Wilhelm|frz
|move|p1a: Blissey|Wish|p1a: Blissey
|
|-weather|Sandstorm|[upkeep]
|-damage|p2a: Wilhelm|67/100 frz|[from] Sandstorm
|-damage|p1a: Blissey|94/100|[from] Sandstorm
|-heal|p2a: Wilhelm|73/100 frz|[from] item: Leftovers
|-heal|p1a: Blissey|100/100|[from] item: Leftovers
|upkeep
|turn|87
|
|t:|1731616766
|switch|p2a: Yaharr|Jirachi|72/100
|-damage|p2a: Yaharr|47/100|[from] Spikes
|switch|p1a: Tyranitar|Tyranitar, M|76/100 tox
|-damage|p1a: Tyranitar|51/100 tox|[from] Spikes
|
|-heal|p1a: Tyranitar|100/100 tox|[from] move: Wish|[wisher] Blissey
|-weather|Sandstorm|[upkeep]
|-heal|p2a: Yaharr|53/100|[from] item: Leftovers
|-damage|p1a: Tyranitar|94/100 tox|[from] psn
|upkeep
|turn|88
|
|t:|1731616769
|move|p2a: Yaharr|Protect|p2a: Yaharr
|-singleturn|p2a: Yaharr|Protect
|move|p1a: Tyranitar|Thunder Wave|p2a: Yaharr
|-activate|p2a: Yaharr|Protect
|
|-weather|Sandstorm|[upkeep]
|-heal|p2a: Yaharr|59/100|[from] item: Leftovers
|-heal|p1a: Tyranitar|100/100 tox|[from] item: Leftovers
|-damage|p1a: Tyranitar|88/100 tox|[from] psn
|upkeep
|turn|89
|
|t:|1731616771
|move|p2a: Yaharr|Wish|p2a: Yaharr
|move|p1a: Tyranitar|Thunder Wave|p2a: Yaharr
|-status|p2a: Yaharr|par
|
|-weather|Sandstorm|[upkeep]
|-heal|p1a: Tyranitar|94/100 tox|[from] item: Leftovers
|-damage|p1a: Tyranitar|76/100 tox|[from] psn
|-heal|p2a: Yaharr|65/100 par|[from] item: Leftovers
|upkeep
|turn|90
|
|t:|1731616773
|switch|p1a: Blissey|Blissey, F|100/100
|-damage|p1a: Blissey|76/100|[from] Spikes
|cant|p2a: Yaharr|par
|
|-heal|p2a: Yaharr|100/100 par|[from] move: Wish|[wisher] Yaharr
|-weather|Sandstorm|[upkeep]
|-damage|p1a: Blissey|69/100|[from] Sandstorm
|-heal|p1a: Blissey|76/100|[from] item: Leftovers
|upkeep
|turn|91
|
|t:|1731616779
|move|p1a: Blissey|Wish|p1a: Blissey
|cant|p2a: Yaharr|par
|
|-weather|Sandstorm|[upkeep]
|-damage|p1a: Blissey|69/100|[from] Sandstorm
|-heal|p1a: Blissey|76/100|[from] item: Leftovers
|upkeep
|turn|92
|
|t:|1731616788
|switch|p1a: Suicune|Suicune|100/100
|-damage|p1a: Suicune|76/100|[from] Spikes
|move|p2a: Yaharr|Toxic|p1a: Suicune
|-status|p1a: Suicune|tox
|
|-heal|p1a: Suicune|100/100 tox|[from] move: Wish|[wisher] Blissey
|-weather|Sandstorm|[upkeep]
|-damage|p1a: Suicune|94/100 tox|[from] Sandstorm
|-heal|p1a: Suicune|100/100 tox|[from] item: Leftovers
|-damage|p1a: Suicune|94/100 tox|[from] psn
|upkeep
|turn|93
|
|t:|1731616793
|move|p1a: Suicune|Calm Mind|p1a: Suicune
|-boost|p1a: Suicune|spa|1
|-boost|p1a: Suicune|spd|1
|cant|p2a: Yaharr|par
|
|-weather|Sandstorm|[upkeep]
|-damage|p1a: Suicune|88/100 tox|[from] Sandstorm
|-heal|p1a: Suicune|94/100 tox|[from] item: Leftovers
|-damage|p1a: Suicune|82/100 tox|[from] psn
|upkeep
|turn|94
|
|t:|1731616798
|move|p1a: Suicune|Rest|p1a: Suicune
|-status|p1a: Suicune|slp|[from] move: Rest
|-heal|p1a: Suicune|100/100 slp|[silent]
|move|p2a: Yaharr|Wish|p2a: Yaharr
|
|-weather|Sandstorm|[upkeep]
|-damage|p1a: Suicune|94/100 slp|[from] Sandstorm
|-heal|p1a: Suicune|100/100 slp|[from] item: Leftovers
|upkeep
|turn|95
|
|t:|1731616800
|switch|p2a: Wilhelm|Gengar, F|73/100 frz
|cant|p1a: Suicune|slp
|move|p1a: Suicune|Sleep Talk|p1a: Suicune
|move|p1a: Suicune|Rest|p1a: Suicune|[from]Sleep Talk
|
|-heal|p2a: Wilhelm|100/100 frz|[from] move: Wish|[wisher] Yaharr
|-weather|Sandstorm|[upkeep]
|-damage|p2a: Wilhelm|94/100 frz|[from] Sandstorm
|-damage|p1a: Suicune|94/100 slp|[from] Sandstorm
|-heal|p2a: Wilhelm|100/100 frz|[from] item: Leftovers
|-heal|p1a: Suicune|100/100 slp|[from] item: Leftovers
|upkeep
|turn|96
|
|t:|1731616803
|-curestatus|p2a: Wilhelm|frz|[msg]
|move|p2a: Wilhelm|Thunderbolt|p1a: Suicune
|-supereffective|p1a: Suicune
|-damage|p1a: Suicune|70/100 slp
|cant|p1a: Suicune|slp
|move|p1a: Suicune|Sleep Talk|p1a: Suicune
|move|p1a: Suicune|Calm Mind|p1a: Suicune|[from]Sleep Talk
|-boost|p1a: Suicune|spa|1
|-boost|p1a: Suicune|spd|1
|
|-weather|Sandstorm|[upkeep]
|-damage|p2a: Wilhelm|94/100|[from] Sandstorm
|-damage|p1a: Suicune|64/100 slp|[from] Sandstorm
|-heal|p2a: Wilhelm|100/100|[from] item: Leftovers
|-heal|p1a: Suicune|70/100 slp|[from] item: Leftovers
|upkeep
|turn|97
|
|t:|1731616810
|move|p2a: Wilhelm|Taunt|p1a: Suicune
|-start|p1a: Suicune|move: Taunt
|-curestatus|p1a: Suicune|slp|[msg]
|move|p1a: Suicune|Surf|p2a: Wilhelm
|-damage|p2a: Wilhelm|21/100
|
|-weather|Sandstorm|[upkeep]
|-damage|p2a: Wilhelm|15/100|[from] Sandstorm
|-damage|p1a: Suicune|64/100|[from] Sandstorm
|-heal|p2a: Wilhelm|21/100|[from] item: Leftovers
|-heal|p1a: Suicune|70/100|[from] item: Leftovers
|upkeep
|turn|98
|
|t:|1731616811
|move|p2a: Wilhelm|Will-O-Wisp|p1a: Suicune|[miss]
|-miss|p2a: Wilhelm|p1a: Suicune
|move|p1a: Suicune|Surf|p2a: Wilhelm
|-damage|p2a: Wilhelm|0 fnt
|faint|p2a: Wilhelm
|c|☆Genexys|ggs
|c|☆Skarpherim©|ggs
|-message|Genexys forfeited.
|
|win|Skarpherim©
|player|p2|

</script>
<script type="application/json" class="data" id="replaydata-smogtours-gen3ou-806261">
{"id":"smogtours-gen3ou-806261","format":"[Gen 3] OU","players":["Skarpherim\u00a9","Genexys"],"uploadtime":1731616817,"views":12,"formatid":"gen3ou","rating":null,"private":0,"password":null}
</script>

<script defer src="js/replays.js?9d40a366"></script>
