<!DOCTYPE html>
<meta charset="utf-8" />
<meta name="viewport" content="width=device-width" />

<title>[Gen 3] OU: Colby2D vs. Halbert Simpson - Replays - Pok&eacute;mon Showdown!</title>

<meta name="description" content="Watch a replay of a Pok&eacute;mon battle between Colby2D and Halbert Simpson! Format: [Gen 3] OU; Date: Oct 14, 2024" />
<!--

Hey, you! Looking in the source for the replay log?

You can find them in JSON format, just add `.json` at the end of a replay URL.

https://replay.pokemonshowdown.com/gen7randomdoublesbattle-865046831.json

Or, if you only need the log itself, add `.log` instead:

https://replay.pokemonshowdown.com/gen7randomdoublesbattle-865046831.log

-->

<link rel="stylesheet" href="//pokemonshowdown.com/style/global.css?0.767286132409787" />
<link rel="stylesheet" href="//play.pokemonshowdown.com/style/font-awesome.css?0.9266228007934947" />
<link rel="stylesheet" href="//play.pokemonshowdown.com/style/battle.css?0.7924700842790926" />
<link rel="stylesheet" href="//play.pokemonshowdown.com/style/utilichart.css?0.8777417872839479" />

<!-- Global site tag (gtag.js) - Google Analytics -->
<script async src="https://www.googletagmanager.com/gtag/js?id=UA-26211653-1"></script>
<script>
  window.dataLayer = window.dataLayer || [];
  function gtag(){dataLayer.push(arguments);}
  gtag('js', new Date());

  gtag('config', 'UA-26211653-1');
</script>
<!-- End Google Analytics -->
<!-- Venatus Ad Manager - Install in <HEAD> of page -->
	<script src="https://hb.vntsm.com/v3/live/ad-manager.min.js" type="text/javascript" data-site-id="642aba63ec9a7b11c3c9c1be" data-mode="scan" async></script>
<!-- / Venatus Ad Manager -->

<style>
	@media (max-width:820px) {
		.battle {
			margin: 0 auto;
		}
		.battle-log {
			margin: 7px auto 0;
			max-width: 640px;
			height: 300px;
			position: static;
		}
	}
	.optgroup {
		display: inline-block;
		line-height: 22px;
		font-size: 10pt;
	}
	.optgroup .button {
		height: 25px;
		padding-top: 0;
		padding-bottom: 0;
	}
	.optgroup button.button {
		padding-left: 12px;
		padding-right: 12px;
	}
	.linklist {
		list-style: none;
		margin: 0.5em 0;
		padding: 0;
	}
	.linklist li {
		padding: 2px 0;
	}
	.sidebar {
		float: left;
		width: 320px;
	}
	.bar-wrapper {
		max-width: 1100px;
		margin: 0 auto;
	}
	.bar-wrapper.has-sidebar {
		max-width: 1430px;
	}
	.mainbar {
		margin: 0;
		padding-right: 1px;
	}
	.mainbar.has-sidebar {
		margin-left: 330px;
	}
	@media (min-width: 1511px) {
		.sidebar {
			width: 400px;
		}
		.bar-wrapper.has-sidebar {
			max-width: 1510px;
		}
		.mainbar.has-sidebar {
			margin-left: 410px;
		}
	}
	.section.first-section {
		margin-top: 9px;
	}
	.blocklink small {
		white-space: normal;
	}
	.button {
		vertical-align: middle;
	}
	.replay-controls {
		padding-top: 10px;
	}
	.replay-controls h1 {
		font-size: 16pt;
		font-weight: normal;
		color: #CCC;
	}
	.pagelink {
		text-align: center;
	}
	.pagelink a {
		width: 150px;
	}
	.textbox, .button {
		font-size: 11pt;
		vertical-align: middle;
	}
	@media (max-width: 450px) {
		.button {
			font-size: 9pt;
		}
	}
</style>

<div>

	<header>
		<div class="nav-wrapper"><ul class="nav">
			<li><a class="button nav-first" href="//pokemonshowdown.com/"><img src="//pokemonshowdown.com/images/pokemonshowdownbeta.png" srcset="//pokemonshowdown.com/images/pokemonshowdownbeta.png 1x, //pokemonshowdown.com/images/pokemonshowdownbeta@2x.png 2x" alt="Pok&eacute;mon Showdown" width="146" height="44" /> Home</a></li>
			<li><a class="button" href="//pokemonshowdown.com/dex/">Pok&eacute;dex</a></li>
			<li><a class="button cur" href="/">Replays</a></li>
			<li><a class="button" href="//pokemonshowdown.com/ladder/">Ladder</a></li>
			<li><a class="button nav-last" href="//pokemonshowdown.com/forums/">Forum</a></li>
			<li><a class="button greenbutton nav-first nav-last" href="//play.pokemonshowdown.com/">Play</a></li>
		</ul></div>
	</header>

	<div class="main" id="main">

		<noscript><section class="section">You need to enable JavaScript to use this page; sorry!</section></noscript>

	</div>

</div>

<script defer nomodule src="//play.pokemonshowdown.com/js/lib/ps-polyfill.js"></script>
<script defer src="//play.pokemonshowdown.com/js/lib/preact.min.js"></script>

<script defer src="//play.pokemonshowdown.com/config/config.js?6dec07f6"></script>
<script defer src="//play.pokemonshowdown.com/js/lib/jquery-1.11.0.min.js"></script>
<script defer src="//play.pokemonshowdown.com/js/lib/html-sanitizer-minified.js"></script>
<script defer src="//play.pokemonshowdown.com/js/battle-sound.js"></script>
<script defer src="//play.pokemonshowdown.com/js/battledata.js?0.6315294753075389"></script>
<script defer src="//play.pokemonshowdown.com/data/pokedex-mini.js?0.7603743185311358"></script>
<script defer src="//play.pokemonshowdown.com/data/pokedex-mini-bw.js?0.030888842834281283"></script>
<script defer src="//play.pokemonshowdown.com/data/graphics.js?0.05593094747507488"></script>
<script defer src="//play.pokemonshowdown.com/data/pokedex.js?0.47064822249611904"></script>
<script defer src="//play.pokemonshowdown.com/data/moves.js?0.8583693120512459"></script>
<script defer src="//play.pokemonshowdown.com/data/abilities.js?0.16017181182386842"></script>
<script defer src="//play.pokemonshowdown.com/data/items.js?0.4163379185673943"></script>
<script defer src="//play.pokemonshowdown.com/data/teambuilder-tables.js?0.31075597372830477"></script>
<script defer src="//play.pokemonshowdown.com/js/battle-tooltips.js?0.6536193500708172"></script>
<script defer src="//play.pokemonshowdown.com/js/battle.js?0.1916591943277901"></script>

<script defer src="js/utils.js?e31f9a17"></script>
<script defer src="js/replays-battle.js?7008c182"></script>

<!-- don't scrape this data! just add .json or .log after the URL!
Full API docs: https://github.com/smogon/pokemon-showdown-client/blob/master/WEB-API.md -->
<script type="text/plain" class="log" id="replaylog-smogtours-gen3ou-798694">
|inactive|Battle timer is ON: inactive players will automatically lose when time's up.
|t:|1728930046
|gametype|singles
|player|p1|Colby2D|1|
|player|p2|Halbert Simpson|bugcatcher-gen4dp|
|teamsize|p1|6
|teamsize|p2|6
|gen|3
|tier|[Gen 3] OU
|rule|Sleep Clause Mod: Limit one foe put to sleep
|rule|Switch Priority Clause Mod: Faster Pokémon switch first
|rule|Species Clause: Limit one of each Pokémon
|rule|OHKO Clause: OHKO moves are banned
|rule|Evasion Items Clause: Evasion items are banned
|rule|Evasion Moves Clause: Evasion moves are banned
|rule|Endless Battle Clause: Forcing endless battles is banned
|rule|HP Percentage Mod: HP is shown in percentages
|rule|One Boost Passer Clause: Limit one Baton Passer that has a way to boost its stats
|rule|Freeze Clause Mod: Limit one foe frozen
|
|t:|1728930046
|start
|switch|p1a: Tyranitar|Tyranitar, M|100/100
|switch|p2a: Salamence|Salamence, M|100/100
|-ability|p2a: Salamence|Intimidate|boost
|-unboost|p1a: Tyranitar|atk|1
|-weather|Sandstorm|[from] ability: Sand Stream|[of] p1a: Tyranitar
|turn|1
|c|☆Colby2D|glhf
|
|t:|1728930061
|switch|p2a: Hariyama|Hariyama, M|100/100
|switch|p1a: Skarmory|Skarmory, F|100/100
|
|-weather|Sandstorm|[upkeep]
|-damage|p2a: Hariyama|94/100|[from] Sandstorm
|-heal|p2a: Hariyama|100/100|[from] item: Leftovers
|upkeep
|turn|2
|c|☆Halbert Simpson|You too.
|
|t:|1728930069
|move|p1a: Skarmory|Spikes|p2a: Hariyama
|-sidestart|p2: Halbert Simpson|Spikes
|move|p2a: Hariyama|Knock Off|p1a: Skarmory
|-resisted|p1a: Skarmory
|-damage|p1a: Skarmory|99/100
|-enditem|p1a: Skarmory|Leftovers|[from] move: Knock Off|[of] p2a: Hariyama
|-hint|In Gens 3-4, Knock Off only makes the target's item unusable; it cannot obtain a new item.
|
|-weather|Sandstorm|[upkeep]
|-damage|p2a: Hariyama|94/100|[from] Sandstorm
|-heal|p2a: Hariyama|100/100|[from] item: Leftovers
|upkeep
|turn|3
|
|t:|1728930074
|switch|p2a: Forretress|Forretress, M|100/100
|-damage|p2a: Forretress|88/100|[from] Spikes
|move|p1a: Skarmory|Spikes|p2a: Forretress
|-sidestart|p2: Halbert Simpson|Spikes
|
|-weather|Sandstorm|[upkeep]
|-heal|p2a: Forretress|94/100|[from] item: Leftovers
|upkeep
|turn|4
|
|t:|1728930083
|switch|p1a: Charizard|Charizard, M|100/100
|switch|p2a: Tyranitar|Tyranitar, M|100/100
|-damage|p2a: Tyranitar|84/100|[from] Spikes
|
|-weather|Sandstorm|[upkeep]
|-damage|p1a: Charizard|94/100|[from] Sandstorm
|-heal|p1a: Charizard|100/100|[from] item: Leftovers
|-heal|p2a: Tyranitar|90/100|[from] item: Leftovers
|upkeep
|turn|5
|
|t:|1728930094
|switch|p1a: Metagross|Metagross|100/100
|move|p2a: Tyranitar|Rock Slide|p1a: Metagross
|-resisted|p1a: Metagross
|-damage|p1a: Metagross|85/100
|
|-weather|Sandstorm|[upkeep]
|-heal|p1a: Metagross|91/100|[from] item: Leftovers
|-heal|p2a: Tyranitar|96/100|[from] item: Leftovers
|upkeep
|turn|6
|
|t:|1728930102
|switch|p2a: Swampert|Swampert, M|100/100
|-damage|p2a: Swampert|84/100|[from] Spikes
|move|p1a: Metagross|Agility|p1a: Metagross
|-boost|p1a: Metagross|spe|2
|
|-weather|Sandstorm|[upkeep]
|-heal|p1a: Metagross|97/100|[from] item: Leftovers
|-heal|p2a: Swampert|90/100|[from] item: Leftovers
|upkeep
|turn|7
|
|t:|1728930112
|move|p1a: Metagross|Meteor Mash|p2a: Swampert
|-resisted|p2a: Swampert
|-damage|p2a: Swampert|74/100
|move|p2a: Swampert|Roar|p1a: Metagross
|drag|p1a: Aerodactyl|Aerodactyl, M|100/100
|
|-weather|Sandstorm|[upkeep]
|-heal|p2a: Swampert|80/100|[from] item: Leftovers
|upkeep
|turn|8
|
|t:|1728930119
|switch|p1a: Blissey|Blissey, F|100/100
|move|p2a: Swampert|Surf|p1a: Blissey
|-damage|p1a: Blissey|89/100
|
|-weather|Sandstorm|[upkeep]
|-damage|p1a: Blissey|83/100|[from] Sandstorm
|-heal|p2a: Swampert|86/100|[from] item: Leftovers
|-heal|p1a: Blissey|89/100|[from] item: Leftovers
|upkeep
|turn|9
|
|t:|1728930145
|switch|p2a: Forretress|Forretress, M|94/100
|-damage|p2a: Forretress|78/100|[from] Spikes
|move|p1a: Blissey|Toxic|p2a: Forretress
|-immune|p2a: Forretress
|
|-weather|Sandstorm|[upkeep]
|-damage|p1a: Blissey|83/100|[from] Sandstorm
|-heal|p1a: Blissey|89/100|[from] item: Leftovers
|-heal|p2a: Forretress|84/100|[from] item: Leftovers
|upkeep
|turn|10
|
|t:|1728930149
|switch|p1a: Charizard|Charizard, M|100/100
|move|p2a: Forretress|Rapid Spin|p1a: Charizard
|-damage|p1a: Charizard|93/100
|-sideend|p2: Halbert Simpson|Spikes|[from] move: Rapid Spin|[of] p2a: Forretress
|
|-weather|Sandstorm|[upkeep]
|-damage|p1a: Charizard|87/100|[from] Sandstorm
|-heal|p1a: Charizard|93/100|[from] item: Leftovers
|-heal|p2a: Forretress|90/100|[from] item: Leftovers
|upkeep
|turn|11
|
|t:|1728930153
|switch|p2a: Salamence|Salamence, M|100/100
|-ability|p2a: Salamence|Intimidate|boost
|-unboost|p1a: Charizard|atk|1
|move|p1a: Charizard|Substitute|p1a: Charizard
|-start|p1a: Charizard|Substitute
|-damage|p1a: Charizard|68/100
|
|-weather|Sandstorm|[upkeep]
|-damage|p2a: Salamence|94/100|[from] Sandstorm
|-damage|p1a: Charizard|62/100|[from] Sandstorm
|-heal|p2a: Salamence|100/100|[from] item: Leftovers
|-heal|p1a: Charizard|68/100|[from] item: Leftovers
|upkeep
|turn|12
|
|t:|1728930160
|move|p2a: Salamence|Rock Slide|p1a: Charizard
|-supereffective|p1a: Charizard
|-end|p1a: Charizard|Substitute
|move|p1a: Charizard|Flamethrower|p2a: Salamence
|-resisted|p2a: Salamence
|-damage|p2a: Salamence|75/100
|-status|p2a: Salamence|brn
|
|-weather|Sandstorm|[upkeep]
|-damage|p2a: Salamence|69/100 brn|[from] Sandstorm
|-damage|p1a: Charizard|62/100|[from] Sandstorm
|-heal|p2a: Salamence|75/100 brn|[from] item: Leftovers
|-damage|p2a: Salamence|63/100 brn|[from] brn
|-heal|p1a: Charizard|68/100|[from] item: Leftovers
|upkeep
|turn|13
|
|t:|1728930168
|switch|p1a: Skarmory|Skarmory, F|99/100
|move|p2a: Salamence|Wish|p2a: Salamence
|
|-weather|Sandstorm|[upkeep]
|-damage|p2a: Salamence|57/100 brn|[from] Sandstorm
|-heal|p2a: Salamence|63/100 brn|[from] item: Leftovers
|-damage|p2a: Salamence|50/100 brn|[from] brn
|upkeep
|turn|14
|
|t:|1728930174
|move|p2a: Salamence|Flamethrower|p1a: Skarmory
|-supereffective|p1a: Skarmory
|-damage|p1a: Skarmory|48/100
|move|p1a: Skarmory|Spikes|p2a: Salamence
|-sidestart|p2: Halbert Simpson|Spikes
|
|-heal|p2a: Salamence|99/100 brn|[from] move: Wish|[wisher] Salamence
|-weather|Sandstorm|[upkeep]
|-damage|p2a: Salamence|94/100 brn|[from] Sandstorm
|-heal|p2a: Salamence|99/100 brn|[from] item: Leftovers
|-damage|p2a: Salamence|88/100 brn|[from] brn
|upkeep
|turn|15
|
|t:|1728930182
|move|p1a: Skarmory|Protect|p1a: Skarmory
|-singleturn|p1a: Skarmory|Protect
|move|p2a: Salamence|Rock Slide|p1a: Skarmory
|-activate|p1a: Skarmory|Protect
|
|-weather|Sandstorm|[upkeep]
|-damage|p2a: Salamence|82/100 brn|[from] Sandstorm
|-heal|p2a: Salamence|88/100 brn|[from] item: Leftovers
|-damage|p2a: Salamence|76/100 brn|[from] brn
|upkeep
|turn|16
|
|t:|1728930187
|switch|p1a: Blissey|Blissey, F|89/100
|move|p2a: Salamence|Rock Slide|p1a: Blissey
|-damage|p1a: Blissey|77/100
|
|-weather|Sandstorm|[upkeep]
|-damage|p2a: Salamence|70/100 brn|[from] Sandstorm
|-damage|p1a: Blissey|71/100|[from] Sandstorm
|-heal|p2a: Salamence|76/100 brn|[from] item: Leftovers
|-damage|p2a: Salamence|63/100 brn|[from] brn
|-heal|p1a: Blissey|77/100|[from] item: Leftovers
|upkeep
|turn|17
|
|t:|1728930193
|switch|p2a: Hariyama|Hariyama, M|100/100
|-damage|p2a: Hariyama|88/100|[from] Spikes
|move|p1a: Blissey|Ice Beam|p2a: Hariyama
|-damage|p2a: Hariyama|65/100
|
|-weather|Sandstorm|[upkeep]
|-damage|p1a: Blissey|71/100|[from] Sandstorm
|-damage|p2a: Hariyama|59/100|[from] Sandstorm
|-heal|p1a: Blissey|77/100|[from] item: Leftovers
|-heal|p2a: Hariyama|65/100|[from] item: Leftovers
|upkeep
|turn|18
|
|t:|1728930202
|switch|p1a: Skarmory|Skarmory, F|48/100
|move|p2a: Hariyama|Rock Slide|p1a: Skarmory
|-damage|p1a: Skarmory|29/100
|
|-weather|Sandstorm|[upkeep]
|-damage|p2a: Hariyama|59/100|[from] Sandstorm
|-heal|p2a: Hariyama|65/100|[from] item: Leftovers
|upkeep
|turn|19
|
|t:|1728930211
|switch|p2a: Forretress|Forretress, M|90/100
|-damage|p2a: Forretress|78/100|[from] Spikes
|move|p1a: Skarmory|Spikes|p2a: Forretress
|-sidestart|p2: Halbert Simpson|Spikes
|
|-weather|Sandstorm|[upkeep]
|-heal|p2a: Forretress|84/100|[from] item: Leftovers
|upkeep
|turn|20
|
|t:|1728930217
|switch|p1a: Charizard|Charizard, M|68/100
|move|p2a: Forretress|Rapid Spin|p1a: Charizard
|-damage|p1a: Charizard|61/100
|-sideend|p2: Halbert Simpson|Spikes|[from] move: Rapid Spin|[of] p2a: Forretress
|
|-weather|Sandstorm|[upkeep]
|-damage|p1a: Charizard|55/100|[from] Sandstorm
|-heal|p1a: Charizard|61/100|[from] item: Leftovers
|-heal|p2a: Forretress|90/100|[from] item: Leftovers
|upkeep
|turn|21
|
|t:|1728930229
|switch|p2a: Tyranitar|Tyranitar, M|96/100
|move|p1a: Charizard|Flamethrower|p2a: Tyranitar
|-resisted|p2a: Tyranitar
|-damage|p2a: Tyranitar|75/100
|
|-weather|Sandstorm|[upkeep]
|-damage|p1a: Charizard|55/100|[from] Sandstorm
|-heal|p1a: Charizard|61/100|[from] item: Leftovers
|-heal|p2a: Tyranitar|81/100|[from] item: Leftovers
|upkeep
|turn|22
|
|t:|1728930240
|switch|p1a: Tyranitar|Tyranitar, M|100/100
|move|p2a: Tyranitar|Thunder Wave|p1a: Tyranitar
|-status|p1a: Tyranitar|par
|-enditem|p1a: Tyranitar|Lum Berry|[eat]
|-curestatus|p1a: Tyranitar|par|[msg]
|
|-weather|Sandstorm|[upkeep]
|-heal|p2a: Tyranitar|87/100|[from] item: Leftovers
|upkeep
|turn|23
|
|t:|1728930248
|switch|p2a: Swampert|Swampert, M|86/100
|move|p1a: Tyranitar|Brick Break|p2a: Swampert
|-damage|p2a: Swampert|69/100
|
|-weather|Sandstorm|[upkeep]
|-heal|p2a: Swampert|75/100|[from] item: Leftovers
|upkeep
|turn|24
|
|t:|1728930258
|move|p1a: Tyranitar|Hidden Power|p2a: Swampert
|-supereffective|p2a: Swampert
|-damage|p2a: Swampert|9/100
|move|p2a: Swampert|Surf|p1a: Tyranitar
|-supereffective|p1a: Tyranitar
|-damage|p1a: Tyranitar|11/100
|
|-weather|Sandstorm|[upkeep]
|-heal|p2a: Swampert|15/100|[from] item: Leftovers
|upkeep
|turn|25
|
|t:|1728930266
|move|p2a: Swampert|Protect|p2a: Swampert
|-singleturn|p2a: Swampert|Protect
|move|p1a: Tyranitar|Hidden Power|p2a: Swampert
|-activate|p2a: Swampert|Protect
|
|-weather|Sandstorm|[upkeep]
|-heal|p2a: Swampert|21/100|[from] item: Leftovers
|upkeep
|turn|26
|
|t:|1728930269
|switch|p2a: Hariyama|Hariyama, M|65/100
|move|p1a: Tyranitar|Ancient Power|p2a: Hariyama
|-resisted|p2a: Hariyama
|-damage|p2a: Hariyama|50/100
|-boost|p1a: Tyranitar|atk|1
|-boost|p1a: Tyranitar|def|1
|-boost|p1a: Tyranitar|spa|1
|-boost|p1a: Tyranitar|spd|1
|-boost|p1a: Tyranitar|spe|1
|
|-weather|Sandstorm|[upkeep]
|-damage|p2a: Hariyama|44/100|[from] Sandstorm
|-heal|p2a: Hariyama|50/100|[from] item: Leftovers
|upkeep
|turn|27
|
|t:|1728930282
|move|p1a: Tyranitar|Fire Blast|p2a: Hariyama
|-damage|p2a: Hariyama|8/100
|move|p2a: Hariyama|Rock Slide|p1a: Tyranitar
|-damage|p1a: Tyranitar|0 fnt
|faint|p1a: Tyranitar
|
|t:|1728930290
|switch|p1a: Charizard|Charizard, M|61/100
|
|-weather|Sandstorm|[upkeep]
|-damage|p1a: Charizard|55/100|[from] Sandstorm
|-damage|p2a: Hariyama|2/100|[from] Sandstorm
|-heal|p1a: Charizard|61/100|[from] item: Leftovers
|-heal|p2a: Hariyama|8/100|[from] item: Leftovers
|upkeep
|turn|28
|
|t:|1728930297
|move|p1a: Charizard|Substitute|p1a: Charizard
|-start|p1a: Charizard|Substitute
|-damage|p1a: Charizard|36/100
|move|p2a: Hariyama|Rock Slide|p1a: Charizard
|-supereffective|p1a: Charizard
|-end|p1a: Charizard|Substitute
|
|-weather|Sandstorm|[upkeep]
|-damage|p1a: Charizard|30/100|[from] Sandstorm
|-damage|p2a: Hariyama|2/100|[from] Sandstorm
|-heal|p1a: Charizard|36/100|[from] item: Leftovers
|-heal|p2a: Hariyama|8/100|[from] item: Leftovers
|upkeep
|turn|29
|
|t:|1728930303
|move|p1a: Charizard|Substitute|p1a: Charizard
|-start|p1a: Charizard|Substitute
|-damage|p1a: Charizard|11/100
|move|p2a: Hariyama|Rock Slide|p1a: Charizard
|-supereffective|p1a: Charizard
|-end|p1a: Charizard|Substitute
|
|-weather|Sandstorm|[upkeep]
|-damage|p1a: Charizard|5/100|[from] Sandstorm
|-damage|p2a: Hariyama|2/100|[from] Sandstorm
|-heal|p1a: Charizard|11/100|[from] item: Leftovers
|-heal|p2a: Hariyama|8/100|[from] item: Leftovers
|upkeep
|turn|30
|
|t:|1728930307
|move|p1a: Charizard|Flamethrower|p2a: Hariyama
|-damage|p2a: Hariyama|0 fnt
|faint|p2a: Hariyama
|
|t:|1728930310
|switch|p2a: Big Remy|Raticate, M|100/100
|
|-weather|Sandstorm|[upkeep]
|-damage|p2a: Big Remy|94/100|[from] Sandstorm
|-damage|p1a: Charizard|5/100|[from] Sandstorm
|-heal|p2a: Big Remy|100/100|[from] item: Leftovers
|-heal|p1a: Charizard|11/100|[from] item: Leftovers
|upkeep
|turn|31
|
|t:|1728930320
|switch|p1a: Metagross|Metagross|97/100
|move|p2a: Big Remy|Quick Attack|p1a: Metagross
|-resisted|p1a: Metagross
|-damage|p1a: Metagross|92/100
|
|-weather|Sandstorm|[upkeep]
|-damage|p2a: Big Remy|94/100|[from] Sandstorm
|-heal|p2a: Big Remy|100/100|[from] item: Leftovers
|-heal|p1a: Metagross|98/100|[from] item: Leftovers
|upkeep
|turn|32
|
|t:|1728930338
|move|p2a: Big Remy|Thunder Wave|p1a: Metagross
|-status|p1a: Metagross|par
|cant|p1a: Metagross|par
|
|-weather|Sandstorm|[upkeep]
|-damage|p2a: Big Remy|94/100|[from] Sandstorm
|-heal|p2a: Big Remy|100/100|[from] item: Leftovers
|-heal|p1a: Metagross|100/100 par|[from] item: Leftovers
|upkeep
|turn|33
|
|t:|1728930342
|move|p2a: Big Remy|Super Fang|p1a: Metagross
|-damage|p1a: Metagross|51/100 par
|move|p1a: Metagross|Meteor Mash|p2a: Big Remy
|-damage|p2a: Big Remy|20/100
|
|-weather|Sandstorm|[upkeep]
|-damage|p2a: Big Remy|14/100|[from] Sandstorm
|-heal|p2a: Big Remy|20/100|[from] item: Leftovers
|-heal|p1a: Metagross|57/100 par|[from] item: Leftovers
|upkeep
|turn|34
|
|t:|1728930350
|move|p2a: Big Remy|Endeavor|p1a: Metagross
|-damage|p1a: Metagross|18/100 par
|move|p1a: Metagross|Meteor Mash|p2a: Big Remy|[miss]
|-miss|p1a: Metagross|p2a: Big Remy
|
|-weather|Sandstorm|[upkeep]
|-damage|p2a: Big Remy|14/100|[from] Sandstorm
|-heal|p2a: Big Remy|20/100|[from] item: Leftovers
|-heal|p1a: Metagross|24/100 par|[from] item: Leftovers
|upkeep
|turn|35
|
|t:|1728930359
|switch|p2a: Forretress|Forretress, M|90/100
|move|p1a: Metagross|Meteor Mash|p2a: Forretress
|-resisted|p2a: Forretress
|-damage|p2a: Forretress|73/100
|-boost|p1a: Metagross|atk|1
|
|-weather|Sandstorm|[upkeep]
|-heal|p2a: Forretress|79/100|[from] item: Leftovers
|-heal|p1a: Metagross|30/100 par|[from] item: Leftovers
|upkeep
|turn|36
|
|t:|1728930362
|move|p2a: Forretress|Earthquake|p1a: Metagross
|-supereffective|p1a: Metagross
|-damage|p1a: Metagross|0 fnt
|faint|p1a: Metagross
|
|t:|1728930365
|switch|p1a: Charizard|Charizard, M|11/100
|
|-weather|Sandstorm|[upkeep]
|-damage|p1a: Charizard|5/100|[from] Sandstorm
|-heal|p1a: Charizard|11/100|[from] item: Leftovers
|-heal|p2a: Forretress|86/100|[from] item: Leftovers
|upkeep
|turn|37
|
|t:|1728930386
|switch|p2a: Salamence|Salamence, M|63/100 brn
|-ability|p2a: Salamence|Intimidate|boost
|-unboost|p1a: Charizard|atk|1
|move|p1a: Charizard|Flamethrower|p2a: Salamence
|-resisted|p2a: Salamence
|-damage|p2a: Salamence|25/100 brn
|
|-weather|Sandstorm|[upkeep]
|-damage|p2a: Salamence|19/100 brn|[from] Sandstorm
|-damage|p1a: Charizard|5/100|[from] Sandstorm
|-heal|p2a: Salamence|25/100 brn|[from] item: Leftovers
|-damage|p2a: Salamence|13/100 brn|[from] brn
|-heal|p1a: Charizard|11/100|[from] item: Leftovers
|upkeep
|turn|38
|inactive|Halbert Simpson has 270 seconds left.
|
|t:|1728930429
|switch|p1a: Aerodactyl|Aerodactyl, M|100/100
|move|p2a: Salamence|Flamethrower|p1a: Aerodactyl
|-resisted|p1a: Aerodactyl
|-damage|p1a: Aerodactyl|81/100
|
|-weather|Sandstorm|[upkeep]
|-damage|p2a: Salamence|7/100 brn|[from] Sandstorm
|-heal|p2a: Salamence|13/100 brn|[from] item: Leftovers
|-damage|p2a: Salamence|0 fnt|[from] brn
|faint|p2a: Salamence
|upkeep
|
|t:|1728930435
|switch|p2a: Swampert|Swampert, M|21/100
|turn|39
|
|t:|1728930441
|move|p2a: Swampert|Protect|p2a: Swampert
|-singleturn|p2a: Swampert|Protect
|move|p1a: Aerodactyl|Double-Edge|p2a: Swampert
|-activate|p2a: Swampert|Protect
|
|-weather|Sandstorm|[upkeep]
|-heal|p2a: Swampert|27/100|[from] item: Leftovers
|upkeep
|turn|40
|
|t:|1728930445
|switch|p2a: Forretress|Forretress, M|86/100
|move|p1a: Aerodactyl|Double-Edge|p2a: Forretress
|-resisted|p2a: Forretress
|-damage|p2a: Forretress|66/100
|
|-weather|Sandstorm|[upkeep]
|-heal|p2a: Forretress|73/100|[from] item: Leftovers
|upkeep
|turn|41
|
|t:|1728930451
|switch|p1a: Skarmory|Skarmory, F|29/100
|move|p2a: Forretress|Body Slam|p1a: Skarmory
|-resisted|p1a: Skarmory
|-damage|p1a: Skarmory|22/100
|
|-weather|Sandstorm|[upkeep]
|-heal|p2a: Forretress|79/100|[from] item: Leftovers
|upkeep
|turn|42
|
|t:|1728930470
|switch|p2a: Tyranitar|Tyranitar, M|87/100
|move|p1a: Skarmory|Spikes|p2a: Tyranitar
|-sidestart|p2: Halbert Simpson|Spikes
|
|-weather|Sandstorm|[upkeep]
|-heal|p2a: Tyranitar|94/100|[from] item: Leftovers
|upkeep
|turn|43
|
|t:|1728930474
|move|p2a: Tyranitar|Rock Slide|p1a: Skarmory
|-damage|p1a: Skarmory|0 fnt
|faint|p1a: Skarmory
|
|t:|1728930479
|switch|p1a: Aerodactyl|Aerodactyl, M|81/100
|
|-weather|Sandstorm|[upkeep]
|-heal|p2a: Tyranitar|99/100|[from] item: Leftovers
|upkeep
|turn|44
|
|t:|1728930501
|move|p1a: Aerodactyl|Hidden Power|p2a: Tyranitar
|-supereffective|p2a: Tyranitar
|-crit|p2a: Tyranitar
|-damage|p2a: Tyranitar|0 fnt
|faint|p2a: Tyranitar
|
|t:|1728930506
|switch|p2a: Forretress|Forretress, M|79/100
|-damage|p2a: Forretress|66/100|[from] Spikes
|
|-weather|Sandstorm|[upkeep]
|-heal|p2a: Forretress|73/100|[from] item: Leftovers
|upkeep
|turn|45
|
|t:|1728930513
|switch|p1a: Blissey|Blissey, F|77/100
|move|p2a: Forretress|Body Slam|p1a: Blissey
|-damage|p1a: Blissey|58/100
|
|-weather|Sandstorm|[upkeep]
|-damage|p1a: Blissey|52/100|[from] Sandstorm
|-heal|p1a: Blissey|58/100|[from] item: Leftovers
|-heal|p2a: Forretress|79/100|[from] item: Leftovers
|upkeep
|turn|46
|
|t:|1728930519
|move|p1a: Blissey|Thunderbolt|p2a: Forretress
|-damage|p2a: Forretress|54/100
|move|p2a: Forretress|Rapid Spin|p1a: Blissey
|-damage|p1a: Blissey|53/100
|-sideend|p2: Halbert Simpson|Spikes|[from] move: Rapid Spin|[of] p2a: Forretress
|
|-weather|Sandstorm|[upkeep]
|-damage|p1a: Blissey|47/100|[from] Sandstorm
|-heal|p1a: Blissey|53/100|[from] item: Leftovers
|-heal|p2a: Forretress|60/100|[from] item: Leftovers
|upkeep
|turn|47
|
|t:|1728930528
|switch|p2a: Swampert|Swampert, M|27/100
|move|p1a: Blissey|Thunderbolt|p2a: Swampert
|-immune|p2a: Swampert
|
|-weather|Sandstorm|[upkeep]
|-damage|p1a: Blissey|47/100|[from] Sandstorm
|-heal|p2a: Swampert|33/100|[from] item: Leftovers
|-heal|p1a: Blissey|53/100|[from] item: Leftovers
|upkeep
|turn|48
|
|t:|1728930541
|move|p1a: Blissey|Soft-Boiled|p1a: Blissey
|-heal|p1a: Blissey|100/100
|move|p2a: Swampert|Roar|p1a: Blissey
|drag|p1a: Aerodactyl|Aerodactyl, M|81/100
|
|-weather|Sandstorm|[upkeep]
|-heal|p2a: Swampert|40/100|[from] item: Leftovers
|upkeep
|turn|49
|
|t:|1728930547
|switch|p1a: Blissey|Blissey, F|100/100
|move|p2a: Swampert|Protect||[still]
|-fail|p2a: Swampert
|
|-weather|Sandstorm|[upkeep]
|-damage|p1a: Blissey|94/100|[from] Sandstorm
|-heal|p2a: Swampert|46/100|[from] item: Leftovers
|-heal|p1a: Blissey|100/100|[from] item: Leftovers
|upkeep
|turn|50
|
|t:|1728930552
|switch|p2a: Forretress|Forretress, M|60/100
|move|p1a: Blissey|Toxic|p2a: Forretress
|-immune|p2a: Forretress
|
|-weather|Sandstorm|[upkeep]
|-damage|p1a: Blissey|94/100|[from] Sandstorm
|-heal|p1a: Blissey|100/100|[from] item: Leftovers
|-heal|p2a: Forretress|66/100|[from] item: Leftovers
|upkeep
|turn|51
|
|t:|1728930554
|move|p1a: Blissey|Thunderbolt|p2a: Forretress
|-damage|p2a: Forretress|42/100
|move|p2a: Forretress|Spikes|p1a: Blissey
|-sidestart|p1: Colby2D|Spikes
|
|-weather|Sandstorm|[upkeep]
|-damage|p1a: Blissey|94/100|[from] Sandstorm
|-heal|p1a: Blissey|100/100|[from] item: Leftovers
|-heal|p2a: Forretress|48/100|[from] item: Leftovers
|upkeep
|turn|52
|
|t:|1728930558
|move|p1a: Blissey|Thunderbolt|p2a: Forretress
|-damage|p2a: Forretress|24/100
|move|p2a: Forretress|Spikes|p1a: Blissey
|-sidestart|p1: Colby2D|Spikes
|
|-weather|Sandstorm|[upkeep]
|-damage|p1a: Blissey|94/100|[from] Sandstorm
|-heal|p1a: Blissey|100/100|[from] item: Leftovers
|-heal|p2a: Forretress|30/100|[from] item: Leftovers
|upkeep
|turn|53
|
|t:|1728930564
|move|p1a: Blissey|Thunderbolt|p2a: Forretress
|-damage|p2a: Forretress|7/100
|move|p2a: Forretress|Body Slam|p1a: Blissey
|-damage|p1a: Blissey|83/100
|-status|p1a: Blissey|par
|
|-weather|Sandstorm|[upkeep]
|-damage|p1a: Blissey|77/100 par|[from] Sandstorm
|-heal|p2a: Forretress|13/100|[from] item: Leftovers
|-heal|p1a: Blissey|83/100 par|[from] item: Leftovers
|upkeep
|turn|54
|
|t:|1728930589
|switch|p2a: Swampert|Swampert, M|46/100
|move|p1a: Blissey|Thunderbolt|p2a: Swampert
|-immune|p2a: Swampert
|
|-weather|Sandstorm|[upkeep]
|-damage|p1a: Blissey|77/100 par|[from] Sandstorm
|-heal|p2a: Swampert|52/100|[from] item: Leftovers
|-heal|p1a: Blissey|83/100 par|[from] item: Leftovers
|upkeep
|turn|55
|
|t:|1728930592
|move|p2a: Swampert|Protect|p2a: Swampert
|-singleturn|p2a: Swampert|Protect
|move|p1a: Blissey|Toxic|p2a: Swampert
|-activate|p2a: Swampert|Protect
|
|-weather|Sandstorm|[upkeep]
|-damage|p1a: Blissey|77/100 par|[from] Sandstorm
|-heal|p2a: Swampert|58/100|[from] item: Leftovers
|-heal|p1a: Blissey|83/100 par|[from] item: Leftovers
|upkeep
|turn|56
|
|t:|1728930598
|move|p2a: Swampert|Surf|p1a: Blissey
|-damage|p1a: Blissey|72/100 par
|move|p1a: Blissey|Toxic|p2a: Swampert
|-status|p2a: Swampert|tox
|
|-weather|Sandstorm|[upkeep]
|-damage|p1a: Blissey|65/100 par|[from] Sandstorm
|-heal|p2a: Swampert|64/100 tox|[from] item: Leftovers
|-damage|p2a: Swampert|58/100 tox|[from] psn
|-heal|p1a: Blissey|72/100 par|[from] item: Leftovers
|upkeep
|turn|57
|
|t:|1728930615
|switch|p2a: Big Remy|Raticate, M|20/100
|move|p1a: Blissey|Soft-Boiled|p1a: Blissey
|-heal|p1a: Blissey|100/100 par
|
|-weather|Sandstorm|[upkeep]
|-damage|p2a: Big Remy|14/100|[from] Sandstorm
|-damage|p1a: Blissey|94/100 par|[from] Sandstorm
|-heal|p2a: Big Remy|20/100|[from] item: Leftovers
|-heal|p1a: Blissey|100/100 par|[from] item: Leftovers
|upkeep
|turn|58
|
|t:|1728930620
|move|p2a: Big Remy|Endeavor|p1a: Blissey
|-damage|p1a: Blissey|10/100 par
|move|p1a: Blissey|Ice Beam|p2a: Big Remy
|-crit|p2a: Big Remy
|-damage|p2a: Big Remy|0 fnt
|faint|p2a: Big Remy
|
|t:|1728930626
|switch|p2a: Forretress|Forretress, M|13/100
|
|-weather|Sandstorm|[upkeep]
|-damage|p1a: Blissey|4/100 par|[from] Sandstorm
|-heal|p2a: Forretress|20/100|[from] item: Leftovers
|-heal|p1a: Blissey|10/100 par|[from] item: Leftovers
|upkeep
|turn|59
|
|t:|1728930630
|move|p2a: Forretress|Body Slam|p1a: Blissey
|-damage|p1a: Blissey|0 fnt
|faint|p1a: Blissey
|
|t:|1728930633
|switch|p1a: Charizard|Charizard, M|11/100
|
|-weather|Sandstorm|[upkeep]
|-damage|p1a: Charizard|5/100|[from] Sandstorm
|-heal|p1a: Charizard|11/100|[from] item: Leftovers
|-heal|p2a: Forretress|26/100|[from] item: Leftovers
|upkeep
|turn|60
|
|t:|1728930638
|move|p1a: Charizard|Flamethrower|p2a: Forretress
|-supereffective|p2a: Forretress
|-damage|p2a: Forretress|0 fnt
|faint|p2a: Forretress
|
|t:|1728930639
|switch|p2a: Swampert|Swampert, M|58/100 tox
|
|-weather|Sandstorm|[upkeep]
|-damage|p1a: Charizard|5/100|[from] Sandstorm
|-heal|p1a: Charizard|11/100|[from] item: Leftovers
|-heal|p2a: Swampert|64/100 tox|[from] item: Leftovers
|-damage|p2a: Swampert|58/100 tox|[from] psn
|upkeep
|turn|61
|
|t:|1728930643
|move|p1a: Charizard|Hidden Power|p2a: Swampert
|-supereffective|p2a: Swampert
|-damage|p2a: Swampert|0 fnt
|faint|p2a: Swampert
|
|win|Colby2D
|c|☆Halbert Simpson|gg
|c|☆Colby2D|ggs

</script>
<script type="application/json" class="data" id="replaydata-smogtours-gen3ou-798694">
{"id":"smogtours-gen3ou-798694","format":"[Gen 3] OU","players":["Colby2D","Halbert Simpson"],"uploadtime":1728930643,"views":74,"formatid":"gen3ou","rating":null,"private":0,"password":null}
</script>

<script defer src="js/replays.js?9d40a366"></script>
