<!DOCTYPE html>
<meta charset="utf-8" />
<meta name="viewport" content="width=device-width" />

<title>[Gen 3] OU: BRstelli vs. pokology2 - Replays - Pok&eacute;mon Showdown!</title>

<meta name="description" content="Watch a replay of a Pok&eacute;mon battle between BRstelli and pokology2! Format: [Gen 3] OU; Date: Oct 14, 2024" />
<!--

Hey, you! Looking in the source for the replay log?

You can find them in JSON format, just add `.json` at the end of a replay URL.

https://replay.pokemonshowdown.com/gen7randomdoublesbattle-865046831.json

Or, if you only need the log itself, add `.log` instead:

https://replay.pokemonshowdown.com/gen7randomdoublesbattle-865046831.log

-->

<link rel="stylesheet" href="//pokemonshowdown.com/style/global.css?0.023195364461161105" />
<link rel="stylesheet" href="//play.pokemonshowdown.com/style/font-awesome.css?0.13261647063804238" />
<link rel="stylesheet" href="//play.pokemonshowdown.com/style/battle.css?0.8753245789963631" />
<link rel="stylesheet" href="//play.pokemonshowdown.com/style/utilichart.css?0.8627959624976733" />

<!-- Global site tag (gtag.js) - Google Analytics -->
<script async src="https://www.googletagmanager.com/gtag/js?id=UA-26211653-1"></script>
<script>
  window.dataLayer = window.dataLayer || [];
  function gtag(){dataLayer.push(arguments);}
  gtag('js', new Date());

  gtag('config', 'UA-26211653-1');
</script>
<!-- End Google Analytics -->
<!-- Venatus Ad Manager - Install in <HEAD> of page -->
	<script src="https://hb.vntsm.com/v3/live/ad-manager.min.js" type="text/javascript" data-site-id="642aba63ec9a7b11c3c9c1be" data-mode="scan" async></script>
<!-- / Venatus Ad Manager -->

<style>
	@media (max-width:820px) {
		.battle {
			margin: 0 auto;
		}
		.battle-log {
			margin: 7px auto 0;
			max-width: 640px;
			height: 300px;
			position: static;
		}
	}
	.optgroup {
		display: inline-block;
		line-height: 22px;
		font-size: 10pt;
	}
	.optgroup .button {
		height: 25px;
		padding-top: 0;
		padding-bottom: 0;
	}
	.optgroup button.button {
		padding-left: 12px;
		padding-right: 12px;
	}
	.linklist {
		list-style: none;
		margin: 0.5em 0;
		padding: 0;
	}
	.linklist li {
		padding: 2px 0;
	}
	.sidebar {
		float: left;
		width: 320px;
	}
	.bar-wrapper {
		max-width: 1100px;
		margin: 0 auto;
	}
	.bar-wrapper.has-sidebar {
		max-width: 1430px;
	}
	.mainbar {
		margin: 0;
		padding-right: 1px;
	}
	.mainbar.has-sidebar {
		margin-left: 330px;
	}
	@media (min-width: 1511px) {
		.sidebar {
			width: 400px;
		}
		.bar-wrapper.has-sidebar {
			max-width: 1510px;
		}
		.mainbar.has-sidebar {
			margin-left: 410px;
		}
	}
	.section.first-section {
		margin-top: 9px;
	}
	.blocklink small {
		white-space: normal;
	}
	.button {
		vertical-align: middle;
	}
	.replay-controls {
		padding-top: 10px;
	}
	.replay-controls h1 {
		font-size: 16pt;
		font-weight: normal;
		color: #CCC;
	}
	.pagelink {
		text-align: center;
	}
	.pagelink a {
		width: 150px;
	}
	.textbox, .button {
		font-size: 11pt;
		vertical-align: middle;
	}
	@media (max-width: 450px) {
		.button {
			font-size: 9pt;
		}
	}
</style>

<div>

	<header>
		<div class="nav-wrapper"><ul class="nav">
			<li><a class="button nav-first" href="//pokemonshowdown.com/"><img src="//pokemonshowdown.com/images/pokemonshowdownbeta.png" srcset="//pokemonshowdown.com/images/pokemonshowdownbeta.png 1x, //pokemonshowdown.com/images/pokemonshowdownbeta@2x.png 2x" alt="Pok&eacute;mon Showdown" width="146" height="44" /> Home</a></li>
			<li><a class="button" href="//pokemonshowdown.com/dex/">Pok&eacute;dex</a></li>
			<li><a class="button cur" href="/">Replays</a></li>
			<li><a class="button" href="//pokemonshowdown.com/ladder/">Ladder</a></li>
			<li><a class="button nav-last" href="//pokemonshowdown.com/forums/">Forum</a></li>
			<li><a class="button greenbutton nav-first nav-last" href="//play.pokemonshowdown.com/">Play</a></li>
		</ul></div>
	</header>

	<div class="main" id="main">

		<noscript><section class="section">You need to enable JavaScript to use this page; sorry!</section></noscript>

	</div>

</div>

<script defer nomodule src="//play.pokemonshowdown.com/js/lib/ps-polyfill.js"></script>
<script defer src="//play.pokemonshowdown.com/js/lib/preact.min.js"></script>

<script defer src="//play.pokemonshowdown.com/config/config.js?2bddbc15"></script>
<script defer src="//play.pokemonshowdown.com/js/lib/jquery-1.11.0.min.js"></script>
<script defer src="//play.pokemonshowdown.com/js/lib/html-sanitizer-minified.js"></script>
<script defer src="//play.pokemonshowdown.com/js/battle-sound.js"></script>
<script defer src="//play.pokemonshowdown.com/js/battledata.js?0.7209276989879541"></script>
<script defer src="//play.pokemonshowdown.com/data/pokedex-mini.js?0.6111056340867951"></script>
<script defer src="//play.pokemonshowdown.com/data/pokedex-mini-bw.js?0.3532142036491459"></script>
<script defer src="//play.pokemonshowdown.com/data/graphics.js?0.24223875632456182"></script>
<script defer src="//play.pokemonshowdown.com/data/pokedex.js?0.38839984266356864"></script>
<script defer src="//play.pokemonshowdown.com/data/moves.js?0.21866028504024015"></script>
<script defer src="//play.pokemonshowdown.com/data/abilities.js?0.2005157953846628"></script>
<script defer src="//play.pokemonshowdown.com/data/items.js?0.9894211263848525"></script>
<script defer src="//play.pokemonshowdown.com/data/teambuilder-tables.js?0.6008791140282215"></script>
<script defer src="//play.pokemonshowdown.com/js/battle-tooltips.js?0.7580118955022959"></script>
<script defer src="//play.pokemonshowdown.com/js/battle.js?0.6057722274234274"></script>

<script defer src="js/utils.js?e31f9a17"></script>
<script defer src="js/replays-battle.js?7008c182"></script>

<!-- don't scrape this data! just add .json or .log after the URL!
Full API docs: https://github.com/smogon/pokemon-showdown-client/blob/master/WEB-API.md -->
<script type="text/plain" class="log" id="replaylog-smogtours-gen3ou-798705">
|inactive|Battle timer is ON: inactive players will automatically lose when time's up.
|t:|1728932649
|gametype|singles
|player|p1|BRstelli|169|
|player|p2|pokology2|101|
|teamsize|p1|6
|teamsize|p2|6
|gen|3
|tier|[Gen 3] OU
|rule|Sleep Clause Mod: Limit one foe put to sleep
|rule|Switch Priority Clause Mod: Faster Pokémon switch first
|rule|Species Clause: Limit one of each Pokémon
|rule|OHKO Clause: OHKO moves are banned
|rule|Evasion Items Clause: Evasion items are banned
|rule|Evasion Moves Clause: Evasion moves are banned
|rule|Endless Battle Clause: Forcing endless battles is banned
|rule|HP Percentage Mod: HP is shown in percentages
|rule|One Boost Passer Clause: Limit one Baton Passer that has a way to boost its stats
|rule|Freeze Clause Mod: Limit one foe frozen
|
|t:|1728932649
|start
|switch|p1a: Zapdos|Zapdos|100/100
|switch|p2a: Tyranitar|Tyranitar, F|100/100
|-weather|Sandstorm|[from] ability: Sand Stream|[of] p2a: Tyranitar
|turn|1
|c|☆pokology2|gl hf :)
|c|☆BRstelli|you too
|
|t:|1728932666
|switch|p1a: Suicune|Suicune|100/100
|move|p2a: Tyranitar|Rock Slide|p1a: Suicune
|-damage|p1a: Suicune|72/100
|
|-weather|Sandstorm|[upkeep]
|-damage|p1a: Suicune|66/100|[from] Sandstorm
|-heal|p1a: Suicune|72/100|[from] item: Leftovers
|upkeep
|turn|2
|
|t:|1728932683
|switch|p1a: Dugtrio|Dugtrio, F|100/100
|switch|p2a: Tentacruel|Tentacruel, M|100/100
|
|-weather|Sandstorm|[upkeep]
|-damage|p2a: Tentacruel|94/100|[from] Sandstorm
|upkeep
|turn|3
|inactive|BRstelli has 270 seconds left.
|
|t:|1728932725
|move|p1a: Dugtrio|Earthquake|p2a: Tentacruel
|-supereffective|p2a: Tentacruel
|-damage|p2a: Tentacruel|0 fnt
|faint|p2a: Tentacruel
|
|t:|1728932731
|switch|p2a: Skarmory|Skarmory, F|100/100
|
|-weather|Sandstorm|[upkeep]
|upkeep
|turn|4
|
|t:|1728932735
|switch|p1a: Zapdos|Zapdos|100/100
|move|p2a: Skarmory|Toxic|p1a: Zapdos|[miss]
|-miss|p2a: Skarmory|p1a: Zapdos
|
|-weather|Sandstorm|[upkeep]
|-damage|p1a: Zapdos|94/100|[from] Sandstorm
|-heal|p1a: Zapdos|100/100|[from] item: Leftovers
|upkeep
|turn|5
|
|t:|1728932741
|switch|p2a: Flygon|Flygon, F|100/100
|move|p1a: Zapdos|Baton Pass|p1a: Zapdos
|
|t:|1728932746
|switch|p1a: Suicune|Suicune|72/100|[from] Baton Pass
|
|-weather|Sandstorm|[upkeep]
|-damage|p1a: Suicune|66/100|[from] Sandstorm
|-heal|p1a: Suicune|72/100|[from] item: Leftovers
|upkeep
|turn|6
|
|t:|1728932753
|move|p2a: Flygon|Toxic|p1a: Suicune|[miss]
|-miss|p2a: Flygon|p1a: Suicune
|move|p1a: Suicune|Calm Mind|p1a: Suicune
|-boost|p1a: Suicune|spa|1
|-boost|p1a: Suicune|spd|1
|
|-weather|Sandstorm|[upkeep]
|-damage|p1a: Suicune|66/100|[from] Sandstorm
|-heal|p1a: Suicune|72/100|[from] item: Leftovers
|upkeep
|turn|7
|
|t:|1728932759
|switch|p2a: Skarmory|Skarmory, F|100/100
|move|p1a: Suicune|Calm Mind|p1a: Suicune
|-boost|p1a: Suicune|spa|1
|-boost|p1a: Suicune|spd|1
|
|-weather|Sandstorm|[upkeep]
|-damage|p1a: Suicune|66/100|[from] Sandstorm
|-heal|p1a: Suicune|72/100|[from] item: Leftovers
|upkeep
|turn|8
|
|t:|1728932763
|move|p1a: Suicune|Surf|p2a: Skarmory
|-damage|p2a: Skarmory|18/100
|move|p2a: Skarmory|Roar|p1a: Suicune
|drag|p1a: Claydol|Claydol|100/100
|
|-weather|Sandstorm|[upkeep]
|-heal|p2a: Skarmory|24/100|[from] item: Leftovers
|upkeep
|turn|9
|
|t:|1728932773
|switch|p1a: Suicune|Suicune|72/100
|move|p2a: Skarmory|Toxic|p1a: Suicune
|-status|p1a: Suicune|tox
|
|-weather|Sandstorm|[upkeep]
|-damage|p1a: Suicune|66/100 tox|[from] Sandstorm
|-heal|p1a: Suicune|72/100 tox|[from] item: Leftovers
|-damage|p1a: Suicune|66/100 tox|[from] psn
|-heal|p2a: Skarmory|30/100|[from] item: Leftovers
|upkeep
|turn|10
|
|t:|1728932781
|switch|p2a: Porygon2|Porygon2|100/100
|-ability|p2a: Porygon2|Pressure|[from] ability: Trace|[of] p1a: Suicune
|move|p1a: Suicune|Calm Mind|p1a: Suicune
|-boost|p1a: Suicune|spa|1
|-boost|p1a: Suicune|spd|1
|
|-weather|Sandstorm|[upkeep]
|-damage|p1a: Suicune|60/100 tox|[from] Sandstorm
|-damage|p2a: Porygon2|94/100|[from] Sandstorm
|-heal|p1a: Suicune|66/100 tox|[from] item: Leftovers
|-damage|p1a: Suicune|54/100 tox|[from] psn
|-heal|p2a: Porygon2|100/100|[from] item: Leftovers
|upkeep
|turn|11
|
|t:|1728932791
|move|p1a: Suicune|Surf|p2a: Porygon2
|-damage|p2a: Porygon2|43/100
|move|p2a: Porygon2|Thunderbolt|p1a: Suicune
|-supereffective|p1a: Suicune
|-damage|p1a: Suicune|31/100 tox
|
|-weather|Sandstorm|[upkeep]
|-damage|p1a: Suicune|25/100 tox|[from] Sandstorm
|-damage|p2a: Porygon2|37/100|[from] Sandstorm
|-heal|p1a: Suicune|31/100 tox|[from] item: Leftovers
|-damage|p1a: Suicune|12/100 tox|[from] psn
|-heal|p2a: Porygon2|43/100|[from] item: Leftovers
|upkeep
|turn|12
|
|t:|1728932797
|move|p1a: Suicune|Rest|p1a: Suicune
|-status|p1a: Suicune|slp|[from] move: Rest
|-heal|p1a: Suicune|100/100 slp|[silent]
|move|p2a: Porygon2|Recover|p2a: Porygon2
|-heal|p2a: Porygon2|93/100
|
|-weather|Sandstorm|[upkeep]
|-damage|p1a: Suicune|94/100 slp|[from] Sandstorm
|-damage|p2a: Porygon2|87/100|[from] Sandstorm
|-heal|p1a: Suicune|100/100 slp|[from] item: Leftovers
|-heal|p2a: Porygon2|93/100|[from] item: Leftovers
|upkeep
|turn|13
|
|t:|1728932802
|cant|p1a: Suicune|slp
|move|p1a: Suicune|Sleep Talk|p1a: Suicune
|move|p1a: Suicune|Calm Mind|p1a: Suicune|[from]Sleep Talk
|-boost|p1a: Suicune|spa|1
|-boost|p1a: Suicune|spd|1
|move|p2a: Porygon2|Thunderbolt|p1a: Suicune
|-supereffective|p1a: Suicune
|-damage|p1a: Suicune|83/100 slp
|
|-weather|Sandstorm|[upkeep]
|-damage|p1a: Suicune|77/100 slp|[from] Sandstorm
|-damage|p2a: Porygon2|87/100|[from] Sandstorm
|-heal|p1a: Suicune|83/100 slp|[from] item: Leftovers
|-heal|p2a: Porygon2|93/100|[from] item: Leftovers
|upkeep
|turn|14
|
|t:|1728932808
|cant|p1a: Suicune|slp
|move|p1a: Suicune|Sleep Talk|p1a: Suicune
|move|p1a: Suicune|Surf|p2a: Porygon2|[from]Sleep Talk
|-damage|p2a: Porygon2|22/100
|move|p2a: Porygon2|Thunderbolt|p1a: Suicune
|-supereffective|p1a: Suicune
|-damage|p1a: Suicune|65/100 slp
|
|-weather|Sandstorm|[upkeep]
|-damage|p1a: Suicune|59/100 slp|[from] Sandstorm
|-damage|p2a: Porygon2|15/100|[from] Sandstorm
|-heal|p1a: Suicune|65/100 slp|[from] item: Leftovers
|-heal|p2a: Porygon2|22/100|[from] item: Leftovers
|upkeep
|turn|15
|
|t:|1728932813
|-curestatus|p1a: Suicune|slp|[msg]
|move|p1a: Suicune|Calm Mind|p1a: Suicune
|-boost|p1a: Suicune|spa|1
|-boost|p1a: Suicune|spd|1
|move|p2a: Porygon2|Thunderbolt|p1a: Suicune
|-supereffective|p1a: Suicune
|-damage|p1a: Suicune|50/100
|
|-weather|Sandstorm|[upkeep]
|-damage|p1a: Suicune|44/100|[from] Sandstorm
|-damage|p2a: Porygon2|15/100|[from] Sandstorm
|-heal|p1a: Suicune|50/100|[from] item: Leftovers
|-heal|p2a: Porygon2|22/100|[from] item: Leftovers
|upkeep
|turn|16
|
|t:|1728932819
|move|p1a: Suicune|Calm Mind|p1a: Suicune
|-boost|p1a: Suicune|spa|1
|-boost|p1a: Suicune|spd|1
|move|p2a: Porygon2|Thunderbolt|p1a: Suicune
|-supereffective|p1a: Suicune
|-damage|p1a: Suicune|39/100
|-status|p1a: Suicune|par
|
|-weather|Sandstorm|[upkeep]
|-damage|p2a: Porygon2|15/100|[from] Sandstorm
|-damage|p1a: Suicune|32/100 par|[from] Sandstorm
|-heal|p2a: Porygon2|22/100|[from] item: Leftovers
|-heal|p1a: Suicune|39/100 par|[from] item: Leftovers
|upkeep
|turn|17
|
|t:|1728932825
|switch|p2a: Skarmory|Skarmory, F|30/100
|move|p1a: Suicune|Rest|p1a: Suicune
|-status|p1a: Suicune|slp|[from] move: Rest
|-heal|p1a: Suicune|100/100 slp|[silent]
|
|-weather|Sandstorm|[upkeep]
|-damage|p1a: Suicune|94/100 slp|[from] Sandstorm
|-heal|p1a: Suicune|100/100 slp|[from] item: Leftovers
|-heal|p2a: Skarmory|36/100|[from] item: Leftovers
|upkeep
|turn|18
|
|t:|1728932830
|cant|p1a: Suicune|slp
|move|p1a: Suicune|Sleep Talk|p1a: Suicune
|move|p1a: Suicune|Calm Mind|p1a: Suicune|[from]Sleep Talk
|-boost|p1a: Suicune|spa|1
|-boost|p1a: Suicune|spd|1
|move|p2a: Skarmory|Roar|p1a: Suicune
|drag|p1a: Kingdra|Kingdra, M|100/100
|
|-weather|Sandstorm|[upkeep]
|-damage|p1a: Kingdra|95/100|[from] Sandstorm
|-heal|p1a: Kingdra|100/100|[from] item: Leftovers
|-heal|p2a: Skarmory|42/100|[from] item: Leftovers
|upkeep
|turn|19
|
|t:|1728932842
|move|p1a: Kingdra|Surf|p2a: Skarmory
|-damage|p2a: Skarmory|3/100
|move|p2a: Skarmory|Toxic|p1a: Kingdra
|-status|p1a: Kingdra|tox
|
|-weather|Sandstorm|[upkeep]
|-damage|p1a: Kingdra|95/100 tox|[from] Sandstorm
|-heal|p1a: Kingdra|100/100 tox|[from] item: Leftovers
|-damage|p1a: Kingdra|95/100 tox|[from] psn
|-heal|p2a: Skarmory|9/100|[from] item: Leftovers
|upkeep
|turn|20
|
|t:|1728932854
|switch|p1a: Suicune|Suicune|100/100 slp
|move|p2a: Skarmory|Spikes|p1a: Suicune
|-sidestart|p1: BRstelli|Spikes
|
|-weather|Sandstorm|[upkeep]
|-damage|p1a: Suicune|94/100 slp|[from] Sandstorm
|-heal|p1a: Suicune|100/100 slp|[from] item: Leftovers
|-heal|p2a: Skarmory|15/100|[from] item: Leftovers
|upkeep
|turn|21
|
|t:|1728932858
|cant|p1a: Suicune|slp
|move|p1a: Suicune|Sleep Talk|p1a: Suicune
|move|p1a: Suicune|Calm Mind|p1a: Suicune|[from]Sleep Talk
|-boost|p1a: Suicune|spa|1
|-boost|p1a: Suicune|spd|1
|move|p2a: Skarmory|Roar|p1a: Suicune
|drag|p1a: Claydol|Claydol|100/100
|
|-weather|Sandstorm|[upkeep]
|-heal|p2a: Skarmory|21/100|[from] item: Leftovers
|upkeep
|turn|22
|
|t:|1728932867
|switch|p1a: Zapdos|Zapdos|100/100
|switch|p2a: Gengar|Gengar, M|100/100
|
|-weather|Sandstorm|[upkeep]
|-damage|p2a: Gengar|95/100|[from] Sandstorm
|-damage|p1a: Zapdos|94/100|[from] Sandstorm
|-heal|p2a: Gengar|100/100|[from] item: Leftovers
|-heal|p1a: Zapdos|100/100|[from] item: Leftovers
|upkeep
|turn|23
|
|t:|1728932885
|switch|p2a: Flygon|Flygon, F|100/100
|move|p1a: Zapdos|Rain Dance|p1a: Zapdos
|-weather|RainDance
|
|-weather|RainDance|[upkeep]
|upkeep
|turn|24
|
|t:|1728932904
|move|p1a: Zapdos|Hidden Power|p2a: Flygon
|-supereffective|p2a: Flygon
|-damage|p2a: Flygon|0 fnt
|faint|p2a: Flygon
|
|t:|1728932909
|switch|p2a: Tyranitar|Tyranitar, F|100/100
|-weather|Sandstorm|[from] ability: Sand Stream|[of] p2a: Tyranitar
|
|-weather|Sandstorm|[upkeep]
|-damage|p1a: Zapdos|94/100|[from] Sandstorm
|-heal|p1a: Zapdos|100/100|[from] item: Leftovers
|upkeep
|turn|25
|
|t:|1728932925
|switch|p1a: Claydol|Claydol|100/100
|move|p2a: Tyranitar|Rock Slide|p1a: Claydol
|-resisted|p1a: Claydol
|-damage|p1a: Claydol|81/100
|
|-weather|Sandstorm|[upkeep]
|-heal|p1a: Claydol|87/100|[from] item: Leftovers
|upkeep
|turn|26
|
|t:|1728932931
|move|p1a: Claydol|Psychic|p2a: Tyranitar
|-immune|p2a: Tyranitar
|move|p2a: Tyranitar|Toxic|p1a: Claydol|[miss]
|-miss|p2a: Tyranitar|p1a: Claydol
|
|-weather|Sandstorm|[upkeep]
|-heal|p1a: Claydol|93/100|[from] item: Leftovers
|upkeep
|turn|27
|
|t:|1728932936
|switch|p2a: Gengar|Gengar, M|100/100
|move|p1a: Claydol|Earthquake|p2a: Gengar
|-immune|p2a: Gengar
|
|-weather|Sandstorm|[upkeep]
|-damage|p2a: Gengar|95/100|[from] Sandstorm
|-heal|p2a: Gengar|100/100|[from] item: Leftovers
|-heal|p1a: Claydol|99/100|[from] item: Leftovers
|upkeep
|turn|28
|
|t:|1728932942
|switch|p2a: Skarmory|Skarmory, F|21/100
|move|p1a: Claydol|Psychic|p2a: Skarmory
|-resisted|p2a: Skarmory
|-damage|p2a: Skarmory|10/100
|
|-weather|Sandstorm|[upkeep]
|-heal|p1a: Claydol|100/100|[from] item: Leftovers
|-heal|p2a: Skarmory|16/100|[from] item: Leftovers
|upkeep
|turn|29
|
|t:|1728932947
|move|p1a: Claydol|Psychic|p2a: Skarmory
|-resisted|p2a: Skarmory
|-damage|p2a: Skarmory|5/100
|move|p2a: Skarmory|Toxic|p1a: Claydol|[miss]
|-miss|p2a: Skarmory|p1a: Claydol
|
|-weather|Sandstorm|[upkeep]
|-heal|p2a: Skarmory|11/100|[from] item: Leftovers
|upkeep
|turn|30
|c|☆pokology2|no luck hitting toxic this game :)
|
|t:|1728932973
|move|p1a: Claydol|Psychic|p2a: Skarmory
|-resisted|p2a: Skarmory
|-damage|p2a: Skarmory|1/100
|move|p2a: Skarmory|Toxic|p1a: Claydol
|-status|p1a: Claydol|tox
|
|-weather|Sandstorm|[upkeep]
|-damage|p1a: Claydol|94/100 tox|[from] psn
|-heal|p2a: Skarmory|7/100|[from] item: Leftovers
|upkeep
|turn|31
|
|t:|1728932980
|switch|p2a: Tyranitar|Tyranitar, F|100/100
|move|p1a: Claydol|Refresh|p1a: Claydol
|-curestatus|p1a: Claydol|tox|[msg]
|
|-weather|Sandstorm|[upkeep]
|-heal|p1a: Claydol|100/100|[from] item: Leftovers
|upkeep
|turn|32
|
|t:|1728932987
|switch|p2a: Porygon2|Porygon2|22/100
|-ability|p2a: Porygon2|Levitate|[from] ability: Trace|[of] p1a: Claydol
|move|p1a: Claydol|Earthquake|p2a: Porygon2
|-immune|p2a: Porygon2
|
|-weather|Sandstorm|[upkeep]
|-damage|p2a: Porygon2|15/100|[from] Sandstorm
|-heal|p2a: Porygon2|22/100|[from] item: Leftovers
|upkeep
|turn|33
|
|t:|1728932993
|move|p1a: Claydol|Psychic|p2a: Porygon2
|-damage|p2a: Porygon2|1/100
|move|p2a: Porygon2|Recover|p2a: Porygon2
|-heal|p2a: Porygon2|51/100
|
|-weather|Sandstorm|[upkeep]
|-damage|p2a: Porygon2|45/100|[from] Sandstorm
|-heal|p2a: Porygon2|51/100|[from] item: Leftovers
|upkeep
|turn|34
|
|t:|1728933018
|switch|p1a: Snorlax|Snorlax, F|100/100
|-damage|p1a: Snorlax|88/100|[from] Spikes
|switch|p2a: Gengar|Gengar, M|100/100
|
|-weather|Sandstorm|[upkeep]
|-damage|p2a: Gengar|95/100|[from] Sandstorm
|-damage|p1a: Snorlax|82/100|[from] Sandstorm
|-heal|p2a: Gengar|100/100|[from] item: Leftovers
|-heal|p1a: Snorlax|88/100|[from] item: Leftovers
|upkeep
|turn|35
|
|t:|1728933023
|move|p2a: Gengar|Will-O-Wisp|p1a: Snorlax
|-status|p1a: Snorlax|brn
|move|p1a: Snorlax|Curse|p1a: Snorlax
|-unboost|p1a: Snorlax|spe|1
|-boost|p1a: Snorlax|atk|1
|-boost|p1a: Snorlax|def|1
|
|-weather|Sandstorm|[upkeep]
|-damage|p2a: Gengar|95/100|[from] Sandstorm
|-damage|p1a: Snorlax|82/100 brn|[from] Sandstorm
|-heal|p2a: Gengar|100/100|[from] item: Leftovers
|-heal|p1a: Snorlax|88/100 brn|[from] item: Leftovers
|-damage|p1a: Snorlax|76/100 brn|[from] brn
|upkeep
|turn|36
|
|t:|1728933040
|switch|p2a: Tyranitar|Tyranitar, F|100/100
|move|p1a: Snorlax|Shadow Ball|p2a: Tyranitar
|-resisted|p2a: Tyranitar
|-damage|p2a: Tyranitar|94/100
|
|-weather|Sandstorm|[upkeep]
|-damage|p1a: Snorlax|70/100 brn|[from] Sandstorm
|-heal|p2a: Tyranitar|99/100|[from] item: Leftovers
|-heal|p1a: Snorlax|76/100 brn|[from] item: Leftovers
|-damage|p1a: Snorlax|63/100 brn|[from] brn
|upkeep
|turn|37
|
|t:|1728933046
|move|p2a: Tyranitar|Taunt|p1a: Snorlax
|-start|p1a: Snorlax|move: Taunt
|cant|p1a: Snorlax|move: Taunt|Rest
|
|-weather|Sandstorm|[upkeep]
|-damage|p1a: Snorlax|57/100 brn|[from] Sandstorm
|-heal|p2a: Tyranitar|100/100|[from] item: Leftovers
|-heal|p1a: Snorlax|63/100 brn|[from] item: Leftovers
|-damage|p1a: Snorlax|51/100 brn|[from] brn
|upkeep
|turn|38
|
|t:|1728933064
|switch|p1a: Claydol|Claydol|100/100
|move|p2a: Tyranitar|Rock Slide|p1a: Claydol
|-resisted|p1a: Claydol
|-damage|p1a: Claydol|82/100
|
|-weather|Sandstorm|[upkeep]
|-heal|p1a: Claydol|88/100|[from] item: Leftovers
|upkeep
|turn|39
|
|t:|1728933076
|switch|p2a: Skarmory|Skarmory, F|7/100
|move|p1a: Claydol|Psychic|p2a: Skarmory
|-resisted|p2a: Skarmory
|-damage|p2a: Skarmory|0 fnt
|faint|p2a: Skarmory
|
|t:|1728933081
|switch|p2a: Porygon2|Porygon2|51/100
|-ability|p2a: Porygon2|Levitate|[from] ability: Trace|[of] p1a: Claydol
|
|-weather|Sandstorm|[upkeep]
|-damage|p2a: Porygon2|45/100|[from] Sandstorm
|-heal|p1a: Claydol|94/100|[from] item: Leftovers
|-heal|p2a: Porygon2|51/100|[from] item: Leftovers
|upkeep
|turn|40
|
|t:|1728933087
|move|p1a: Claydol|Rapid Spin|p2a: Porygon2
|-damage|p2a: Porygon2|47/100
|-sideend|p1: BRstelli|Spikes|[from] move: Rapid Spin|[of] p1a: Claydol
|move|p2a: Porygon2|Recover|p2a: Porygon2
|-heal|p2a: Porygon2|97/100
|
|-weather|Sandstorm|[upkeep]
|-damage|p2a: Porygon2|91/100|[from] Sandstorm
|-heal|p1a: Claydol|99/100|[from] item: Leftovers
|-heal|p2a: Porygon2|97/100|[from] item: Leftovers
|upkeep
|turn|41
|
|t:|1728933098
|switch|p1a: Snorlax|Snorlax, F|51/100 brn
|move|p2a: Porygon2|Ice Beam|p1a: Snorlax
|-damage|p1a: Snorlax|38/100 brn
|
|-weather|Sandstorm|[upkeep]
|-damage|p2a: Porygon2|91/100|[from] Sandstorm
|-damage|p1a: Snorlax|32/100 brn|[from] Sandstorm
|-heal|p2a: Porygon2|97/100|[from] item: Leftovers
|-heal|p1a: Snorlax|38/100 brn|[from] item: Leftovers
|-damage|p1a: Snorlax|25/100 brn|[from] brn
|upkeep
|turn|42
|
|t:|1728933115
|switch|p2a: Tyranitar|Tyranitar, F|100/100
|move|p1a: Snorlax|Rest|p1a: Snorlax
|-status|p1a: Snorlax|slp|[from] move: Rest
|-heal|p1a: Snorlax|100/100 slp|[silent]
|
|-weather|Sandstorm|[upkeep]
|-damage|p1a: Snorlax|94/100 slp|[from] Sandstorm
|-heal|p1a: Snorlax|100/100 slp|[from] item: Leftovers
|upkeep
|turn|43
|
|t:|1728933120
|switch|p1a: Claydol|Claydol|99/100
|move|p2a: Tyranitar|Rock Slide|p1a: Claydol
|-resisted|p1a: Claydol
|-damage|p1a: Claydol|79/100
|
|-weather|Sandstorm|[upkeep]
|-heal|p1a: Claydol|85/100|[from] item: Leftovers
|upkeep
|turn|44
|
|t:|1728933126
|switch|p2a: Porygon2|Porygon2|97/100
|-ability|p2a: Porygon2|Levitate|[from] ability: Trace|[of] p1a: Claydol
|move|p1a: Claydol|Psychic|p2a: Porygon2
|-damage|p2a: Porygon2|77/100
|
|-weather|Sandstorm|[upkeep]
|-damage|p2a: Porygon2|71/100|[from] Sandstorm
|-heal|p1a: Claydol|92/100|[from] item: Leftovers
|-heal|p2a: Porygon2|77/100|[from] item: Leftovers
|upkeep
|turn|45
|
|t:|1728933139
|switch|p1a: Kingdra|Kingdra, M|95/100 tox
|move|p2a: Porygon2|Thunderbolt|p1a: Kingdra
|-damage|p1a: Kingdra|67/100 tox
|
|-weather|Sandstorm|[upkeep]
|-damage|p1a: Kingdra|61/100 tox|[from] Sandstorm
|-damage|p2a: Porygon2|71/100|[from] Sandstorm
|-heal|p1a: Kingdra|67/100 tox|[from] item: Leftovers
|-damage|p1a: Kingdra|61/100 tox|[from] psn
|-heal|p2a: Porygon2|77/100|[from] item: Leftovers
|upkeep
|turn|46
|
|t:|1728933145
|move|p1a: Kingdra|Rain Dance|p1a: Kingdra
|-weather|RainDance
|move|p2a: Porygon2|Recover|p2a: Porygon2
|-heal|p2a: Porygon2|100/100
|
|-weather|RainDance|[upkeep]
|-heal|p1a: Kingdra|67/100 tox|[from] item: Leftovers
|-damage|p1a: Kingdra|55/100 tox|[from] psn
|upkeep
|turn|47
|
|t:|1728933148
|move|p1a: Kingdra|Surf|p2a: Porygon2
|-damage|p2a: Porygon2|45/100
|move|p2a: Porygon2|Recover|p2a: Porygon2
|-heal|p2a: Porygon2|95/100
|
|-weather|RainDance|[upkeep]
|-heal|p1a: Kingdra|61/100 tox|[from] item: Leftovers
|-damage|p1a: Kingdra|43/100 tox|[from] psn
|-heal|p2a: Porygon2|100/100|[from] item: Leftovers
|upkeep
|turn|48
|
|t:|1728933157
|switch|p1a: Zapdos|Zapdos|100/100
|move|p2a: Porygon2|Recover||[still]
|-fail|p2a: Porygon2|heal
|
|-weather|RainDance|[upkeep]
|upkeep
|turn|49
|
|t:|1728933172
|move|p1a: Zapdos|Thunder|p2a: Porygon2
|-damage|p2a: Porygon2|48/100
|move|p2a: Porygon2|Toxic|p1a: Zapdos
|-status|p1a: Zapdos|tox
|
|-weather|RainDance|[upkeep]
|-damage|p1a: Zapdos|94/100 tox|[from] psn
|-heal|p2a: Porygon2|54/100|[from] item: Leftovers
|upkeep
|turn|50
|
|t:|1728933179
|move|p1a: Zapdos|Baton Pass|p1a: Zapdos
|
|t:|1728933188
|switch|p1a: Snorlax|Snorlax, F|100/100 slp|[from] Baton Pass
|move|p2a: Porygon2|Recover|p2a: Porygon2
|-heal|p2a: Porygon2|100/100
|
|-weather|none
|upkeep
|turn|51
|
|t:|1728933191
|switch|p2a: Tyranitar|Tyranitar, F|100/100
|-weather|Sandstorm|[from] ability: Sand Stream|[of] p2a: Tyranitar
|cant|p1a: Snorlax|slp
|
|-weather|Sandstorm|[upkeep]
|-damage|p1a: Snorlax|94/100 slp|[from] Sandstorm
|-heal|p1a: Snorlax|100/100 slp|[from] item: Leftovers
|upkeep
|turn|52
|
|t:|1728933198
|move|p2a: Tyranitar|Rock Slide|p1a: Snorlax
|-damage|p1a: Snorlax|65/100 slp
|cant|p1a: Snorlax|slp
|
|-weather|Sandstorm|[upkeep]
|-damage|p1a: Snorlax|59/100 slp|[from] Sandstorm
|-heal|p1a: Snorlax|65/100 slp|[from] item: Leftovers
|upkeep
|turn|53
|
|t:|1728933207
|move|p2a: Tyranitar|Rock Slide|p1a: Snorlax
|-damage|p1a: Snorlax|33/100 slp
|-curestatus|p1a: Snorlax|slp|[msg]
|cant|p1a: Snorlax|flinch
|
|-weather|Sandstorm|[upkeep]
|-damage|p1a: Snorlax|27/100|[from] Sandstorm
|-heal|p1a: Snorlax|33/100|[from] item: Leftovers
|upkeep
|turn|54
|
|t:|1728933213
|move|p2a: Tyranitar|Rock Slide|p1a: Snorlax
|-damage|p1a: Snorlax|0 fnt
|faint|p1a: Snorlax
|
|t:|1728933215
|switch|p1a: Dugtrio|Dugtrio, F|100/100
|
|-weather|Sandstorm|[upkeep]
|upkeep
|turn|55
|
|t:|1728933219
|move|p1a: Dugtrio|Earthquake|p2a: Tyranitar
|-supereffective|p2a: Tyranitar
|-damage|p2a: Tyranitar|13/100
|move|p2a: Tyranitar|Earthquake|p1a: Dugtrio
|-damage|p1a: Dugtrio|18/100
|
|-weather|Sandstorm|[upkeep]
|-heal|p2a: Tyranitar|20/100|[from] item: Leftovers
|upkeep
|turn|56
|
|t:|1728933224
|move|p1a: Dugtrio|Earthquake|p2a: Tyranitar
|-supereffective|p2a: Tyranitar
|-damage|p2a: Tyranitar|0 fnt
|faint|p2a: Tyranitar
|
|t:|1728933228
|switch|p2a: Gengar|Gengar, M|100/100
|
|-weather|Sandstorm|[upkeep]
|-damage|p2a: Gengar|95/100|[from] Sandstorm
|-heal|p2a: Gengar|100/100|[from] item: Leftovers
|upkeep
|turn|57
|
|t:|1728933238
|switch|p1a: Claydol|Claydol|92/100
|move|p2a: Gengar|Ice Punch|p1a: Claydol
|-supereffective|p1a: Claydol
|-damage|p1a: Claydol|42/100
|-status|p1a: Claydol|frz
|
|-weather|Sandstorm|[upkeep]
|-damage|p2a: Gengar|95/100|[from] Sandstorm
|-heal|p2a: Gengar|100/100|[from] item: Leftovers
|-heal|p1a: Claydol|48/100 frz|[from] item: Leftovers
|upkeep
|turn|58
|
|t:|1728933245
|move|p2a: Gengar|Ice Punch|p1a: Claydol
|-supereffective|p1a: Claydol
|-damage|p1a: Claydol|0 fnt
|faint|p1a: Claydol
|
|t:|1728933250
|switch|p1a: Zapdos|Zapdos|94/100 tox
|
|-weather|Sandstorm|[upkeep]
|-damage|p2a: Gengar|95/100|[from] Sandstorm
|-damage|p1a: Zapdos|88/100 tox|[from] Sandstorm
|-heal|p2a: Gengar|100/100|[from] item: Leftovers
|-heal|p1a: Zapdos|94/100 tox|[from] item: Leftovers
|-damage|p1a: Zapdos|88/100 tox|[from] psn
|upkeep
|turn|59
|
|t:|1728933277
|move|p2a: Gengar|Ice Punch|p1a: Zapdos
|-supereffective|p1a: Zapdos
|-damage|p1a: Zapdos|31/100 tox
|move|p1a: Zapdos|Rain Dance|p1a: Zapdos
|-weather|RainDance
|
|-weather|RainDance|[upkeep]
|-heal|p1a: Zapdos|37/100 tox|[from] item: Leftovers
|-damage|p1a: Zapdos|25/100 tox|[from] psn
|upkeep
|turn|60
|inactive|pokology2 has 270 seconds left.
|
|t:|1728933296
|move|p2a: Gengar|Thunderbolt|p1a: Zapdos
|-damage|p1a: Zapdos|0 fnt
|faint|p1a: Zapdos
|
|t:|1728933300
|switch|p1a: Kingdra|Kingdra, M|43/100 tox
|
|-weather|RainDance|[upkeep]
|-heal|p1a: Kingdra|49/100 tox|[from] item: Leftovers
|-damage|p1a: Kingdra|43/100 tox|[from] psn
|upkeep
|turn|61
|
|t:|1728933306
|move|p1a: Kingdra|Surf|p2a: Gengar
|-damage|p2a: Gengar|0 fnt
|faint|p2a: Gengar
|
|t:|1728933310
|switch|p2a: Porygon2|Porygon2|100/100
|-ability|p2a: Porygon2|Swift Swim|[from] ability: Trace|[of] p1a: Kingdra
|
|-weather|RainDance|[upkeep]
|-heal|p1a: Kingdra|49/100 tox|[from] item: Leftovers
|-damage|p1a: Kingdra|37/100 tox|[from] psn
|upkeep
|turn|62
|
|t:|1728933320
|move|p1a: Kingdra|Surf|p2a: Porygon2
|-crit|p2a: Porygon2
|-damage|p2a: Porygon2|0 fnt
|faint|p2a: Porygon2
|
|win|BRstelli
|c|☆BRstelli|gg
|c|☆pokology2|gg :)
|player|p1|

</script>
<script type="application/json" class="data" id="replaydata-smogtours-gen3ou-798705">
{"id":"smogtours-gen3ou-798705","format":"[Gen 3] OU","players":["BRstelli","pokology2"],"uploadtime":1728933320,"views":115,"formatid":"gen3ou","rating":null,"private":0,"password":null}
</script>

<script defer src="js/replays.js?9d40a366"></script>
