<!DOCTYPE html>
<meta charset="utf-8" />
<meta name="viewport" content="width=device-width" />

<title>[Gen 3] OU: dustyfans vs. KeshBa45 - Replays - Pok&eacute;mon Showdown!</title>

<meta name="description" content="Watch a replay of a Pok&eacute;mon battle between dustyfans and KeshBa45! Format: [Gen 3] OU; Date: Oct 22, 2024" />
<!--

Hey, you! Looking in the source for the replay log?

You can find them in JSON format, just add `.json` at the end of a replay URL.

https://replay.pokemonshowdown.com/gen7randomdoublesbattle-865046831.json

Or, if you only need the log itself, add `.log` instead:

https://replay.pokemonshowdown.com/gen7randomdoublesbattle-865046831.log

-->

<link rel="stylesheet" href="//pokemonshowdown.com/style/global.css?0.023195364461161105" />
<link rel="stylesheet" href="//play.pokemonshowdown.com/style/font-awesome.css?0.13261647063804238" />
<link rel="stylesheet" href="//play.pokemonshowdown.com/style/battle.css?0.8753245789963631" />
<link rel="stylesheet" href="//play.pokemonshowdown.com/style/utilichart.css?0.8627959624976733" />

<!-- Global site tag (gtag.js) - Google Analytics -->
<script async src="https://www.googletagmanager.com/gtag/js?id=UA-26211653-1"></script>
<script>
  window.dataLayer = window.dataLayer || [];
  function gtag(){dataLayer.push(arguments);}
  gtag('js', new Date());

  gtag('config', 'UA-26211653-1');
</script>
<!-- End Google Analytics -->
<!-- Venatus Ad Manager - Install in <HEAD> of page -->
	<script src="https://hb.vntsm.com/v3/live/ad-manager.min.js" type="text/javascript" data-site-id="642aba63ec9a7b11c3c9c1be" data-mode="scan" async></script>
<!-- / Venatus Ad Manager -->

<style>
	@media (max-width:820px) {
		.battle {
			margin: 0 auto;
		}
		.battle-log {
			margin: 7px auto 0;
			max-width: 640px;
			height: 300px;
			position: static;
		}
	}
	.optgroup {
		display: inline-block;
		line-height: 22px;
		font-size: 10pt;
	}
	.optgroup .button {
		height: 25px;
		padding-top: 0;
		padding-bottom: 0;
	}
	.optgroup button.button {
		padding-left: 12px;
		padding-right: 12px;
	}
	.linklist {
		list-style: none;
		margin: 0.5em 0;
		padding: 0;
	}
	.linklist li {
		padding: 2px 0;
	}
	.sidebar {
		float: left;
		width: 320px;
	}
	.bar-wrapper {
		max-width: 1100px;
		margin: 0 auto;
	}
	.bar-wrapper.has-sidebar {
		max-width: 1430px;
	}
	.mainbar {
		margin: 0;
		padding-right: 1px;
	}
	.mainbar.has-sidebar {
		margin-left: 330px;
	}
	@media (min-width: 1511px) {
		.sidebar {
			width: 400px;
		}
		.bar-wrapper.has-sidebar {
			max-width: 1510px;
		}
		.mainbar.has-sidebar {
			margin-left: 410px;
		}
	}
	.section.first-section {
		margin-top: 9px;
	}
	.blocklink small {
		white-space: normal;
	}
	.button {
		vertical-align: middle;
	}
	.replay-controls {
		padding-top: 10px;
	}
	.replay-controls h1 {
		font-size: 16pt;
		font-weight: normal;
		color: #CCC;
	}
	.pagelink {
		text-align: center;
	}
	.pagelink a {
		width: 150px;
	}
	.textbox, .button {
		font-size: 11pt;
		vertical-align: middle;
	}
	@media (max-width: 450px) {
		.button {
			font-size: 9pt;
		}
	}
</style>

<div>

	<header>
		<div class="nav-wrapper"><ul class="nav">
			<li><a class="button nav-first" href="//pokemonshowdown.com/"><img src="//pokemonshowdown.com/images/pokemonshowdownbeta.png" srcset="//pokemonshowdown.com/images/pokemonshowdownbeta.png 1x, //pokemonshowdown.com/images/pokemonshowdownbeta@2x.png 2x" alt="Pok&eacute;mon Showdown" width="146" height="44" /> Home</a></li>
			<li><a class="button" href="//pokemonshowdown.com/dex/">Pok&eacute;dex</a></li>
			<li><a class="button cur" href="/">Replays</a></li>
			<li><a class="button" href="//pokemonshowdown.com/ladder/">Ladder</a></li>
			<li><a class="button nav-last" href="//pokemonshowdown.com/forums/">Forum</a></li>
			<li><a class="button greenbutton nav-first nav-last" href="//play.pokemonshowdown.com/">Play</a></li>
		</ul></div>
	</header>

	<div class="main" id="main">

		<noscript><section class="section">You need to enable JavaScript to use this page; sorry!</section></noscript>

	</div>

</div>

<script defer nomodule src="//play.pokemonshowdown.com/js/lib/ps-polyfill.js"></script>
<script defer src="//play.pokemonshowdown.com/js/lib/preact.min.js"></script>

<script defer src="//play.pokemonshowdown.com/config/config.js?2bddbc15"></script>
<script defer src="//play.pokemonshowdown.com/js/lib/jquery-1.11.0.min.js"></script>
<script defer src="//play.pokemonshowdown.com/js/lib/html-sanitizer-minified.js"></script>
<script defer src="//play.pokemonshowdown.com/js/battle-sound.js"></script>
<script defer src="//play.pokemonshowdown.com/js/battledata.js?0.7209276989879541"></script>
<script defer src="//play.pokemonshowdown.com/data/pokedex-mini.js?0.6111056340867951"></script>
<script defer src="//play.pokemonshowdown.com/data/pokedex-mini-bw.js?0.3532142036491459"></script>
<script defer src="//play.pokemonshowdown.com/data/graphics.js?0.24223875632456182"></script>
<script defer src="//play.pokemonshowdown.com/data/pokedex.js?0.38839984266356864"></script>
<script defer src="//play.pokemonshowdown.com/data/moves.js?0.21866028504024015"></script>
<script defer src="//play.pokemonshowdown.com/data/abilities.js?0.2005157953846628"></script>
<script defer src="//play.pokemonshowdown.com/data/items.js?0.9894211263848525"></script>
<script defer src="//play.pokemonshowdown.com/data/teambuilder-tables.js?0.6008791140282215"></script>
<script defer src="//play.pokemonshowdown.com/js/battle-tooltips.js?0.7580118955022959"></script>
<script defer src="//play.pokemonshowdown.com/js/battle.js?0.6057722274234274"></script>

<script defer src="js/utils.js?e31f9a17"></script>
<script defer src="js/replays-battle.js?7008c182"></script>

<!-- don't scrape this data! just add .json or .log after the URL!
Full API docs: https://github.com/smogon/pokemon-showdown-client/blob/master/WEB-API.md -->
<script type="text/plain" class="log" id="replaylog-gen3ou-2228681264-97yc8ynjupo2ho5zc47qgqrhufxei9dpw">
|j|☆dustyfans
|j|☆KeshBa45
|t:|1729627629
|gametype|singles
|player|p1|dustyfans|blackbelt-gen4dp|
|player|p2|KeshBa45|#wcop2024africa|
|teamsize|p1|6
|teamsize|p2|6
|gen|3
|tier|[Gen 3] OU
|rule|Sleep Clause Mod: Limit one foe put to sleep
|rule|Switch Priority Clause Mod: Faster Pokémon switch first
|rule|Species Clause: Limit one of each Pokémon
|rule|OHKO Clause: OHKO moves are banned
|rule|Evasion Items Clause: Evasion items are banned
|rule|Evasion Moves Clause: Evasion moves are banned
|rule|Endless Battle Clause: Forcing endless battles is banned
|rule|HP Percentage Mod: HP is shown in percentages
|rule|One Boost Passer Clause: Limit one Baton Passer that has a way to boost its stats
|rule|Freeze Clause Mod: Limit one foe frozen
|
|t:|1729627629
|start
|switch|p1a: Celebi|Celebi|100/100
|switch|p2a: Zapdos|Zapdos|100/100
|turn|1
|c|☆KeshBa45|Hf
|c|☆dustyfans|glhf
|
|t:|1729627684
|move|p2a: Zapdos|Baton Pass|p2a: Zapdos
|
|t:|1729627689
|switch|p2a: Tyranitar|Tyranitar, F|100/100|[from] Baton Pass
|-weather|Sandstorm|[from] ability: Sand Stream|[of] p2a: Tyranitar
|move|p1a: Celebi|Swords Dance|p1a: Celebi
|-boost|p1a: Celebi|atk|2
|
|-weather|Sandstorm|[upkeep]
|-damage|p1a: Celebi|94/100|[from] Sandstorm
|-heal|p1a: Celebi|100/100|[from] item: Leftovers
|upkeep
|turn|2
|
|t:|1729627750
|move|p1a: Celebi|Hidden Power|p2a: Tyranitar
|-supereffective|p2a: Tyranitar
|-damage|p2a: Tyranitar|0 fnt
|faint|p2a: Tyranitar
|
|t:|1729627753
|switch|p2a: Dugtrio|Dugtrio, M|100/100
|
|-weather|Sandstorm|[upkeep]
|-damage|p1a: Celebi|94/100|[from] Sandstorm
|-heal|p1a: Celebi|100/100|[from] item: Leftovers
|upkeep
|turn|3
|
|t:|1729627765
|move|p2a: Dugtrio|Hidden Power|p1a: Celebi
|-supereffective|p1a: Celebi
|-damage|p1a: Celebi|32/100
|move|p1a: Celebi|Baton Pass|p1a: Celebi
|
|t:|1729627771
|switch|p1a: Aerodactyl|Aerodactyl, M|100/100|[from] Baton Pass
|
|-weather|Sandstorm|[upkeep]
|upkeep
|turn|4
|
|t:|1729627815
|switch|p2a: Celebi|Celebi|100/100
|move|p1a: Aerodactyl|Substitute|p1a: Aerodactyl
|-start|p1a: Aerodactyl|Substitute
|-damage|p1a: Aerodactyl|75/100
|
|-weather|Sandstorm|[upkeep]
|-damage|p2a: Celebi|94/100|[from] Sandstorm
|-heal|p2a: Celebi|100/100|[from] item: Leftovers
|upkeep
|turn|5
|
|t:|1729627835
|move|p1a: Aerodactyl|Double-Edge|p2a: Celebi
|-damage|p2a: Celebi|40/100
|move|p2a: Celebi|Psychic|p1a: Aerodactyl
|-end|p1a: Aerodactyl|Substitute
|
|-weather|Sandstorm|[upkeep]
|-damage|p2a: Celebi|33/100|[from] Sandstorm
|-heal|p2a: Celebi|40/100|[from] item: Leftovers
|upkeep
|turn|6
|
|t:|1729627841
|move|p1a: Aerodactyl|Substitute|p1a: Aerodactyl
|-start|p1a: Aerodactyl|Substitute
|-damage|p1a: Aerodactyl|50/100
|move|p2a: Celebi|Psychic|p1a: Aerodactyl
|-end|p1a: Aerodactyl|Substitute
|
|-weather|Sandstorm|[upkeep]
|-damage|p2a: Celebi|33/100|[from] Sandstorm
|-heal|p2a: Celebi|40/100|[from] item: Leftovers
|upkeep
|turn|7
|
|t:|1729627846
|move|p1a: Aerodactyl|Double-Edge|p2a: Celebi
|-damage|p2a: Celebi|0 fnt
|faint|p2a: Celebi
|
|t:|1729627849
|switch|p2a: Swampert|Swampert, F|100/100
|
|-weather|Sandstorm|[upkeep]
|upkeep
|turn|8
|
|t:|1729627854
|move|p1a: Aerodactyl|Substitute|p1a: Aerodactyl
|-start|p1a: Aerodactyl|Substitute
|-damage|p1a: Aerodactyl|25/100
|move|p2a: Swampert|Ice Beam|p1a: Aerodactyl
|-supereffective|p1a: Aerodactyl
|-end|p1a: Aerodactyl|Substitute
|
|-weather|Sandstorm|[upkeep]
|-enditem|p1a: Aerodactyl|Liechi Berry|[eat]
|-boost|p1a: Aerodactyl|atk|1|[from] item: Liechi Berry
|upkeep
|turn|9
|
|t:|1729627881
|move|p1a: Aerodactyl|Double-Edge|p2a: Swampert
|-damage|p2a: Swampert|38/100
|move|p2a: Swampert|Ice Beam|p1a: Aerodactyl
|-supereffective|p1a: Aerodactyl
|-damage|p1a: Aerodactyl|0 fnt
|faint|p1a: Aerodactyl
|
|t:|1729627967
|switch|p1a: Cradily|Cradily, F|100/100
|
|-weather|Sandstorm|[upkeep]
|-heal|p2a: Swampert|45/100|[from] item: Leftovers
|upkeep
|turn|10
|
|t:|1729627985
|move|p2a: Swampert|Protect|p2a: Swampert
|-singleturn|p2a: Swampert|Protect
|move|p1a: Cradily|Giga Drain|p2a: Swampert
|-activate|p2a: Swampert|Protect
|
|-weather|Sandstorm|[upkeep]
|-heal|p2a: Swampert|51/100|[from] item: Leftovers
|upkeep
|turn|11
|
|t:|1729627992
|switch|p2a: Zapdos|Zapdos|100/100
|move|p1a: Cradily|Giga Drain|p2a: Zapdos
|-resisted|p2a: Zapdos
|-damage|p2a: Zapdos|91/100
|
|-weather|Sandstorm|[upkeep]
|-damage|p2a: Zapdos|84/100|[from] Sandstorm
|-heal|p2a: Zapdos|91/100|[from] item: Leftovers
|upkeep
|turn|12
|
|t:|1729628012
|move|p2a: Zapdos|Thunder Wave|p1a: Cradily
|-status|p1a: Cradily|par
|move|p1a: Cradily|Toxic|p2a: Zapdos
|-status|p2a: Zapdos|tox
|
|-weather|Sandstorm|[upkeep]
|-damage|p2a: Zapdos|84/100 tox|[from] Sandstorm
|-heal|p2a: Zapdos|91/100 tox|[from] item: Leftovers
|-damage|p2a: Zapdos|84/100 tox|[from] psn
|upkeep
|turn|13
|
|t:|1729628133
|move|p2a: Zapdos|Thunderbolt|p1a: Cradily
|-resisted|p1a: Cradily
|-damage|p1a: Cradily|79/100 par
|move|p1a: Cradily|Giga Drain|p2a: Zapdos
|-resisted|p2a: Zapdos
|-damage|p2a: Zapdos|74/100 tox
|-heal|p1a: Cradily|83/100 par|[from] drain|[of] p2a: Zapdos
|
|-weather|Sandstorm|[upkeep]
|-damage|p2a: Zapdos|68/100 tox|[from] Sandstorm
|-heal|p2a: Zapdos|74/100 tox|[from] item: Leftovers
|-damage|p2a: Zapdos|61/100 tox|[from] psn
|-heal|p1a: Cradily|90/100 par|[from] item: Leftovers
|upkeep
|turn|14
|
|t:|1729628145
|move|p2a: Zapdos|Hidden Power|p1a: Cradily
|-damage|p1a: Cradily|68/100 par
|cant|p1a: Cradily|par
|
|-weather|Sandstorm|[upkeep]
|-damage|p2a: Zapdos|55/100 tox|[from] Sandstorm
|-heal|p2a: Zapdos|61/100 tox|[from] item: Leftovers
|-damage|p2a: Zapdos|43/100 tox|[from] psn
|-heal|p1a: Cradily|74/100 par|[from] item: Leftovers
|upkeep
|turn|15
|
|t:|1729628160
|move|p2a: Zapdos|Hidden Power|p1a: Cradily
|-damage|p1a: Cradily|52/100 par
|move|p1a: Cradily|Toxic|p2a: Zapdos
|-fail|p2a: Zapdos|tox
|
|-weather|Sandstorm|[upkeep]
|-damage|p2a: Zapdos|37/100 tox|[from] Sandstorm
|-heal|p2a: Zapdos|43/100 tox|[from] item: Leftovers
|-damage|p2a: Zapdos|18/100 tox|[from] psn
|-heal|p1a: Cradily|58/100 par|[from] item: Leftovers
|upkeep
|turn|16
|
|t:|1729628236
|switch|p1a: Celebi|Celebi|32/100
|move|p2a: Zapdos|Hidden Power|p1a: Celebi
|-resisted|p1a: Celebi
|-damage|p1a: Celebi|21/100
|
|-weather|Sandstorm|[upkeep]
|-damage|p2a: Zapdos|12/100 tox|[from] Sandstorm
|-damage|p1a: Celebi|15/100|[from] Sandstorm
|-heal|p2a: Zapdos|18/100 tox|[from] item: Leftovers
|-damage|p2a: Zapdos|0 fnt|[from] psn
|faint|p2a: Zapdos
|-heal|p1a: Celebi|21/100|[from] item: Leftovers
|upkeep
|
|t:|1729628240
|switch|p2a: Starmie|Starmie|100/100
|turn|17
|
|t:|1729628277
|move|p2a: Starmie|Ice Beam|p1a: Celebi
|-supereffective|p1a: Celebi
|-damage|p1a: Celebi|0 fnt
|faint|p1a: Celebi
|
|t:|1729628282
|switch|p1a: Snorlax|Snorlax, F|100/100
|
|-weather|Sandstorm|[upkeep]
|-damage|p2a: Starmie|94/100|[from] Sandstorm
|-damage|p1a: Snorlax|94/100|[from] Sandstorm
|-heal|p2a: Starmie|100/100|[from] item: Leftovers
|-heal|p1a: Snorlax|100/100|[from] item: Leftovers
|upkeep
|turn|18
|
|t:|1729628291
|switch|p2a: Dugtrio|Dugtrio, M|100/100
|move|p1a: Snorlax|Curse|p1a: Snorlax
|-unboost|p1a: Snorlax|spe|1
|-boost|p1a: Snorlax|atk|1
|-boost|p1a: Snorlax|def|1
|
|-weather|Sandstorm|[upkeep]
|-damage|p1a: Snorlax|94/100|[from] Sandstorm
|-heal|p1a: Snorlax|100/100|[from] item: Leftovers
|upkeep
|turn|19
|
|t:|1729628296
|move|p2a: Dugtrio|Earthquake|p1a: Snorlax
|-damage|p1a: Snorlax|72/100
|move|p1a: Snorlax|Body Slam|p2a: Dugtrio
|-damage|p2a: Dugtrio|0 fnt
|faint|p2a: Dugtrio
|
|t:|1729628298
|switch|p2a: Swampert|Swampert, F|51/100
|
|-weather|Sandstorm|[upkeep]
|-damage|p1a: Snorlax|66/100|[from] Sandstorm
|-heal|p2a: Swampert|57/100|[from] item: Leftovers
|-heal|p1a: Snorlax|72/100|[from] item: Leftovers
|upkeep
|turn|20
|
|t:|1729628307
|move|p2a: Swampert|Earthquake|p1a: Snorlax
|-damage|p1a: Snorlax|53/100
|move|p1a: Snorlax|Curse|p1a: Snorlax
|-unboost|p1a: Snorlax|spe|1
|-boost|p1a: Snorlax|atk|1
|-boost|p1a: Snorlax|def|1
|
|-weather|Sandstorm|[upkeep]
|-damage|p1a: Snorlax|46/100|[from] Sandstorm
|-heal|p2a: Swampert|63/100|[from] item: Leftovers
|-heal|p1a: Snorlax|53/100|[from] item: Leftovers
|upkeep
|turn|21
|
|t:|1729628325
|move|p2a: Swampert|Protect|p2a: Swampert
|-singleturn|p2a: Swampert|Protect
|move|p1a: Snorlax|Rest|p1a: Snorlax
|-status|p1a: Snorlax|slp|[from] move: Rest
|-heal|p1a: Snorlax|100/100 slp|[silent]
|
|-weather|Sandstorm|[upkeep]
|-damage|p1a: Snorlax|94/100 slp|[from] Sandstorm
|-heal|p2a: Swampert|69/100|[from] item: Leftovers
|-heal|p1a: Snorlax|100/100 slp|[from] item: Leftovers
|upkeep
|turn|22
|
|t:|1729628335
|move|p2a: Swampert|Hydro Pump|p1a: Snorlax
|-damage|p1a: Snorlax|80/100 slp
|cant|p1a: Snorlax|slp
|move|p1a: Snorlax|Sleep Talk|p1a: Snorlax
|move|p1a: Snorlax|Rest|p1a: Snorlax|[from]Sleep Talk
|
|-weather|Sandstorm|[upkeep]
|-damage|p1a: Snorlax|74/100 slp|[from] Sandstorm
|-heal|p2a: Swampert|75/100|[from] item: Leftovers
|-heal|p1a: Snorlax|80/100 slp|[from] item: Leftovers
|upkeep
|turn|23
|
|t:|1729628346
|move|p2a: Swampert|Earthquake|p1a: Snorlax
|-damage|p1a: Snorlax|65/100 slp
|cant|p1a: Snorlax|slp
|move|p1a: Snorlax|Sleep Talk|p1a: Snorlax
|move|p1a: Snorlax|Body Slam|p2a: Swampert|[from]Sleep Talk
|-damage|p2a: Swampert|28/100
|
|-weather|Sandstorm|[upkeep]
|-damage|p1a: Snorlax|59/100 slp|[from] Sandstorm
|-heal|p2a: Swampert|34/100|[from] item: Leftovers
|-heal|p1a: Snorlax|65/100 slp|[from] item: Leftovers
|upkeep
|turn|24
|
|t:|1729628356
|move|p2a: Swampert|Earthquake|p1a: Snorlax
|-damage|p1a: Snorlax|50/100 slp
|-curestatus|p1a: Snorlax|slp|[msg]
|move|p1a: Snorlax|Rest|p1a: Snorlax
|-status|p1a: Snorlax|slp|[from] move: Rest
|-heal|p1a: Snorlax|100/100 slp|[silent]
|
|-weather|Sandstorm|[upkeep]
|-damage|p1a: Snorlax|94/100 slp|[from] Sandstorm
|-heal|p2a: Swampert|40/100|[from] item: Leftovers
|-heal|p1a: Snorlax|100/100 slp|[from] item: Leftovers
|upkeep
|turn|25
|
|t:|1729628364
|move|p2a: Swampert|Earthquake|p1a: Snorlax
|-damage|p1a: Snorlax|85/100 slp
|cant|p1a: Snorlax|slp
|move|p1a: Snorlax|Sleep Talk|p1a: Snorlax
|move|p1a: Snorlax|Rest|p1a: Snorlax|[from]Sleep Talk
|
|-weather|Sandstorm|[upkeep]
|-damage|p1a: Snorlax|79/100 slp|[from] Sandstorm
|-heal|p2a: Swampert|47/100|[from] item: Leftovers
|-heal|p1a: Snorlax|85/100 slp|[from] item: Leftovers
|upkeep
|turn|26
|
|t:|1729628372
|move|p2a: Swampert|Earthquake|p1a: Snorlax
|-damage|p1a: Snorlax|69/100 slp
|cant|p1a: Snorlax|slp
|move|p1a: Snorlax|Sleep Talk|p1a: Snorlax
|move|p1a: Snorlax|Body Slam|p2a: Swampert|[from]Sleep Talk
|-damage|p2a: Swampert|0 fnt
|faint|p2a: Swampert
|-message|KeshBa45 forfeited.
|
|win|dustyfans
|l|☆KeshBa45
|player|p2|
|c|☆dustyfans|gg

</script>
<script type="application/json" class="data" id="replaydata-gen3ou-2228681264-97yc8ynjupo2ho5zc47qgqrhufxei9dpw">
{"id":"gen3ou-2228681264","format":"[Gen 3] OU","players":["dustyfans","KeshBa45"],"uploadtime":1729628387,"views":74,"formatid":"gen3ou","rating":null,"private":1,"password":"97yc8ynjupo2ho5zc47qgqrhufxei9d"}
</script>

<script defer src="js/replays.js?9d40a366"></script>
