<!DOCTYPE html>
<meta charset="utf-8" />
<meta name="viewport" content="width=device-width" />

<title>[Gen 3] OU: Justblamehax vs. Attalyn - Replays - Pok&eacute;mon Showdown!</title>

<meta name="description" content="Watch a replay of a Pok&eacute;mon battle between Justblamehax and Attalyn! Format: [Gen 3] OU; Date: Oct 9, 2024" />
<!--

Hey, you! Looking in the source for the replay log?

You can find them in JSON format, just add `.json` at the end of a replay URL.

https://replay.pokemonshowdown.com/gen7randomdoublesbattle-865046831.json

Or, if you only need the log itself, add `.log` instead:

https://replay.pokemonshowdown.com/gen7randomdoublesbattle-865046831.log

-->

<link rel="stylesheet" href="//pokemonshowdown.com/style/global.css?0.023195364461161105" />
<link rel="stylesheet" href="//play.pokemonshowdown.com/style/font-awesome.css?0.13261647063804238" />
<link rel="stylesheet" href="//play.pokemonshowdown.com/style/battle.css?0.8753245789963631" />
<link rel="stylesheet" href="//play.pokemonshowdown.com/style/utilichart.css?0.8627959624976733" />

<!-- Global site tag (gtag.js) - Google Analytics -->
<script async src="https://www.googletagmanager.com/gtag/js?id=UA-26211653-1"></script>
<script>
  window.dataLayer = window.dataLayer || [];
  function gtag(){dataLayer.push(arguments);}
  gtag('js', new Date());

  gtag('config', 'UA-26211653-1');
</script>
<!-- End Google Analytics -->
<!-- Venatus Ad Manager - Install in <HEAD> of page -->
	<script src="https://hb.vntsm.com/v3/live/ad-manager.min.js" type="text/javascript" data-site-id="642aba63ec9a7b11c3c9c1be" data-mode="scan" async></script>
<!-- / Venatus Ad Manager -->

<style>
	@media (max-width:820px) {
		.battle {
			margin: 0 auto;
		}
		.battle-log {
			margin: 7px auto 0;
			max-width: 640px;
			height: 300px;
			position: static;
		}
	}
	.optgroup {
		display: inline-block;
		line-height: 22px;
		font-size: 10pt;
	}
	.optgroup .button {
		height: 25px;
		padding-top: 0;
		padding-bottom: 0;
	}
	.optgroup button.button {
		padding-left: 12px;
		padding-right: 12px;
	}
	.linklist {
		list-style: none;
		margin: 0.5em 0;
		padding: 0;
	}
	.linklist li {
		padding: 2px 0;
	}
	.sidebar {
		float: left;
		width: 320px;
	}
	.bar-wrapper {
		max-width: 1100px;
		margin: 0 auto;
	}
	.bar-wrapper.has-sidebar {
		max-width: 1430px;
	}
	.mainbar {
		margin: 0;
		padding-right: 1px;
	}
	.mainbar.has-sidebar {
		margin-left: 330px;
	}
	@media (min-width: 1511px) {
		.sidebar {
			width: 400px;
		}
		.bar-wrapper.has-sidebar {
			max-width: 1510px;
		}
		.mainbar.has-sidebar {
			margin-left: 410px;
		}
	}
	.section.first-section {
		margin-top: 9px;
	}
	.blocklink small {
		white-space: normal;
	}
	.button {
		vertical-align: middle;
	}
	.replay-controls {
		padding-top: 10px;
	}
	.replay-controls h1 {
		font-size: 16pt;
		font-weight: normal;
		color: #CCC;
	}
	.pagelink {
		text-align: center;
	}
	.pagelink a {
		width: 150px;
	}
	.textbox, .button {
		font-size: 11pt;
		vertical-align: middle;
	}
	@media (max-width: 450px) {
		.button {
			font-size: 9pt;
		}
	}
</style>

<div>

	<header>
		<div class="nav-wrapper"><ul class="nav">
			<li><a class="button nav-first" href="//pokemonshowdown.com/"><img src="//pokemonshowdown.com/images/pokemonshowdownbeta.png" srcset="//pokemonshowdown.com/images/pokemonshowdownbeta.png 1x, //pokemonshowdown.com/images/pokemonshowdownbeta@2x.png 2x" alt="Pok&eacute;mon Showdown" width="146" height="44" /> Home</a></li>
			<li><a class="button" href="//pokemonshowdown.com/dex/">Pok&eacute;dex</a></li>
			<li><a class="button cur" href="/">Replays</a></li>
			<li><a class="button" href="//pokemonshowdown.com/ladder/">Ladder</a></li>
			<li><a class="button nav-last" href="//pokemonshowdown.com/forums/">Forum</a></li>
			<li><a class="button greenbutton nav-first nav-last" href="//play.pokemonshowdown.com/">Play</a></li>
		</ul></div>
	</header>

	<div class="main" id="main">

		<noscript><section class="section">You need to enable JavaScript to use this page; sorry!</section></noscript>

	</div>

</div>

<script defer nomodule src="//play.pokemonshowdown.com/js/lib/ps-polyfill.js"></script>
<script defer src="//play.pokemonshowdown.com/js/lib/preact.min.js"></script>

<script defer src="//play.pokemonshowdown.com/config/config.js?2bddbc15"></script>
<script defer src="//play.pokemonshowdown.com/js/lib/jquery-1.11.0.min.js"></script>
<script defer src="//play.pokemonshowdown.com/js/lib/html-sanitizer-minified.js"></script>
<script defer src="//play.pokemonshowdown.com/js/battle-sound.js"></script>
<script defer src="//play.pokemonshowdown.com/js/battledata.js?0.7209276989879541"></script>
<script defer src="//play.pokemonshowdown.com/data/pokedex-mini.js?0.6111056340867951"></script>
<script defer src="//play.pokemonshowdown.com/data/pokedex-mini-bw.js?0.3532142036491459"></script>
<script defer src="//play.pokemonshowdown.com/data/graphics.js?0.24223875632456182"></script>
<script defer src="//play.pokemonshowdown.com/data/pokedex.js?0.38839984266356864"></script>
<script defer src="//play.pokemonshowdown.com/data/moves.js?0.21866028504024015"></script>
<script defer src="//play.pokemonshowdown.com/data/abilities.js?0.2005157953846628"></script>
<script defer src="//play.pokemonshowdown.com/data/items.js?0.9894211263848525"></script>
<script defer src="//play.pokemonshowdown.com/data/teambuilder-tables.js?0.6008791140282215"></script>
<script defer src="//play.pokemonshowdown.com/js/battle-tooltips.js?0.7580118955022959"></script>
<script defer src="//play.pokemonshowdown.com/js/battle.js?0.6057722274234274"></script>

<script defer src="js/utils.js?e31f9a17"></script>
<script defer src="js/replays-battle.js?7008c182"></script>

<!-- don't scrape this data! just add .json or .log after the URL!
Full API docs: https://github.com/smogon/pokemon-showdown-client/blob/master/WEB-API.md -->
<script type="text/plain" class="log" id="replaylog-smogtours-gen3ou-796784">
|inactive|Battle timer is ON: inactive players will automatically lose when time's up.
|t:|1728511908
|gametype|singles
|player|p1|Justblamehax|265|
|player|p2|Attalyn|101|
|teamsize|p1|6
|teamsize|p2|6
|gen|3
|tier|[Gen 3] OU
|rule|Sleep Clause Mod: Limit one foe put to sleep
|rule|Switch Priority Clause Mod: Faster Pokémon switch first
|rule|Species Clause: Limit one of each Pokémon
|rule|OHKO Clause: OHKO moves are banned
|rule|Evasion Items Clause: Evasion items are banned
|rule|Evasion Moves Clause: Evasion moves are banned
|rule|Endless Battle Clause: Forcing endless battles is banned
|rule|HP Percentage Mod: HP is shown in percentages
|rule|One Boost Passer Clause: Limit one Baton Passer that has a way to boost its stats
|rule|Freeze Clause Mod: Limit one foe frozen
|
|t:|1728511908
|start
|switch|p1a: Slaking|Slaking, M, shiny|100/100
|switch|p2a: Milotic|Milotic, F|100/100
|turn|1
|c|☆Justblamehax|glhf
|
|t:|1728511919
|switch|p2a: Jirachi|Jirachi|100/100
|move|p1a: Slaking|Double-Edge|p2a: Jirachi
|-resisted|p2a: Jirachi
|-damage|p2a: Jirachi|67/100
|-damage|p1a: Slaking|90/100|[from] Recoil|[of] p2a: Jirachi
|
|-heal|p2a: Jirachi|73/100|[from] item: Leftovers
|upkeep
|turn|2
|c|☆Attalyn|u2
|
|t:|1728511933
|switch|p1a: Celebi|Celebi|100/100
|move|p2a: Jirachi|Thunder|p1a: Celebi
|-resisted|p1a: Celebi
|-damage|p1a: Celebi|89/100
|
|-heal|p1a: Celebi|95/100|[from] item: Leftovers
|-heal|p2a: Jirachi|79/100|[from] item: Leftovers
|upkeep
|turn|3
|inactive|Attalyn has 270 seconds left.
|
|t:|1728511974
|switch|p2a: Ludicolo|Ludicolo, F|100/100
|move|p1a: Celebi|Leech Seed|p2a: Ludicolo
|-immune|p2a: Ludicolo
|
|-heal|p1a: Celebi|100/100|[from] item: Leftovers
|upkeep
|turn|4
|inactive|Justblamehax has 270 seconds left.
|
|t:|1728512024
|switch|p1a: Snorlax|Snorlax, F|100/100
|move|p2a: Ludicolo|Substitute|p2a: Ludicolo
|-start|p2a: Ludicolo|Substitute
|-damage|p2a: Ludicolo|75/100
|
|-heal|p2a: Ludicolo|82/100|[from] item: Leftovers
|upkeep
|turn|5
|
|t:|1728512030
|move|p2a: Ludicolo|Leech Seed|p1a: Snorlax
|-start|p1a: Snorlax|move: Leech Seed
|move|p1a: Snorlax|Body Slam|p2a: Ludicolo
|-end|p2a: Ludicolo|Substitute
|
|-heal|p2a: Ludicolo|88/100|[from] item: Leftovers
|-damage|p1a: Snorlax|88/100|[from] Leech Seed|[of] p2a: Ludicolo
|-heal|p2a: Ludicolo|100/100|[silent]
|upkeep
|turn|6
|
|t:|1728512044
|move|p2a: Ludicolo|Substitute|p2a: Ludicolo
|-start|p2a: Ludicolo|Substitute
|-damage|p2a: Ludicolo|75/100
|move|p1a: Snorlax|Body Slam|p2a: Ludicolo
|-end|p2a: Ludicolo|Substitute
|
|-heal|p2a: Ludicolo|82/100|[from] item: Leftovers
|-damage|p1a: Snorlax|76/100|[from] Leech Seed|[of] p2a: Ludicolo
|-heal|p2a: Ludicolo|99/100|[silent]
|upkeep
|turn|7
|
|t:|1728512052
|switch|p1a: Celebi|Celebi|100/100
|move|p2a: Ludicolo|Substitute|p2a: Ludicolo
|-start|p2a: Ludicolo|Substitute
|-damage|p2a: Ludicolo|74/100
|
|-heal|p2a: Ludicolo|80/100|[from] item: Leftovers
|upkeep
|turn|8
|
|t:|1728512061
|move|p1a: Celebi|Psychic|p2a: Ludicolo
|-end|p2a: Ludicolo|Substitute
|move|p2a: Ludicolo|Rain Dance|p2a: Ludicolo
|-weather|RainDance
|
|-weather|RainDance|[upkeep]
|-heal|p2a: Ludicolo|86/100|[from] item: Leftovers
|upkeep
|turn|9
|inactive|Attalyn has 270 seconds left.
|
|t:|1728512080
|move|p2a: Ludicolo|Surf|p1a: Celebi
|-resisted|p1a: Celebi
|-damage|p1a: Celebi|80/100
|move|p1a: Celebi|Psychic|p2a: Ludicolo
|-damage|p2a: Ludicolo|60/100
|-unboost|p2a: Ludicolo|spd|1
|
|-weather|RainDance|[upkeep]
|-heal|p2a: Ludicolo|66/100|[from] item: Leftovers
|-heal|p1a: Celebi|86/100|[from] item: Leftovers
|upkeep
|turn|10
|
|t:|1728512103
|switch|p2a: Jirachi|Jirachi|79/100
|move|p1a: Celebi|Leech Seed|p2a: Jirachi
|-start|p2a: Jirachi|move: Leech Seed
|
|-weather|RainDance|[upkeep]
|-heal|p1a: Celebi|92/100|[from] item: Leftovers
|-heal|p2a: Jirachi|86/100|[from] item: Leftovers
|-damage|p2a: Jirachi|73/100|[from] Leech Seed|[of] p1a: Celebi
|-heal|p1a: Celebi|100/100|[silent]
|upkeep
|turn|11
|
|t:|1728512118
|move|p1a: Celebi|Baton Pass|p1a: Celebi
|
|t:|1728512122
|switch|p1a: Magneton|Magneton|100/100|[from] Baton Pass
|move|p2a: Jirachi|Wish|p2a: Jirachi
|
|-weather|RainDance|[upkeep]
|-heal|p2a: Jirachi|79/100|[from] item: Leftovers
|-damage|p2a: Jirachi|67/100|[from] Leech Seed|[of] p1a: Magneton
|upkeep
|turn|12
|
|t:|1728512134
|move|p2a: Jirachi|Thunder|p1a: Magneton
|-resisted|p1a: Magneton
|-damage|p1a: Magneton|75/100
|-status|p1a: Magneton|par
|move|p1a: Magneton|Thunderbolt|p2a: Jirachi
|-damage|p2a: Jirachi|20/100
|
|-heal|p2a: Jirachi|70/100|[from] move: Wish|[wisher] Jirachi
|-weather|none
|-heal|p2a: Jirachi|76/100|[from] item: Leftovers
|-damage|p2a: Jirachi|64/100|[from] Leech Seed|[of] p1a: Magneton
|-heal|p1a: Magneton|96/100 par|[silent]
|upkeep
|turn|13
|
|t:|1728512153
|move|p2a: Jirachi|Thunder|p1a: Magneton|[miss]
|-miss|p2a: Jirachi|p1a: Magneton
|move|p1a: Magneton|Thunder Wave|p2a: Jirachi
|-status|p2a: Jirachi|par
|
|-heal|p2a: Jirachi|70/100 par|[from] item: Leftovers
|-damage|p2a: Jirachi|57/100 par|[from] Leech Seed|[of] p1a: Magneton
|-heal|p1a: Magneton|100/100 par|[silent]
|upkeep
|turn|14
|
|t:|1728512171
|move|p2a: Jirachi|Wish|p2a: Jirachi
|cant|p1a: Magneton|par
|
|-heal|p2a: Jirachi|64/100 par|[from] item: Leftovers
|-damage|p2a: Jirachi|51/100 par|[from] Leech Seed|[of] p1a: Magneton
|upkeep
|turn|15
|
|t:|1728512177
|cant|p2a: Jirachi|par
|move|p1a: Magneton|Thunderbolt|p2a: Jirachi
|-damage|p2a: Jirachi|2/100 par
|
|-heal|p2a: Jirachi|52/100 par|[from] move: Wish|[wisher] Jirachi
|-heal|p2a: Jirachi|58/100 par|[from] item: Leftovers
|-damage|p2a: Jirachi|46/100 par|[from] Leech Seed|[of] p1a: Magneton
|upkeep
|turn|16
|
|t:|1728512187
|move|p2a: Jirachi|Wish|p2a: Jirachi
|move|p1a: Magneton|Thunderbolt|p2a: Jirachi
|-damage|p2a: Jirachi|0 fnt
|faint|p2a: Jirachi
|
|t:|1728512194
|switch|p2a: Heracross|Heracross, F|100/100
|
|upkeep
|turn|17
|
|t:|1728512213
|switch|p1a: Celebi|Celebi|100/100
|move|p2a: Heracross|Substitute|p2a: Heracross
|-start|p2a: Heracross|Substitute
|-damage|p2a: Heracross|76/100
|
|-heal|p2a: Heracross|100/100|[from] move: Wish|[wisher] Jirachi
|upkeep
|turn|18
|inactive|Attalyn has 270 seconds left.
|
|t:|1728512221
|move|p1a: Celebi|Psychic|p2a: Heracross
|-supereffective|p2a: Heracross
|-end|p2a: Heracross|Substitute
|move|p2a: Heracross|Megahorn|p1a: Celebi
|-supereffective|p1a: Celebi
|-damage|p1a: Celebi|0 fnt
|faint|p1a: Celebi
|
|t:|1728512233
|switch|p1a: Slaking|Slaking, M, shiny|90/100
|
|upkeep
|turn|19
|inactive|Attalyn has 270 seconds left.
|
|t:|1728512276
|switch|p2a: Milotic|Milotic, F|100/100
|move|p1a: Slaking|Double-Edge|p2a: Milotic
|-damage|p2a: Milotic|0 fnt
|-damage|p1a: Slaking|64/100|[from] Recoil|[of] p2a: Milotic
|faint|p2a: Milotic
|
|t:|1728512283
|switch|p2a: Heracross|Heracross, F|100/100
|
|upkeep
|turn|20
|
|t:|1728512291
|switch|p1a: Suicune|Suicune|100/100
|move|p2a: Heracross|Substitute|p2a: Heracross
|-start|p2a: Heracross|Substitute
|-damage|p2a: Heracross|76/100
|
|-heal|p2a: Heracross|82/100|[from] item: Leftovers
|upkeep
|turn|21
|
|t:|1728512299
|-singleturn|p2a: Heracross|move: Focus Punch
|move|p1a: Suicune|Calm Mind|p1a: Suicune
|-boost|p1a: Suicune|spa|1
|-boost|p1a: Suicune|spd|1
|move|p2a: Heracross|Focus Punch|p1a: Suicune
|-damage|p1a: Suicune|47/100
|
|-heal|p2a: Heracross|88/100|[from] item: Leftovers
|-heal|p1a: Suicune|53/100|[from] item: Leftovers
|upkeep
|turn|22
|
|t:|1728512308
|-singleturn|p2a: Heracross|move: Focus Punch
|move|p1a: Suicune|Surf|p2a: Heracross
|-end|p2a: Heracross|Substitute
|move|p2a: Heracross|Focus Punch|p1a: Suicune
|-damage|p1a: Suicune|0 fnt
|faint|p1a: Suicune
|
|t:|1728512330
|switch|p1a: Snorlax|Snorlax, F|76/100
|
|-heal|p2a: Heracross|94/100|[from] item: Leftovers
|upkeep
|turn|23
|inactive|Attalyn has 270 seconds left.
|
|t:|1728512347
|switch|p2a: Ludicolo|Ludicolo, F|66/100
|move|p1a: Snorlax|Body Slam|p2a: Ludicolo
|-damage|p2a: Ludicolo|18/100
|
|-heal|p2a: Ludicolo|24/100|[from] item: Leftovers
|upkeep
|turn|24
|inactive|Attalyn has 270 seconds left.
|
|t:|1728512368
|move|p2a: Ludicolo|Leech Seed|p1a: Snorlax
|-start|p1a: Snorlax|move: Leech Seed
|move|p1a: Snorlax|Body Slam|p2a: Ludicolo
|-damage|p2a: Ludicolo|0 fnt
|faint|p2a: Ludicolo
|inactive|Attalyn has 240 seconds left.
|inactive|Attalyn has 210 seconds left.
|
|t:|1728512446
|switch|p2a: Heracross|Heracross, F|94/100
|
|-heal|p2a: Heracross|99/100|[from] item: Leftovers
|-damage|p1a: Snorlax|63/100|[from] Leech Seed|[of] p2a: Heracross
|-heal|p2a: Heracross|100/100|[silent]
|upkeep
|turn|25
|
|t:|1728512452
|move|p2a: Heracross|Substitute|p2a: Heracross
|-start|p2a: Heracross|Substitute
|-damage|p2a: Heracross|76/100
|move|p1a: Snorlax|Body Slam|p2a: Heracross
|-end|p2a: Heracross|Substitute
|
|-heal|p2a: Heracross|82/100|[from] item: Leftovers
|-damage|p1a: Snorlax|51/100|[from] Leech Seed|[of] p2a: Heracross
|-heal|p2a: Heracross|100/100|[silent]
|upkeep
|turn|26
|
|t:|1728512465
|move|p2a: Heracross|Substitute|p2a: Heracross
|-start|p2a: Heracross|Substitute
|-damage|p2a: Heracross|76/100
|move|p1a: Snorlax|Body Slam|p2a: Heracross
|-end|p2a: Heracross|Substitute
|
|-heal|p2a: Heracross|82/100|[from] item: Leftovers
|-damage|p1a: Snorlax|38/100|[from] Leech Seed|[of] p2a: Heracross
|-heal|p2a: Heracross|100/100|[silent]
|upkeep
|turn|27
|
|t:|1728512477
|move|p2a: Heracross|Substitute|p2a: Heracross
|-start|p2a: Heracross|Substitute
|-damage|p2a: Heracross|76/100
|move|p1a: Snorlax|Body Slam|p2a: Heracross
|-end|p2a: Heracross|Substitute
|
|-heal|p2a: Heracross|82/100|[from] item: Leftovers
|-damage|p1a: Snorlax|26/100|[from] Leech Seed|[of] p2a: Heracross
|-heal|p2a: Heracross|100/100|[silent]
|upkeep
|turn|28
|
|t:|1728512492
|move|p2a: Heracross|Substitute|p2a: Heracross
|-start|p2a: Heracross|Substitute
|-damage|p2a: Heracross|76/100
|move|p1a: Snorlax|Body Slam|p2a: Heracross
|-end|p2a: Heracross|Substitute
|
|-heal|p2a: Heracross|82/100|[from] item: Leftovers
|-damage|p1a: Snorlax|13/100|[from] Leech Seed|[of] p2a: Heracross
|-heal|p2a: Heracross|100/100|[silent]
|upkeep
|turn|29
|inactive|Attalyn has 180 seconds left.
|
|t:|1728512520
|switch|p2a: Kingdra|Kingdra, F|100/100
|move|p1a: Snorlax|Body Slam|p2a: Kingdra
|-damage|p2a: Kingdra|60/100
|
|-damage|p1a: Snorlax|1/100|[from] Leech Seed|[of] p2a: Kingdra
|-heal|p2a: Kingdra|80/100|[silent]
|upkeep
|turn|30
|inactive|Attalyn has 180 seconds left.
|
|t:|1728512532
|move|p2a: Kingdra|Rain Dance|p2a: Kingdra
|-weather|RainDance
|move|p1a: Snorlax|Rest|p1a: Snorlax
|-status|p1a: Snorlax|slp|[from] move: Rest
|-heal|p1a: Snorlax|100/100 slp|[silent]
|-enditem|p1a: Snorlax|Chesto Berry|[eat]
|-curestatus|p1a: Snorlax|slp|[msg]
|
|-weather|RainDance|[upkeep]
|-damage|p1a: Snorlax|88/100|[from] Leech Seed|[of] p2a: Kingdra
|-heal|p2a: Kingdra|99/100|[silent]
|upkeep
|turn|31
|inactive|Attalyn has 180 seconds left.
|
|t:|1728512552
|move|p2a: Kingdra|Surf|p1a: Snorlax
|-damage|p1a: Snorlax|57/100
|move|p1a: Snorlax|Body Slam|p2a: Kingdra
|-damage|p2a: Kingdra|57/100
|-status|p2a: Kingdra|par
|-enditem|p2a: Kingdra|Lum Berry|[eat]
|-curestatus|p2a: Kingdra|par|[msg]
|
|-weather|RainDance|[upkeep]
|-damage|p1a: Snorlax|44/100|[from] Leech Seed|[of] p2a: Kingdra
|-heal|p2a: Kingdra|77/100|[silent]
|upkeep
|turn|32
|inactive|Attalyn has 180 seconds left.
|
|t:|1728512570
|move|p2a: Kingdra|Surf|p1a: Snorlax
|-damage|p1a: Snorlax|12/100
|move|p1a: Snorlax|Body Slam|p2a: Kingdra
|-damage|p2a: Kingdra|30/100
|
|-weather|RainDance|[upkeep]
|-damage|p1a: Snorlax|0 fnt|[from] Leech Seed|[of] p2a: Kingdra
|-heal|p2a: Kingdra|49/100|[silent]
|faint|p1a: Snorlax
|upkeep
|
|t:|1728512581
|switch|p1a: Magneton|Magneton|100/100 par
|turn|33
|inactive|Attalyn has 180 seconds left.
|
|t:|1728512588
|move|p2a: Kingdra|Surf|p1a: Magneton
|-damage|p1a: Magneton|0 fnt
|faint|p1a: Magneton
|
|t:|1728512598
|switch|p1a: Slaking|Slaking, M, shiny|64/100
|
|-weather|RainDance|[upkeep]
|upkeep
|turn|34
|
|t:|1728512603
|move|p2a: Kingdra|Surf|p1a: Slaking
|-damage|p1a: Slaking|0 fnt
|faint|p1a: Slaking
|
|t:|1728512605
|switch|p1a: Dugtrio|Dugtrio, F|100/100
|
|-weather|none
|upkeep
|turn|35
|
|t:|1728512620
|move|p1a: Dugtrio|Earthquake|p2a: Kingdra
|-crit|p2a: Kingdra
|-damage|p2a: Kingdra|0 fnt
|faint|p2a: Kingdra
|
|t:|1728512624
|switch|p2a: Heracross|Heracross, F|100/100
|
|upkeep
|turn|36
|inactive|Attalyn has 210 seconds left.
|c|☆Justblamehax|gg
|
|t:|1728512631
|move|p1a: Dugtrio|Earthquake|p2a: Heracross
|-resisted|p2a: Heracross
|-crit|p2a: Heracross
|-damage|p2a: Heracross|10/100
|move|p2a: Heracross|Megahorn|p1a: Dugtrio
|-damage|p1a: Dugtrio|0 fnt
|faint|p1a: Dugtrio
|
|win|Attalyn
|c|☆Attalyn|came down to megahorn, Raikou was last
|c|☆Justblamehax|ooo shit
|c|☆Attalyn|crit scared the hell out of me
|c|☆Attalyn|alright, ready for round 2?
|c|☆Justblamehax|yeah
|player|p1|
|player|p1|Justblamehax|265|
|player|p1|

</script>
<script type="application/json" class="data" id="replaydata-smogtours-gen3ou-796784">
{"id":"smogtours-gen3ou-796784","format":"[Gen 3] OU","players":["Justblamehax","Attalyn"],"uploadtime":1728512631,"views":91,"formatid":"gen3ou","rating":null,"private":0,"password":null}
</script>

<script defer src="js/replays.js?9d40a366"></script>
