<!DOCTYPE html>
<meta charset="utf-8" />
<meta name="viewport" content="width=device-width" />

<title>[Gen 3] OU: Dastardlydwarf vs. AutumnWailord - Replays - Pok&eacute;mon Showdown!</title>

<meta name="description" content="Watch a replay of a Pok&eacute;mon battle between Dastardlydwarf and AutumnWailord! Format: [Gen 3] OU; Date: Oct 13, 2024" />
<!--

Hey, you! Looking in the source for the replay log?

You can find them in JSON format, just add `.json` at the end of a replay URL.

https://replay.pokemonshowdown.com/gen7randomdoublesbattle-865046831.json

Or, if you only need the log itself, add `.log` instead:

https://replay.pokemonshowdown.com/gen7randomdoublesbattle-865046831.log

-->

<link rel="stylesheet" href="//pokemonshowdown.com/style/global.css?0.023195364461161105" />
<link rel="stylesheet" href="//play.pokemonshowdown.com/style/font-awesome.css?0.13261647063804238" />
<link rel="stylesheet" href="//play.pokemonshowdown.com/style/battle.css?0.8753245789963631" />
<link rel="stylesheet" href="//play.pokemonshowdown.com/style/utilichart.css?0.8627959624976733" />

<!-- Global site tag (gtag.js) - Google Analytics -->
<script async src="https://www.googletagmanager.com/gtag/js?id=UA-26211653-1"></script>
<script>
  window.dataLayer = window.dataLayer || [];
  function gtag(){dataLayer.push(arguments);}
  gtag('js', new Date());

  gtag('config', 'UA-26211653-1');
</script>
<!-- End Google Analytics -->
<!-- Venatus Ad Manager - Install in <HEAD> of page -->
	<script src="https://hb.vntsm.com/v3/live/ad-manager.min.js" type="text/javascript" data-site-id="642aba63ec9a7b11c3c9c1be" data-mode="scan" async></script>
<!-- / Venatus Ad Manager -->

<style>
	@media (max-width:820px) {
		.battle {
			margin: 0 auto;
		}
		.battle-log {
			margin: 7px auto 0;
			max-width: 640px;
			height: 300px;
			position: static;
		}
	}
	.optgroup {
		display: inline-block;
		line-height: 22px;
		font-size: 10pt;
	}
	.optgroup .button {
		height: 25px;
		padding-top: 0;
		padding-bottom: 0;
	}
	.optgroup button.button {
		padding-left: 12px;
		padding-right: 12px;
	}
	.linklist {
		list-style: none;
		margin: 0.5em 0;
		padding: 0;
	}
	.linklist li {
		padding: 2px 0;
	}
	.sidebar {
		float: left;
		width: 320px;
	}
	.bar-wrapper {
		max-width: 1100px;
		margin: 0 auto;
	}
	.bar-wrapper.has-sidebar {
		max-width: 1430px;
	}
	.mainbar {
		margin: 0;
		padding-right: 1px;
	}
	.mainbar.has-sidebar {
		margin-left: 330px;
	}
	@media (min-width: 1511px) {
		.sidebar {
			width: 400px;
		}
		.bar-wrapper.has-sidebar {
			max-width: 1510px;
		}
		.mainbar.has-sidebar {
			margin-left: 410px;
		}
	}
	.section.first-section {
		margin-top: 9px;
	}
	.blocklink small {
		white-space: normal;
	}
	.button {
		vertical-align: middle;
	}
	.replay-controls {
		padding-top: 10px;
	}
	.replay-controls h1 {
		font-size: 16pt;
		font-weight: normal;
		color: #CCC;
	}
	.pagelink {
		text-align: center;
	}
	.pagelink a {
		width: 150px;
	}
	.textbox, .button {
		font-size: 11pt;
		vertical-align: middle;
	}
	@media (max-width: 450px) {
		.button {
			font-size: 9pt;
		}
	}
</style>

<div>

	<header>
		<div class="nav-wrapper"><ul class="nav">
			<li><a class="button nav-first" href="//pokemonshowdown.com/"><img src="//pokemonshowdown.com/images/pokemonshowdownbeta.png" srcset="//pokemonshowdown.com/images/pokemonshowdownbeta.png 1x, //pokemonshowdown.com/images/pokemonshowdownbeta@2x.png 2x" alt="Pok&eacute;mon Showdown" width="146" height="44" /> Home</a></li>
			<li><a class="button" href="//pokemonshowdown.com/dex/">Pok&eacute;dex</a></li>
			<li><a class="button cur" href="/">Replays</a></li>
			<li><a class="button" href="//pokemonshowdown.com/ladder/">Ladder</a></li>
			<li><a class="button nav-last" href="//pokemonshowdown.com/forums/">Forum</a></li>
			<li><a class="button greenbutton nav-first nav-last" href="//play.pokemonshowdown.com/">Play</a></li>
		</ul></div>
	</header>

	<div class="main" id="main">

		<noscript><section class="section">You need to enable JavaScript to use this page; sorry!</section></noscript>

	</div>

</div>

<script defer nomodule src="//play.pokemonshowdown.com/js/lib/ps-polyfill.js"></script>
<script defer src="//play.pokemonshowdown.com/js/lib/preact.min.js"></script>

<script defer src="//play.pokemonshowdown.com/config/config.js?2bddbc15"></script>
<script defer src="//play.pokemonshowdown.com/js/lib/jquery-1.11.0.min.js"></script>
<script defer src="//play.pokemonshowdown.com/js/lib/html-sanitizer-minified.js"></script>
<script defer src="//play.pokemonshowdown.com/js/battle-sound.js"></script>
<script defer src="//play.pokemonshowdown.com/js/battledata.js?0.7209276989879541"></script>
<script defer src="//play.pokemonshowdown.com/data/pokedex-mini.js?0.6111056340867951"></script>
<script defer src="//play.pokemonshowdown.com/data/pokedex-mini-bw.js?0.3532142036491459"></script>
<script defer src="//play.pokemonshowdown.com/data/graphics.js?0.24223875632456182"></script>
<script defer src="//play.pokemonshowdown.com/data/pokedex.js?0.38839984266356864"></script>
<script defer src="//play.pokemonshowdown.com/data/moves.js?0.21866028504024015"></script>
<script defer src="//play.pokemonshowdown.com/data/abilities.js?0.2005157953846628"></script>
<script defer src="//play.pokemonshowdown.com/data/items.js?0.9894211263848525"></script>
<script defer src="//play.pokemonshowdown.com/data/teambuilder-tables.js?0.6008791140282215"></script>
<script defer src="//play.pokemonshowdown.com/js/battle-tooltips.js?0.7580118955022959"></script>
<script defer src="//play.pokemonshowdown.com/js/battle.js?0.6057722274234274"></script>

<script defer src="js/utils.js?e31f9a17"></script>
<script defer src="js/replays-battle.js?7008c182"></script>

<!-- don't scrape this data! just add .json or .log after the URL!
Full API docs: https://github.com/smogon/pokemon-showdown-client/blob/master/WEB-API.md -->
<script type="text/plain" class="log" id="replaylog-smogtours-gen3ou-798118">
|inactive|Battle timer is ON: inactive players will automatically lose when time's up.
|t:|1728835404
|gametype|singles
|player|p1|Dastardlydwarf|lacey|
|player|p2|AutumnWailord|skyla-masters2|
|teamsize|p1|6
|teamsize|p2|6
|gen|3
|tier|[Gen 3] OU
|rule|Sleep Clause Mod: Limit one foe put to sleep
|rule|Switch Priority Clause Mod: Faster Pokémon switch first
|rule|Species Clause: Limit one of each Pokémon
|rule|OHKO Clause: OHKO moves are banned
|rule|Evasion Items Clause: Evasion items are banned
|rule|Evasion Moves Clause: Evasion moves are banned
|rule|Endless Battle Clause: Forcing endless battles is banned
|rule|HP Percentage Mod: HP is shown in percentages
|rule|One Boost Passer Clause: Limit one Baton Passer that has a way to boost its stats
|rule|Freeze Clause Mod: Limit one foe frozen
|
|t:|1728835404
|start
|switch|p1a: Tyranitar|Tyranitar, F|100/100
|switch|p2a: Venusaur|Venusaur, F|100/100
|-weather|Sandstorm|[from] ability: Sand Stream|[of] p1a: Tyranitar
|turn|1
|
|t:|1728835414
|switch|p1a: Zapdos|Zapdos|100/100
|move|p2a: Venusaur|Giga Drain|p1a: Zapdos
|-resisted|p1a: Zapdos
|-damage|p1a: Zapdos|92/100
|
|-weather|Sandstorm|[upkeep]
|-damage|p2a: Venusaur|95/100|[from] Sandstorm
|-damage|p1a: Zapdos|85/100|[from] Sandstorm
|-heal|p2a: Venusaur|100/100|[from] item: Leftovers
|-heal|p1a: Zapdos|92/100|[from] item: Leftovers
|upkeep
|turn|2
|
|t:|1728835429
|move|p2a: Venusaur|Sleep Powder|p1a: Zapdos
|-status|p1a: Zapdos|slp|[from] move: Sleep Powder
|cant|p1a: Zapdos|slp
|
|-weather|Sandstorm|[upkeep]
|-damage|p2a: Venusaur|95/100|[from] Sandstorm
|-damage|p1a: Zapdos|85/100 slp|[from] Sandstorm
|-heal|p2a: Venusaur|100/100|[from] item: Leftovers
|-heal|p1a: Zapdos|92/100 slp|[from] item: Leftovers
|upkeep
|turn|3
|
|t:|1728835440
|switch|p1a: Blissey|Blissey, F|100/100
|move|p2a: Venusaur|Leech Seed|p1a: Blissey
|-start|p1a: Blissey|move: Leech Seed
|
|-weather|Sandstorm|[upkeep]
|-damage|p2a: Venusaur|95/100|[from] Sandstorm
|-damage|p1a: Blissey|94/100|[from] Sandstorm
|-heal|p2a: Venusaur|100/100|[from] item: Leftovers
|-heal|p1a: Blissey|100/100|[from] item: Leftovers
|-damage|p1a: Blissey|88/100|[from] Leech Seed|[of] p2a: Venusaur
|upkeep
|turn|4
|
|t:|1728835451
|switch|p2a: Metagross|Metagross|100/100
|move|p1a: Blissey|Sing|p2a: Metagross
|-status|p2a: Metagross|slp|[from] move: Sing
|
|-weather|Sandstorm|[upkeep]
|-damage|p1a: Blissey|82/100|[from] Sandstorm
|-heal|p1a: Blissey|88/100|[from] item: Leftovers
|-damage|p1a: Blissey|76/100|[from] Leech Seed|[of] p2a: Metagross
|upkeep
|turn|5
|
|t:|1728835462
|switch|p1a: Forretress|Forretress, M|100/100
|cant|p2a: Metagross|slp
|
|-weather|Sandstorm|[upkeep]
|upkeep
|turn|6
|
|t:|1728835468
|switch|p2a: Charizard|Charizard, M|100/100
|move|p1a: Forretress|Spikes|p2a: Charizard
|-sidestart|p2: AutumnWailord|Spikes
|
|-weather|Sandstorm|[upkeep]
|-damage|p2a: Charizard|94/100|[from] Sandstorm
|-heal|p2a: Charizard|100/100|[from] item: Leftovers
|upkeep
|turn|7
|
|t:|1728835477
|switch|p1a: Zapdos|Zapdos|92/100 slp
|move|p2a: Charizard|Fire Blast|p1a: Zapdos
|-damage|p1a: Zapdos|52/100 slp
|
|-weather|Sandstorm|[upkeep]
|-damage|p2a: Charizard|94/100|[from] Sandstorm
|-damage|p1a: Zapdos|46/100 slp|[from] Sandstorm
|-heal|p2a: Charizard|100/100|[from] item: Leftovers
|-heal|p1a: Zapdos|52/100 slp|[from] item: Leftovers
|upkeep
|turn|8
|
|t:|1728835492
|move|p2a: Charizard|Fire Blast|p1a: Zapdos
|-damage|p1a: Zapdos|13/100 slp
|cant|p1a: Zapdos|slp
|
|-weather|Sandstorm|[upkeep]
|-damage|p2a: Charizard|94/100|[from] Sandstorm
|-damage|p1a: Zapdos|7/100 slp|[from] Sandstorm
|-heal|p2a: Charizard|100/100|[from] item: Leftovers
|-heal|p1a: Zapdos|13/100 slp|[from] item: Leftovers
|upkeep
|turn|9
|
|t:|1728835503
|switch|p1a: Tyranitar|Tyranitar, F|100/100
|move|p2a: Charizard|Hidden Power|p1a: Tyranitar
|-damage|p1a: Tyranitar|82/100
|
|-weather|Sandstorm|[upkeep]
|-damage|p2a: Charizard|94/100|[from] Sandstorm
|-heal|p2a: Charizard|100/100|[from] item: Leftovers
|-heal|p1a: Tyranitar|88/100|[from] item: Leftovers
|upkeep
|turn|10
|
|t:|1728835514
|-activate|p2a: Charizard|move: Pursuit
|move|p1a: Tyranitar|Pursuit|p2a: Charizard|[from]Pursuit
|-damage|p2a: Charizard|52/100
|switch|p2a: Venusaur|Venusaur, F|100/100
|-damage|p2a: Venusaur|88/100|[from] Spikes
|
|-weather|Sandstorm|[upkeep]
|-damage|p2a: Venusaur|82/100|[from] Sandstorm
|-heal|p2a: Venusaur|88/100|[from] item: Leftovers
|-heal|p1a: Tyranitar|94/100|[from] item: Leftovers
|upkeep
|turn|11
|
|t:|1728835528
|switch|p1a: Blissey|Blissey, F|76/100
|move|p2a: Venusaur|Leech Seed|p1a: Blissey
|-start|p1a: Blissey|move: Leech Seed
|
|-weather|Sandstorm|[upkeep]
|-damage|p2a: Venusaur|82/100|[from] Sandstorm
|-damage|p1a: Blissey|69/100|[from] Sandstorm
|-heal|p2a: Venusaur|88/100|[from] item: Leftovers
|-heal|p1a: Blissey|76/100|[from] item: Leftovers
|-damage|p1a: Blissey|63/100|[from] Leech Seed|[of] p2a: Venusaur
|-heal|p2a: Venusaur|100/100|[silent]
|upkeep
|turn|12
|
|t:|1728835539
|switch|p2a: Metagross|Metagross|100/100 slp
|-damage|p2a: Metagross|88/100 slp|[from] Spikes
|move|p1a: Blissey|Soft-Boiled|p1a: Blissey
|-heal|p1a: Blissey|100/100
|
|-weather|Sandstorm|[upkeep]
|-damage|p1a: Blissey|94/100|[from] Sandstorm
|-heal|p2a: Metagross|94/100 slp|[from] item: Leftovers
|-heal|p1a: Blissey|100/100|[from] item: Leftovers
|-damage|p1a: Blissey|88/100|[from] Leech Seed|[of] p2a: Metagross
|-heal|p2a: Metagross|100/100 slp|[silent]
|upkeep
|turn|13
|
|t:|1728835550
|switch|p1a: Forretress|Forretress, M|100/100
|cant|p2a: Metagross|slp
|
|-weather|Sandstorm|[upkeep]
|upkeep
|turn|14
|
|t:|1728835560
|switch|p2a: Charizard|Charizard, M|52/100
|move|p1a: Forretress|Spikes|p2a: Charizard
|-sidestart|p2: AutumnWailord|Spikes
|
|-weather|Sandstorm|[upkeep]
|-damage|p2a: Charizard|46/100|[from] Sandstorm
|-heal|p2a: Charizard|52/100|[from] item: Leftovers
|upkeep
|turn|15
|
|t:|1728835569
|switch|p1a: Zapdos|Zapdos|13/100 slp
|move|p2a: Charizard|Fire Blast|p1a: Zapdos
|-damage|p1a: Zapdos|0 fnt
|faint|p1a: Zapdos
|
|t:|1728835576
|switch|p1a: Tyranitar|Tyranitar, F|94/100
|
|-weather|Sandstorm|[upkeep]
|-damage|p2a: Charizard|46/100|[from] Sandstorm
|-heal|p2a: Charizard|52/100|[from] item: Leftovers
|-heal|p1a: Tyranitar|100/100|[from] item: Leftovers
|upkeep
|turn|16
|
|t:|1728835585
|switch|p2a: Gyarados|Gyarados, M|100/100
|-ability|p2a: Gyarados|Intimidate|boost
|-unboost|p1a: Tyranitar|atk|1
|move|p1a: Tyranitar|Crunch|p2a: Gyarados
|-damage|p2a: Gyarados|64/100
|
|-weather|Sandstorm|[upkeep]
|-damage|p2a: Gyarados|58/100|[from] Sandstorm
|-heal|p2a: Gyarados|64/100|[from] item: Leftovers
|upkeep
|turn|17
|
|t:|1728835596
|move|p2a: Gyarados|Dragon Dance|p2a: Gyarados
|-boost|p2a: Gyarados|atk|1
|-boost|p2a: Gyarados|spe|1
|move|p1a: Tyranitar|Crunch|p2a: Gyarados
|-damage|p2a: Gyarados|25/100
|-unboost|p2a: Gyarados|spd|1
|
|-weather|Sandstorm|[upkeep]
|-damage|p2a: Gyarados|19/100|[from] Sandstorm
|-heal|p2a: Gyarados|25/100|[from] item: Leftovers
|upkeep
|turn|18
|
|t:|1728835608
|move|p2a: Gyarados|Earthquake|p1a: Tyranitar
|-supereffective|p1a: Tyranitar
|-damage|p1a: Tyranitar|21/100
|move|p1a: Tyranitar|Crunch|p2a: Gyarados
|-damage|p2a: Gyarados|0 fnt
|faint|p2a: Gyarados
|
|t:|1728835616
|switch|p2a: Charizard|Charizard, M|52/100
|
|-weather|Sandstorm|[upkeep]
|-damage|p2a: Charizard|46/100|[from] Sandstorm
|-heal|p2a: Charizard|52/100|[from] item: Leftovers
|-heal|p1a: Tyranitar|27/100|[from] item: Leftovers
|upkeep
|turn|19
|
|t:|1728835623
|move|p2a: Charizard|Fire Blast|p1a: Tyranitar
|-resisted|p1a: Tyranitar
|-damage|p1a: Tyranitar|4/100
|move|p1a: Tyranitar|Crunch|p2a: Charizard
|-crit|p2a: Charizard
|-damage|p2a: Charizard|0 fnt
|faint|p2a: Charizard
|
|t:|1728835637
|switch|p2a: Venusaur|Venusaur, F|100/100
|-damage|p2a: Venusaur|84/100|[from] Spikes
|
|-weather|Sandstorm|[upkeep]
|-damage|p2a: Venusaur|78/100|[from] Sandstorm
|-heal|p2a: Venusaur|84/100|[from] item: Leftovers
|-heal|p1a: Tyranitar|11/100|[from] item: Leftovers
|upkeep
|turn|20
|
|t:|1728835645
|move|p2a: Venusaur|Giga Drain|p1a: Tyranitar
|-supereffective|p1a: Tyranitar
|-damage|p1a: Tyranitar|0 fnt
|-heal|p2a: Venusaur|91/100|[from] drain|[of] p1a: Tyranitar
|faint|p1a: Tyranitar
|
|t:|1728835652
|switch|p1a: Blissey|Blissey, F|88/100
|
|-weather|Sandstorm|[upkeep]
|-damage|p2a: Venusaur|85/100|[from] Sandstorm
|-damage|p1a: Blissey|82/100|[from] Sandstorm
|-heal|p2a: Venusaur|91/100|[from] item: Leftovers
|-heal|p1a: Blissey|88/100|[from] item: Leftovers
|upkeep
|turn|21
|
|t:|1728835660
|move|p2a: Venusaur|Leech Seed|p1a: Blissey
|-start|p1a: Blissey|move: Leech Seed
|move|p1a: Blissey|Ice Beam|p2a: Venusaur
|-supereffective|p2a: Venusaur
|-damage|p2a: Venusaur|40/100
|
|-weather|Sandstorm|[upkeep]
|-damage|p2a: Venusaur|34/100|[from] Sandstorm
|-damage|p1a: Blissey|82/100|[from] Sandstorm
|-heal|p2a: Venusaur|40/100|[from] item: Leftovers
|-heal|p1a: Blissey|88/100|[from] item: Leftovers
|-damage|p1a: Blissey|76/100|[from] Leech Seed|[of] p2a: Venusaur
|-heal|p2a: Venusaur|67/100|[silent]
|upkeep
|turn|22
|
|t:|1728835682
|move|p2a: Venusaur|Sleep Powder|p1a: Blissey|[miss]
|-miss|p2a: Venusaur|p1a: Blissey
|move|p1a: Blissey|Ice Beam|p2a: Venusaur
|-supereffective|p2a: Venusaur
|-damage|p2a: Venusaur|17/100
|
|-weather|Sandstorm|[upkeep]
|-damage|p2a: Venusaur|11/100|[from] Sandstorm
|-damage|p1a: Blissey|69/100|[from] Sandstorm
|-heal|p2a: Venusaur|17/100|[from] item: Leftovers
|-heal|p1a: Blissey|76/100|[from] item: Leftovers
|-damage|p1a: Blissey|63/100|[from] Leech Seed|[of] p2a: Venusaur
|-heal|p2a: Venusaur|44/100|[silent]
|upkeep
|turn|23
|
|t:|1728835701
|move|p2a: Venusaur|Sleep Powder|p1a: Blissey
|-status|p1a: Blissey|slp|[from] move: Sleep Powder
|cant|p1a: Blissey|slp
|
|-weather|Sandstorm|[upkeep]
|-damage|p2a: Venusaur|38/100|[from] Sandstorm
|-damage|p1a: Blissey|57/100 slp|[from] Sandstorm
|-heal|p2a: Venusaur|44/100|[from] item: Leftovers
|-heal|p1a: Blissey|63/100 slp|[from] item: Leftovers
|-damage|p1a: Blissey|51/100 slp|[from] Leech Seed|[of] p2a: Venusaur
|-heal|p2a: Venusaur|71/100|[silent]
|upkeep
|turn|24
|
|t:|1728835713
|-curestatus|p1a: Blissey|slp|[from] ability: Natural Cure
|switch|p1a: Forretress|Forretress, M|100/100
|move|p2a: Venusaur|Hidden Power|p1a: Forretress
|-supereffective|p1a: Forretress
|-damage|p1a: Forretress|31/100
|
|-weather|Sandstorm|[upkeep]
|-damage|p2a: Venusaur|65/100|[from] Sandstorm
|-heal|p2a: Venusaur|71/100|[from] item: Leftovers
|-heal|p1a: Forretress|37/100|[from] item: Leftovers
|upkeep
|turn|25
|
|t:|1728835731
|switch|p1a: Blissey|Blissey, F|51/100
|move|p2a: Venusaur|Leech Seed|p1a: Blissey
|-start|p1a: Blissey|move: Leech Seed
|
|-weather|Sandstorm|[upkeep]
|-damage|p2a: Venusaur|65/100|[from] Sandstorm
|-damage|p1a: Blissey|45/100|[from] Sandstorm
|-heal|p2a: Venusaur|71/100|[from] item: Leftovers
|-heal|p1a: Blissey|51/100|[from] item: Leftovers
|-damage|p1a: Blissey|38/100|[from] Leech Seed|[of] p2a: Venusaur
|-heal|p2a: Venusaur|98/100|[silent]
|upkeep
|turn|26
|
|t:|1728835741
|switch|p1a: Forretress|Forretress, M|37/100
|move|p2a: Venusaur|Sleep Powder|p1a: Forretress
|-status|p1a: Forretress|slp|[from] move: Sleep Powder
|
|-weather|Sandstorm|[upkeep]
|-damage|p2a: Venusaur|92/100|[from] Sandstorm
|-heal|p2a: Venusaur|98/100|[from] item: Leftovers
|-heal|p1a: Forretress|43/100 slp|[from] item: Leftovers
|upkeep
|turn|27
|
|t:|1728835750
|switch|p1a: Blissey|Blissey, F|38/100
|move|p2a: Venusaur|Leech Seed|p1a: Blissey
|-start|p1a: Blissey|move: Leech Seed
|
|-weather|Sandstorm|[upkeep]
|-damage|p2a: Venusaur|92/100|[from] Sandstorm
|-damage|p1a: Blissey|32/100|[from] Sandstorm
|-heal|p2a: Venusaur|98/100|[from] item: Leftovers
|-heal|p1a: Blissey|38/100|[from] item: Leftovers
|-damage|p1a: Blissey|26/100|[from] Leech Seed|[of] p2a: Venusaur
|-heal|p2a: Venusaur|100/100|[silent]
|upkeep
|turn|28
|
|t:|1728835774
|switch|p2a: Jirachi|Jirachi|100/100
|-damage|p2a: Jirachi|84/100|[from] Spikes
|move|p1a: Blissey|Soft-Boiled|p1a: Blissey
|-heal|p1a: Blissey|76/100
|
|-weather|Sandstorm|[upkeep]
|-damage|p1a: Blissey|70/100|[from] Sandstorm
|-heal|p2a: Jirachi|90/100|[from] item: Leftovers
|-heal|p1a: Blissey|76/100|[from] item: Leftovers
|-damage|p1a: Blissey|63/100|[from] Leech Seed|[of] p2a: Jirachi
|-heal|p2a: Jirachi|100/100|[silent]
|upkeep
|turn|29
|
|t:|1728835786
|switch|p1a: Dugtrio|Dugtrio, M|100/100
|move|p2a: Jirachi|Substitute|p2a: Jirachi
|-start|p2a: Jirachi|Substitute
|-damage|p2a: Jirachi|75/100
|
|-weather|Sandstorm|[upkeep]
|-heal|p2a: Jirachi|82/100|[from] item: Leftovers
|upkeep
|turn|30
|
|t:|1728835793
|move|p1a: Dugtrio|Earthquake|p2a: Jirachi
|-supereffective|p2a: Jirachi
|-end|p2a: Jirachi|Substitute
|move|p2a: Jirachi|Hidden Power|p1a: Dugtrio
|-supereffective|p1a: Dugtrio
|-damage|p1a: Dugtrio|10/100
|
|-weather|Sandstorm|[upkeep]
|-heal|p2a: Jirachi|88/100|[from] item: Leftovers
|upkeep
|turn|31
|
|t:|1728835802
|move|p1a: Dugtrio|Earthquake|p2a: Jirachi
|-supereffective|p2a: Jirachi
|-damage|p2a: Jirachi|0 fnt
|faint|p2a: Jirachi
|
|t:|1728835812
|switch|p2a: Salamence|Salamence, F|100/100
|-ability|p2a: Salamence|Intimidate|boost
|-unboost|p1a: Dugtrio|atk|1
|
|-weather|Sandstorm|[upkeep]
|-damage|p2a: Salamence|94/100|[from] Sandstorm
|-heal|p2a: Salamence|100/100|[from] item: Leftovers
|upkeep
|turn|32
|
|t:|1728835819
|switch|p1a: Swampert|Swampert, F|100/100
|move|p2a: Salamence|Dragon Dance|p2a: Salamence
|-boost|p2a: Salamence|atk|1
|-boost|p2a: Salamence|spe|1
|
|-weather|Sandstorm|[upkeep]
|-damage|p2a: Salamence|94/100|[from] Sandstorm
|-heal|p2a: Salamence|100/100|[from] item: Leftovers
|upkeep
|turn|33
|
|t:|1728835832
|switch|p2a: Metagross|Metagross|100/100 slp
|-damage|p2a: Metagross|84/100 slp|[from] Spikes
|move|p1a: Swampert|Ice Beam|p2a: Metagross
|-resisted|p2a: Metagross
|-damage|p2a: Metagross|72/100 slp
|
|-weather|Sandstorm|[upkeep]
|-heal|p2a: Metagross|78/100 slp|[from] item: Leftovers
|upkeep
|turn|34
|
|t:|1728835842
|switch|p1a: Dugtrio|Dugtrio, M|10/100
|cant|p2a: Metagross|slp
|
|-weather|Sandstorm|[upkeep]
|-heal|p2a: Metagross|85/100 slp|[from] item: Leftovers
|upkeep
|turn|35
|
|t:|1728835851
|move|p1a: Dugtrio|Earthquake|p2a: Metagross
|-supereffective|p2a: Metagross
|-damage|p2a: Metagross|0 fnt
|faint|p2a: Metagross
|
|t:|1728835860
|switch|p2a: Salamence|Salamence, F|100/100
|-ability|p2a: Salamence|Intimidate|boost
|-unboost|p1a: Dugtrio|atk|1
|
|-weather|Sandstorm|[upkeep]
|-damage|p2a: Salamence|94/100|[from] Sandstorm
|-heal|p2a: Salamence|100/100|[from] item: Leftovers
|upkeep
|turn|36
|
|t:|1728835873
|switch|p1a: Swampert|Swampert, F|100/100
|switch|p2a: Venusaur|Venusaur, F|100/100
|-damage|p2a: Venusaur|84/100|[from] Spikes
|
|-weather|Sandstorm|[upkeep]
|-damage|p2a: Venusaur|78/100|[from] Sandstorm
|-heal|p2a: Venusaur|84/100|[from] item: Leftovers
|upkeep
|turn|37
|
|t:|1728835881
|switch|p1a: Forretress|Forretress, M|43/100 slp
|move|p2a: Venusaur|Giga Drain|p1a: Forretress
|-resisted|p1a: Forretress
|-damage|p1a: Forretress|38/100 slp
|-heal|p2a: Venusaur|87/100|[from] drain|[of] p1a: Forretress
|
|-weather|Sandstorm|[upkeep]
|-damage|p2a: Venusaur|81/100|[from] Sandstorm
|-heal|p2a: Venusaur|87/100|[from] item: Leftovers
|-heal|p1a: Forretress|44/100 slp|[from] item: Leftovers
|upkeep
|turn|38
|
|t:|1728835892
|switch|p1a: Blissey|Blissey, F|63/100
|move|p2a: Venusaur|Leech Seed|p1a: Blissey
|-start|p1a: Blissey|move: Leech Seed
|
|-weather|Sandstorm|[upkeep]
|-damage|p2a: Venusaur|81/100|[from] Sandstorm
|-damage|p1a: Blissey|57/100|[from] Sandstorm
|-heal|p2a: Venusaur|87/100|[from] item: Leftovers
|-heal|p1a: Blissey|63/100|[from] item: Leftovers
|-damage|p1a: Blissey|51/100|[from] Leech Seed|[of] p2a: Venusaur
|-heal|p2a: Venusaur|100/100|[silent]
|upkeep
|turn|39
|
|t:|1728835904
|move|p2a: Venusaur|Hidden Power|p1a: Blissey
|-damage|p1a: Blissey|42/100
|move|p1a: Blissey|Soft-Boiled|p1a: Blissey
|-heal|p1a: Blissey|92/100
|
|-weather|Sandstorm|[upkeep]
|-damage|p2a: Venusaur|95/100|[from] Sandstorm
|-damage|p1a: Blissey|86/100|[from] Sandstorm
|-heal|p2a: Venusaur|100/100|[from] item: Leftovers
|-heal|p1a: Blissey|92/100|[from] item: Leftovers
|-damage|p1a: Blissey|80/100|[from] Leech Seed|[of] p2a: Venusaur
|upkeep
|turn|40
|
|t:|1728835927
|move|p2a: Venusaur|Giga Drain|p1a: Blissey
|-damage|p1a: Blissey|70/100
|move|p1a: Blissey|Sing|p2a: Venusaur
|-status|p2a: Venusaur|slp|[from] move: Sing
|
|-weather|Sandstorm|[upkeep]
|-damage|p2a: Venusaur|95/100 slp|[from] Sandstorm
|-damage|p1a: Blissey|64/100|[from] Sandstorm
|-heal|p2a: Venusaur|100/100 slp|[from] item: Leftovers
|-heal|p1a: Blissey|70/100|[from] item: Leftovers
|-damage|p1a: Blissey|57/100|[from] Leech Seed|[of] p2a: Venusaur
|upkeep
|turn|41
|
|t:|1728835941
|switch|p1a: Dugtrio|Dugtrio, M|10/100
|cant|p2a: Venusaur|slp
|
|-weather|Sandstorm|[upkeep]
|-damage|p2a: Venusaur|95/100 slp|[from] Sandstorm
|-heal|p2a: Venusaur|100/100 slp|[from] item: Leftovers
|upkeep
|turn|42
|
|t:|1728835950
|move|p1a: Dugtrio|Earthquake|p2a: Venusaur
|-damage|p2a: Venusaur|15/100 slp
|cant|p2a: Venusaur|slp
|
|-weather|Sandstorm|[upkeep]
|-damage|p2a: Venusaur|9/100 slp|[from] Sandstorm
|-heal|p2a: Venusaur|15/100 slp|[from] item: Leftovers
|upkeep
|turn|43
|
|t:|1728835958
|move|p1a: Dugtrio|Earthquake|p2a: Venusaur
|-damage|p2a: Venusaur|0 fnt
|faint|p2a: Venusaur
|
|t:|1728835978
|switch|p2a: Salamence|Salamence, F|100/100
|-ability|p2a: Salamence|Intimidate|boost
|-unboost|p1a: Dugtrio|atk|1
|
|-weather|Sandstorm|[upkeep]
|-damage|p2a: Salamence|94/100|[from] Sandstorm
|-heal|p2a: Salamence|100/100|[from] item: Leftovers
|upkeep
|turn|44
|
|t:|1728835985
|switch|p1a: Swampert|Swampert, F|100/100
|move|p2a: Salamence|Dragon Dance|p2a: Salamence
|-boost|p2a: Salamence|atk|1
|-boost|p2a: Salamence|spe|1
|
|-weather|Sandstorm|[upkeep]
|-damage|p2a: Salamence|94/100|[from] Sandstorm
|-heal|p2a: Salamence|100/100|[from] item: Leftovers
|upkeep
|turn|45
|
|t:|1728835994
|move|p2a: Salamence|Hidden Power|p1a: Swampert
|-damage|p1a: Swampert|66/100
|move|p1a: Swampert|Ice Beam|p2a: Salamence
|-supereffective|p2a: Salamence
|-damage|p2a: Salamence|28/100
|
|-weather|Sandstorm|[upkeep]
|-damage|p2a: Salamence|22/100|[from] Sandstorm
|-heal|p2a: Salamence|28/100|[from] item: Leftovers
|-heal|p1a: Swampert|72/100|[from] item: Leftovers
|upkeep
|turn|46
|
|t:|1728836009
|move|p2a: Salamence|Hidden Power|p1a: Swampert
|-damage|p1a: Swampert|36/100
|move|p1a: Swampert|Ice Beam|p2a: Salamence
|-supereffective|p2a: Salamence
|-damage|p2a: Salamence|0 fnt
|faint|p2a: Salamence
|
|win|Dastardlydwarf

</script>
<script type="application/json" class="data" id="replaydata-smogtours-gen3ou-798118">
{"id":"smogtours-gen3ou-798118","format":"[Gen 3] OU","players":["Dastardlydwarf","AutumnWailord"],"uploadtime":1728836009,"views":96,"formatid":"gen3ou","rating":null,"private":0,"password":null}
</script>

<script defer src="js/replays.js?9d40a366"></script>
