<!DOCTYPE html>
<meta charset="utf-8" />
<meta name="viewport" content="width=device-width" />

<title>[Gen 3] OU: bigyunakafan vs. javiercar - Replays - Pok&eacute;mon Showdown!</title>

<meta name="description" content="Watch a replay of a Pok&eacute;mon battle between bigyunakafan and javiercar! Format: [Gen 3] OU; Date: Oct 15, 2024" />
<!--

Hey, you! Looking in the source for the replay log?

You can find them in JSON format, just add `.json` at the end of a replay URL.

https://replay.pokemonshowdown.com/gen7randomdoublesbattle-865046831.json

Or, if you only need the log itself, add `.log` instead:

https://replay.pokemonshowdown.com/gen7randomdoublesbattle-865046831.log

-->

<link rel="stylesheet" href="//pokemonshowdown.com/style/global.css?0.023195364461161105" />
<link rel="stylesheet" href="//play.pokemonshowdown.com/style/font-awesome.css?0.13261647063804238" />
<link rel="stylesheet" href="//play.pokemonshowdown.com/style/battle.css?0.8753245789963631" />
<link rel="stylesheet" href="//play.pokemonshowdown.com/style/utilichart.css?0.8627959624976733" />

<!-- Global site tag (gtag.js) - Google Analytics -->
<script async src="https://www.googletagmanager.com/gtag/js?id=UA-26211653-1"></script>
<script>
  window.dataLayer = window.dataLayer || [];
  function gtag(){dataLayer.push(arguments);}
  gtag('js', new Date());

  gtag('config', 'UA-26211653-1');
</script>
<!-- End Google Analytics -->
<!-- Venatus Ad Manager - Install in <HEAD> of page -->
	<script src="https://hb.vntsm.com/v3/live/ad-manager.min.js" type="text/javascript" data-site-id="642aba63ec9a7b11c3c9c1be" data-mode="scan" async></script>
<!-- / Venatus Ad Manager -->

<style>
	@media (max-width:820px) {
		.battle {
			margin: 0 auto;
		}
		.battle-log {
			margin: 7px auto 0;
			max-width: 640px;
			height: 300px;
			position: static;
		}
	}
	.optgroup {
		display: inline-block;
		line-height: 22px;
		font-size: 10pt;
	}
	.optgroup .button {
		height: 25px;
		padding-top: 0;
		padding-bottom: 0;
	}
	.optgroup button.button {
		padding-left: 12px;
		padding-right: 12px;
	}
	.linklist {
		list-style: none;
		margin: 0.5em 0;
		padding: 0;
	}
	.linklist li {
		padding: 2px 0;
	}
	.sidebar {
		float: left;
		width: 320px;
	}
	.bar-wrapper {
		max-width: 1100px;
		margin: 0 auto;
	}
	.bar-wrapper.has-sidebar {
		max-width: 1430px;
	}
	.mainbar {
		margin: 0;
		padding-right: 1px;
	}
	.mainbar.has-sidebar {
		margin-left: 330px;
	}
	@media (min-width: 1511px) {
		.sidebar {
			width: 400px;
		}
		.bar-wrapper.has-sidebar {
			max-width: 1510px;
		}
		.mainbar.has-sidebar {
			margin-left: 410px;
		}
	}
	.section.first-section {
		margin-top: 9px;
	}
	.blocklink small {
		white-space: normal;
	}
	.button {
		vertical-align: middle;
	}
	.replay-controls {
		padding-top: 10px;
	}
	.replay-controls h1 {
		font-size: 16pt;
		font-weight: normal;
		color: #CCC;
	}
	.pagelink {
		text-align: center;
	}
	.pagelink a {
		width: 150px;
	}
	.textbox, .button {
		font-size: 11pt;
		vertical-align: middle;
	}
	@media (max-width: 450px) {
		.button {
			font-size: 9pt;
		}
	}
</style>

<div>

	<header>
		<div class="nav-wrapper"><ul class="nav">
			<li><a class="button nav-first" href="//pokemonshowdown.com/"><img src="//pokemonshowdown.com/images/pokemonshowdownbeta.png" srcset="//pokemonshowdown.com/images/pokemonshowdownbeta.png 1x, //pokemonshowdown.com/images/pokemonshowdownbeta@2x.png 2x" alt="Pok&eacute;mon Showdown" width="146" height="44" /> Home</a></li>
			<li><a class="button" href="//pokemonshowdown.com/dex/">Pok&eacute;dex</a></li>
			<li><a class="button cur" href="/">Replays</a></li>
			<li><a class="button" href="//pokemonshowdown.com/ladder/">Ladder</a></li>
			<li><a class="button nav-last" href="//pokemonshowdown.com/forums/">Forum</a></li>
			<li><a class="button greenbutton nav-first nav-last" href="//play.pokemonshowdown.com/">Play</a></li>
		</ul></div>
	</header>

	<div class="main" id="main">

		<noscript><section class="section">You need to enable JavaScript to use this page; sorry!</section></noscript>

	</div>

</div>

<script defer nomodule src="//play.pokemonshowdown.com/js/lib/ps-polyfill.js"></script>
<script defer src="//play.pokemonshowdown.com/js/lib/preact.min.js"></script>

<script defer src="//play.pokemonshowdown.com/config/config.js?2bddbc15"></script>
<script defer src="//play.pokemonshowdown.com/js/lib/jquery-1.11.0.min.js"></script>
<script defer src="//play.pokemonshowdown.com/js/lib/html-sanitizer-minified.js"></script>
<script defer src="//play.pokemonshowdown.com/js/battle-sound.js"></script>
<script defer src="//play.pokemonshowdown.com/js/battledata.js?0.7209276989879541"></script>
<script defer src="//play.pokemonshowdown.com/data/pokedex-mini.js?0.6111056340867951"></script>
<script defer src="//play.pokemonshowdown.com/data/pokedex-mini-bw.js?0.3532142036491459"></script>
<script defer src="//play.pokemonshowdown.com/data/graphics.js?0.24223875632456182"></script>
<script defer src="//play.pokemonshowdown.com/data/pokedex.js?0.38839984266356864"></script>
<script defer src="//play.pokemonshowdown.com/data/moves.js?0.21866028504024015"></script>
<script defer src="//play.pokemonshowdown.com/data/abilities.js?0.2005157953846628"></script>
<script defer src="//play.pokemonshowdown.com/data/items.js?0.9894211263848525"></script>
<script defer src="//play.pokemonshowdown.com/data/teambuilder-tables.js?0.6008791140282215"></script>
<script defer src="//play.pokemonshowdown.com/js/battle-tooltips.js?0.7580118955022959"></script>
<script defer src="//play.pokemonshowdown.com/js/battle.js?0.6057722274234274"></script>

<script defer src="js/utils.js?e31f9a17"></script>
<script defer src="js/replays-battle.js?7008c182"></script>

<!-- don't scrape this data! just add .json or .log after the URL!
Full API docs: https://github.com/smogon/pokemon-showdown-client/blob/master/WEB-API.md -->
<script type="text/plain" class="log" id="replaylog-smogtours-gen3ou-798952">
|inactive|Battle timer is ON: inactive players will automatically lose when time's up.
|t:|1729018400
|gametype|singles
|player|p1|bigyunakafan|nessa|
|player|p2|javiercar|170|
|teamsize|p1|6
|teamsize|p2|6
|gen|3
|tier|[Gen 3] OU
|rule|Sleep Clause Mod: Limit one foe put to sleep
|rule|Switch Priority Clause Mod: Faster Pokémon switch first
|rule|Species Clause: Limit one of each Pokémon
|rule|OHKO Clause: OHKO moves are banned
|rule|Evasion Items Clause: Evasion items are banned
|rule|Evasion Moves Clause: Evasion moves are banned
|rule|Endless Battle Clause: Forcing endless battles is banned
|rule|HP Percentage Mod: HP is shown in percentages
|rule|One Boost Passer Clause: Limit one Baton Passer that has a way to boost its stats
|rule|Freeze Clause Mod: Limit one foe frozen
|
|t:|1729018400
|start
|switch|p1a: Blissey|Blissey, F|100/100
|switch|p2a: Shenron|Salamence, M, shiny|100/100
|-ability|p2a: Shenron|Intimidate|boost
|-unboost|p1a: Blissey|atk|1
|turn|1
|
|t:|1729018410
|move|p2a: Shenron|Fire Blast|p1a: Blissey
|-damage|p1a: Blissey|85/100
|move|p1a: Blissey|Ice Beam|p2a: Shenron
|-supereffective|p2a: Shenron
|-damage|p2a: Shenron|0 fnt
|faint|p2a: Shenron
|
|t:|1729018428
|switch|p2a: The Meta|Metagross|100/100
|
|-heal|p1a: Blissey|91/100|[from] item: Leftovers
|upkeep
|turn|2
|
|t:|1729018433
|switch|p1a: Suicune|Suicune|100/100
|move|p2a: The Meta|Meteor Mash|p1a: Suicune
|-resisted|p1a: Suicune
|-damage|p1a: Suicune|87/100
|-boost|p2a: The Meta|atk|1
|
|-heal|p1a: Suicune|93/100|[from] item: Leftovers
|upkeep
|turn|3
|
|t:|1729018446
|move|p2a: The Meta|Earthquake|p1a: Suicune
|-damage|p1a: Suicune|63/100
|move|p1a: Suicune|Roar|p2a: The Meta
|drag|p2a: TEETARR|Tyranitar, M|100/100
|-weather|Sandstorm|[from] ability: Sand Stream|[of] p2a: TEETARR
|
|-weather|Sandstorm|[upkeep]
|-damage|p1a: Suicune|57/100|[from] Sandstorm
|-heal|p1a: Suicune|63/100|[from] item: Leftovers
|upkeep
|turn|4
|
|t:|1729018456
|switch|p1a: Skarmory|Skarmory, F|100/100
|switch|p2a: Sheer mass|Blissey, F|100/100
|
|-weather|Sandstorm|[upkeep]
|-damage|p2a: Sheer mass|94/100|[from] Sandstorm
|-heal|p2a: Sheer mass|100/100|[from] item: Leftovers
|upkeep
|turn|5
|
|t:|1729018464
|move|p1a: Skarmory|Spikes|p2a: Sheer mass
|-sidestart|p2: javiercar|Spikes
|move|p2a: Sheer mass|Thunderbolt|p1a: Skarmory
|-supereffective|p1a: Skarmory
|-damage|p1a: Skarmory|56/100
|
|-weather|Sandstorm|[upkeep]
|-damage|p2a: Sheer mass|94/100|[from] Sandstorm
|-heal|p1a: Skarmory|62/100|[from] item: Leftovers
|-heal|p2a: Sheer mass|100/100|[from] item: Leftovers
|upkeep
|turn|6
|
|t:|1729018475
|move|p1a: Skarmory|Spikes|p2a: Sheer mass
|-sidestart|p2: javiercar|Spikes
|move|p2a: Sheer mass|Thunderbolt|p1a: Skarmory
|-supereffective|p1a: Skarmory
|-damage|p1a: Skarmory|15/100
|
|-weather|Sandstorm|[upkeep]
|-damage|p2a: Sheer mass|94/100|[from] Sandstorm
|-heal|p1a: Skarmory|21/100|[from] item: Leftovers
|-heal|p2a: Sheer mass|100/100|[from] item: Leftovers
|upkeep
|turn|7
|
|t:|1729018486
|move|p1a: Skarmory|Protect|p1a: Skarmory
|-singleturn|p1a: Skarmory|Protect
|move|p2a: Sheer mass|Ice Beam|p1a: Skarmory
|-activate|p1a: Skarmory|Protect
|
|-weather|Sandstorm|[upkeep]
|-damage|p2a: Sheer mass|94/100|[from] Sandstorm
|-heal|p1a: Skarmory|27/100|[from] item: Leftovers
|-heal|p2a: Sheer mass|100/100|[from] item: Leftovers
|upkeep
|turn|8
|
|t:|1729018499
|move|p1a: Skarmory|Spikes|p2a: Sheer mass
|-sidestart|p2: javiercar|Spikes
|move|p2a: Sheer mass|Thunderbolt|p1a: Skarmory
|-supereffective|p1a: Skarmory
|-damage|p1a: Skarmory|0 fnt
|faint|p1a: Skarmory
|
|t:|1729018503
|switch|p1a: Dugtrio|Dugtrio, F|100/100
|
|-weather|Sandstorm|[upkeep]
|-damage|p2a: Sheer mass|94/100|[from] Sandstorm
|-heal|p2a: Sheer mass|100/100|[from] item: Leftovers
|upkeep
|turn|9
|
|t:|1729018511
|move|p1a: Dugtrio|Earthquake|p2a: Sheer mass
|-damage|p2a: Sheer mass|46/100
|move|p2a: Sheer mass|Ice Beam|p1a: Dugtrio
|-supereffective|p1a: Dugtrio
|-damage|p1a: Dugtrio|0 fnt
|faint|p1a: Dugtrio
|
|t:|1729018525
|switch|p1a: Milotic|Milotic, M|100/100
|
|-weather|Sandstorm|[upkeep]
|-damage|p1a: Milotic|94/100|[from] Sandstorm
|-damage|p2a: Sheer mass|39/100|[from] Sandstorm
|-heal|p1a: Milotic|100/100|[from] item: Leftovers
|-heal|p2a: Sheer mass|46/100|[from] item: Leftovers
|upkeep
|turn|10
|
|t:|1729018533
|move|p1a: Milotic|Toxic|p2a: Sheer mass
|-status|p2a: Sheer mass|tox
|move|p2a: Sheer mass|Thunderbolt|p1a: Milotic
|-supereffective|p1a: Milotic
|-damage|p1a: Milotic|65/100
|
|-weather|Sandstorm|[upkeep]
|-damage|p1a: Milotic|59/100|[from] Sandstorm
|-damage|p2a: Sheer mass|39/100 tox|[from] Sandstorm
|-heal|p1a: Milotic|65/100|[from] item: Leftovers
|-heal|p2a: Sheer mass|46/100 tox|[from] item: Leftovers
|-damage|p2a: Sheer mass|39/100 tox|[from] psn
|upkeep
|turn|11
|
|t:|1729018545
|-curestatus|p2a: Sheer mass|tox|[from] ability: Natural Cure
|switch|p2a: Skarms|Skarmory, F, shiny|100/100
|move|p1a: Milotic|Recover|p1a: Milotic
|-heal|p1a: Milotic|100/100
|
|-weather|Sandstorm|[upkeep]
|-damage|p1a: Milotic|94/100|[from] Sandstorm
|-heal|p1a: Milotic|100/100|[from] item: Leftovers
|upkeep
|turn|12
|
|t:|1729018556
|move|p1a: Milotic|Surf|p2a: Skarms
|-damage|p2a: Skarms|70/100
|move|p2a: Skarms|Toxic|p1a: Milotic
|-status|p1a: Milotic|tox
|
|-weather|Sandstorm|[upkeep]
|-damage|p1a: Milotic|94/100 tox|[from] Sandstorm
|-heal|p1a: Milotic|100/100 tox|[from] item: Leftovers
|-damage|p1a: Milotic|94/100 tox|[from] psn
|-heal|p2a: Skarms|76/100|[from] item: Leftovers
|upkeep
|turn|13
|
|t:|1729018572
|move|p2a: Skarms|Protect|p2a: Skarms
|-singleturn|p2a: Skarms|Protect
|move|p1a: Milotic|Refresh|p1a: Milotic
|-curestatus|p1a: Milotic|tox|[msg]
|
|-weather|Sandstorm|[upkeep]
|-damage|p1a: Milotic|88/100|[from] Sandstorm
|-heal|p1a: Milotic|94/100|[from] item: Leftovers
|-heal|p2a: Skarms|82/100|[from] item: Leftovers
|upkeep
|turn|14
|
|t:|1729018582
|move|p1a: Milotic|Surf|p2a: Skarms
|-damage|p2a: Skarms|51/100
|move|p2a: Skarms|Spikes|p1a: Milotic
|-sidestart|p1: bigyunakafan|Spikes
|
|-weather|Sandstorm|[upkeep]
|-damage|p1a: Milotic|88/100|[from] Sandstorm
|-heal|p1a: Milotic|94/100|[from] item: Leftovers
|-heal|p2a: Skarms|57/100|[from] item: Leftovers
|upkeep
|turn|15
|
|t:|1729018591
|move|p2a: Skarms|Protect|p2a: Skarms
|-singleturn|p2a: Skarms|Protect
|move|p1a: Milotic|Surf|p2a: Skarms
|-activate|p2a: Skarms|Protect
|
|-weather|Sandstorm|[upkeep]
|-damage|p1a: Milotic|88/100|[from] Sandstorm
|-heal|p1a: Milotic|94/100|[from] item: Leftovers
|-heal|p2a: Skarms|63/100|[from] item: Leftovers
|upkeep
|turn|16
|
|t:|1729018601
|move|p1a: Milotic|Surf|p2a: Skarms
|-damage|p2a: Skarms|35/100
|move|p2a: Skarms|Spikes|p1a: Milotic
|-sidestart|p1: bigyunakafan|Spikes
|
|-weather|Sandstorm|[upkeep]
|-damage|p1a: Milotic|88/100|[from] Sandstorm
|-heal|p1a: Milotic|94/100|[from] item: Leftovers
|-heal|p2a: Skarms|41/100|[from] item: Leftovers
|upkeep
|turn|17
|
|t:|1729018613
|move|p2a: Skarms|Protect|p2a: Skarms
|-singleturn|p2a: Skarms|Protect
|move|p1a: Milotic|Surf|p2a: Skarms
|-activate|p2a: Skarms|Protect
|
|-weather|Sandstorm|[upkeep]
|-damage|p1a: Milotic|88/100|[from] Sandstorm
|-heal|p1a: Milotic|94/100|[from] item: Leftovers
|-heal|p2a: Skarms|47/100|[from] item: Leftovers
|upkeep
|turn|18
|
|t:|1729018624
|move|p1a: Milotic|Surf|p2a: Skarms
|-damage|p2a: Skarms|17/100
|move|p2a: Skarms|Spikes|p1a: Milotic
|-sidestart|p1: bigyunakafan|Spikes
|
|-weather|Sandstorm|[upkeep]
|-damage|p1a: Milotic|88/100|[from] Sandstorm
|-heal|p1a: Milotic|94/100|[from] item: Leftovers
|-heal|p2a: Skarms|23/100|[from] item: Leftovers
|upkeep
|turn|19
|
|t:|1729018635
|move|p2a: Skarms|Protect|p2a: Skarms
|-singleturn|p2a: Skarms|Protect
|move|p1a: Milotic|Surf|p2a: Skarms
|-activate|p2a: Skarms|Protect
|
|-weather|Sandstorm|[upkeep]
|-damage|p1a: Milotic|88/100|[from] Sandstorm
|-heal|p1a: Milotic|94/100|[from] item: Leftovers
|-heal|p2a: Skarms|29/100|[from] item: Leftovers
|upkeep
|turn|20
|
|t:|1729018648
|switch|p2a: The Meta|Metagross|100/100
|-damage|p2a: The Meta|76/100|[from] Spikes
|move|p1a: Milotic|Surf|p2a: The Meta
|-damage|p2a: The Meta|44/100
|
|-weather|Sandstorm|[upkeep]
|-damage|p1a: Milotic|88/100|[from] Sandstorm
|-heal|p1a: Milotic|94/100|[from] item: Leftovers
|-heal|p2a: The Meta|50/100|[from] item: Leftovers
|upkeep
|turn|21
|
|t:|1729018660
|move|p1a: Milotic|Surf|p2a: The Meta
|-damage|p2a: The Meta|20/100
|move|p2a: The Meta|Earthquake|p1a: Milotic
|-damage|p1a: Milotic|69/100
|
|-weather|Sandstorm|[upkeep]
|-damage|p1a: Milotic|63/100|[from] Sandstorm
|-heal|p1a: Milotic|69/100|[from] item: Leftovers
|-heal|p2a: The Meta|26/100|[from] item: Leftovers
|upkeep
|turn|22
|
|t:|1729018673
|move|p2a: The Meta|Protect|p2a: The Meta
|-singleturn|p2a: The Meta|Protect
|move|p1a: Milotic|Surf|p2a: The Meta
|-activate|p2a: The Meta|Protect
|
|-weather|Sandstorm|[upkeep]
|-damage|p1a: Milotic|63/100|[from] Sandstorm
|-heal|p1a: Milotic|69/100|[from] item: Leftovers
|-heal|p2a: The Meta|32/100|[from] item: Leftovers
|upkeep
|turn|23
|
|t:|1729018698
|move|p1a: Milotic|Surf|p2a: The Meta
|-damage|p2a: The Meta|0 fnt
|faint|p2a: The Meta
|
|t:|1729018711
|switch|p2a: Skarms|Skarmory, F, shiny|29/100
|
|-weather|Sandstorm|[upkeep]
|-damage|p1a: Milotic|63/100|[from] Sandstorm
|-heal|p1a: Milotic|69/100|[from] item: Leftovers
|-heal|p2a: Skarms|35/100|[from] item: Leftovers
|upkeep
|turn|24
|
|t:|1729018719
|move|p2a: Skarms|Protect|p2a: Skarms
|-singleturn|p2a: Skarms|Protect
|move|p1a: Milotic|Surf|p2a: Skarms
|-activate|p2a: Skarms|Protect
|
|-weather|Sandstorm|[upkeep]
|-damage|p1a: Milotic|63/100|[from] Sandstorm
|-heal|p1a: Milotic|69/100|[from] item: Leftovers
|-heal|p2a: Skarms|41/100|[from] item: Leftovers
|upkeep
|turn|25
|
|t:|1729018728
|move|p1a: Milotic|Surf|p2a: Skarms
|-damage|p2a: Skarms|12/100
|move|p2a: Skarms|Roar|p1a: Milotic
|drag|p1a: Blissey|Blissey, F|91/100
|-damage|p1a: Blissey|66/100|[from] Spikes
|
|-weather|Sandstorm|[upkeep]
|-damage|p1a: Blissey|60/100|[from] Sandstorm
|-heal|p2a: Skarms|18/100|[from] item: Leftovers
|-heal|p1a: Blissey|66/100|[from] item: Leftovers
|upkeep
|turn|26
|
|t:|1729018739
|switch|p2a: Gree|Claydol|100/100
|move|p1a: Blissey|Soft-Boiled|p1a: Blissey
|-heal|p1a: Blissey|100/100
|
|-weather|Sandstorm|[upkeep]
|-damage|p1a: Blissey|94/100|[from] Sandstorm
|-heal|p1a: Blissey|100/100|[from] item: Leftovers
|upkeep
|turn|27
|
|t:|1729018752
|switch|p1a: Claydol|Claydol|100/100
|move|p2a: Gree|Rapid Spin|p1a: Claydol
|-damage|p1a: Claydol|96/100
|-sideend|p2: javiercar|Spikes|[from] move: Rapid Spin|[of] p2a: Gree
|
|-weather|Sandstorm|[upkeep]
|-heal|p1a: Claydol|100/100|[from] item: Leftovers
|upkeep
|turn|28
|
|t:|1729018761
|move|p2a: Gree|Explosion|p1a: Claydol
|-damage|p1a: Claydol|0 fnt
|faint|p2a: Gree
|faint|p1a: Claydol
|
|t:|1729018769
|switch|p2a: Sheer mass|Blissey, F|39/100
|switch|p1a: Milotic|Milotic, M|69/100
|-damage|p1a: Milotic|44/100|[from] Spikes
|
|-weather|Sandstorm|[upkeep]
|-damage|p1a: Milotic|38/100|[from] Sandstorm
|-damage|p2a: Sheer mass|33/100|[from] Sandstorm
|-heal|p1a: Milotic|44/100|[from] item: Leftovers
|-heal|p2a: Sheer mass|39/100|[from] item: Leftovers
|upkeep
|turn|29
|
|t:|1729018779
|move|p1a: Milotic|Recover|p1a: Milotic
|-heal|p1a: Milotic|94/100
|move|p2a: Sheer mass|Thunderbolt|p1a: Milotic
|-supereffective|p1a: Milotic
|-damage|p1a: Milotic|56/100
|
|-weather|Sandstorm|[upkeep]
|-damage|p1a: Milotic|50/100|[from] Sandstorm
|-damage|p2a: Sheer mass|33/100|[from] Sandstorm
|-heal|p1a: Milotic|56/100|[from] item: Leftovers
|-heal|p2a: Sheer mass|39/100|[from] item: Leftovers
|upkeep
|turn|30
|
|t:|1729018792
|move|p1a: Milotic|Toxic|p2a: Sheer mass
|-status|p2a: Sheer mass|tox
|move|p2a: Sheer mass|Soft-Boiled|p2a: Sheer mass
|-heal|p2a: Sheer mass|89/100 tox
|
|-weather|Sandstorm|[upkeep]
|-damage|p1a: Milotic|50/100|[from] Sandstorm
|-damage|p2a: Sheer mass|83/100 tox|[from] Sandstorm
|-heal|p1a: Milotic|56/100|[from] item: Leftovers
|-heal|p2a: Sheer mass|89/100 tox|[from] item: Leftovers
|-damage|p2a: Sheer mass|83/100 tox|[from] psn
|upkeep
|turn|31
|
|t:|1729018804
|move|p1a: Milotic|Recover|p1a: Milotic
|-heal|p1a: Milotic|100/100
|move|p2a: Sheer mass|Sing|p1a: Milotic|[miss]
|-miss|p2a: Sheer mass|p1a: Milotic
|
|-weather|Sandstorm|[upkeep]
|-damage|p1a: Milotic|94/100|[from] Sandstorm
|-damage|p2a: Sheer mass|77/100 tox|[from] Sandstorm
|-heal|p1a: Milotic|100/100|[from] item: Leftovers
|-heal|p2a: Sheer mass|83/100 tox|[from] item: Leftovers
|-damage|p2a: Sheer mass|71/100 tox|[from] psn
|upkeep
|turn|32
|
|t:|1729018816
|-curestatus|p2a: Sheer mass|tox|[from] ability: Natural Cure
|switch|p2a: TEETARR|Tyranitar, M|100/100
|move|p1a: Milotic|Surf|p2a: TEETARR
|-supereffective|p2a: TEETARR
|-damage|p2a: TEETARR|45/100
|
|-weather|Sandstorm|[upkeep]
|-damage|p1a: Milotic|94/100|[from] Sandstorm
|-heal|p2a: TEETARR|51/100|[from] item: Leftovers
|-heal|p1a: Milotic|100/100|[from] item: Leftovers
|upkeep
|turn|33
|
|t:|1729018836
|switch|p2a: Sheer mass|Blissey, F|71/100
|move|p1a: Milotic|Toxic|p2a: Sheer mass
|-status|p2a: Sheer mass|tox
|
|-weather|Sandstorm|[upkeep]
|-damage|p1a: Milotic|94/100|[from] Sandstorm
|-damage|p2a: Sheer mass|65/100 tox|[from] Sandstorm
|-heal|p1a: Milotic|100/100|[from] item: Leftovers
|-heal|p2a: Sheer mass|71/100 tox|[from] item: Leftovers
|-damage|p2a: Sheer mass|65/100 tox|[from] psn
|upkeep
|turn|34
|
|t:|1729018850
|switch|p1a: Blissey|Blissey, F|100/100
|-damage|p1a: Blissey|75/100|[from] Spikes
|move|p2a: Sheer mass|Sing|p1a: Blissey|[miss]
|-miss|p2a: Sheer mass|p1a: Blissey
|
|-weather|Sandstorm|[upkeep]
|-damage|p2a: Sheer mass|59/100 tox|[from] Sandstorm
|-damage|p1a: Blissey|69/100|[from] Sandstorm
|-heal|p2a: Sheer mass|65/100 tox|[from] item: Leftovers
|-damage|p2a: Sheer mass|52/100 tox|[from] psn
|-heal|p1a: Blissey|75/100|[from] item: Leftovers
|upkeep
|turn|35
|
|t:|1729018864
|move|p2a: Sheer mass|Soft-Boiled|p2a: Sheer mass
|-heal|p2a: Sheer mass|100/100 tox
|move|p1a: Blissey|Seismic Toss|p2a: Sheer mass
|-damage|p2a: Sheer mass|85/100 tox
|
|-weather|Sandstorm|[upkeep]
|-damage|p2a: Sheer mass|79/100 tox|[from] Sandstorm
|-damage|p1a: Blissey|69/100|[from] Sandstorm
|-heal|p2a: Sheer mass|85/100 tox|[from] item: Leftovers
|-damage|p2a: Sheer mass|67/100 tox|[from] psn
|-heal|p1a: Blissey|75/100|[from] item: Leftovers
|upkeep
|turn|36
|
|t:|1729018877
|-curestatus|p2a: Sheer mass|tox|[from] ability: Natural Cure
|switch|p2a: TEETARR|Tyranitar, M|51/100
|move|p1a: Blissey|Seismic Toss|p2a: TEETARR
|-damage|p2a: TEETARR|27/100
|
|-weather|Sandstorm|[upkeep]
|-damage|p1a: Blissey|69/100|[from] Sandstorm
|-heal|p2a: TEETARR|33/100|[from] item: Leftovers
|-heal|p1a: Blissey|75/100|[from] item: Leftovers
|upkeep
|turn|37
|
|t:|1729018888
|switch|p1a: Suicune|Suicune|63/100
|-damage|p1a: Suicune|38/100|[from] Spikes
|move|p2a: TEETARR|Rock Slide|p1a: Suicune
|-damage|p1a: Suicune|15/100
|
|-weather|Sandstorm|[upkeep]
|-damage|p1a: Suicune|9/100|[from] Sandstorm
|-heal|p1a: Suicune|15/100|[from] item: Leftovers
|-heal|p2a: TEETARR|39/100|[from] item: Leftovers
|upkeep
|turn|38
|
|t:|1729018902
|switch|p2a: Sheer mass|Blissey, F|67/100
|move|p1a: Suicune|Rest|p1a: Suicune
|-status|p1a: Suicune|slp|[from] move: Rest
|-heal|p1a: Suicune|100/100 slp|[silent]
|
|-weather|Sandstorm|[upkeep]
|-damage|p1a: Suicune|94/100 slp|[from] Sandstorm
|-damage|p2a: Sheer mass|61/100|[from] Sandstorm
|-heal|p1a: Suicune|100/100 slp|[from] item: Leftovers
|-heal|p2a: Sheer mass|67/100|[from] item: Leftovers
|upkeep
|turn|39
|
|t:|1729018913
|switch|p2a: TEETARR|Tyranitar, M|39/100
|cant|p1a: Suicune|slp
|
|-weather|Sandstorm|[upkeep]
|-damage|p1a: Suicune|94/100 slp|[from] Sandstorm
|-heal|p1a: Suicune|100/100 slp|[from] item: Leftovers
|-heal|p2a: TEETARR|45/100|[from] item: Leftovers
|upkeep
|turn|40
|
|t:|1729018921
|cant|p1a: Suicune|slp
|move|p2a: TEETARR|Dragon Dance|p2a: TEETARR
|-boost|p2a: TEETARR|atk|1
|-boost|p2a: TEETARR|spe|1
|
|-weather|Sandstorm|[upkeep]
|-damage|p1a: Suicune|94/100 slp|[from] Sandstorm
|-heal|p2a: TEETARR|51/100|[from] item: Leftovers
|-heal|p1a: Suicune|100/100 slp|[from] item: Leftovers
|upkeep
|turn|41
|
|t:|1729018931
|move|p2a: TEETARR|Rock Slide|p1a: Suicune
|-damage|p1a: Suicune|67/100 slp
|-curestatus|p1a: Suicune|slp|[msg]
|move|p1a: Suicune|Surf|p2a: TEETARR
|-supereffective|p2a: TEETARR
|-damage|p2a: TEETARR|2/100
|
|-weather|Sandstorm|[upkeep]
|-damage|p1a: Suicune|61/100|[from] Sandstorm
|-heal|p2a: TEETARR|9/100|[from] item: Leftovers
|-heal|p1a: Suicune|67/100|[from] item: Leftovers
|upkeep
|turn|42
|
|t:|1729018942
|move|p2a: TEETARR|Rock Slide|p1a: Suicune
|-damage|p1a: Suicune|37/100
|move|p1a: Suicune|Surf|p2a: TEETARR
|-supereffective|p2a: TEETARR
|-damage|p2a: TEETARR|0 fnt
|faint|p2a: TEETARR
|
|t:|1729018949
|switch|p2a: Sheer mass|Blissey, F|67/100
|
|-weather|Sandstorm|[upkeep]
|-damage|p1a: Suicune|31/100|[from] Sandstorm
|-damage|p2a: Sheer mass|61/100|[from] Sandstorm
|-heal|p1a: Suicune|37/100|[from] item: Leftovers
|-heal|p2a: Sheer mass|67/100|[from] item: Leftovers
|upkeep
|turn|43
|
|t:|1729018956
|move|p1a: Suicune|Calm Mind|p1a: Suicune
|-boost|p1a: Suicune|spa|1
|-boost|p1a: Suicune|spd|1
|move|p2a: Sheer mass|Thunderbolt|p1a: Suicune
|-supereffective|p1a: Suicune
|-damage|p1a: Suicune|14/100
|
|-weather|Sandstorm|[upkeep]
|-damage|p1a: Suicune|7/100|[from] Sandstorm
|-damage|p2a: Sheer mass|61/100|[from] Sandstorm
|-heal|p1a: Suicune|14/100|[from] item: Leftovers
|-heal|p2a: Sheer mass|67/100|[from] item: Leftovers
|upkeep
|turn|44
|
|t:|1729018966
|move|p1a: Suicune|Rest|p1a: Suicune
|-status|p1a: Suicune|slp|[from] move: Rest
|-heal|p1a: Suicune|100/100 slp|[silent]
|move|p2a: Sheer mass|Thunderbolt|p1a: Suicune
|-supereffective|p1a: Suicune
|-damage|p1a: Suicune|77/100 slp
|
|-weather|Sandstorm|[upkeep]
|-damage|p1a: Suicune|71/100 slp|[from] Sandstorm
|-damage|p2a: Sheer mass|61/100|[from] Sandstorm
|-heal|p1a: Suicune|77/100 slp|[from] item: Leftovers
|-heal|p2a: Sheer mass|67/100|[from] item: Leftovers
|upkeep
|turn|45
|
|t:|1729018977
|switch|p1a: Blissey|Blissey, F|75/100
|-damage|p1a: Blissey|50/100|[from] Spikes
|move|p2a: Sheer mass|Thunderbolt|p1a: Blissey
|-damage|p1a: Blissey|40/100
|
|-weather|Sandstorm|[upkeep]
|-damage|p2a: Sheer mass|61/100|[from] Sandstorm
|-damage|p1a: Blissey|34/100|[from] Sandstorm
|-heal|p2a: Sheer mass|67/100|[from] item: Leftovers
|-heal|p1a: Blissey|40/100|[from] item: Leftovers
|upkeep
|turn|46
|
|t:|1729018991
|move|p2a: Sheer mass|Sing|p1a: Blissey
|-status|p1a: Blissey|slp|[from] move: Sing
|cant|p1a: Blissey|slp
|
|-weather|Sandstorm|[upkeep]
|-damage|p2a: Sheer mass|61/100|[from] Sandstorm
|-damage|p1a: Blissey|34/100 slp|[from] Sandstorm
|-heal|p2a: Sheer mass|67/100|[from] item: Leftovers
|-heal|p1a: Blissey|40/100 slp|[from] item: Leftovers
|upkeep
|turn|47
|
|t:|1729019000
|move|p2a: Sheer mass|Ice Beam|p1a: Blissey
|-damage|p1a: Blissey|30/100 slp
|cant|p1a: Blissey|slp
|
|-weather|Sandstorm|[upkeep]
|-damage|p2a: Sheer mass|61/100|[from] Sandstorm
|-damage|p1a: Blissey|24/100 slp|[from] Sandstorm
|-heal|p2a: Sheer mass|67/100|[from] item: Leftovers
|-heal|p1a: Blissey|30/100 slp|[from] item: Leftovers
|upkeep
|turn|48
|
|t:|1729019008
|move|p2a: Sheer mass|Ice Beam|p1a: Blissey
|-damage|p1a: Blissey|19/100 slp
|cant|p1a: Blissey|slp
|
|-weather|Sandstorm|[upkeep]
|-damage|p2a: Sheer mass|61/100|[from] Sandstorm
|-damage|p1a: Blissey|13/100 slp|[from] Sandstorm
|-heal|p2a: Sheer mass|67/100|[from] item: Leftovers
|-heal|p1a: Blissey|19/100 slp|[from] item: Leftovers
|upkeep
|turn|49
|
|t:|1729019017
|move|p2a: Sheer mass|Ice Beam|p1a: Blissey
|-damage|p1a: Blissey|8/100 slp
|cant|p1a: Blissey|slp
|
|-weather|Sandstorm|[upkeep]
|-damage|p2a: Sheer mass|61/100|[from] Sandstorm
|-damage|p1a: Blissey|2/100 slp|[from] Sandstorm
|-heal|p2a: Sheer mass|67/100|[from] item: Leftovers
|-heal|p1a: Blissey|8/100 slp|[from] item: Leftovers
|upkeep
|turn|50
|
|t:|1729019026
|move|p2a: Sheer mass|Thunderbolt|p1a: Blissey
|-damage|p1a: Blissey|0 fnt
|faint|p1a: Blissey
|
|t:|1729019028
|switch|p1a: Milotic|Milotic, M|100/100
|-damage|p1a: Milotic|76/100|[from] Spikes
|
|-weather|Sandstorm|[upkeep]
|-damage|p1a: Milotic|70/100|[from] Sandstorm
|-damage|p2a: Sheer mass|61/100|[from] Sandstorm
|-heal|p1a: Milotic|76/100|[from] item: Leftovers
|-heal|p2a: Sheer mass|67/100|[from] item: Leftovers
|upkeep
|turn|51
|
|t:|1729019038
|move|p1a: Milotic|Toxic|p2a: Sheer mass
|-status|p2a: Sheer mass|tox
|move|p2a: Sheer mass|Sing|p1a: Milotic|[miss]
|-miss|p2a: Sheer mass|p1a: Milotic
|
|-weather|Sandstorm|[upkeep]
|-damage|p1a: Milotic|70/100|[from] Sandstorm
|-damage|p2a: Sheer mass|61/100 tox|[from] Sandstorm
|-heal|p1a: Milotic|76/100|[from] item: Leftovers
|-heal|p2a: Sheer mass|67/100 tox|[from] item: Leftovers
|-damage|p2a: Sheer mass|61/100 tox|[from] psn
|upkeep
|turn|52
|
|t:|1729019050
|move|p1a: Milotic|Surf|p2a: Sheer mass
|-damage|p2a: Sheer mass|46/100 tox
|move|p2a: Sheer mass|Soft-Boiled|p2a: Sheer mass
|-heal|p2a: Sheer mass|96/100 tox
|
|-weather|Sandstorm|[upkeep]
|-damage|p1a: Milotic|70/100|[from] Sandstorm
|-damage|p2a: Sheer mass|90/100 tox|[from] Sandstorm
|-heal|p1a: Milotic|76/100|[from] item: Leftovers
|-heal|p2a: Sheer mass|96/100 tox|[from] item: Leftovers
|-damage|p2a: Sheer mass|84/100 tox|[from] psn
|upkeep
|turn|53
|
|t:|1729019063
|-curestatus|p2a: Sheer mass|tox|[from] ability: Natural Cure
|switch|p2a: Skarms|Skarmory, F, shiny|18/100
|move|p1a: Milotic|Recover|p1a: Milotic
|-heal|p1a: Milotic|100/100
|
|-weather|Sandstorm|[upkeep]
|-damage|p1a: Milotic|94/100|[from] Sandstorm
|-heal|p1a: Milotic|100/100|[from] item: Leftovers
|-heal|p2a: Skarms|24/100|[from] item: Leftovers
|upkeep
|turn|54
|
|t:|1729019074
|move|p2a: Skarms|Protect|p2a: Skarms
|-singleturn|p2a: Skarms|Protect
|move|p1a: Milotic|Refresh||[still]
|-fail|p1a: Milotic
|
|-weather|Sandstorm|[upkeep]
|-damage|p1a: Milotic|94/100|[from] Sandstorm
|-heal|p1a: Milotic|100/100|[from] item: Leftovers
|-heal|p2a: Skarms|30/100|[from] item: Leftovers
|upkeep
|turn|55
|
|t:|1729019083
|switch|p2a: Sheer mass|Blissey, F|84/100
|move|p1a: Milotic|Surf|p2a: Sheer mass
|-damage|p2a: Sheer mass|70/100
|
|-weather|Sandstorm|[upkeep]
|-damage|p1a: Milotic|94/100|[from] Sandstorm
|-damage|p2a: Sheer mass|63/100|[from] Sandstorm
|-heal|p1a: Milotic|100/100|[from] item: Leftovers
|-heal|p2a: Sheer mass|70/100|[from] item: Leftovers
|upkeep
|turn|56
|
|t:|1729019095
|move|p1a: Milotic|Toxic|p2a: Sheer mass
|-status|p2a: Sheer mass|tox
|move|p2a: Sheer mass|Ice Beam|p1a: Milotic
|-resisted|p1a: Milotic
|-damage|p1a: Milotic|92/100
|
|-weather|Sandstorm|[upkeep]
|-damage|p1a: Milotic|86/100|[from] Sandstorm
|-damage|p2a: Sheer mass|63/100 tox|[from] Sandstorm
|-heal|p1a: Milotic|92/100|[from] item: Leftovers
|-heal|p2a: Sheer mass|70/100 tox|[from] item: Leftovers
|-damage|p2a: Sheer mass|63/100 tox|[from] psn
|upkeep
|turn|57
|
|t:|1729019106
|switch|p1a: Suicune|Suicune|77/100 slp
|-damage|p1a: Suicune|52/100 slp|[from] Spikes
|move|p2a: Sheer mass|Sing|p1a: Suicune|[miss]
|-miss|p2a: Sheer mass|p1a: Suicune
|
|-weather|Sandstorm|[upkeep]
|-damage|p1a: Suicune|46/100 slp|[from] Sandstorm
|-damage|p2a: Sheer mass|57/100 tox|[from] Sandstorm
|-heal|p1a: Suicune|52/100 slp|[from] item: Leftovers
|-heal|p2a: Sheer mass|63/100 tox|[from] item: Leftovers
|-damage|p2a: Sheer mass|51/100 tox|[from] psn
|upkeep
|turn|58
|
|t:|1729019118
|-curestatus|p2a: Sheer mass|tox|[from] ability: Natural Cure
|switch|p2a: Skarms|Skarmory, F, shiny|30/100
|cant|p1a: Suicune|slp
|
|-weather|Sandstorm|[upkeep]
|-damage|p1a: Suicune|46/100 slp|[from] Sandstorm
|-heal|p1a: Suicune|52/100 slp|[from] item: Leftovers
|-heal|p2a: Skarms|36/100|[from] item: Leftovers
|upkeep
|turn|59
|
|t:|1729019128
|switch|p2a: Sheer mass|Blissey, F|51/100
|cant|p1a: Suicune|slp
|
|-weather|Sandstorm|[upkeep]
|-damage|p1a: Suicune|46/100 slp|[from] Sandstorm
|-damage|p2a: Sheer mass|45/100|[from] Sandstorm
|-heal|p1a: Suicune|52/100 slp|[from] item: Leftovers
|-heal|p2a: Sheer mass|51/100|[from] item: Leftovers
|upkeep
|turn|60
|
|t:|1729019144
|-curestatus|p1a: Suicune|slp|[msg]
|move|p1a: Suicune|Rest|p1a: Suicune
|-status|p1a: Suicune|slp|[from] move: Rest
|-heal|p1a: Suicune|100/100 slp|[silent]
|move|p2a: Sheer mass|Sing|p1a: Suicune
|-fail|p1a: Suicune|slp
|
|-weather|Sandstorm|[upkeep]
|-damage|p1a: Suicune|94/100 slp|[from] Sandstorm
|-damage|p2a: Sheer mass|45/100|[from] Sandstorm
|-heal|p1a: Suicune|100/100 slp|[from] item: Leftovers
|-heal|p2a: Sheer mass|51/100|[from] item: Leftovers
|upkeep
|turn|61
|
|t:|1729019156
|cant|p1a: Suicune|slp
|move|p2a: Sheer mass|Soft-Boiled|p2a: Sheer mass
|-heal|p2a: Sheer mass|100/100
|
|-weather|Sandstorm|[upkeep]
|-damage|p1a: Suicune|94/100 slp|[from] Sandstorm
|-damage|p2a: Sheer mass|94/100|[from] Sandstorm
|-heal|p1a: Suicune|100/100 slp|[from] item: Leftovers
|-heal|p2a: Sheer mass|100/100|[from] item: Leftovers
|upkeep
|turn|62
|
|t:|1729019175
|cant|p1a: Suicune|slp
|move|p2a: Sheer mass|Thunderbolt|p1a: Suicune
|-supereffective|p1a: Suicune
|-damage|p1a: Suicune|62/100 slp
|
|-weather|Sandstorm|[upkeep]
|-damage|p1a: Suicune|56/100 slp|[from] Sandstorm
|-damage|p2a: Sheer mass|94/100|[from] Sandstorm
|-heal|p1a: Suicune|62/100 slp|[from] item: Leftovers
|-heal|p2a: Sheer mass|100/100|[from] item: Leftovers
|upkeep
|turn|63
|
|t:|1729019187
|-curestatus|p1a: Suicune|slp|[msg]
|move|p1a: Suicune|Calm Mind|p1a: Suicune
|-boost|p1a: Suicune|spa|1
|-boost|p1a: Suicune|spd|1
|move|p2a: Sheer mass|Ice Beam|p1a: Suicune
|-resisted|p1a: Suicune
|-damage|p1a: Suicune|56/100
|
|-weather|Sandstorm|[upkeep]
|-damage|p1a: Suicune|50/100|[from] Sandstorm
|-damage|p2a: Sheer mass|94/100|[from] Sandstorm
|-heal|p1a: Suicune|56/100|[from] item: Leftovers
|-heal|p2a: Sheer mass|100/100|[from] item: Leftovers
|upkeep
|turn|64
|
|t:|1729019202
|move|p1a: Suicune|Calm Mind|p1a: Suicune
|-boost|p1a: Suicune|spa|1
|-boost|p1a: Suicune|spd|1
|move|p2a: Sheer mass|Sing|p1a: Suicune
|-status|p1a: Suicune|slp|[from] move: Sing
|
|-weather|Sandstorm|[upkeep]
|-damage|p1a: Suicune|50/100 slp|[from] Sandstorm
|-damage|p2a: Sheer mass|94/100|[from] Sandstorm
|-heal|p1a: Suicune|56/100 slp|[from] item: Leftovers
|-heal|p2a: Sheer mass|100/100|[from] item: Leftovers
|upkeep
|turn|65
|
|t:|1729019212
|cant|p1a: Suicune|slp
|move|p2a: Sheer mass|Thunderbolt|p1a: Suicune
|-supereffective|p1a: Suicune
|-damage|p1a: Suicune|37/100 slp
|
|-weather|Sandstorm|[upkeep]
|-damage|p1a: Suicune|30/100 slp|[from] Sandstorm
|-damage|p2a: Sheer mass|94/100|[from] Sandstorm
|-heal|p1a: Suicune|37/100 slp|[from] item: Leftovers
|-heal|p2a: Sheer mass|100/100|[from] item: Leftovers
|upkeep
|turn|66
|
|t:|1729019221
|cant|p1a: Suicune|slp
|move|p2a: Sheer mass|Thunderbolt|p1a: Suicune
|-supereffective|p1a: Suicune
|-damage|p1a: Suicune|18/100 slp
|
|-weather|Sandstorm|[upkeep]
|-damage|p1a: Suicune|12/100 slp|[from] Sandstorm
|-damage|p2a: Sheer mass|94/100|[from] Sandstorm
|-heal|p1a: Suicune|18/100 slp|[from] item: Leftovers
|-heal|p2a: Sheer mass|100/100|[from] item: Leftovers
|upkeep
|turn|67
|
|t:|1729019230
|cant|p1a: Suicune|slp
|move|p2a: Sheer mass|Thunderbolt|p1a: Suicune
|-supereffective|p1a: Suicune
|-damage|p1a: Suicune|0 fnt
|faint|p1a: Suicune
|
|t:|1729019237
|switch|p1a: Milotic|Milotic, M|92/100
|-damage|p1a: Milotic|67/100|[from] Spikes
|
|-weather|Sandstorm|[upkeep]
|-damage|p1a: Milotic|61/100|[from] Sandstorm
|-damage|p2a: Sheer mass|94/100|[from] Sandstorm
|-heal|p1a: Milotic|67/100|[from] item: Leftovers
|-heal|p2a: Sheer mass|100/100|[from] item: Leftovers
|upkeep
|turn|68
|
|t:|1729019245
|move|p1a: Milotic|Toxic|p2a: Sheer mass
|-status|p2a: Sheer mass|tox
|move|p2a: Sheer mass|Sing|p1a: Milotic|[miss]
|-miss|p2a: Sheer mass|p1a: Milotic
|
|-weather|Sandstorm|[upkeep]
|-damage|p1a: Milotic|61/100|[from] Sandstorm
|-damage|p2a: Sheer mass|94/100 tox|[from] Sandstorm
|-heal|p1a: Milotic|67/100|[from] item: Leftovers
|-heal|p2a: Sheer mass|100/100 tox|[from] item: Leftovers
|-damage|p2a: Sheer mass|94/100 tox|[from] psn
|upkeep
|turn|69
|
|t:|1729019256
|move|p1a: Milotic|Surf|p2a: Sheer mass
|-damage|p2a: Sheer mass|82/100 tox
|move|p2a: Sheer mass|Sing|p1a: Milotic
|-status|p1a: Milotic|slp|[from] move: Sing
|
|-weather|Sandstorm|[upkeep]
|-damage|p1a: Milotic|61/100 slp|[from] Sandstorm
|-damage|p2a: Sheer mass|76/100 tox|[from] Sandstorm
|-heal|p1a: Milotic|67/100 slp|[from] item: Leftovers
|-heal|p2a: Sheer mass|82/100 tox|[from] item: Leftovers
|-damage|p2a: Sheer mass|70/100 tox|[from] psn
|upkeep
|turn|70
|
|t:|1729019267
|-curestatus|p2a: Sheer mass|tox|[from] ability: Natural Cure
|switch|p2a: Skarms|Skarmory, F, shiny|36/100
|cant|p1a: Milotic|slp
|
|-weather|Sandstorm|[upkeep]
|-damage|p1a: Milotic|61/100 slp|[from] Sandstorm
|-heal|p1a: Milotic|67/100 slp|[from] item: Leftovers
|-heal|p2a: Skarms|42/100|[from] item: Leftovers
|upkeep
|turn|71
|c|☆bigyunakafan|gg
|-message|bigyunakafan forfeited.
|
|win|javiercar
|player|p1|
|c|☆javiercar|gg
|player|p2|
|player|p1|bigyunakafan|nessa|
|player|p1|
|player|p1|bigyunakafan|nessa|
|player|p1|
|player|p2|javiercar|170|

</script>
<script type="application/json" class="data" id="replaydata-smogtours-gen3ou-798952">
{"id":"smogtours-gen3ou-798952","format":"[Gen 3] OU","players":["bigyunakafan","javiercar"],"uploadtime":1729019275,"views":74,"formatid":"gen3ou","rating":null,"private":0,"password":null}
</script>

<script defer src="js/replays.js?9d40a366"></script>
