<!DOCTYPE html>
<meta charset="utf-8" />
<meta name="viewport" content="width=device-width" />

<title>[Gen 3] OU: SpeccyGames vs. Rebatca - Replays - Pok&eacute;mon Showdown!</title>

<meta name="description" content="Watch a replay of a Pok&eacute;mon battle between SpeccyGames and Rebatca! Format: [Gen 3] OU; Date: Oct 20, 2024" />
<!--

Hey, you! Looking in the source for the replay log?

You can find them in JSON format, just add `.json` at the end of a replay URL.

https://replay.pokemonshowdown.com/gen7randomdoublesbattle-865046831.json

Or, if you only need the log itself, add `.log` instead:

https://replay.pokemonshowdown.com/gen7randomdoublesbattle-865046831.log

-->

<link rel="stylesheet" href="//pokemonshowdown.com/style/global.css?0.023195364461161105" />
<link rel="stylesheet" href="//play.pokemonshowdown.com/style/font-awesome.css?0.13261647063804238" />
<link rel="stylesheet" href="//play.pokemonshowdown.com/style/battle.css?0.8753245789963631" />
<link rel="stylesheet" href="//play.pokemonshowdown.com/style/utilichart.css?0.8627959624976733" />

<!-- Global site tag (gtag.js) - Google Analytics -->
<script async src="https://www.googletagmanager.com/gtag/js?id=UA-26211653-1"></script>
<script>
  window.dataLayer = window.dataLayer || [];
  function gtag(){dataLayer.push(arguments);}
  gtag('js', new Date());

  gtag('config', 'UA-26211653-1');
</script>
<!-- End Google Analytics -->
<!-- Venatus Ad Manager - Install in <HEAD> of page -->
	<script src="https://hb.vntsm.com/v3/live/ad-manager.min.js" type="text/javascript" data-site-id="642aba63ec9a7b11c3c9c1be" data-mode="scan" async></script>
<!-- / Venatus Ad Manager -->

<style>
	@media (max-width:820px) {
		.battle {
			margin: 0 auto;
		}
		.battle-log {
			margin: 7px auto 0;
			max-width: 640px;
			height: 300px;
			position: static;
		}
	}
	.optgroup {
		display: inline-block;
		line-height: 22px;
		font-size: 10pt;
	}
	.optgroup .button {
		height: 25px;
		padding-top: 0;
		padding-bottom: 0;
	}
	.optgroup button.button {
		padding-left: 12px;
		padding-right: 12px;
	}
	.linklist {
		list-style: none;
		margin: 0.5em 0;
		padding: 0;
	}
	.linklist li {
		padding: 2px 0;
	}
	.sidebar {
		float: left;
		width: 320px;
	}
	.bar-wrapper {
		max-width: 1100px;
		margin: 0 auto;
	}
	.bar-wrapper.has-sidebar {
		max-width: 1430px;
	}
	.mainbar {
		margin: 0;
		padding-right: 1px;
	}
	.mainbar.has-sidebar {
		margin-left: 330px;
	}
	@media (min-width: 1511px) {
		.sidebar {
			width: 400px;
		}
		.bar-wrapper.has-sidebar {
			max-width: 1510px;
		}
		.mainbar.has-sidebar {
			margin-left: 410px;
		}
	}
	.section.first-section {
		margin-top: 9px;
	}
	.blocklink small {
		white-space: normal;
	}
	.button {
		vertical-align: middle;
	}
	.replay-controls {
		padding-top: 10px;
	}
	.replay-controls h1 {
		font-size: 16pt;
		font-weight: normal;
		color: #CCC;
	}
	.pagelink {
		text-align: center;
	}
	.pagelink a {
		width: 150px;
	}
	.textbox, .button {
		font-size: 11pt;
		vertical-align: middle;
	}
	@media (max-width: 450px) {
		.button {
			font-size: 9pt;
		}
	}
</style>

<div>

	<header>
		<div class="nav-wrapper"><ul class="nav">
			<li><a class="button nav-first" href="//pokemonshowdown.com/"><img src="//pokemonshowdown.com/images/pokemonshowdownbeta.png" srcset="//pokemonshowdown.com/images/pokemonshowdownbeta.png 1x, //pokemonshowdown.com/images/pokemonshowdownbeta@2x.png 2x" alt="Pok&eacute;mon Showdown" width="146" height="44" /> Home</a></li>
			<li><a class="button" href="//pokemonshowdown.com/dex/">Pok&eacute;dex</a></li>
			<li><a class="button cur" href="/">Replays</a></li>
			<li><a class="button" href="//pokemonshowdown.com/ladder/">Ladder</a></li>
			<li><a class="button nav-last" href="//pokemonshowdown.com/forums/">Forum</a></li>
			<li><a class="button greenbutton nav-first nav-last" href="//play.pokemonshowdown.com/">Play</a></li>
		</ul></div>
	</header>

	<div class="main" id="main">

		<noscript><section class="section">You need to enable JavaScript to use this page; sorry!</section></noscript>

	</div>

</div>

<script defer nomodule src="//play.pokemonshowdown.com/js/lib/ps-polyfill.js"></script>
<script defer src="//play.pokemonshowdown.com/js/lib/preact.min.js"></script>

<script defer src="//play.pokemonshowdown.com/config/config.js?2bddbc15"></script>
<script defer src="//play.pokemonshowdown.com/js/lib/jquery-1.11.0.min.js"></script>
<script defer src="//play.pokemonshowdown.com/js/lib/html-sanitizer-minified.js"></script>
<script defer src="//play.pokemonshowdown.com/js/battle-sound.js"></script>
<script defer src="//play.pokemonshowdown.com/js/battledata.js?0.7209276989879541"></script>
<script defer src="//play.pokemonshowdown.com/data/pokedex-mini.js?0.6111056340867951"></script>
<script defer src="//play.pokemonshowdown.com/data/pokedex-mini-bw.js?0.3532142036491459"></script>
<script defer src="//play.pokemonshowdown.com/data/graphics.js?0.24223875632456182"></script>
<script defer src="//play.pokemonshowdown.com/data/pokedex.js?0.38839984266356864"></script>
<script defer src="//play.pokemonshowdown.com/data/moves.js?0.21866028504024015"></script>
<script defer src="//play.pokemonshowdown.com/data/abilities.js?0.2005157953846628"></script>
<script defer src="//play.pokemonshowdown.com/data/items.js?0.9894211263848525"></script>
<script defer src="//play.pokemonshowdown.com/data/teambuilder-tables.js?0.6008791140282215"></script>
<script defer src="//play.pokemonshowdown.com/js/battle-tooltips.js?0.7580118955022959"></script>
<script defer src="//play.pokemonshowdown.com/js/battle.js?0.6057722274234274"></script>

<script defer src="js/utils.js?e31f9a17"></script>
<script defer src="js/replays-battle.js?7008c182"></script>

<!-- don't scrape this data! just add .json or .log after the URL!
Full API docs: https://github.com/smogon/pokemon-showdown-client/blob/master/WEB-API.md -->
<script type="text/plain" class="log" id="replaylog-smogtours-gen3ou-800791">
|inactive|Battle timer is ON: inactive players will automatically lose when time's up.
|t:|1729456598
|gametype|singles
|player|p1|SpeccyGames|cynthia-gen4|
|player|p2|Rebatca|dawn|
|teamsize|p1|6
|teamsize|p2|6
|gen|3
|tier|[Gen 3] OU
|rule|Sleep Clause Mod: Limit one foe put to sleep
|rule|Switch Priority Clause Mod: Faster Pokémon switch first
|rule|Species Clause: Limit one of each Pokémon
|rule|OHKO Clause: OHKO moves are banned
|rule|Evasion Items Clause: Evasion items are banned
|rule|Evasion Moves Clause: Evasion moves are banned
|rule|Endless Battle Clause: Forcing endless battles is banned
|rule|HP Percentage Mod: HP is shown in percentages
|rule|One Boost Passer Clause: Limit one Baton Passer that has a way to boost its stats
|rule|Freeze Clause Mod: Limit one foe frozen
|
|t:|1729456598
|start
|switch|p1a: Tyranitar|Tyranitar, F|100/100
|switch|p2a: We talked a lot|Flygon, F|100/100
|-weather|Sandstorm|[from] ability: Sand Stream|[of] p1a: Tyranitar
|turn|1
|
|t:|1729456617
|switch|p1a: Swampert|Swampert, M|100/100
|move|p2a: We talked a lot|Substitute|p2a: We talked a lot
|-start|p2a: We talked a lot|Substitute
|-damage|p2a: We talked a lot|75/100
|
|-weather|Sandstorm|[upkeep]
|-heal|p2a: We talked a lot|82/100|[from] item: Leftovers
|upkeep
|turn|2
|
|t:|1729456631
|move|p2a: We talked a lot|Earthquake|p1a: Swampert
|-damage|p1a: Swampert|68/100
|move|p1a: Swampert|Ice Beam|p2a: We talked a lot
|-supereffective|p2a: We talked a lot
|-end|p2a: We talked a lot|Substitute
|
|-weather|Sandstorm|[upkeep]
|-heal|p2a: We talked a lot|88/100|[from] item: Leftovers
|-heal|p1a: Swampert|74/100|[from] item: Leftovers
|upkeep
|turn|3
|
|t:|1729456662
|switch|p2a: For searing cod|Moltres|100/100
|move|p1a: Swampert|Hydro Pump|p2a: For searing cod
|-supereffective|p2a: For searing cod
|-damage|p2a: For searing cod|13/100
|
|-weather|Sandstorm|[upkeep]
|-damage|p2a: For searing cod|7/100|[from] Sandstorm
|-heal|p2a: For searing cod|13/100|[from] item: Leftovers
|-heal|p1a: Swampert|80/100|[from] item: Leftovers
|upkeep
|turn|4
|inactive|SpeccyGames has 270 seconds left.
|inactive|Rebatca has 270 seconds left.
|
|t:|1729456698
|move|p1a: Swampert|Protect|p1a: Swampert
|-singleturn|p1a: Swampert|Protect
|move|p2a: For searing cod|Will-O-Wisp|p1a: Swampert|[miss]
|-miss|p2a: For searing cod|p1a: Swampert
|
|-weather|Sandstorm|[upkeep]
|-damage|p2a: For searing cod|7/100|[from] Sandstorm
|-heal|p2a: For searing cod|13/100|[from] item: Leftovers
|-heal|p1a: Swampert|86/100|[from] item: Leftovers
|upkeep
|turn|5
|
|t:|1729456713
|switch|p1a: Blissey|Blissey, F|100/100
|move|p2a: For searing cod|Hidden Power|p1a: Blissey
|-damage|p1a: Blissey|90/100
|
|-weather|Sandstorm|[upkeep]
|-damage|p2a: For searing cod|7/100|[from] Sandstorm
|-damage|p1a: Blissey|84/100|[from] Sandstorm
|-heal|p2a: For searing cod|13/100|[from] item: Leftovers
|-heal|p1a: Blissey|90/100|[from] item: Leftovers
|upkeep
|turn|6
|inactive|Rebatca has 270 seconds left.
|inactive|SpeccyGames has 240 seconds left.
|
|t:|1729456762
|switch|p2a: Leave me alone|Claydol|100/100
|move|p1a: Blissey|Seismic Toss|p2a: Leave me alone
|-damage|p2a: Leave me alone|70/100
|
|-weather|Sandstorm|[upkeep]
|-damage|p1a: Blissey|84/100|[from] Sandstorm
|-heal|p2a: Leave me alone|76/100|[from] item: Leftovers
|-heal|p1a: Blissey|90/100|[from] item: Leftovers
|upkeep
|turn|7
|
|t:|1729456779
|move|p2a: Leave me alone|Toxic|p1a: Blissey
|-status|p1a: Blissey|tox
|move|p1a: Blissey|Toxic|p2a: Leave me alone
|-status|p2a: Leave me alone|tox
|
|-weather|Sandstorm|[upkeep]
|-damage|p1a: Blissey|84/100 tox|[from] Sandstorm
|-heal|p2a: Leave me alone|82/100 tox|[from] item: Leftovers
|-damage|p2a: Leave me alone|76/100 tox|[from] psn
|-heal|p1a: Blissey|90/100 tox|[from] item: Leftovers
|-damage|p1a: Blissey|84/100 tox|[from] psn
|upkeep
|turn|8
|inactive|Rebatca has 240 seconds left.
|inactive|SpeccyGames has 210 seconds left.
|
|t:|1729456833
|switch|p2a: To catch fish|Zapdos|100/100
|-curestatus|p1a: Blissey|tox|[from] ability: Natural Cure
|switch|p1a: Skarmory|Skarmory, M|100/100
|
|-weather|Sandstorm|[upkeep]
|-damage|p2a: To catch fish|94/100|[from] Sandstorm
|-heal|p2a: To catch fish|100/100|[from] item: Leftovers
|upkeep
|turn|9
|inactive|SpeccyGames has 180 seconds left.
|inactive|Rebatca has 210 seconds left.
|
|t:|1729456874
|switch|p1a: Blissey|Blissey, F|84/100
|move|p2a: To catch fish|Thunderbolt|p1a: Blissey
|-crit|p1a: Blissey
|-damage|p1a: Blissey|50/100
|
|-weather|Sandstorm|[upkeep]
|-damage|p2a: To catch fish|94/100|[from] Sandstorm
|-damage|p1a: Blissey|44/100|[from] Sandstorm
|-heal|p2a: To catch fish|100/100|[from] item: Leftovers
|-heal|p1a: Blissey|50/100|[from] item: Leftovers
|upkeep
|turn|10
|inactive|Rebatca has 210 seconds left.
|inactive|Rebatca has 180 seconds left.
|
|t:|1729456915
|switch|p2a: We talked a lot|Flygon, F|88/100
|move|p1a: Blissey|Toxic|p2a: We talked a lot
|-status|p2a: We talked a lot|tox
|
|-weather|Sandstorm|[upkeep]
|-damage|p1a: Blissey|44/100|[from] Sandstorm
|-heal|p2a: We talked a lot|94/100 tox|[from] item: Leftovers
|-damage|p2a: We talked a lot|88/100 tox|[from] psn
|-heal|p1a: Blissey|50/100|[from] item: Leftovers
|upkeep
|turn|11
|inactive|Rebatca has 180 seconds left.
|inactive|SpeccyGames has 150 seconds left.
|
|t:|1729456947
|switch|p1a: Swampert|Swampert, M|86/100
|move|p2a: We talked a lot|Fire Blast|p1a: Swampert
|-resisted|p1a: Swampert
|-damage|p1a: Swampert|75/100
|
|-weather|Sandstorm|[upkeep]
|-heal|p2a: We talked a lot|94/100 tox|[from] item: Leftovers
|-damage|p2a: We talked a lot|82/100 tox|[from] psn
|-heal|p1a: Swampert|81/100|[from] item: Leftovers
|upkeep
|turn|12
|inactive|SpeccyGames has 150 seconds left.
|inactive|Rebatca has 180 seconds left.
|
|t:|1729456966
|switch|p2a: To catch fish|Zapdos|100/100
|move|p1a: Swampert|Ice Beam|p2a: To catch fish
|-supereffective|p2a: To catch fish
|-damage|p2a: To catch fish|60/100
|
|-weather|Sandstorm|[upkeep]
|-damage|p2a: To catch fish|53/100|[from] Sandstorm
|-heal|p2a: To catch fish|60/100|[from] item: Leftovers
|-heal|p1a: Swampert|88/100|[from] item: Leftovers
|upkeep
|turn|13
|inactive|Rebatca has 180 seconds left.
|
|t:|1729456982
|move|p1a: Swampert|Protect|p1a: Swampert
|-singleturn|p1a: Swampert|Protect
|move|p2a: To catch fish|Thunder Wave|p1a: Swampert
|-activate|p1a: Swampert|Protect
|
|-weather|Sandstorm|[upkeep]
|-damage|p2a: To catch fish|53/100|[from] Sandstorm
|-heal|p2a: To catch fish|60/100|[from] item: Leftovers
|-heal|p1a: Swampert|94/100|[from] item: Leftovers
|upkeep
|turn|14
|inactive|Rebatca has 180 seconds left.
|
|t:|1729457012
|switch|p1a: Blissey|Blissey, F|50/100
|move|p2a: To catch fish|Thunderbolt|p1a: Blissey
|-damage|p1a: Blissey|32/100
|-status|p1a: Blissey|par
|
|-weather|Sandstorm|[upkeep]
|-damage|p2a: To catch fish|53/100|[from] Sandstorm
|-damage|p1a: Blissey|25/100 par|[from] Sandstorm
|-heal|p2a: To catch fish|60/100|[from] item: Leftovers
|-heal|p1a: Blissey|32/100 par|[from] item: Leftovers
|upkeep
|turn|15
|
|t:|1729457024
|move|p2a: To catch fish|Thunderbolt|p1a: Blissey
|-damage|p1a: Blissey|13/100 par
|move|p1a: Blissey|Soft-Boiled|p1a: Blissey
|-heal|p1a: Blissey|63/100 par
|
|-weather|Sandstorm|[upkeep]
|-damage|p2a: To catch fish|53/100|[from] Sandstorm
|-damage|p1a: Blissey|57/100 par|[from] Sandstorm
|-heal|p2a: To catch fish|60/100|[from] item: Leftovers
|-heal|p1a: Blissey|63/100 par|[from] item: Leftovers
|upkeep
|turn|16
|inactive|SpeccyGames has 120 seconds left.
|
|t:|1729457057
|move|p2a: To catch fish|Rest|p2a: To catch fish
|-status|p2a: To catch fish|slp|[from] move: Rest
|-heal|p2a: To catch fish|100/100 slp|[silent]
|move|p1a: Blissey|Ice Beam|p2a: To catch fish
|-supereffective|p2a: To catch fish
|-damage|p2a: To catch fish|59/100 slp
|
|-weather|Sandstorm|[upkeep]
|-damage|p2a: To catch fish|53/100 slp|[from] Sandstorm
|-damage|p1a: Blissey|57/100 par|[from] Sandstorm
|-heal|p2a: To catch fish|59/100 slp|[from] item: Leftovers
|-heal|p1a: Blissey|63/100 par|[from] item: Leftovers
|upkeep
|turn|17
|
|t:|1729457066
|switch|p2a: We fought a lot|Blissey, F|100/100
|cant|p1a: Blissey|par
|
|-weather|Sandstorm|[upkeep]
|-damage|p2a: We fought a lot|94/100|[from] Sandstorm
|-damage|p1a: Blissey|57/100 par|[from] Sandstorm
|-heal|p2a: We fought a lot|100/100|[from] item: Leftovers
|-heal|p1a: Blissey|63/100 par|[from] item: Leftovers
|upkeep
|turn|18
|inactive|SpeccyGames has 120 seconds left.
|
|t:|1729457084
|-curestatus|p1a: Blissey|par|[from] ability: Natural Cure
|switch|p1a: Tyranitar|Tyranitar, F|100/100
|move|p2a: We fought a lot|Aromatherapy|p2a: We fought a lot
|-cureteam|p2a: We fought a lot|[from] move: Aromatherapy
|
|-weather|Sandstorm|[upkeep]
|-damage|p2a: We fought a lot|94/100|[from] Sandstorm
|-heal|p2a: We fought a lot|100/100|[from] item: Leftovers
|upkeep
|turn|19
|inactive|Rebatca has 180 seconds left.
|inactive|SpeccyGames has 120 seconds left.
|
|t:|1729457104
|move|p1a: Tyranitar|Toxic|p2a: We fought a lot
|-status|p2a: We fought a lot|tox
|move|p2a: We fought a lot|Seismic Toss|p1a: Tyranitar
|-damage|p1a: Tyranitar|76/100
|
|-weather|Sandstorm|[upkeep]
|-damage|p2a: We fought a lot|94/100 tox|[from] Sandstorm
|-heal|p1a: Tyranitar|82/100|[from] item: Leftovers
|-heal|p2a: We fought a lot|100/100 tox|[from] item: Leftovers
|-damage|p2a: We fought a lot|94/100 tox|[from] psn
|upkeep
|turn|20
|inactive|SpeccyGames has 120 seconds left.
|
|t:|1729457120
|-curestatus|p2a: We fought a lot|tox|[from] ability: Natural Cure
|switch|p2a: Leave me alone|Claydol|76/100
|move|p1a: Tyranitar|Rock Slide|p2a: Leave me alone
|-resisted|p2a: Leave me alone
|-damage|p2a: Leave me alone|62/100
|
|-weather|Sandstorm|[upkeep]
|-heal|p1a: Tyranitar|88/100|[from] item: Leftovers
|-heal|p2a: Leave me alone|68/100|[from] item: Leftovers
|upkeep
|turn|21
|inactive|Rebatca has 180 seconds left.
|
|t:|1729457152
|switch|p1a: Skarmory|Skarmory, M|100/100
|move|p2a: Leave me alone|Ice Beam|p1a: Skarmory
|-damage|p1a: Skarmory|84/100
|
|-weather|Sandstorm|[upkeep]
|-heal|p1a: Skarmory|90/100|[from] item: Leftovers
|-heal|p2a: Leave me alone|75/100|[from] item: Leftovers
|upkeep
|turn|22
|inactive|Rebatca has 150 seconds left.
|
|t:|1729457168
|switch|p2a: For searing cod|Moltres|13/100
|move|p1a: Skarmory|Toxic|p2a: For searing cod
|-status|p2a: For searing cod|tox
|
|-weather|Sandstorm|[upkeep]
|-damage|p2a: For searing cod|7/100 tox|[from] Sandstorm
|-heal|p2a: For searing cod|13/100 tox|[from] item: Leftovers
|-damage|p2a: For searing cod|7/100 tox|[from] psn
|-heal|p1a: Skarmory|96/100|[from] item: Leftovers
|upkeep
|turn|23
|inactive|Rebatca has 150 seconds left.
|
|t:|1729457194
|switch|p2a: To catch fish|Zapdos|59/100
|switch|p1a: Blissey|Blissey, F|63/100
|
|-weather|Sandstorm|[upkeep]
|-damage|p2a: To catch fish|53/100|[from] Sandstorm
|-damage|p1a: Blissey|57/100|[from] Sandstorm
|-heal|p2a: To catch fish|59/100|[from] item: Leftovers
|-heal|p1a: Blissey|63/100|[from] item: Leftovers
|upkeep
|turn|24
|inactive|Rebatca has 150 seconds left.
|inactive|SpeccyGames has 90 seconds left.
|
|t:|1729457212
|move|p2a: To catch fish|Thunder Wave|p1a: Blissey
|-status|p1a: Blissey|par
|cant|p1a: Blissey|par
|
|-weather|Sandstorm|[upkeep]
|-damage|p2a: To catch fish|53/100|[from] Sandstorm
|-damage|p1a: Blissey|57/100 par|[from] Sandstorm
|-heal|p2a: To catch fish|59/100|[from] item: Leftovers
|-heal|p1a: Blissey|63/100 par|[from] item: Leftovers
|upkeep
|turn|25
|inactive|Rebatca has 150 seconds left.
|
|t:|1729457231
|move|p2a: To catch fish|Rest|p2a: To catch fish
|-status|p2a: To catch fish|slp|[from] move: Rest
|-heal|p2a: To catch fish|100/100 slp|[silent]
|cant|p1a: Blissey|par
|
|-weather|Sandstorm|[upkeep]
|-damage|p2a: To catch fish|94/100 slp|[from] Sandstorm
|-damage|p1a: Blissey|57/100 par|[from] Sandstorm
|-heal|p2a: To catch fish|100/100 slp|[from] item: Leftovers
|-heal|p1a: Blissey|63/100 par|[from] item: Leftovers
|upkeep
|turn|26
|
|t:|1729457242
|switch|p2a: We fought a lot|Blissey, F|94/100
|-curestatus|p1a: Blissey|par|[from] ability: Natural Cure
|switch|p1a: Gengar|Gengar, M|100/100
|
|-weather|Sandstorm|[upkeep]
|-damage|p1a: Gengar|94/100|[from] Sandstorm
|-damage|p2a: We fought a lot|88/100|[from] Sandstorm
|-heal|p1a: Gengar|100/100|[from] item: Leftovers
|-heal|p2a: We fought a lot|94/100|[from] item: Leftovers
|upkeep
|turn|27
|inactive|Rebatca has 150 seconds left.
|inactive|Rebatca has 120 seconds left.
|
|t:|1729457286
|switch|p2a: Leave me alone|Claydol|75/100
|move|p1a: Gengar|Ice Punch|p2a: Leave me alone
|-supereffective|p2a: Leave me alone
|-damage|p2a: Leave me alone|33/100
|
|-weather|Sandstorm|[upkeep]
|-damage|p1a: Gengar|94/100|[from] Sandstorm
|-heal|p1a: Gengar|100/100|[from] item: Leftovers
|-heal|p2a: Leave me alone|39/100|[from] item: Leftovers
|upkeep
|turn|28
|inactive|Rebatca has 120 seconds left.
|
|t:|1729457294
|switch|p2a: We fought a lot|Blissey, F|94/100
|move|p1a: Gengar|Ice Punch|p2a: We fought a lot
|-crit|p2a: We fought a lot
|-damage|p2a: We fought a lot|78/100
|
|-weather|Sandstorm|[upkeep]
|-damage|p1a: Gengar|94/100|[from] Sandstorm
|-damage|p2a: We fought a lot|72/100|[from] Sandstorm
|-heal|p1a: Gengar|100/100|[from] item: Leftovers
|-heal|p2a: We fought a lot|78/100|[from] item: Leftovers
|upkeep
|turn|29
|inactive|SpeccyGames has 90 seconds left.
|
|t:|1729457316
|move|p1a: Gengar|Taunt|p2a: We fought a lot
|-start|p2a: We fought a lot|move: Taunt
|cant|p2a: We fought a lot|move: Taunt|Aromatherapy
|
|-weather|Sandstorm|[upkeep]
|-damage|p1a: Gengar|94/100|[from] Sandstorm
|-damage|p2a: We fought a lot|72/100|[from] Sandstorm
|-heal|p1a: Gengar|100/100|[from] item: Leftovers
|-heal|p2a: We fought a lot|78/100|[from] item: Leftovers
|upkeep
|turn|30
|
|t:|1729457329
|move|p1a: Gengar|Will-O-Wisp|p2a: We fought a lot|[miss]
|-miss|p1a: Gengar|p2a: We fought a lot
|move|p2a: We fought a lot|Seismic Toss|p1a: Gengar
|-immune|p1a: Gengar
|
|-weather|Sandstorm|[upkeep]
|-damage|p1a: Gengar|94/100|[from] Sandstorm
|-damage|p2a: We fought a lot|72/100|[from] Sandstorm
|-heal|p1a: Gengar|100/100|[from] item: Leftovers
|-heal|p2a: We fought a lot|78/100|[from] item: Leftovers
|-end|p2a: We fought a lot|move: Taunt|[silent]
|upkeep
|turn|31
|inactive|Rebatca has 120 seconds left.
|
|t:|1729457352
|switch|p2a: When I'm TOO alone|Suicune|100/100
|move|p1a: Gengar|Taunt|p2a: When I'm TOO alone
|-start|p2a: When I'm TOO alone|move: Taunt
|
|-weather|Sandstorm|[upkeep]
|-damage|p1a: Gengar|94/100|[from] Sandstorm
|-damage|p2a: When I'm TOO alone|94/100|[from] Sandstorm
|-heal|p1a: Gengar|100/100|[from] item: Leftovers
|-heal|p2a: When I'm TOO alone|100/100|[from] item: Leftovers
|upkeep
|turn|32
|inactive|SpeccyGames has 90 seconds left.
|
|t:|1729457369
|move|p1a: Gengar|Thunderbolt|p2a: When I'm TOO alone
|-supereffective|p2a: When I'm TOO alone
|-damage|p2a: When I'm TOO alone|62/100
|move|p2a: When I'm TOO alone|Surf|p1a: Gengar
|-damage|p1a: Gengar|64/100
|
|-weather|Sandstorm|[upkeep]
|-damage|p1a: Gengar|58/100|[from] Sandstorm
|-damage|p2a: When I'm TOO alone|56/100|[from] Sandstorm
|-heal|p1a: Gengar|64/100|[from] item: Leftovers
|-heal|p2a: When I'm TOO alone|62/100|[from] item: Leftovers
|-end|p2a: When I'm TOO alone|move: Taunt|[silent]
|upkeep
|turn|33
|inactive|SpeccyGames has 90 seconds left.
|inactive|Rebatca has 120 seconds left.
|
|t:|1729457393
|switch|p1a: Blissey|Blissey, F|63/100
|move|p2a: When I'm TOO alone|Calm Mind|p2a: When I'm TOO alone
|-boost|p2a: When I'm TOO alone|spa|1
|-boost|p2a: When I'm TOO alone|spd|1
|
|-weather|Sandstorm|[upkeep]
|-damage|p2a: When I'm TOO alone|56/100|[from] Sandstorm
|-damage|p1a: Blissey|57/100|[from] Sandstorm
|-heal|p2a: When I'm TOO alone|62/100|[from] item: Leftovers
|-heal|p1a: Blissey|63/100|[from] item: Leftovers
|upkeep
|turn|34
|inactive|Rebatca has 120 seconds left.
|
|t:|1729457423
|move|p2a: When I'm TOO alone|Calm Mind|p2a: When I'm TOO alone
|-boost|p2a: When I'm TOO alone|spa|1
|-boost|p2a: When I'm TOO alone|spd|1
|move|p1a: Blissey|Toxic|p2a: When I'm TOO alone
|-status|p2a: When I'm TOO alone|tox
|
|-weather|Sandstorm|[upkeep]
|-damage|p2a: When I'm TOO alone|56/100 tox|[from] Sandstorm
|-damage|p1a: Blissey|57/100|[from] Sandstorm
|-heal|p2a: When I'm TOO alone|62/100 tox|[from] item: Leftovers
|-damage|p2a: When I'm TOO alone|56/100 tox|[from] psn
|-heal|p1a: Blissey|63/100|[from] item: Leftovers
|upkeep
|turn|35
|
|t:|1729457437
|move|p2a: When I'm TOO alone|Rest|p2a: When I'm TOO alone
|-status|p2a: When I'm TOO alone|slp|[from] move: Rest
|-heal|p2a: When I'm TOO alone|100/100 slp|[silent]
|move|p1a: Blissey|Seismic Toss|p2a: When I'm TOO alone
|-damage|p2a: When I'm TOO alone|76/100 slp
|
|-weather|Sandstorm|[upkeep]
|-damage|p2a: When I'm TOO alone|70/100 slp|[from] Sandstorm
|-damage|p1a: Blissey|57/100|[from] Sandstorm
|-heal|p2a: When I'm TOO alone|76/100 slp|[from] item: Leftovers
|-heal|p1a: Blissey|63/100|[from] item: Leftovers
|upkeep
|turn|36
|
|t:|1729457444
|cant|p2a: When I'm TOO alone|slp
|move|p2a: When I'm TOO alone|Sleep Talk|p2a: When I'm TOO alone
|move|p2a: When I'm TOO alone|Surf|p1a: Blissey|[from]Sleep Talk
|-damage|p1a: Blissey|39/100
|move|p1a: Blissey|Seismic Toss|p2a: When I'm TOO alone
|-damage|p2a: When I'm TOO alone|51/100 slp
|
|-weather|Sandstorm|[upkeep]
|-damage|p2a: When I'm TOO alone|45/100 slp|[from] Sandstorm
|-damage|p1a: Blissey|33/100|[from] Sandstorm
|-heal|p2a: When I'm TOO alone|51/100 slp|[from] item: Leftovers
|-heal|p1a: Blissey|39/100|[from] item: Leftovers
|upkeep
|turn|37
|
|t:|1729457450
|cant|p2a: When I'm TOO alone|slp
|move|p2a: When I'm TOO alone|Sleep Talk|p2a: When I'm TOO alone
|move|p2a: When I'm TOO alone|Rest|p2a: When I'm TOO alone|[from]Sleep Talk
|move|p1a: Blissey|Soft-Boiled|p1a: Blissey
|-heal|p1a: Blissey|89/100
|
|-weather|Sandstorm|[upkeep]
|-damage|p2a: When I'm TOO alone|45/100 slp|[from] Sandstorm
|-damage|p1a: Blissey|83/100|[from] Sandstorm
|-heal|p2a: When I'm TOO alone|51/100 slp|[from] item: Leftovers
|-heal|p1a: Blissey|89/100|[from] item: Leftovers
|upkeep
|turn|38
|inactive|Rebatca has 120 seconds left.
|
|t:|1729457471
|-curestatus|p2a: When I'm TOO alone|slp|[msg]
|move|p2a: When I'm TOO alone|Calm Mind|p2a: When I'm TOO alone
|-boost|p2a: When I'm TOO alone|spa|1
|-boost|p2a: When I'm TOO alone|spd|1
|move|p1a: Blissey|Seismic Toss|p2a: When I'm TOO alone
|-damage|p2a: When I'm TOO alone|26/100
|
|-weather|Sandstorm|[upkeep]
|-damage|p2a: When I'm TOO alone|20/100|[from] Sandstorm
|-damage|p1a: Blissey|83/100|[from] Sandstorm
|-heal|p2a: When I'm TOO alone|26/100|[from] item: Leftovers
|-heal|p1a: Blissey|89/100|[from] item: Leftovers
|upkeep
|turn|39
|
|t:|1729457478
|move|p2a: When I'm TOO alone|Rest|p2a: When I'm TOO alone
|-status|p2a: When I'm TOO alone|slp|[from] move: Rest
|-heal|p2a: When I'm TOO alone|100/100 slp|[silent]
|move|p1a: Blissey|Seismic Toss|p2a: When I'm TOO alone
|-damage|p2a: When I'm TOO alone|76/100 slp
|
|-weather|Sandstorm|[upkeep]
|-damage|p2a: When I'm TOO alone|70/100 slp|[from] Sandstorm
|-damage|p1a: Blissey|83/100|[from] Sandstorm
|-heal|p2a: When I'm TOO alone|76/100 slp|[from] item: Leftovers
|-heal|p1a: Blissey|89/100|[from] item: Leftovers
|upkeep
|turn|40
|
|t:|1729457492
|switch|p1a: Skarmory|Skarmory, M|96/100
|cant|p2a: When I'm TOO alone|slp
|move|p2a: When I'm TOO alone|Sleep Talk|p2a: When I'm TOO alone
|move|p2a: When I'm TOO alone|Rest|p2a: When I'm TOO alone|[from]Sleep Talk
|
|-weather|Sandstorm|[upkeep]
|-damage|p2a: When I'm TOO alone|70/100 slp|[from] Sandstorm
|-heal|p2a: When I'm TOO alone|76/100 slp|[from] item: Leftovers
|-heal|p1a: Skarmory|100/100|[from] item: Leftovers
|upkeep
|turn|41
|
|t:|1729457505
|cant|p2a: When I'm TOO alone|slp
|move|p2a: When I'm TOO alone|Sleep Talk|p2a: When I'm TOO alone
|move|p2a: When I'm TOO alone|Calm Mind|p2a: When I'm TOO alone|[from]Sleep Talk
|-boost|p2a: When I'm TOO alone|spa|1
|-boost|p2a: When I'm TOO alone|spd|1
|move|p1a: Skarmory|Whirlwind|p2a: When I'm TOO alone
|drag|p2a: We talked a lot|Flygon, F|82/100
|
|-weather|Sandstorm|[upkeep]
|-heal|p2a: We talked a lot|88/100|[from] item: Leftovers
|upkeep
|turn|42
|inactive|SpeccyGames has 90 seconds left.
|
|t:|1729457543
|move|p2a: We talked a lot|Fire Blast|p1a: Skarmory
|-supereffective|p1a: Skarmory
|-damage|p1a: Skarmory|60/100
|move|p1a: Skarmory|Spikes|p2a: We talked a lot
|-sidestart|p2: Rebatca|Spikes
|
|-weather|Sandstorm|[upkeep]
|-heal|p2a: We talked a lot|94/100|[from] item: Leftovers
|-heal|p1a: Skarmory|66/100|[from] item: Leftovers
|upkeep
|turn|43
|
|t:|1729457549
|switch|p1a: Swampert|Swampert, M|94/100
|move|p2a: We talked a lot|Fire Blast|p1a: Swampert|[miss]
|-miss|p2a: We talked a lot|p1a: Swampert
|
|-weather|Sandstorm|[upkeep]
|-heal|p2a: We talked a lot|99/100|[from] item: Leftovers
|-heal|p1a: Swampert|99/100|[from] item: Leftovers
|upkeep
|turn|44
|inactive|SpeccyGames has 90 seconds left.
|inactive|Rebatca has 120 seconds left.
|
|t:|1729457574
|switch|p2a: We fought a lot|Blissey, F|78/100
|-damage|p2a: We fought a lot|66/100|[from] Spikes
|move|p1a: Swampert|Ice Beam|p2a: We fought a lot
|-damage|p2a: We fought a lot|58/100
|
|-weather|Sandstorm|[upkeep]
|-damage|p2a: We fought a lot|51/100|[from] Sandstorm
|-heal|p1a: Swampert|100/100|[from] item: Leftovers
|-heal|p2a: We fought a lot|58/100|[from] item: Leftovers
|upkeep
|turn|45
|
|t:|1729457583
|move|p1a: Swampert|Earthquake|p2a: We fought a lot
|-damage|p2a: We fought a lot|23/100
|move|p2a: We fought a lot|Soft-Boiled|p2a: We fought a lot
|-heal|p2a: We fought a lot|73/100
|
|-weather|Sandstorm|[upkeep]
|-damage|p2a: We fought a lot|67/100|[from] Sandstorm
|-heal|p2a: We fought a lot|73/100|[from] item: Leftovers
|upkeep
|turn|46
|inactive|SpeccyGames has 90 seconds left.
|
|t:|1729457602
|move|p1a: Swampert|Earthquake|p2a: We fought a lot
|-damage|p2a: We fought a lot|38/100
|move|p2a: We fought a lot|Aromatherapy|p2a: We fought a lot
|-cureteam|p2a: We fought a lot|[from] move: Aromatherapy
|
|-weather|Sandstorm|[upkeep]
|-damage|p2a: We fought a lot|32/100|[from] Sandstorm
|-heal|p2a: We fought a lot|38/100|[from] item: Leftovers
|upkeep
|turn|47
|inactive|Rebatca has 120 seconds left.
|
|t:|1729457632
|move|p1a: Swampert|Ice Beam|p2a: We fought a lot
|-damage|p2a: We fought a lot|31/100
|move|p2a: We fought a lot|Soft-Boiled|p2a: We fought a lot
|-heal|p2a: We fought a lot|81/100
|
|-weather|Sandstorm|[upkeep]
|-damage|p2a: We fought a lot|74/100|[from] Sandstorm
|-heal|p2a: We fought a lot|81/100|[from] item: Leftovers
|upkeep
|turn|48
|
|t:|1729457644
|switch|p1a: Gengar|Gengar, M|64/100
|move|p2a: We fought a lot|Toxic|p1a: Gengar
|-immune|p1a: Gengar
|
|-weather|Sandstorm|[upkeep]
|-damage|p1a: Gengar|58/100|[from] Sandstorm
|-damage|p2a: We fought a lot|74/100|[from] Sandstorm
|-heal|p1a: Gengar|64/100|[from] item: Leftovers
|-heal|p2a: We fought a lot|81/100|[from] item: Leftovers
|upkeep
|turn|49
|inactive|Rebatca has 120 seconds left.
|inactive|SpeccyGames has 60 seconds left.
|
|t:|1729457676
|move|p1a: Gengar|Ice Punch|p2a: We fought a lot
|-damage|p2a: We fought a lot|73/100
|move|p2a: We fought a lot|Soft-Boiled|p2a: We fought a lot
|-heal|p2a: We fought a lot|100/100
|
|-weather|Sandstorm|[upkeep]
|-damage|p1a: Gengar|58/100|[from] Sandstorm
|-damage|p2a: We fought a lot|94/100|[from] Sandstorm
|-heal|p1a: Gengar|64/100|[from] item: Leftovers
|-heal|p2a: We fought a lot|100/100|[from] item: Leftovers
|upkeep
|turn|50
|inactive|SpeccyGames has 60 seconds left.
|inactive|Rebatca has 120 seconds left.
|
|t:|1729457697
|switch|p2a: For searing cod|Moltres|7/100
|move|p1a: Gengar|Ice Punch|p2a: For searing cod
|-damage|p2a: For searing cod|0 fnt
|faint|p2a: For searing cod
|
|t:|1729457703
|switch|p2a: When I'm TOO alone|Suicune|76/100
|-damage|p2a: When I'm TOO alone|63/100|[from] Spikes
|
|-weather|Sandstorm|[upkeep]
|-damage|p1a: Gengar|58/100|[from] Sandstorm
|-damage|p2a: When I'm TOO alone|57/100|[from] Sandstorm
|-heal|p1a: Gengar|64/100|[from] item: Leftovers
|-heal|p2a: When I'm TOO alone|63/100|[from] item: Leftovers
|upkeep
|turn|51
|inactive|SpeccyGames has 60 seconds left.
|inactive|Rebatca has 90 seconds left.
|inactive|SpeccyGames has 30 seconds left.
|
|t:|1729457756
|switch|p1a: Blissey|Blissey, F|89/100
|switch|p2a: Leave me alone|Claydol|39/100
|
|-weather|Sandstorm|[upkeep]
|-damage|p1a: Blissey|83/100|[from] Sandstorm
|-heal|p2a: Leave me alone|45/100|[from] item: Leftovers
|-heal|p1a: Blissey|89/100|[from] item: Leftovers
|upkeep
|turn|52
|inactive|SpeccyGames has 30 seconds left.
|
|t:|1729457780
|move|p2a: Leave me alone|Explosion|p1a: Blissey
|-damage|p1a: Blissey|2/100
|faint|p2a: Leave me alone
|inactive|SpeccyGames has 30 seconds left this turn.
|inactive|Rebatca has 60 seconds left.
|
|t:|1729457806
|switch|p2a: To catch fish|Zapdos|100/100
|
|-weather|Sandstorm|[upkeep]
|-damage|p2a: To catch fish|94/100|[from] Sandstorm
|-damage|p1a: Blissey|0 fnt|[from] Sandstorm
|faint|p1a: Blissey
|-heal|p2a: To catch fish|100/100|[from] item: Leftovers
|upkeep
|inactive|SpeccyGames has 30 seconds left.
|inactive|SpeccyGames has 20 seconds left.
|inactive|SpeccyGames has 15 seconds left.
|
|t:|1729457829
|switch|p1a: Gengar|Gengar, M|64/100
|turn|53
|inactive|SpeccyGames has 25 seconds left this turn.
|inactive|SpeccyGames has 20 seconds left.
|
|t:|1729457839
|move|p1a: Gengar|Ice Punch|p2a: To catch fish
|-supereffective|p2a: To catch fish
|-damage|p2a: To catch fish|61/100
|move|p2a: To catch fish|Thunder Wave|p1a: Gengar
|-status|p1a: Gengar|par
|
|-weather|Sandstorm|[upkeep]
|-damage|p2a: To catch fish|54/100|[from] Sandstorm
|-damage|p1a: Gengar|58/100 par|[from] Sandstorm
|-heal|p2a: To catch fish|61/100|[from] item: Leftovers
|-heal|p1a: Gengar|64/100 par|[from] item: Leftovers
|upkeep
|turn|54
|inactive|SpeccyGames has 30 seconds left this turn.
|
|t:|1729457847
|move|p2a: To catch fish|Thunderbolt|p1a: Gengar
|-damage|p1a: Gengar|16/100 par
|move|p1a: Gengar|Ice Punch|p2a: To catch fish
|-supereffective|p2a: To catch fish
|-damage|p2a: To catch fish|16/100
|
|-weather|Sandstorm|[upkeep]
|-damage|p2a: To catch fish|10/100|[from] Sandstorm
|-damage|p1a: Gengar|10/100 par|[from] Sandstorm
|-heal|p2a: To catch fish|16/100|[from] item: Leftovers
|-heal|p1a: Gengar|16/100 par|[from] item: Leftovers
|upkeep
|turn|55
|inactive|SpeccyGames has 30 seconds left.
|inactive|Rebatca has 60 seconds left.
|
|t:|1729457862
|switch|p1a: Swampert|Swampert, M|100/100
|move|p2a: To catch fish|Rest|p2a: To catch fish
|-status|p2a: To catch fish|slp|[from] move: Rest
|-heal|p2a: To catch fish|100/100 slp|[silent]
|
|-weather|Sandstorm|[upkeep]
|-damage|p2a: To catch fish|94/100 slp|[from] Sandstorm
|-heal|p2a: To catch fish|100/100 slp|[from] item: Leftovers
|upkeep
|turn|56
|inactive|SpeccyGames has 30 seconds left.
|
|t:|1729457871
|switch|p2a: We fought a lot|Blissey, F|100/100
|-damage|p2a: We fought a lot|88/100|[from] Spikes
|move|p1a: Swampert|Ice Beam|p2a: We fought a lot
|-damage|p2a: We fought a lot|80/100
|
|-weather|Sandstorm|[upkeep]
|-damage|p2a: We fought a lot|74/100|[from] Sandstorm
|-heal|p2a: We fought a lot|80/100|[from] item: Leftovers
|upkeep
|turn|57
|
|t:|1729457876
|move|p1a: Swampert|Earthquake|p2a: We fought a lot
|-damage|p2a: We fought a lot|49/100
|move|p2a: We fought a lot|Toxic|p1a: Swampert
|-status|p1a: Swampert|tox
|
|-weather|Sandstorm|[upkeep]
|-damage|p2a: We fought a lot|43/100|[from] Sandstorm
|-damage|p1a: Swampert|94/100 tox|[from] psn
|-heal|p2a: We fought a lot|49/100|[from] item: Leftovers
|upkeep
|turn|58
|
|t:|1729457879
|move|p1a: Swampert|Earthquake|p2a: We fought a lot
|-damage|p2a: We fought a lot|17/100
|move|p2a: We fought a lot|Soft-Boiled|p2a: We fought a lot
|-heal|p2a: We fought a lot|67/100
|
|-weather|Sandstorm|[upkeep]
|-damage|p2a: We fought a lot|61/100|[from] Sandstorm
|-heal|p1a: Swampert|100/100 tox|[from] item: Leftovers
|-damage|p1a: Swampert|88/100 tox|[from] psn
|-heal|p2a: We fought a lot|67/100|[from] item: Leftovers
|upkeep
|turn|59
|inactive|Rebatca has 90 seconds left.
|
|t:|1729457887
|move|p1a: Swampert|Earthquake|p2a: We fought a lot
|-damage|p2a: We fought a lot|35/100
|move|p2a: We fought a lot|Soft-Boiled|p2a: We fought a lot
|-heal|p2a: We fought a lot|85/100
|
|-weather|Sandstorm|[upkeep]
|-damage|p2a: We fought a lot|79/100|[from] Sandstorm
|-heal|p1a: Swampert|94/100 tox|[from] item: Leftovers
|-damage|p1a: Swampert|76/100 tox|[from] psn
|-heal|p2a: We fought a lot|85/100|[from] item: Leftovers
|upkeep
|turn|60
|inactive|SpeccyGames has 60 seconds left.
|inactive|Rebatca has 90 seconds left.
|
|t:|1729457901
|move|p1a: Swampert|Earthquake|p2a: We fought a lot
|-damage|p2a: We fought a lot|50/100
|move|p2a: We fought a lot|Seismic Toss|p1a: Swampert
|-damage|p1a: Swampert|51/100 tox
|
|-weather|Sandstorm|[upkeep]
|-damage|p2a: We fought a lot|44/100|[from] Sandstorm
|-heal|p1a: Swampert|57/100 tox|[from] item: Leftovers
|-damage|p1a: Swampert|32/100 tox|[from] psn
|-heal|p2a: We fought a lot|50/100|[from] item: Leftovers
|upkeep
|turn|61
|
|t:|1729457905
|switch|p1a: Tyranitar|Tyranitar, F|88/100
|move|p2a: We fought a lot|Soft-Boiled|p2a: We fought a lot
|-heal|p2a: We fought a lot|99/100
|
|-weather|Sandstorm|[upkeep]
|-damage|p2a: We fought a lot|94/100|[from] Sandstorm
|-heal|p1a: Tyranitar|94/100|[from] item: Leftovers
|-heal|p2a: We fought a lot|99/100|[from] item: Leftovers
|upkeep
|turn|62
|
|t:|1729457915
|switch|p2a: We talked a lot|Flygon, F|99/100
|move|p1a: Tyranitar|Taunt|p2a: We talked a lot
|-start|p2a: We talked a lot|move: Taunt
|
|-weather|Sandstorm|[upkeep]
|-heal|p2a: We talked a lot|100/100|[from] item: Leftovers
|-heal|p1a: Tyranitar|100/100|[from] item: Leftovers
|upkeep
|turn|63
|
|t:|1729457940
|switch|p1a: Skarmory|Skarmory, M|66/100
|move|p2a: We talked a lot|Rock Slide|p1a: Skarmory
|-damage|p1a: Skarmory|48/100
|
|-weather|Sandstorm|[upkeep]
|-end|p2a: We talked a lot|move: Taunt|[silent]
|-heal|p1a: Skarmory|54/100|[from] item: Leftovers
|upkeep
|turn|64
|
|t:|1729457947
|move|p2a: We talked a lot|Fire Blast|p1a: Skarmory
|-supereffective|p1a: Skarmory
|-damage|p1a: Skarmory|12/100
|move|p1a: Skarmory|Whirlwind|p2a: We talked a lot
|drag|p2a: We fought a lot|Blissey, F|99/100
|-damage|p2a: We fought a lot|88/100|[from] Spikes
|
|-weather|Sandstorm|[upkeep]
|-damage|p2a: We fought a lot|82/100|[from] Sandstorm
|-heal|p1a: Skarmory|18/100|[from] item: Leftovers
|-heal|p2a: We fought a lot|88/100|[from] item: Leftovers
|upkeep
|turn|65
|
|t:|1729457973
|switch|p2a: We talked a lot|Flygon, F|100/100
|move|p1a: Skarmory|Toxic|p2a: We talked a lot
|-status|p2a: We talked a lot|tox
|
|-weather|Sandstorm|[upkeep]
|-damage|p2a: We talked a lot|94/100 tox|[from] psn
|-heal|p1a: Skarmory|24/100|[from] item: Leftovers
|upkeep
|turn|66
|inactive|SpeccyGames has 60 seconds left.
|
|t:|1729458002
|move|p2a: We talked a lot|Fire Blast|p1a: Skarmory
|-supereffective|p1a: Skarmory
|-damage|p1a: Skarmory|0 fnt
|faint|p1a: Skarmory
|inactive|SpeccyGames has 30 seconds left.
|
|t:|1729458030
|switch|p1a: Gengar|Gengar, M|16/100 par
|
|-weather|Sandstorm|[upkeep]
|-damage|p1a: Gengar|10/100 par|[from] Sandstorm
|-heal|p2a: We talked a lot|100/100 tox|[from] item: Leftovers
|-damage|p2a: We talked a lot|88/100 tox|[from] psn
|-heal|p1a: Gengar|16/100 par|[from] item: Leftovers
|upkeep
|turn|67
|
|t:|1729458042
|move|p2a: We talked a lot|Rock Slide|p1a: Gengar
|-damage|p1a: Gengar|0 fnt
|faint|p1a: Gengar
|
|t:|1729458044
|switch|p1a: Moltres|Moltres|100/100
|
|-weather|Sandstorm|[upkeep]
|-damage|p1a: Moltres|94/100|[from] Sandstorm
|-heal|p1a: Moltres|100/100|[from] item: Leftovers
|-heal|p2a: We talked a lot|94/100 tox|[from] item: Leftovers
|-damage|p2a: We talked a lot|76/100 tox|[from] psn
|upkeep
|turn|68
|
|t:|1729458059
|switch|p1a: Swampert|Swampert, M|32/100 tox
|switch|p2a: We fought a lot|Blissey, F|88/100
|-damage|p2a: We fought a lot|75/100|[from] Spikes
|
|-weather|Sandstorm|[upkeep]
|-damage|p2a: We fought a lot|69/100|[from] Sandstorm
|-heal|p1a: Swampert|38/100 tox|[from] item: Leftovers
|-damage|p1a: Swampert|32/100 tox|[from] psn
|-heal|p2a: We fought a lot|75/100|[from] item: Leftovers
|upkeep
|turn|69
|
|t:|1729458071
|move|p1a: Swampert|Earthquake|p2a: We fought a lot
|-damage|p2a: We fought a lot|42/100
|move|p2a: We fought a lot|Aromatherapy|p2a: We fought a lot
|-cureteam|p2a: We fought a lot|[from] move: Aromatherapy
|
|-weather|Sandstorm|[upkeep]
|-damage|p2a: We fought a lot|36/100|[from] Sandstorm
|-heal|p1a: Swampert|38/100 tox|[from] item: Leftovers
|-damage|p1a: Swampert|26/100 tox|[from] psn
|-heal|p2a: We fought a lot|42/100|[from] item: Leftovers
|upkeep
|turn|70
|inactive|SpeccyGames has 60 seconds left.
|
|t:|1729458081
|move|p1a: Swampert|Earthquake|p2a: We fought a lot
|-damage|p2a: We fought a lot|8/100
|move|p2a: We fought a lot|Soft-Boiled|p2a: We fought a lot
|-heal|p2a: We fought a lot|58/100
|
|-weather|Sandstorm|[upkeep]
|-damage|p2a: We fought a lot|52/100|[from] Sandstorm
|-heal|p1a: Swampert|32/100 tox|[from] item: Leftovers
|-damage|p1a: Swampert|14/100 tox|[from] psn
|-heal|p2a: We fought a lot|58/100|[from] item: Leftovers
|upkeep
|turn|71
|inactive|Rebatca has 120 seconds left.
|
|t:|1729458105
|move|p1a: Swampert|Earthquake|p2a: We fought a lot
|-damage|p2a: We fought a lot|26/100
|move|p2a: We fought a lot|Soft-Boiled|p2a: We fought a lot
|-heal|p2a: We fought a lot|76/100
|
|-weather|Sandstorm|[upkeep]
|-damage|p2a: We fought a lot|70/100|[from] Sandstorm
|-heal|p1a: Swampert|20/100 tox|[from] item: Leftovers
|-damage|p1a: Swampert|0 fnt|[from] psn
|faint|p1a: Swampert
|-heal|p2a: We fought a lot|76/100|[from] item: Leftovers
|upkeep
|
|t:|1729458111
|switch|p1a: Tyranitar|Tyranitar, F|100/100
|turn|72
|
|t:|1729458132
|switch|p2a: We talked a lot|Flygon, F|76/100
|move|p1a: Tyranitar|Rock Slide|p2a: We talked a lot
|-resisted|p2a: We talked a lot
|-damage|p2a: We talked a lot|48/100
|
|-weather|Sandstorm|[upkeep]
|-heal|p2a: We talked a lot|54/100|[from] item: Leftovers
|upkeep
|turn|73
|
|t:|1729458145
|move|p2a: We talked a lot|Earthquake|p1a: Tyranitar
|-supereffective|p1a: Tyranitar
|-damage|p1a: Tyranitar|32/100
|move|p1a: Tyranitar|Rock Slide|p2a: We talked a lot
|-resisted|p2a: We talked a lot
|-damage|p2a: We talked a lot|26/100
|
|-weather|Sandstorm|[upkeep]
|-heal|p2a: We talked a lot|32/100|[from] item: Leftovers
|-heal|p1a: Tyranitar|38/100|[from] item: Leftovers
|upkeep
|turn|74
|
|t:|1729458165
|move|p2a: We talked a lot|Earthquake|p1a: Tyranitar
|-supereffective|p1a: Tyranitar
|-damage|p1a: Tyranitar|0 fnt
|faint|p1a: Tyranitar
|
|t:|1729458166
|switch|p1a: Moltres|Moltres|100/100
|
|-weather|Sandstorm|[upkeep]
|-damage|p1a: Moltres|94/100|[from] Sandstorm
|-heal|p1a: Moltres|100/100|[from] item: Leftovers
|-heal|p2a: We talked a lot|38/100|[from] item: Leftovers
|upkeep
|turn|75
|
|t:|1729458181
|move|p1a: Moltres|Hidden Power|p2a: We talked a lot
|-damage|p2a: We talked a lot|8/100
|move|p2a: We talked a lot|Rock Slide|p1a: Moltres
|-supereffective|p1a: Moltres
|-damage|p1a: Moltres|0 fnt
|faint|p1a: Moltres
|
|win|Rebatca
|c|☆SpeccyGames|ggs
|player|p1|
|c|☆Rebatca|GG!

</script>
<script type="application/json" class="data" id="replaydata-smogtours-gen3ou-800791">
{"id":"smogtours-gen3ou-800791","format":"[Gen 3] OU","players":["SpeccyGames","Rebatca"],"uploadtime":1729458181,"views":81,"formatid":"gen3ou","rating":null,"private":0,"password":null}
</script>

<script defer src="js/replays.js?9d40a366"></script>
