<!DOCTYPE html>
<meta charset="utf-8" />
<meta name="viewport" content="width=device-width" />

<title>[Gen 3] OU: Quarante8 vs. Schmohg - Replays - Pok&eacute;mon Showdown!</title>

<meta name="description" content="Watch a replay of a Pok&eacute;mon battle between Quarante8 and Schmohg! Format: [Gen 3] OU; Date: Oct 3, 2024" />
<!--

Hey, you! Looking in the source for the replay log?

You can find them in JSON format, just add `.json` at the end of a replay URL.

https://replay.pokemonshowdown.com/gen7randomdoublesbattle-865046831.json

Or, if you only need the log itself, add `.log` instead:

https://replay.pokemonshowdown.com/gen7randomdoublesbattle-865046831.log

-->

<link rel="stylesheet" href="//pokemonshowdown.com/style/global.css?0.023195364461161105" />
<link rel="stylesheet" href="//play.pokemonshowdown.com/style/font-awesome.css?0.13261647063804238" />
<link rel="stylesheet" href="//play.pokemonshowdown.com/style/battle.css?0.8753245789963631" />
<link rel="stylesheet" href="//play.pokemonshowdown.com/style/utilichart.css?0.8627959624976733" />

<!-- Global site tag (gtag.js) - Google Analytics -->
<script async src="https://www.googletagmanager.com/gtag/js?id=UA-26211653-1"></script>
<script>
  window.dataLayer = window.dataLayer || [];
  function gtag(){dataLayer.push(arguments);}
  gtag('js', new Date());

  gtag('config', 'UA-26211653-1');
</script>
<!-- End Google Analytics -->
<!-- Venatus Ad Manager - Install in <HEAD> of page -->
	<script src="https://hb.vntsm.com/v3/live/ad-manager.min.js" type="text/javascript" data-site-id="642aba63ec9a7b11c3c9c1be" data-mode="scan" async></script>
<!-- / Venatus Ad Manager -->

<style>
	@media (max-width:820px) {
		.battle {
			margin: 0 auto;
		}
		.battle-log {
			margin: 7px auto 0;
			max-width: 640px;
			height: 300px;
			position: static;
		}
	}
	.optgroup {
		display: inline-block;
		line-height: 22px;
		font-size: 10pt;
	}
	.optgroup .button {
		height: 25px;
		padding-top: 0;
		padding-bottom: 0;
	}
	.optgroup button.button {
		padding-left: 12px;
		padding-right: 12px;
	}
	.linklist {
		list-style: none;
		margin: 0.5em 0;
		padding: 0;
	}
	.linklist li {
		padding: 2px 0;
	}
	.sidebar {
		float: left;
		width: 320px;
	}
	.bar-wrapper {
		max-width: 1100px;
		margin: 0 auto;
	}
	.bar-wrapper.has-sidebar {
		max-width: 1430px;
	}
	.mainbar {
		margin: 0;
		padding-right: 1px;
	}
	.mainbar.has-sidebar {
		margin-left: 330px;
	}
	@media (min-width: 1511px) {
		.sidebar {
			width: 400px;
		}
		.bar-wrapper.has-sidebar {
			max-width: 1510px;
		}
		.mainbar.has-sidebar {
			margin-left: 410px;
		}
	}
	.section.first-section {
		margin-top: 9px;
	}
	.blocklink small {
		white-space: normal;
	}
	.button {
		vertical-align: middle;
	}
	.replay-controls {
		padding-top: 10px;
	}
	.replay-controls h1 {
		font-size: 16pt;
		font-weight: normal;
		color: #CCC;
	}
	.pagelink {
		text-align: center;
	}
	.pagelink a {
		width: 150px;
	}
	.textbox, .button {
		font-size: 11pt;
		vertical-align: middle;
	}
	@media (max-width: 450px) {
		.button {
			font-size: 9pt;
		}
	}
</style>

<div>

	<header>
		<div class="nav-wrapper"><ul class="nav">
			<li><a class="button nav-first" href="//pokemonshowdown.com/"><img src="//pokemonshowdown.com/images/pokemonshowdownbeta.png" srcset="//pokemonshowdown.com/images/pokemonshowdownbeta.png 1x, //pokemonshowdown.com/images/pokemonshowdownbeta@2x.png 2x" alt="Pok&eacute;mon Showdown" width="146" height="44" /> Home</a></li>
			<li><a class="button" href="//pokemonshowdown.com/dex/">Pok&eacute;dex</a></li>
			<li><a class="button cur" href="/">Replays</a></li>
			<li><a class="button" href="//pokemonshowdown.com/ladder/">Ladder</a></li>
			<li><a class="button nav-last" href="//pokemonshowdown.com/forums/">Forum</a></li>
			<li><a class="button greenbutton nav-first nav-last" href="//play.pokemonshowdown.com/">Play</a></li>
		</ul></div>
	</header>

	<div class="main" id="main">

		<noscript><section class="section">You need to enable JavaScript to use this page; sorry!</section></noscript>

	</div>

</div>

<script defer nomodule src="//play.pokemonshowdown.com/js/lib/ps-polyfill.js"></script>
<script defer src="//play.pokemonshowdown.com/js/lib/preact.min.js"></script>

<script defer src="//play.pokemonshowdown.com/config/config.js?2bddbc15"></script>
<script defer src="//play.pokemonshowdown.com/js/lib/jquery-1.11.0.min.js"></script>
<script defer src="//play.pokemonshowdown.com/js/lib/html-sanitizer-minified.js"></script>
<script defer src="//play.pokemonshowdown.com/js/battle-sound.js"></script>
<script defer src="//play.pokemonshowdown.com/js/battledata.js?0.7209276989879541"></script>
<script defer src="//play.pokemonshowdown.com/data/pokedex-mini.js?0.6111056340867951"></script>
<script defer src="//play.pokemonshowdown.com/data/pokedex-mini-bw.js?0.3532142036491459"></script>
<script defer src="//play.pokemonshowdown.com/data/graphics.js?0.24223875632456182"></script>
<script defer src="//play.pokemonshowdown.com/data/pokedex.js?0.38839984266356864"></script>
<script defer src="//play.pokemonshowdown.com/data/moves.js?0.21866028504024015"></script>
<script defer src="//play.pokemonshowdown.com/data/abilities.js?0.2005157953846628"></script>
<script defer src="//play.pokemonshowdown.com/data/items.js?0.9894211263848525"></script>
<script defer src="//play.pokemonshowdown.com/data/teambuilder-tables.js?0.6008791140282215"></script>
<script defer src="//play.pokemonshowdown.com/js/battle-tooltips.js?0.7580118955022959"></script>
<script defer src="//play.pokemonshowdown.com/js/battle.js?0.6057722274234274"></script>

<script defer src="js/utils.js?e31f9a17"></script>
<script defer src="js/replays-battle.js?7008c182"></script>

<!-- don't scrape this data! just add .json or .log after the URL!
Full API docs: https://github.com/smogon/pokemon-showdown-client/blob/master/WEB-API.md -->
<script type="text/plain" class="log" id="replaylog-smogtours-gen3ou-794313">
|inactive|Battle timer is ON: inactive players will automatically lose when time's up.
|t:|1727981892
|gametype|singles
|player|p1|Quarante8|pilot|
|player|p2|Schmohg|1|
|teamsize|p1|6
|teamsize|p2|6
|gen|3
|tier|[Gen 3] OU
|rule|Sleep Clause Mod: Limit one foe put to sleep
|rule|Switch Priority Clause Mod: Faster Pokémon switch first
|rule|Species Clause: Limit one of each Pokémon
|rule|OHKO Clause: OHKO moves are banned
|rule|Evasion Items Clause: Evasion items are banned
|rule|Evasion Moves Clause: Evasion moves are banned
|rule|Endless Battle Clause: Forcing endless battles is banned
|rule|HP Percentage Mod: HP is shown in percentages
|rule|One Boost Passer Clause: Limit one Baton Passer that has a way to boost its stats
|rule|Freeze Clause Mod: Limit one foe frozen
|
|t:|1727981892
|start
|switch|p1a: Behemoth|Tyranitar, M|100/100
|switch|p2a: Zapdos|Zapdos|100/100
|-weather|Sandstorm|[from] ability: Sand Stream|[of] p1a: Behemoth
|turn|1
|c|☆Quarante8|hf!
|c|☆Schmohg|u2
|
|t:|1727981921
|move|p2a: Zapdos|Baton Pass|p2a: Zapdos
|
|t:|1727981931
|switch|p2a: Dugtrio|Dugtrio, M|100/100|[from] Baton Pass
|move|p1a: Behemoth|Rock Slide|p2a: Dugtrio
|-resisted|p2a: Dugtrio
|-damage|p2a: Dugtrio|54/100
|
|-weather|Sandstorm|[upkeep]
|upkeep
|turn|2
|
|t:|1727981935
|move|p2a: Dugtrio|Earthquake|p1a: Behemoth
|-supereffective|p1a: Behemoth
|-damage|p1a: Behemoth|10/100
|move|p1a: Behemoth|Earthquake|p2a: Dugtrio
|-damage|p2a: Dugtrio|0 fnt
|faint|p2a: Dugtrio
|
|t:|1727981942
|switch|p2a: Zapdos|Zapdos|100/100
|
|-weather|Sandstorm|[upkeep]
|-damage|p2a: Zapdos|94/100|[from] Sandstorm
|-heal|p2a: Zapdos|100/100|[from] item: Leftovers
|upkeep
|turn|3
|
|t:|1727981945
|switch|p1a: Wipe|Blissey, F|100/100
|move|p2a: Zapdos|Thunderbolt|p1a: Wipe
|-damage|p1a: Wipe|78/100
|
|-weather|Sandstorm|[upkeep]
|-damage|p2a: Zapdos|94/100|[from] Sandstorm
|-damage|p1a: Wipe|72/100|[from] Sandstorm
|-heal|p2a: Zapdos|100/100|[from] item: Leftovers
|-heal|p1a: Wipe|78/100|[from] item: Leftovers
|upkeep
|turn|4
|
|t:|1727981950
|move|p2a: Zapdos|Baton Pass|p2a: Zapdos
|
|t:|1727981954
|switch|p2a: Metagross|Metagross|100/100|[from] Baton Pass
|move|p1a: Wipe|Thunderbolt|p2a: Metagross
|-damage|p2a: Metagross|73/100
|
|-weather|Sandstorm|[upkeep]
|-damage|p1a: Wipe|72/100|[from] Sandstorm
|-heal|p1a: Wipe|78/100|[from] item: Leftovers
|-heal|p2a: Metagross|79/100|[from] item: Leftovers
|upkeep
|turn|5
|
|t:|1727981960
|switch|p1a: Ballin|Forretress, M|100/100
|move|p2a: Metagross|Meteor Mash|p1a: Ballin
|-resisted|p1a: Ballin
|-damage|p1a: Ballin|79/100
|
|-weather|Sandstorm|[upkeep]
|-heal|p2a: Metagross|85/100|[from] item: Leftovers
|-heal|p1a: Ballin|85/100|[from] item: Leftovers
|upkeep
|turn|6
|
|t:|1727981989
|switch|p2a: Zapdos|Zapdos|100/100
|move|p1a: Ballin|Spikes|p2a: Zapdos
|-sidestart|p2: Schmohg|Spikes
|
|-weather|Sandstorm|[upkeep]
|-damage|p2a: Zapdos|94/100|[from] Sandstorm
|-heal|p2a: Zapdos|100/100|[from] item: Leftovers
|-heal|p1a: Ballin|91/100|[from] item: Leftovers
|upkeep
|turn|7
|inactive|Schmohg has 270 seconds left.
|
|t:|1727982008
|switch|p1a: Wipe|Blissey, F|78/100
|move|p2a: Zapdos|Thunderbolt|p1a: Wipe
|-damage|p1a: Wipe|58/100
|-status|p1a: Wipe|par
|
|-weather|Sandstorm|[upkeep]
|-damage|p2a: Zapdos|94/100|[from] Sandstorm
|-damage|p1a: Wipe|52/100 par|[from] Sandstorm
|-heal|p2a: Zapdos|100/100|[from] item: Leftovers
|-heal|p1a: Wipe|58/100 par|[from] item: Leftovers
|upkeep
|turn|8
|
|t:|1727982011
|move|p2a: Zapdos|Rain Dance|p2a: Zapdos
|-weather|RainDance
|cant|p1a: Wipe|par
|
|-weather|RainDance|[upkeep]
|-heal|p1a: Wipe|64/100 par|[from] item: Leftovers
|upkeep
|turn|9
|
|t:|1727982014
|move|p2a: Zapdos|Baton Pass|p2a: Zapdos
|
|t:|1727982020
|switch|p2a: Metagross|Metagross|85/100|[from] Baton Pass
|-damage|p2a: Metagross|73/100|[from] Spikes
|move|p1a: Wipe|Soft-Boiled|p1a: Wipe
|-heal|p1a: Wipe|100/100 par
|
|-weather|RainDance|[upkeep]
|-heal|p2a: Metagross|79/100|[from] item: Leftovers
|upkeep
|turn|10
|
|t:|1727982025
|-curestatus|p1a: Wipe|par|[from] ability: Natural Cure
|switch|p1a: Ballin|Forretress, M|91/100
|move|p2a: Metagross|Rock Slide|p1a: Ballin
|-damage|p1a: Ballin|71/100
|
|-weather|RainDance|[upkeep]
|-heal|p2a: Metagross|85/100|[from] item: Leftovers
|-heal|p1a: Ballin|77/100|[from] item: Leftovers
|upkeep
|turn|11
|
|t:|1727982033
|switch|p2a: Kingdra|Kingdra, M|100/100
|-damage|p2a: Kingdra|88/100|[from] Spikes
|move|p1a: Ballin|Toxic|p2a: Kingdra
|-status|p2a: Kingdra|tox
|-enditem|p2a: Kingdra|Lum Berry|[eat]
|-curestatus|p2a: Kingdra|tox|[msg]
|
|-weather|RainDance|[upkeep]
|-heal|p1a: Ballin|83/100|[from] item: Leftovers
|upkeep
|turn|12
|
|t:|1727982049
|switch|p1a: Wipe|Blissey, F|100/100
|move|p2a: Kingdra|Surf|p1a: Wipe
|-damage|p1a: Wipe|76/100
|
|-weather|none
|-heal|p1a: Wipe|82/100|[from] item: Leftovers
|upkeep
|turn|13
|
|t:|1727982062
|switch|p2a: Zapdos|Zapdos|100/100
|move|p1a: Wipe|Thunderbolt|p2a: Zapdos
|-damage|p2a: Zapdos|69/100
|-status|p2a: Zapdos|par
|
|-heal|p1a: Wipe|88/100|[from] item: Leftovers
|-heal|p2a: Zapdos|76/100 par|[from] item: Leftovers
|upkeep
|turn|14
|
|t:|1727982077
|move|p1a: Wipe|Ice Beam|p2a: Zapdos
|-supereffective|p2a: Zapdos
|-damage|p2a: Zapdos|22/100 par
|cant|p2a: Zapdos|par
|
|-heal|p1a: Wipe|94/100|[from] item: Leftovers
|-heal|p2a: Zapdos|28/100 par|[from] item: Leftovers
|upkeep
|turn|15
|
|t:|1727982083
|switch|p2a: Metagross|Metagross|85/100
|-damage|p2a: Metagross|72/100|[from] Spikes
|move|p1a: Wipe|Thunderbolt|p2a: Metagross
|-damage|p2a: Metagross|49/100
|
|-heal|p1a: Wipe|100/100|[from] item: Leftovers
|-heal|p2a: Metagross|55/100|[from] item: Leftovers
|upkeep
|turn|16
|
|t:|1727982091
|switch|p1a: Ballin|Forretress, M|83/100
|move|p2a: Metagross|Meteor Mash|p1a: Ballin
|-resisted|p1a: Ballin
|-damage|p1a: Ballin|61/100
|
|-heal|p2a: Metagross|61/100|[from] item: Leftovers
|-heal|p1a: Ballin|67/100|[from] item: Leftovers
|upkeep
|turn|17
|
|t:|1727982096
|move|p2a: Metagross|Meteor Mash|p1a: Ballin
|-resisted|p1a: Ballin
|-damage|p1a: Ballin|47/100
|-boost|p2a: Metagross|atk|1
|move|p1a: Ballin|Spikes|p2a: Metagross
|-sidestart|p2: Schmohg|Spikes
|
|-heal|p2a: Metagross|67/100|[from] item: Leftovers
|-heal|p1a: Ballin|53/100|[from] item: Leftovers
|upkeep
|turn|18
|
|t:|1727982101
|switch|p1a: Bulwark|Swampert, M|100/100
|move|p2a: Metagross|Rock Slide|p1a: Bulwark
|-resisted|p1a: Bulwark
|-damage|p1a: Bulwark|85/100
|
|-heal|p2a: Metagross|73/100|[from] item: Leftovers
|-heal|p1a: Bulwark|91/100|[from] item: Leftovers
|upkeep
|turn|19
|
|t:|1727982109
|switch|p2a: Zapdos|Zapdos|28/100 par
|move|p1a: Bulwark|Protect||[still]
|-fail|p1a: Bulwark
|
|-heal|p1a: Bulwark|97/100|[from] item: Leftovers
|-heal|p2a: Zapdos|34/100 par|[from] item: Leftovers
|upkeep
|turn|20
|
|t:|1727982132
|move|p1a: Bulwark|Ice Beam|p2a: Zapdos
|-supereffective|p2a: Zapdos
|-damage|p2a: Zapdos|0 fnt
|faint|p2a: Zapdos
|
|t:|1727982138
|switch|p2a: Suicune|Suicune|100/100
|-damage|p2a: Suicune|84/100|[from] Spikes
|
|-heal|p2a: Suicune|90/100|[from] item: Leftovers
|-heal|p1a: Bulwark|100/100|[from] item: Leftovers
|upkeep
|turn|21
|
|t:|1727982148
|switch|p1a: Celerity|Celebi|100/100
|move|p2a: Suicune|Calm Mind|p2a: Suicune
|-boost|p2a: Suicune|spa|1
|-boost|p2a: Suicune|spd|1
|
|-heal|p2a: Suicune|96/100|[from] item: Leftovers
|upkeep
|turn|22
|
|t:|1727982156
|move|p2a: Suicune|Ice Beam|p1a: Celerity
|-supereffective|p1a: Celerity
|-damage|p1a: Celerity|38/100
|move|p1a: Celerity|Leech Seed|p2a: Suicune
|-start|p2a: Suicune|move: Leech Seed
|
|-heal|p2a: Suicune|100/100|[from] item: Leftovers
|-damage|p2a: Suicune|88/100|[from] Leech Seed|[of] p1a: Celerity
|-heal|p1a: Celerity|49/100|[silent]
|-heal|p1a: Celerity|55/100|[from] item: Leftovers
|upkeep
|turn|23
|
|t:|1727982162
|switch|p1a: Wipe|Blissey, F|100/100
|move|p2a: Suicune|Ice Beam|p1a: Wipe
|-damage|p1a: Wipe|82/100
|
|-heal|p2a: Suicune|94/100|[from] item: Leftovers
|-damage|p2a: Suicune|82/100|[from] Leech Seed|[of] p1a: Wipe
|-heal|p1a: Wipe|89/100|[silent]
|-heal|p1a: Wipe|95/100|[from] item: Leftovers
|upkeep
|turn|24
|
|t:|1727982169
|switch|p2a: Metagross|Metagross|73/100
|-damage|p2a: Metagross|56/100|[from] Spikes
|move|p1a: Wipe|Thunderbolt|p2a: Metagross
|-damage|p2a: Metagross|30/100
|
|-heal|p1a: Wipe|100/100|[from] item: Leftovers
|-heal|p2a: Metagross|36/100|[from] item: Leftovers
|upkeep
|turn|25
|
|t:|1727982177
|switch|p1a: Ballin|Forretress, M|53/100
|move|p2a: Metagross|Meteor Mash|p1a: Ballin
|-resisted|p1a: Ballin
|-damage|p1a: Ballin|30/100
|
|-heal|p2a: Metagross|42/100|[from] item: Leftovers
|-heal|p1a: Ballin|37/100|[from] item: Leftovers
|upkeep
|turn|26
|
|t:|1727982190
|move|p2a: Metagross|Meteor Mash|p1a: Ballin
|-resisted|p1a: Ballin
|-crit|p1a: Ballin
|-damage|p1a: Ballin|0 fnt
|faint|p1a: Ballin
|
|t:|1727982193
|switch|p1a: Tower of Babel|Salamence, F|100/100
|-ability|p1a: Tower of Babel|Intimidate|boost
|-fail|p2a: Metagross|unboost|[from] ability: Clear Body|[of] p2a: Metagross
|
|-heal|p2a: Metagross|48/100|[from] item: Leftovers
|upkeep
|turn|27
|
|t:|1727982201
|move|p1a: Tower of Babel|Fire Blast|p2a: Metagross
|-supereffective|p2a: Metagross
|-damage|p2a: Metagross|0 fnt
|faint|p2a: Metagross
|
|t:|1727982204
|switch|p2a: Kingdra|Kingdra, M|88/100
|-damage|p2a: Kingdra|72/100|[from] Spikes
|
|upkeep
|turn|28
|
|t:|1727982216
|move|p1a: Tower of Babel|Dragon Claw|p2a: Kingdra
|-supereffective|p2a: Kingdra
|-damage|p2a: Kingdra|0 fnt
|faint|p2a: Kingdra
|c|☆Schmohg|i threw this one hard XD
|
|t:|1727982229
|switch|p2a: Heracross|Heracross, M|100/100
|-damage|p2a: Heracross|84/100|[from] Spikes
|
|upkeep
|turn|29
|c|☆Quarante8|i mean i got some good stuff, the bolt para was rough for you
|c|☆Quarante8|and i lived the dug roll w tar
|
|t:|1727982249
|move|p2a: Heracross|Endure|p2a: Heracross
|-singleturn|p2a: Heracross|move: Endure
|move|p1a: Tower of Babel|Fire Blast|p2a: Heracross
|-supereffective|p2a: Heracross
|-crit|p2a: Heracross
|-activate|p2a: Heracross|move: Endure
|-damage|p2a: Heracross|1/100
|-status|p2a: Heracross|brn
|
|-enditem|p2a: Heracross|Salac Berry|[eat]
|-boost|p2a: Heracross|spe|1|[from] item: Salac Berry
|-damage|p2a: Heracross|0 fnt|[from] brn
|faint|p2a: Heracross
|upkeep
|c|☆Schmohg|yeah but I knew ttar could've lived and should've saved dug for blissey
|c|☆Schmohg|and damn that burn XD
|
|t:|1727982268
|switch|p2a: Suicune|Suicune|82/100
|-damage|p2a: Suicune|66/100|[from] Spikes
|turn|30
|c|☆Quarante8|well that saves me going tar ig
|
|t:|1727982286
|move|p1a: Tower of Babel|Hidden Power|p2a: Suicune
|-supereffective|p2a: Suicune
|-damage|p2a: Suicune|32/100
|move|p2a: Suicune|Ice Beam|p1a: Tower of Babel
|-supereffective|p1a: Tower of Babel
|-damage|p1a: Tower of Babel|0 fnt
|faint|p1a: Tower of Babel
|
|t:|1727982292
|switch|p1a: Behemoth|Tyranitar, M|10/100
|-weather|Sandstorm|[from] ability: Sand Stream|[of] p1a: Behemoth
|
|-weather|Sandstorm|[upkeep]
|-damage|p2a: Suicune|26/100|[from] Sandstorm
|-heal|p2a: Suicune|32/100|[from] item: Leftovers
|upkeep
|turn|31
|
|t:|1727982299
|move|p2a: Suicune|Ice Beam|p1a: Behemoth
|-damage|p1a: Behemoth|0 fnt
|faint|p1a: Behemoth
|
|t:|1727982301
|switch|p1a: Wipe|Blissey, F|100/100
|
|-weather|Sandstorm|[upkeep]
|-damage|p2a: Suicune|26/100|[from] Sandstorm
|-damage|p1a: Wipe|94/100|[from] Sandstorm
|-heal|p2a: Suicune|32/100|[from] item: Leftovers
|-heal|p1a: Wipe|100/100|[from] item: Leftovers
|upkeep
|turn|32
|
|t:|1727982303
|move|p2a: Suicune|Calm Mind|p2a: Suicune
|-boost|p2a: Suicune|spa|1
|-boost|p2a: Suicune|spd|1
|move|p1a: Wipe|Thunderbolt|p2a: Suicune
|-supereffective|p2a: Suicune
|-damage|p2a: Suicune|1/100
|
|-weather|Sandstorm|[upkeep]
|-damage|p2a: Suicune|0 fnt|[from] Sandstorm
|-damage|p1a: Wipe|94/100|[from] Sandstorm
|faint|p2a: Suicune
|
|win|Quarante8
|upkeep
|c|☆Schmohg|gg
|c|☆Quarante8|ggs

</script>
<script type="application/json" class="data" id="replaydata-smogtours-gen3ou-794313">
{"id":"smogtours-gen3ou-794313","format":"[Gen 3] OU","players":["Quarante8","Schmohg"],"uploadtime":1727982303,"views":93,"formatid":"gen3ou","rating":null,"private":0,"password":null}
</script>

<script defer src="js/replays.js?9d40a366"></script>
