<!DOCTYPE html>
<meta charset="utf-8" />
<meta name="viewport" content="width=device-width" />

<title>[Gen 3] OU: DanteADV vs. Aburame Nation - Replays - Pok&eacute;mon Showdown!</title>

<meta name="description" content="Watch a replay of a Pok&eacute;mon battle between DanteADV and Aburame Nation! Format: [Gen 3] OU; Date: Oct 13, 2024" />
<!--

Hey, you! Looking in the source for the replay log?

You can find them in JSON format, just add `.json` at the end of a replay URL.

https://replay.pokemonshowdown.com/gen7randomdoublesbattle-865046831.json

Or, if you only need the log itself, add `.log` instead:

https://replay.pokemonshowdown.com/gen7randomdoublesbattle-865046831.log

-->

<link rel="stylesheet" href="//pokemonshowdown.com/style/global.css?0.767286132409787" />
<link rel="stylesheet" href="//play.pokemonshowdown.com/style/font-awesome.css?0.9266228007934947" />
<link rel="stylesheet" href="//play.pokemonshowdown.com/style/battle.css?0.7924700842790926" />
<link rel="stylesheet" href="//play.pokemonshowdown.com/style/utilichart.css?0.8777417872839479" />

<!-- Global site tag (gtag.js) - Google Analytics -->
<script async src="https://www.googletagmanager.com/gtag/js?id=UA-26211653-1"></script>
<script>
  window.dataLayer = window.dataLayer || [];
  function gtag(){dataLayer.push(arguments);}
  gtag('js', new Date());

  gtag('config', 'UA-26211653-1');
</script>
<!-- End Google Analytics -->
<!-- Venatus Ad Manager - Install in <HEAD> of page -->
	<script src="https://hb.vntsm.com/v3/live/ad-manager.min.js" type="text/javascript" data-site-id="642aba63ec9a7b11c3c9c1be" data-mode="scan" async></script>
<!-- / Venatus Ad Manager -->

<style>
	@media (max-width:820px) {
		.battle {
			margin: 0 auto;
		}
		.battle-log {
			margin: 7px auto 0;
			max-width: 640px;
			height: 300px;
			position: static;
		}
	}
	.optgroup {
		display: inline-block;
		line-height: 22px;
		font-size: 10pt;
	}
	.optgroup .button {
		height: 25px;
		padding-top: 0;
		padding-bottom: 0;
	}
	.optgroup button.button {
		padding-left: 12px;
		padding-right: 12px;
	}
	.linklist {
		list-style: none;
		margin: 0.5em 0;
		padding: 0;
	}
	.linklist li {
		padding: 2px 0;
	}
	.sidebar {
		float: left;
		width: 320px;
	}
	.bar-wrapper {
		max-width: 1100px;
		margin: 0 auto;
	}
	.bar-wrapper.has-sidebar {
		max-width: 1430px;
	}
	.mainbar {
		margin: 0;
		padding-right: 1px;
	}
	.mainbar.has-sidebar {
		margin-left: 330px;
	}
	@media (min-width: 1511px) {
		.sidebar {
			width: 400px;
		}
		.bar-wrapper.has-sidebar {
			max-width: 1510px;
		}
		.mainbar.has-sidebar {
			margin-left: 410px;
		}
	}
	.section.first-section {
		margin-top: 9px;
	}
	.blocklink small {
		white-space: normal;
	}
	.button {
		vertical-align: middle;
	}
	.replay-controls {
		padding-top: 10px;
	}
	.replay-controls h1 {
		font-size: 16pt;
		font-weight: normal;
		color: #CCC;
	}
	.pagelink {
		text-align: center;
	}
	.pagelink a {
		width: 150px;
	}
	.textbox, .button {
		font-size: 11pt;
		vertical-align: middle;
	}
	@media (max-width: 450px) {
		.button {
			font-size: 9pt;
		}
	}
</style>

<div>

	<header>
		<div class="nav-wrapper"><ul class="nav">
			<li><a class="button nav-first" href="//pokemonshowdown.com/"><img src="//pokemonshowdown.com/images/pokemonshowdownbeta.png" srcset="//pokemonshowdown.com/images/pokemonshowdownbeta.png 1x, //pokemonshowdown.com/images/pokemonshowdownbeta@2x.png 2x" alt="Pok&eacute;mon Showdown" width="146" height="44" /> Home</a></li>
			<li><a class="button" href="//pokemonshowdown.com/dex/">Pok&eacute;dex</a></li>
			<li><a class="button cur" href="/">Replays</a></li>
			<li><a class="button" href="//pokemonshowdown.com/ladder/">Ladder</a></li>
			<li><a class="button nav-last" href="//pokemonshowdown.com/forums/">Forum</a></li>
			<li><a class="button greenbutton nav-first nav-last" href="//play.pokemonshowdown.com/">Play</a></li>
		</ul></div>
	</header>

	<div class="main" id="main">

		<noscript><section class="section">You need to enable JavaScript to use this page; sorry!</section></noscript>

	</div>

</div>

<script defer nomodule src="//play.pokemonshowdown.com/js/lib/ps-polyfill.js"></script>
<script defer src="//play.pokemonshowdown.com/js/lib/preact.min.js"></script>

<script defer src="//play.pokemonshowdown.com/config/config.js?6dec07f6"></script>
<script defer src="//play.pokemonshowdown.com/js/lib/jquery-1.11.0.min.js"></script>
<script defer src="//play.pokemonshowdown.com/js/lib/html-sanitizer-minified.js"></script>
<script defer src="//play.pokemonshowdown.com/js/battle-sound.js"></script>
<script defer src="//play.pokemonshowdown.com/js/battledata.js?0.6315294753075389"></script>
<script defer src="//play.pokemonshowdown.com/data/pokedex-mini.js?0.7603743185311358"></script>
<script defer src="//play.pokemonshowdown.com/data/pokedex-mini-bw.js?0.030888842834281283"></script>
<script defer src="//play.pokemonshowdown.com/data/graphics.js?0.05593094747507488"></script>
<script defer src="//play.pokemonshowdown.com/data/pokedex.js?0.47064822249611904"></script>
<script defer src="//play.pokemonshowdown.com/data/moves.js?0.8583693120512459"></script>
<script defer src="//play.pokemonshowdown.com/data/abilities.js?0.16017181182386842"></script>
<script defer src="//play.pokemonshowdown.com/data/items.js?0.4163379185673943"></script>
<script defer src="//play.pokemonshowdown.com/data/teambuilder-tables.js?0.31075597372830477"></script>
<script defer src="//play.pokemonshowdown.com/js/battle-tooltips.js?0.6536193500708172"></script>
<script defer src="//play.pokemonshowdown.com/js/battle.js?0.1916591943277901"></script>

<script defer src="js/utils.js?e31f9a17"></script>
<script defer src="js/replays-battle.js?7008c182"></script>

<!-- don't scrape this data! just add .json or .log after the URL!
Full API docs: https://github.com/smogon/pokemon-showdown-client/blob/master/WEB-API.md -->
<script type="text/plain" class="log" id="replaylog-smogtours-gen3ou-798213">
|inactive|Battle timer is ON: inactive players will automatically lose when time's up.
|t:|1728842235
|gametype|singles
|player|p1|DanteADV|2|
|player|p2|Aburame Nation|veteran|
|teamsize|p1|6
|teamsize|p2|6
|gen|3
|tier|[Gen 3] OU
|rule|Sleep Clause Mod: Limit one foe put to sleep
|rule|Switch Priority Clause Mod: Faster Pokémon switch first
|rule|Species Clause: Limit one of each Pokémon
|rule|OHKO Clause: OHKO moves are banned
|rule|Evasion Items Clause: Evasion items are banned
|rule|Evasion Moves Clause: Evasion moves are banned
|rule|Endless Battle Clause: Forcing endless battles is banned
|rule|HP Percentage Mod: HP is shown in percentages
|rule|One Boost Passer Clause: Limit one Baton Passer that has a way to boost its stats
|rule|Freeze Clause Mod: Limit one foe frozen
|
|t:|1728842235
|start
|switch|p1a: stop breathing|Metagross, shiny|100/100
|switch|p2a: Zapdos|Zapdos|100/100
|turn|1
|c|☆Aburame Nation|Glhf
|
|t:|1728842260
|move|p2a: Zapdos|Thunderbolt|p1a: stop breathing
|-damage|p1a: stop breathing|49/100
|move|p1a: stop breathing|Psychic|p2a: Zapdos
|-damage|p2a: Zapdos|51/100
|
|-heal|p2a: Zapdos|57/100|[from] item: Leftovers
|-heal|p1a: stop breathing|55/100|[from] item: Leftovers
|upkeep
|turn|2
|
|t:|1728842267
|switch|p1a: fell in luv|Blissey, F, shiny|100/100
|move|p2a: Zapdos|Thunder Wave|p1a: fell in luv
|-status|p1a: fell in luv|par
|
|-heal|p2a: Zapdos|64/100|[from] item: Leftovers
|upkeep
|turn|3
|
|t:|1728842280
|switch|p2a: Skarmory|Skarmory, F|100/100
|-curestatus|p1a: fell in luv|par|[from] ability: Natural Cure
|switch|p1a: pull up|Snorlax, M, shiny|100/100
|
|upkeep
|turn|4
|
|t:|1728842293
|move|p2a: Skarmory|Spikes|p1a: pull up
|-sidestart|p1: DanteADV|Spikes
|move|p1a: pull up|Flamethrower|p2a: Skarmory
|-supereffective|p2a: Skarmory
|-damage|p2a: Skarmory|69/100
|
|-heal|p2a: Skarmory|75/100|[from] item: Leftovers
|upkeep
|turn|5
|c|☆Aburame Nation|Yo
|c|☆Aburame Nation|This is some cooking 
|
|t:|1728842315
|switch|p1a: stop breathing|Metagross, shiny|55/100
|-damage|p1a: stop breathing|42/100|[from] Spikes
|move|p2a: Skarmory|Spikes|p1a: stop breathing
|-sidestart|p1: DanteADV|Spikes
|
|-heal|p1a: stop breathing|48/100|[from] item: Leftovers
|-heal|p2a: Skarmory|81/100|[from] item: Leftovers
|upkeep
|turn|6
|c|☆DanteADV|he is pulling up
|
|t:|1728842331
|move|p1a: stop breathing|Hidden Power|p2a: Skarmory
|-supereffective|p2a: Skarmory
|-damage|p2a: Skarmory|45/100
|move|p2a: Skarmory|Spikes|p1a: stop breathing
|-sidestart|p1: DanteADV|Spikes
|
|-heal|p1a: stop breathing|54/100|[from] item: Leftovers
|-heal|p2a: Skarmory|51/100|[from] item: Leftovers
|upkeep
|turn|7
|
|t:|1728842340
|move|p2a: Skarmory|Protect|p2a: Skarmory
|-singleturn|p2a: Skarmory|Protect
|move|p1a: stop breathing|Explosion|p2a: Skarmory
|-activate|p2a: Skarmory|Protect
|faint|p1a: stop breathing
|c|☆Aburame Nation|Oof
|
|t:|1728842346
|switch|p1a: eviljordan|Gengar, M, shiny|100/100
|
|-heal|p2a: Skarmory|57/100|[from] item: Leftovers
|upkeep
|turn|8
|
|t:|1728842354
|switch|p2a: Claydol|Claydol|100/100
|move|p1a: eviljordan|Will-O-Wisp|p2a: Claydol
|-status|p2a: Claydol|brn
|
|-damage|p2a: Claydol|88/100 brn|[from] brn
|upkeep
|turn|9
|
|t:|1728842365
|switch|p1a: sky|Claydol|100/100
|move|p2a: Claydol|Psychic|p1a: sky
|-resisted|p1a: sky
|-damage|p1a: sky|91/100
|-unboost|p1a: sky|spd|1
|
|-heal|p2a: Claydol|94/100 brn|[from] item: Leftovers
|-damage|p2a: Claydol|82/100 brn|[from] brn
|-heal|p1a: sky|97/100|[from] item: Leftovers
|upkeep
|turn|10
|
|t:|1728842375
|move|p2a: Claydol|Explosion|p1a: sky
|-damage|p1a: sky|45/100
|faint|p2a: Claydol
|c|☆Aburame Nation|I won the speed tie
|
|t:|1728842396
|switch|p2a: Zapdos|Zapdos|64/100
|
|-heal|p2a: Zapdos|70/100|[from] item: Leftovers
|-heal|p1a: sky|51/100|[from] item: Leftovers
|upkeep
|turn|11
|c|☆DanteADV|im malding rn ree
|c|☆DanteADV|jk
|
|t:|1728842408
|switch|p1a: fell in luv|Blissey, F, shiny|100/100
|-damage|p1a: fell in luv|75/100|[from] Spikes
|move|p2a: Zapdos|Hidden Power|p1a: fell in luv
|-damage|p1a: fell in luv|66/100
|
|-heal|p2a: Zapdos|76/100|[from] item: Leftovers
|-heal|p1a: fell in luv|72/100|[from] item: Leftovers
|upkeep
|turn|12
|
|t:|1728842419
|switch|p2a: Skarmory|Skarmory, F|57/100
|move|p1a: fell in luv|Ice Beam|p2a: Skarmory
|-damage|p2a: Skarmory|36/100
|
|-heal|p2a: Skarmory|42/100|[from] item: Leftovers
|-heal|p1a: fell in luv|78/100|[from] item: Leftovers
|upkeep
|turn|13
|
|t:|1728842430
|move|p1a: fell in luv|Seismic Toss|p2a: Skarmory
|-damage|p2a: Skarmory|12/100
|move|p2a: Skarmory|Roar|p1a: fell in luv
|drag|p1a: pull up|Snorlax, M, shiny|100/100
|-damage|p1a: pull up|76/100|[from] Spikes
|
|-heal|p2a: Skarmory|18/100|[from] item: Leftovers
|-heal|p1a: pull up|82/100|[from] item: Leftovers
|upkeep
|turn|14
|
|t:|1728842438
|move|p2a: Skarmory|Protect|p2a: Skarmory
|-singleturn|p2a: Skarmory|Protect
|move|p1a: pull up|Flamethrower|p2a: Skarmory
|-activate|p2a: Skarmory|Protect
|
|-heal|p2a: Skarmory|24/100|[from] item: Leftovers
|-heal|p1a: pull up|88/100|[from] item: Leftovers
|upkeep
|turn|15
|inactive|Aburame Nation has 270 seconds left.
|
|t:|1728842473
|switch|p2a: Porygon2|Porygon2|100/100
|-ability|p2a: Porygon2|Immunity|[from] ability: Trace|[of] p1a: pull up
|switch|p1a: sky|Claydol|51/100
|
|-heal|p1a: sky|57/100|[from] item: Leftovers
|upkeep
|turn|16
|
|t:|1728842483
|move|p1a: sky|Rapid Spin|p2a: Porygon2
|-crit|p2a: Porygon2
|-damage|p2a: Porygon2|94/100
|-sideend|p1: DanteADV|Spikes|[from] move: Rapid Spin|[of] p1a: sky
|move|p2a: Porygon2|Ice Beam|p1a: sky
|-supereffective|p1a: sky
|-damage|p1a: sky|13/100
|
|-heal|p1a: sky|19/100|[from] item: Leftovers
|-heal|p2a: Porygon2|99/100|[from] item: Leftovers
|upkeep
|turn|17
|
|t:|1728842490
|move|p1a: sky|Explosion|p2a: Porygon2
|-damage|p2a: Porygon2|33/100
|faint|p1a: sky
|c|☆Aburame Nation|Oh no, a crit rapid spin 
|
|t:|1728842503
|switch|p1a: on that time|Dugtrio, M, shiny|100/100
|
|-heal|p2a: Porygon2|39/100|[from] item: Leftovers
|upkeep
|turn|18
|
|t:|1728842510
|move|p1a: on that time|Earthquake|p2a: Porygon2
|-damage|p2a: Porygon2|0 fnt
|faint|p2a: Porygon2
|c|☆DanteADV|into the eq range
|
|t:|1728842513
|switch|p2a: Skarmory|Skarmory, F|24/100
|
|-heal|p2a: Skarmory|30/100|[from] item: Leftovers
|upkeep
|turn|19
|
|t:|1728842523
|switch|p1a: pull up|Snorlax, M, shiny|88/100
|move|p2a: Skarmory|Spikes|p1a: pull up
|-sidestart|p1: DanteADV|Spikes
|
|-heal|p2a: Skarmory|36/100|[from] item: Leftovers
|-heal|p1a: pull up|94/100|[from] item: Leftovers
|upkeep
|turn|20
|
|t:|1728842534
|move|p2a: Skarmory|Protect|p2a: Skarmory
|-singleturn|p2a: Skarmory|Protect
|move|p1a: pull up|Flamethrower|p2a: Skarmory
|-activate|p2a: Skarmory|Protect
|
|-heal|p2a: Skarmory|42/100|[from] item: Leftovers
|-heal|p1a: pull up|99/100|[from] item: Leftovers
|upkeep
|turn|21
|
|t:|1728842539
|move|p2a: Skarmory|Spikes|p1a: pull up
|-sidestart|p1: DanteADV|Spikes
|move|p1a: pull up|Flamethrower|p2a: Skarmory
|-supereffective|p2a: Skarmory
|-damage|p2a: Skarmory|10/100
|
|-heal|p2a: Skarmory|16/100|[from] item: Leftovers
|-heal|p1a: pull up|100/100|[from] item: Leftovers
|upkeep
|turn|22
|
|t:|1728842546
|move|p2a: Skarmory|Protect|p2a: Skarmory
|-singleturn|p2a: Skarmory|Protect
|move|p1a: pull up|Flamethrower|p2a: Skarmory
|-activate|p2a: Skarmory|Protect
|
|-heal|p2a: Skarmory|22/100|[from] item: Leftovers
|upkeep
|turn|23
|
|t:|1728842554
|switch|p2a: Zapdos|Zapdos|76/100
|move|p1a: pull up|Flamethrower|p2a: Zapdos
|-damage|p2a: Zapdos|56/100
|
|-heal|p2a: Zapdos|62/100|[from] item: Leftovers
|upkeep
|turn|24
|
|t:|1728842560
|move|p2a: Zapdos|Thunder Wave|p1a: pull up
|-status|p1a: pull up|par
|move|p1a: pull up|Body Slam|p2a: Zapdos
|-damage|p2a: Zapdos|20/100
|
|-heal|p2a: Zapdos|26/100|[from] item: Leftovers
|upkeep
|turn|25
|c|☆Aburame Nation|So you do use physical moves
|
|t:|1728842576
|switch|p2a: Skarmory|Skarmory, F|22/100
|move|p1a: pull up|Body Slam|p2a: Skarmory
|-resisted|p2a: Skarmory
|-damage|p2a: Skarmory|7/100
|
|-heal|p2a: Skarmory|13/100|[from] item: Leftovers
|upkeep
|turn|26
|
|t:|1728842583
|move|p2a: Skarmory|Spikes|p1a: pull up
|-sidestart|p1: DanteADV|Spikes
|move|p1a: pull up|Flamethrower|p2a: Skarmory
|-supereffective|p2a: Skarmory
|-damage|p2a: Skarmory|0 fnt
|faint|p2a: Skarmory
|
|t:|1728842588
|switch|p2a: Snorlax|Snorlax, M|100/100
|
|upkeep
|turn|27
|
|t:|1728842600
|move|p2a: Snorlax|Curse|p2a: Snorlax
|-unboost|p2a: Snorlax|spe|1
|-boost|p2a: Snorlax|atk|1
|-boost|p2a: Snorlax|def|1
|move|p1a: pull up|Self-Destruct|p2a: Snorlax
|-damage|p2a: Snorlax|32/100
|faint|p1a: pull up
|inactive|DanteADV has 270 seconds left.
|
|t:|1728842626
|switch|p1a: eviljordan|Gengar, M, shiny|100/100
|
|-heal|p2a: Snorlax|38/100|[from] item: Leftovers
|upkeep
|turn|28
|
|t:|1728842635
|switch|p2a: Magneton|Magneton|100/100
|move|p1a: eviljordan|Explosion|p2a: Magneton
|-resisted|p2a: Magneton
|-damage|p2a: Magneton|61/100
|faint|p1a: eviljordan
|
|t:|1728842639
|switch|p1a: on that time|Dugtrio, M, shiny|100/100
|-damage|p1a: on that time|76/100|[from] Spikes
|
|upkeep
|turn|29
|
|t:|1728842642
|move|p1a: on that time|Earthquake|p2a: Magneton
|-supereffective|p2a: Magneton
|-damage|p2a: Magneton|0 fnt
|faint|p2a: Magneton
|
|t:|1728842644
|switch|p2a: Zapdos|Zapdos|26/100
|
|-heal|p2a: Zapdos|32/100|[from] item: Leftovers
|upkeep
|turn|30
|
|t:|1728842652
|switch|p1a: fell in luv|Blissey, F, shiny|78/100
|-damage|p1a: fell in luv|53/100|[from] Spikes
|move|p2a: Zapdos|Thunder Wave|p1a: fell in luv
|-status|p1a: fell in luv|par
|
|-heal|p2a: Zapdos|38/100|[from] item: Leftovers
|-heal|p1a: fell in luv|59/100 par|[from] item: Leftovers
|upkeep
|turn|31
|
|t:|1728842668
|move|p1a: fell in luv|Soft-Boiled|p1a: fell in luv
|-heal|p1a: fell in luv|100/100 par
|move|p2a: Zapdos|Roar|p1a: fell in luv
|-curestatus|p1a: fell in luv|par|[from] ability: Natural Cure
|drag|p1a: on that time|Dugtrio, M, shiny|76/100
|-damage|p1a: on that time|51/100|[from] Spikes
|
|-heal|p2a: Zapdos|45/100|[from] item: Leftovers
|upkeep
|turn|32
|
|t:|1728842675
|move|p1a: on that time|Rock Slide|p2a: Zapdos|[miss]
|-miss|p1a: on that time|p2a: Zapdos
|move|p2a: Zapdos|Hidden Power|p1a: on that time
|-supereffective|p1a: on that time
|-damage|p1a: on that time|0 fnt
|faint|p1a: on that time
|
|t:|1728842679
|switch|p1a: fell in luv|Blissey, F, shiny|100/100
|-damage|p1a: fell in luv|75/100|[from] Spikes
|
|-heal|p2a: Zapdos|51/100|[from] item: Leftovers
|-heal|p1a: fell in luv|82/100|[from] item: Leftovers
|upkeep
|turn|33
|c|☆Aburame Nation|Oh..
|c|☆Aburame Nation|Big rip
|
|t:|1728842688
|move|p2a: Zapdos|Thunder Wave|p1a: fell in luv
|-status|p1a: fell in luv|par
|move|p1a: fell in luv|Ice Beam|p2a: Zapdos
|-supereffective|p2a: Zapdos
|-damage|p2a: Zapdos|0 fnt
|faint|p2a: Zapdos
|
|t:|1728842694
|switch|p2a: Snorlax|Snorlax, M|38/100
|
|-heal|p2a: Snorlax|45/100|[from] item: Leftovers
|-heal|p1a: fell in luv|88/100 par|[from] item: Leftovers
|upkeep
|turn|34
|
|t:|1728842700
|move|p2a: Snorlax|Amnesia|p2a: Snorlax
|-boost|p2a: Snorlax|spd|2
|move|p1a: fell in luv|Sing|p2a: Snorlax
|-status|p2a: Snorlax|slp|[from] move: Sing
|
|-heal|p2a: Snorlax|51/100 slp|[from] item: Leftovers
|-heal|p1a: fell in luv|94/100 par|[from] item: Leftovers
|upkeep
|turn|35
|c|☆Aburame Nation|Ayo
|c|☆DanteADV|he is tired
|
|t:|1728842715
|cant|p2a: Snorlax|slp
|cant|p1a: fell in luv|par
|
|-heal|p2a: Snorlax|57/100 slp|[from] item: Leftovers
|-heal|p1a: fell in luv|99/100 par|[from] item: Leftovers
|upkeep
|turn|36
|
|t:|1728842721
|cant|p2a: Snorlax|slp
|cant|p1a: fell in luv|par
|
|-heal|p2a: Snorlax|63/100 slp|[from] item: Leftovers
|-heal|p1a: fell in luv|100/100 par|[from] item: Leftovers
|upkeep
|turn|37
|
|t:|1728842729
|-curestatus|p2a: Snorlax|slp|[msg]
|move|p2a: Snorlax|Rest|p2a: Snorlax
|-status|p2a: Snorlax|slp|[from] move: Rest
|-heal|p2a: Snorlax|100/100 slp|[silent]
|cant|p1a: fell in luv|par
|
|upkeep
|turn|38
|c|☆Aburame Nation|Man
|c|☆Aburame Nation|I am sorry 
|c|☆Aburame Nation|I don't know why I am so lucky 
|
|t:|1728842747
|cant|p2a: Snorlax|slp
|move|p1a: fell in luv|Seismic Toss|p2a: Snorlax
|-damage|p2a: Snorlax|81/100 slp
|
|-heal|p2a: Snorlax|88/100 slp|[from] item: Leftovers
|upkeep
|turn|39
|
|t:|1728842753
|cant|p2a: Snorlax|slp
|cant|p1a: fell in luv|par
|
|-heal|p2a: Snorlax|94/100 slp|[from] item: Leftovers
|upkeep
|turn|40
|
|t:|1728842764
|-curestatus|p2a: Snorlax|slp|[msg]
|move|p2a: Snorlax|Curse|p2a: Snorlax
|-unboost|p2a: Snorlax|spe|1
|-boost|p2a: Snorlax|atk|1
|-boost|p2a: Snorlax|def|1
|move|p1a: fell in luv|Ice Beam|p2a: Snorlax
|-damage|p2a: Snorlax|90/100
|
|-heal|p2a: Snorlax|96/100|[from] item: Leftovers
|upkeep
|turn|41
|
|t:|1728842773
|move|p2a: Snorlax|Rollout|p1a: fell in luv|[miss]
|-miss|p2a: Snorlax|p1a: fell in luv
|move|p1a: fell in luv|Ice Beam|p2a: Snorlax
|-damage|p2a: Snorlax|92/100
|-status|p2a: Snorlax|frz
|
|-heal|p2a: Snorlax|98/100 frz|[from] item: Leftovers
|upkeep
|turn|42
|
|t:|1728842778
|cant|p2a: Snorlax|frz
|cant|p1a: fell in luv|par
|
|-heal|p2a: Snorlax|100/100 frz|[from] item: Leftovers
|upkeep
|turn|43
|
|t:|1728842782
|cant|p2a: Snorlax|frz
|move|p1a: fell in luv|Seismic Toss|p2a: Snorlax
|-damage|p2a: Snorlax|81/100 frz
|
|-heal|p2a: Snorlax|88/100 frz|[from] item: Leftovers
|upkeep
|turn|44
|
|t:|1728842785
|-curestatus|p2a: Snorlax|frz|[msg]
|move|p2a: Snorlax|Rollout|p1a: fell in luv
|-damage|p1a: fell in luv|89/100 par
|move|p1a: fell in luv|Seismic Toss|p2a: Snorlax
|-damage|p2a: Snorlax|68/100
|
|-heal|p2a: Snorlax|75/100|[from] item: Leftovers
|-heal|p1a: fell in luv|95/100 par|[from] item: Leftovers
|upkeep
|turn|45
|
|t:|1728842790
|move|p2a: Snorlax|Rollout|p1a: fell in luv|[from]lockedmove
|-damage|p1a: fell in luv|70/100 par
|move|p1a: fell in luv|Sing|p2a: Snorlax
|-status|p2a: Snorlax|slp|[from] move: Sing
|
|-heal|p2a: Snorlax|81/100 slp|[from] item: Leftovers
|-heal|p1a: fell in luv|76/100 par|[from] item: Leftovers
|upkeep
|turn|46
|
|t:|1728842794
|cant|p2a: Snorlax|slp
|cant|p1a: fell in luv|par
|
|-heal|p2a: Snorlax|87/100 slp|[from] item: Leftovers
|-heal|p1a: fell in luv|82/100 par|[from] item: Leftovers
|upkeep
|turn|47
|
|t:|1728842800
|cant|p2a: Snorlax|slp
|cant|p1a: fell in luv|par
|
|-heal|p2a: Snorlax|93/100 slp|[from] item: Leftovers
|-heal|p1a: fell in luv|88/100 par|[from] item: Leftovers
|upkeep
|turn|48
|
|t:|1728842805
|cant|p2a: Snorlax|slp
|move|p1a: fell in luv|Seismic Toss|p2a: Snorlax
|-damage|p2a: Snorlax|74/100 slp
|
|-heal|p2a: Snorlax|80/100 slp|[from] item: Leftovers
|-heal|p1a: fell in luv|94/100 par|[from] item: Leftovers
|upkeep
|turn|49
|
|t:|1728842811
|cant|p2a: Snorlax|slp
|move|p1a: fell in luv|Seismic Toss|p2a: Snorlax
|-damage|p2a: Snorlax|61/100 slp
|
|-heal|p2a: Snorlax|67/100 slp|[from] item: Leftovers
|-heal|p1a: fell in luv|100/100 par|[from] item: Leftovers
|upkeep
|turn|50
|
|t:|1728842821
|-curestatus|p2a: Snorlax|slp|[msg]
|move|p2a: Snorlax|Curse|p2a: Snorlax
|-unboost|p2a: Snorlax|spe|1
|-boost|p2a: Snorlax|atk|1
|-boost|p2a: Snorlax|def|1
|move|p1a: fell in luv|Sing|p2a: Snorlax
|-status|p2a: Snorlax|slp|[from] move: Sing
|
|-heal|p2a: Snorlax|73/100 slp|[from] item: Leftovers
|upkeep
|turn|51
|
|t:|1728842829
|cant|p2a: Snorlax|slp
|move|p1a: fell in luv|Seismic Toss|p2a: Snorlax
|-damage|p2a: Snorlax|54/100 slp
|
|-heal|p2a: Snorlax|60/100 slp|[from] item: Leftovers
|upkeep
|turn|52
|
|t:|1728842833
|cant|p2a: Snorlax|slp
|move|p1a: fell in luv|Seismic Toss|p2a: Snorlax
|-damage|p2a: Snorlax|41/100 slp
|
|-heal|p2a: Snorlax|47/100 slp|[from] item: Leftovers
|upkeep
|turn|53
|
|t:|1728842837
|cant|p2a: Snorlax|slp
|move|p1a: fell in luv|Seismic Toss|p2a: Snorlax
|-damage|p2a: Snorlax|28/100 slp
|
|-heal|p2a: Snorlax|34/100 slp|[from] item: Leftovers
|upkeep
|turn|54
|
|t:|1728842841
|-curestatus|p2a: Snorlax|slp|[msg]
|move|p2a: Snorlax|Rest|p2a: Snorlax
|-status|p2a: Snorlax|slp|[from] move: Rest
|-heal|p2a: Snorlax|100/100 slp|[silent]
|cant|p1a: fell in luv|par
|
|upkeep
|turn|55
|
|t:|1728842848
|cant|p2a: Snorlax|slp
|cant|p1a: fell in luv|par
|
|upkeep
|turn|56
|
|t:|1728842852
|cant|p2a: Snorlax|slp
|move|p1a: fell in luv|Seismic Toss|p2a: Snorlax
|-damage|p2a: Snorlax|81/100 slp
|
|-heal|p2a: Snorlax|88/100 slp|[from] item: Leftovers
|upkeep
|turn|57
|
|t:|1728842857
|-curestatus|p2a: Snorlax|slp|[msg]
|move|p2a: Snorlax|Rollout|p1a: fell in luv
|-damage|p1a: fell in luv|84/100 par
|cant|p1a: fell in luv|par
|
|-heal|p2a: Snorlax|94/100|[from] item: Leftovers
|-heal|p1a: fell in luv|90/100 par|[from] item: Leftovers
|upkeep
|turn|58
|
|t:|1728842863
|move|p2a: Snorlax|Rollout|p1a: fell in luv|[from]lockedmove
|-damage|p1a: fell in luv|57/100 par
|move|p1a: fell in luv|Sing|p2a: Snorlax|[miss]
|-miss|p1a: fell in luv|p2a: Snorlax
|
|-heal|p2a: Snorlax|99/100|[from] item: Leftovers
|-heal|p1a: fell in luv|63/100 par|[from] item: Leftovers
|upkeep
|turn|59
|c|+shitrock enjoyer|Best game i ever watched
|
|t:|1728842872
|move|p2a: Snorlax|Rollout|p1a: fell in luv|[from]lockedmove
|-damage|p1a: fell in luv|3/100 par
|move|p1a: fell in luv|Sing|p2a: Snorlax|[miss]
|-miss|p1a: fell in luv|p2a: Snorlax
|
|-heal|p2a: Snorlax|100/100|[from] item: Leftovers
|-heal|p1a: fell in luv|10/100 par|[from] item: Leftovers
|upkeep
|turn|60
|c|☆Aburame Nation|Oof
|
|t:|1728842885
|move|p2a: Snorlax|Rollout|p1a: fell in luv|[from]lockedmove
|-damage|p1a: fell in luv|0 fnt
|faint|p1a: fell in luv
|
|win|Aburame Nation
|c|☆DanteADV|gg
|c|☆Aburame Nation|Gg
|player|p2|
|player|p2|Aburame Nation|veteran|
|player|p1|

</script>
<script type="application/json" class="data" id="replaydata-smogtours-gen3ou-798213">
{"id":"smogtours-gen3ou-798213","format":"[Gen 3] OU","players":["DanteADV","Aburame Nation"],"uploadtime":1728842885,"views":88,"formatid":"gen3ou","rating":null,"private":0,"password":null}
</script>

<script defer src="js/replays.js?9d40a366"></script>
