<!DOCTYPE html>
<meta charset="utf-8" />
<meta name="viewport" content="width=device-width" />

<title>[Gen 3] OU: shadowinger vs. udm31 - Replays - Pok&eacute;mon Showdown!</title>

<meta name="description" content="Watch a replay of a Pok&eacute;mon battle between shadowinger and udm31! Format: [Gen 3] OU; Date: Oct 24, 2024" />
<!--

Hey, you! Looking in the source for the replay log?

You can find them in JSON format, just add `.json` at the end of a replay URL.

https://replay.pokemonshowdown.com/gen7randomdoublesbattle-865046831.json

Or, if you only need the log itself, add `.log` instead:

https://replay.pokemonshowdown.com/gen7randomdoublesbattle-865046831.log

-->

<link rel="stylesheet" href="//pokemonshowdown.com/style/global.css?0.767286132409787" />
<link rel="stylesheet" href="//play.pokemonshowdown.com/style/font-awesome.css?0.9266228007934947" />
<link rel="stylesheet" href="//play.pokemonshowdown.com/style/battle.css?0.7924700842790926" />
<link rel="stylesheet" href="//play.pokemonshowdown.com/style/utilichart.css?0.8777417872839479" />

<!-- Global site tag (gtag.js) - Google Analytics -->
<script async src="https://www.googletagmanager.com/gtag/js?id=UA-26211653-1"></script>
<script>
  window.dataLayer = window.dataLayer || [];
  function gtag(){dataLayer.push(arguments);}
  gtag('js', new Date());

  gtag('config', 'UA-26211653-1');
</script>
<!-- End Google Analytics -->
<!-- Venatus Ad Manager - Install in <HEAD> of page -->
	<script src="https://hb.vntsm.com/v3/live/ad-manager.min.js" type="text/javascript" data-site-id="642aba63ec9a7b11c3c9c1be" data-mode="scan" async></script>
<!-- / Venatus Ad Manager -->

<style>
	@media (max-width:820px) {
		.battle {
			margin: 0 auto;
		}
		.battle-log {
			margin: 7px auto 0;
			max-width: 640px;
			height: 300px;
			position: static;
		}
	}
	.optgroup {
		display: inline-block;
		line-height: 22px;
		font-size: 10pt;
	}
	.optgroup .button {
		height: 25px;
		padding-top: 0;
		padding-bottom: 0;
	}
	.optgroup button.button {
		padding-left: 12px;
		padding-right: 12px;
	}
	.linklist {
		list-style: none;
		margin: 0.5em 0;
		padding: 0;
	}
	.linklist li {
		padding: 2px 0;
	}
	.sidebar {
		float: left;
		width: 320px;
	}
	.bar-wrapper {
		max-width: 1100px;
		margin: 0 auto;
	}
	.bar-wrapper.has-sidebar {
		max-width: 1430px;
	}
	.mainbar {
		margin: 0;
		padding-right: 1px;
	}
	.mainbar.has-sidebar {
		margin-left: 330px;
	}
	@media (min-width: 1511px) {
		.sidebar {
			width: 400px;
		}
		.bar-wrapper.has-sidebar {
			max-width: 1510px;
		}
		.mainbar.has-sidebar {
			margin-left: 410px;
		}
	}
	.section.first-section {
		margin-top: 9px;
	}
	.blocklink small {
		white-space: normal;
	}
	.button {
		vertical-align: middle;
	}
	.replay-controls {
		padding-top: 10px;
	}
	.replay-controls h1 {
		font-size: 16pt;
		font-weight: normal;
		color: #CCC;
	}
	.pagelink {
		text-align: center;
	}
	.pagelink a {
		width: 150px;
	}
	.textbox, .button {
		font-size: 11pt;
		vertical-align: middle;
	}
	@media (max-width: 450px) {
		.button {
			font-size: 9pt;
		}
	}
</style>

<div>

	<header>
		<div class="nav-wrapper"><ul class="nav">
			<li><a class="button nav-first" href="//pokemonshowdown.com/"><img src="//pokemonshowdown.com/images/pokemonshowdownbeta.png" srcset="//pokemonshowdown.com/images/pokemonshowdownbeta.png 1x, //pokemonshowdown.com/images/pokemonshowdownbeta@2x.png 2x" alt="Pok&eacute;mon Showdown" width="146" height="44" /> Home</a></li>
			<li><a class="button" href="//pokemonshowdown.com/dex/">Pok&eacute;dex</a></li>
			<li><a class="button cur" href="/">Replays</a></li>
			<li><a class="button" href="//pokemonshowdown.com/ladder/">Ladder</a></li>
			<li><a class="button nav-last" href="//pokemonshowdown.com/forums/">Forum</a></li>
			<li><a class="button greenbutton nav-first nav-last" href="//play.pokemonshowdown.com/">Play</a></li>
		</ul></div>
	</header>

	<div class="main" id="main">

		<noscript><section class="section">You need to enable JavaScript to use this page; sorry!</section></noscript>

	</div>

</div>

<script defer nomodule src="//play.pokemonshowdown.com/js/lib/ps-polyfill.js"></script>
<script defer src="//play.pokemonshowdown.com/js/lib/preact.min.js"></script>

<script defer src="//play.pokemonshowdown.com/config/config.js?6dec07f6"></script>
<script defer src="//play.pokemonshowdown.com/js/lib/jquery-1.11.0.min.js"></script>
<script defer src="//play.pokemonshowdown.com/js/lib/html-sanitizer-minified.js"></script>
<script defer src="//play.pokemonshowdown.com/js/battle-sound.js"></script>
<script defer src="//play.pokemonshowdown.com/js/battledata.js?0.6315294753075389"></script>
<script defer src="//play.pokemonshowdown.com/data/pokedex-mini.js?0.7603743185311358"></script>
<script defer src="//play.pokemonshowdown.com/data/pokedex-mini-bw.js?0.030888842834281283"></script>
<script defer src="//play.pokemonshowdown.com/data/graphics.js?0.05593094747507488"></script>
<script defer src="//play.pokemonshowdown.com/data/pokedex.js?0.47064822249611904"></script>
<script defer src="//play.pokemonshowdown.com/data/moves.js?0.8583693120512459"></script>
<script defer src="//play.pokemonshowdown.com/data/abilities.js?0.16017181182386842"></script>
<script defer src="//play.pokemonshowdown.com/data/items.js?0.4163379185673943"></script>
<script defer src="//play.pokemonshowdown.com/data/teambuilder-tables.js?0.31075597372830477"></script>
<script defer src="//play.pokemonshowdown.com/js/battle-tooltips.js?0.6536193500708172"></script>
<script defer src="//play.pokemonshowdown.com/js/battle.js?0.1916591943277901"></script>

<script defer src="js/utils.js?e31f9a17"></script>
<script defer src="js/replays-battle.js?7008c182"></script>

<!-- don't scrape this data! just add .json or .log after the URL!
Full API docs: https://github.com/smogon/pokemon-showdown-client/blob/master/WEB-API.md -->
<script type="text/plain" class="log" id="replaylog-smogtours-gen3ou-801637">
|inactive|Battle timer is ON: inactive players will automatically lose when time's up.
|t:|1729801094
|gametype|singles
|player|p1|shadowinger|2|
|player|p2|udm31|lucas|
|teamsize|p1|6
|teamsize|p2|6
|gen|3
|tier|[Gen 3] OU
|rule|Sleep Clause Mod: Limit one foe put to sleep
|rule|Switch Priority Clause Mod: Faster Pokémon switch first
|rule|Species Clause: Limit one of each Pokémon
|rule|OHKO Clause: OHKO moves are banned
|rule|Evasion Items Clause: Evasion items are banned
|rule|Evasion Moves Clause: Evasion moves are banned
|rule|Endless Battle Clause: Forcing endless battles is banned
|rule|HP Percentage Mod: HP is shown in percentages
|rule|One Boost Passer Clause: Limit one Baton Passer that has a way to boost its stats
|rule|Freeze Clause Mod: Limit one foe frozen
|
|t:|1729801094
|start
|switch|p1a: Tyranitar|Tyranitar, F|100/100
|switch|p2a: Tyranitar|Tyranitar, M|100/100
|-weather|Sandstorm|[from] ability: Sand Stream|[of] p1a: Tyranitar
|turn|1
|
|t:|1729801110
|switch|p2a: Skarmory|Skarmory, M|100/100
|move|p1a: Tyranitar|Earthquake|p2a: Skarmory
|-immune|p2a: Skarmory
|
|-weather|Sandstorm|[upkeep]
|upkeep
|turn|2
|
|t:|1729801114
|move|p1a: Tyranitar|Taunt|p2a: Skarmory
|-start|p2a: Skarmory|move: Taunt
|cant|p2a: Skarmory|move: Taunt|Spikes
|
|-weather|Sandstorm|[upkeep]
|upkeep
|turn|3
|
|t:|1729801122
|switch|p2a: Swampert|Swampert, F|100/100
|move|p1a: Tyranitar|Toxic|p2a: Swampert
|-status|p2a: Swampert|tox
|
|-weather|Sandstorm|[upkeep]
|-damage|p2a: Swampert|94/100 tox|[from] psn
|upkeep
|turn|4
|
|t:|1729801140
|switch|p1a: Skarmory|Skarmory, M|100/100
|switch|p2a: Skarmory|Skarmory, M|100/100
|
|-weather|Sandstorm|[upkeep]
|upkeep
|turn|5
|
|t:|1729801148
|move|p1a: Skarmory|Taunt|p2a: Skarmory
|-start|p2a: Skarmory|move: Taunt
|cant|p2a: Skarmory|move: Taunt|Spikes
|
|-weather|Sandstorm|[upkeep]
|upkeep
|turn|6
|
|t:|1729801158
|switch|p2a: Gengar|Gengar, F|100/100
|move|p1a: Skarmory|Spikes|p2a: Gengar
|-sidestart|p2: udm31|Spikes
|
|-weather|Sandstorm|[upkeep]
|-damage|p2a: Gengar|95/100|[from] Sandstorm
|-heal|p2a: Gengar|100/100|[from] item: Leftovers
|upkeep
|turn|7
|
|t:|1729801166
|switch|p1a: Blissey|Blissey, F|100/100
|move|p2a: Gengar|Will-O-Wisp|p1a: Blissey
|-status|p1a: Blissey|brn
|
|-weather|Sandstorm|[upkeep]
|-damage|p2a: Gengar|95/100|[from] Sandstorm
|-damage|p1a: Blissey|94/100 brn|[from] Sandstorm
|-heal|p2a: Gengar|100/100|[from] item: Leftovers
|-heal|p1a: Blissey|100/100 brn|[from] item: Leftovers
|-damage|p1a: Blissey|88/100 brn|[from] brn
|upkeep
|turn|8
|
|t:|1729801172
|switch|p2a: Skarmory|Skarmory, M|100/100
|move|p1a: Blissey|Ice Beam|p2a: Skarmory
|-damage|p2a: Skarmory|79/100
|
|-weather|Sandstorm|[upkeep]
|-damage|p1a: Blissey|82/100 brn|[from] Sandstorm
|-heal|p2a: Skarmory|85/100|[from] item: Leftovers
|-heal|p1a: Blissey|88/100 brn|[from] item: Leftovers
|-damage|p1a: Blissey|76/100 brn|[from] brn
|upkeep
|turn|9
|
|t:|1729801177
|-curestatus|p1a: Blissey|brn|[from] ability: Natural Cure
|switch|p1a: Skarmory|Skarmory, M|100/100
|move|p2a: Skarmory|Spikes|p1a: Skarmory
|-sidestart|p1: shadowinger|Spikes
|
|-weather|Sandstorm|[upkeep]
|-heal|p2a: Skarmory|91/100|[from] item: Leftovers
|upkeep
|turn|10
|
|t:|1729801192
|switch|p2a: Gengar|Gengar, F|100/100
|move|p1a: Skarmory|Whirlwind|p2a: Gengar
|drag|p2a: Skarmory|Skarmory, M|91/100
|
|-weather|Sandstorm|[upkeep]
|-heal|p2a: Skarmory|97/100|[from] item: Leftovers
|upkeep
|turn|11
|
|t:|1729801213
|switch|p2a: Gengar|Gengar, F|100/100
|move|p1a: Skarmory|Spikes|p2a: Gengar
|-sidestart|p2: udm31|Spikes
|
|-weather|Sandstorm|[upkeep]
|-damage|p2a: Gengar|95/100|[from] Sandstorm
|-heal|p2a: Gengar|100/100|[from] item: Leftovers
|upkeep
|turn|12
|
|t:|1729801219
|move|p2a: Gengar|Will-O-Wisp|p1a: Skarmory
|-status|p1a: Skarmory|brn
|move|p1a: Skarmory|Whirlwind|p2a: Gengar
|drag|p2a: Tyranitar|Tyranitar, M|100/100
|-damage|p2a: Tyranitar|84/100|[from] Spikes
|
|-weather|Sandstorm|[upkeep]
|-damage|p1a: Skarmory|88/100 brn|[from] brn
|-heal|p2a: Tyranitar|90/100|[from] item: Leftovers
|upkeep
|turn|13
|
|t:|1729801241
|switch|p2a: Gengar|Gengar, F|100/100
|move|p1a: Skarmory|Toxic|p2a: Gengar
|-immune|p2a: Gengar
|
|-weather|Sandstorm|[upkeep]
|-damage|p2a: Gengar|95/100|[from] Sandstorm
|-heal|p2a: Gengar|100/100|[from] item: Leftovers
|-heal|p1a: Skarmory|94/100 brn|[from] item: Leftovers
|-damage|p1a: Skarmory|82/100 brn|[from] brn
|upkeep
|turn|14
|
|t:|1729801256
|switch|p1a: Blissey|Blissey, F|76/100
|-damage|p1a: Blissey|63/100|[from] Spikes
|move|p2a: Gengar|Thunderbolt|p1a: Blissey
|-damage|p1a: Blissey|53/100
|
|-weather|Sandstorm|[upkeep]
|-damage|p2a: Gengar|95/100|[from] Sandstorm
|-damage|p1a: Blissey|47/100|[from] Sandstorm
|-heal|p2a: Gengar|100/100|[from] item: Leftovers
|-heal|p1a: Blissey|53/100|[from] item: Leftovers
|upkeep
|turn|15
|
|t:|1729801267
|switch|p2a: Skarmory|Skarmory, M|97/100
|move|p1a: Blissey|Soft-Boiled|p1a: Blissey
|-heal|p1a: Blissey|100/100
|
|-weather|Sandstorm|[upkeep]
|-damage|p1a: Blissey|94/100|[from] Sandstorm
|-heal|p2a: Skarmory|100/100|[from] item: Leftovers
|-heal|p1a: Blissey|100/100|[from] item: Leftovers
|upkeep
|turn|16
|
|t:|1729801274
|move|p2a: Skarmory|Spikes|p1a: Blissey
|-sidestart|p1: shadowinger|Spikes
|move|p1a: Blissey|Seismic Toss|p2a: Skarmory
|-damage|p2a: Skarmory|71/100
|
|-weather|Sandstorm|[upkeep]
|-damage|p1a: Blissey|94/100|[from] Sandstorm
|-heal|p2a: Skarmory|77/100|[from] item: Leftovers
|-heal|p1a: Blissey|100/100|[from] item: Leftovers
|upkeep
|turn|17
|
|t:|1729801283
|move|p2a: Skarmory|Spikes|p1a: Blissey
|-sidestart|p1: shadowinger|Spikes
|move|p1a: Blissey|Seismic Toss|p2a: Skarmory
|-damage|p2a: Skarmory|47/100
|
|-weather|Sandstorm|[upkeep]
|-damage|p1a: Blissey|94/100|[from] Sandstorm
|-heal|p2a: Skarmory|53/100|[from] item: Leftovers
|-heal|p1a: Blissey|100/100|[from] item: Leftovers
|upkeep
|turn|18
|
|t:|1729801286
|switch|p1a: Skarmory|Skarmory, M|82/100 brn
|move|p2a: Skarmory|Protect||[still]
|-fail|p2a: Skarmory
|
|-weather|Sandstorm|[upkeep]
|-heal|p1a: Skarmory|88/100 brn|[from] item: Leftovers
|-damage|p1a: Skarmory|76/100 brn|[from] brn
|-heal|p2a: Skarmory|59/100|[from] item: Leftovers
|upkeep
|turn|19
|
|t:|1729801293
|switch|p2a: Gengar|Gengar, F|100/100
|move|p1a: Skarmory|Spikes|p2a: Gengar
|-sidestart|p2: udm31|Spikes
|
|-weather|Sandstorm|[upkeep]
|-damage|p2a: Gengar|95/100|[from] Sandstorm
|-heal|p2a: Gengar|100/100|[from] item: Leftovers
|-heal|p1a: Skarmory|82/100 brn|[from] item: Leftovers
|-damage|p1a: Skarmory|69/100 brn|[from] brn
|upkeep
|turn|20
|
|t:|1729801298
|move|p2a: Gengar|Thunderbolt|p1a: Skarmory
|-supereffective|p1a: Skarmory
|-damage|p1a: Skarmory|17/100 brn
|move|p1a: Skarmory|Whirlwind|p2a: Gengar
|drag|p2a: Skarmory|Skarmory, M|59/100
|
|-weather|Sandstorm|[upkeep]
|-heal|p1a: Skarmory|23/100 brn|[from] item: Leftovers
|-damage|p1a: Skarmory|10/100 brn|[from] brn
|-heal|p2a: Skarmory|65/100|[from] item: Leftovers
|upkeep
|turn|21
|
|t:|1729801305
|move|p2a: Skarmory|Protect|p2a: Skarmory
|-singleturn|p2a: Skarmory|Protect
|move|p1a: Skarmory|Whirlwind|p2a: Skarmory
|-activate|p2a: Skarmory|Protect
|
|-weather|Sandstorm|[upkeep]
|-heal|p1a: Skarmory|16/100 brn|[from] item: Leftovers
|-damage|p1a: Skarmory|4/100 brn|[from] brn
|-heal|p2a: Skarmory|71/100|[from] item: Leftovers
|upkeep
|turn|22
|
|t:|1729801315
|move|p2a: Skarmory|Protect||[still]
|-fail|p2a: Skarmory
|move|p1a: Skarmory|Taunt|p2a: Skarmory
|-start|p2a: Skarmory|move: Taunt
|
|-weather|Sandstorm|[upkeep]
|-heal|p1a: Skarmory|10/100 brn|[from] item: Leftovers
|-damage|p1a: Skarmory|0 fnt|[from] brn
|faint|p1a: Skarmory
|-heal|p2a: Skarmory|77/100|[from] item: Leftovers
|upkeep
|
|t:|1729801318
|switch|p1a: Moltres|Moltres|100/100
|turn|23
|
|t:|1729801333
|switch|p2a: Blissey|Blissey, F|100/100
|-damage|p2a: Blissey|76/100|[from] Spikes
|move|p1a: Moltres|Hidden Power|p2a: Blissey
|-crit|p2a: Blissey
|-damage|p2a: Blissey|55/100
|
|-weather|Sandstorm|[upkeep]
|-damage|p1a: Moltres|94/100|[from] Sandstorm
|-damage|p2a: Blissey|49/100|[from] Sandstorm
|-heal|p1a: Moltres|100/100|[from] item: Leftovers
|-heal|p2a: Blissey|55/100|[from] item: Leftovers
|upkeep
|turn|24
|
|t:|1729801340
|move|p2a: Blissey|Soft-Boiled|p2a: Blissey
|-heal|p2a: Blissey|100/100
|move|p1a: Moltres|Roar|p2a: Blissey
|drag|p2a: Skarmory|Skarmory, M|77/100
|
|-weather|Sandstorm|[upkeep]
|-damage|p1a: Moltres|94/100|[from] Sandstorm
|-heal|p1a: Moltres|100/100|[from] item: Leftovers
|-heal|p2a: Skarmory|83/100|[from] item: Leftovers
|upkeep
|turn|25
|
|t:|1729801346
|move|p2a: Skarmory|Protect|p2a: Skarmory
|-singleturn|p2a: Skarmory|Protect
|move|p1a: Moltres|Flamethrower|p2a: Skarmory
|-activate|p2a: Skarmory|Protect
|
|-weather|Sandstorm|[upkeep]
|-damage|p1a: Moltres|94/100|[from] Sandstorm
|-heal|p1a: Moltres|100/100|[from] item: Leftovers
|-heal|p2a: Skarmory|89/100|[from] item: Leftovers
|upkeep
|turn|26
|
|t:|1729801359
|switch|p2a: Blissey|Blissey, F|100/100
|-damage|p2a: Blissey|76/100|[from] Spikes
|move|p1a: Moltres|Roar|p2a: Blissey
|drag|p2a: Swampert|Swampert, F|94/100 tox
|-damage|p2a: Swampert|69/100 tox|[from] Spikes
|
|-weather|Sandstorm|[upkeep]
|-damage|p1a: Moltres|94/100|[from] Sandstorm
|-heal|p1a: Moltres|100/100|[from] item: Leftovers
|-heal|p2a: Swampert|76/100 tox|[from] item: Leftovers
|-damage|p2a: Swampert|69/100 tox|[from] psn
|upkeep
|turn|27
|
|t:|1729801367
|switch|p2a: Blissey|Blissey, F|76/100
|-damage|p2a: Blissey|51/100|[from] Spikes
|move|p1a: Moltres|Hidden Power|p2a: Blissey
|-damage|p2a: Blissey|40/100
|
|-weather|Sandstorm|[upkeep]
|-damage|p1a: Moltres|94/100|[from] Sandstorm
|-damage|p2a: Blissey|34/100|[from] Sandstorm
|-heal|p1a: Moltres|100/100|[from] item: Leftovers
|-heal|p2a: Blissey|40/100|[from] item: Leftovers
|upkeep
|turn|28
|
|t:|1729801371
|move|p2a: Blissey|Soft-Boiled|p2a: Blissey
|-heal|p2a: Blissey|90/100
|move|p1a: Moltres|Roar|p2a: Blissey
|drag|p2a: Skarmory|Skarmory, M|89/100
|
|-weather|Sandstorm|[upkeep]
|-damage|p1a: Moltres|94/100|[from] Sandstorm
|-heal|p1a: Moltres|100/100|[from] item: Leftovers
|-heal|p2a: Skarmory|95/100|[from] item: Leftovers
|upkeep
|turn|29
|
|t:|1729801378
|move|p2a: Skarmory|Protect|p2a: Skarmory
|-singleturn|p2a: Skarmory|Protect
|move|p1a: Moltres|Flamethrower|p2a: Skarmory
|-activate|p2a: Skarmory|Protect
|
|-weather|Sandstorm|[upkeep]
|-damage|p1a: Moltres|94/100|[from] Sandstorm
|-heal|p1a: Moltres|100/100|[from] item: Leftovers
|-heal|p2a: Skarmory|100/100|[from] item: Leftovers
|upkeep
|turn|30
|
|t:|1729801393
|switch|p2a: Blissey|Blissey, F|90/100
|-damage|p2a: Blissey|65/100|[from] Spikes
|move|p1a: Moltres|Roar|p2a: Blissey
|drag|p2a: Salamence|Salamence, M|100/100
|-ability|p2a: Salamence|Intimidate|boost
|-unboost|p1a: Moltres|atk|1
|
|-weather|Sandstorm|[upkeep]
|-damage|p2a: Salamence|94/100|[from] Sandstorm
|-damage|p1a: Moltres|94/100|[from] Sandstorm
|-heal|p2a: Salamence|100/100|[from] item: Leftovers
|-heal|p1a: Moltres|100/100|[from] item: Leftovers
|upkeep
|turn|31
|
|t:|1729801406
|move|p2a: Salamence|Dragon Claw|p1a: Moltres
|-damage|p1a: Moltres|49/100
|move|p1a: Moltres|Will-O-Wisp|p2a: Salamence|[miss]
|-miss|p1a: Moltres|p2a: Salamence
|
|-weather|Sandstorm|[upkeep]
|-damage|p2a: Salamence|94/100|[from] Sandstorm
|-damage|p1a: Moltres|43/100|[from] Sandstorm
|-heal|p2a: Salamence|100/100|[from] item: Leftovers
|-heal|p1a: Moltres|49/100|[from] item: Leftovers
|upkeep
|turn|32
|c|☆udm31|mb
|
|t:|1729801420
|switch|p1a: Blissey|Blissey, F|100/100
|-damage|p1a: Blissey|76/100|[from] Spikes
|move|p2a: Salamence|Dragon Claw|p1a: Blissey
|-damage|p1a: Blissey|59/100
|
|-weather|Sandstorm|[upkeep]
|-damage|p2a: Salamence|94/100|[from] Sandstorm
|-damage|p1a: Blissey|53/100|[from] Sandstorm
|-heal|p2a: Salamence|100/100|[from] item: Leftovers
|-heal|p1a: Blissey|59/100|[from] item: Leftovers
|upkeep
|turn|33
|
|t:|1729801436
|switch|p2a: Tyranitar|Tyranitar, M|90/100
|-damage|p2a: Tyranitar|65/100|[from] Spikes
|move|p1a: Blissey|Soft-Boiled|p1a: Blissey
|-heal|p1a: Blissey|100/100
|
|-weather|Sandstorm|[upkeep]
|-damage|p1a: Blissey|94/100|[from] Sandstorm
|-heal|p2a: Tyranitar|71/100|[from] item: Leftovers
|-heal|p1a: Blissey|100/100|[from] item: Leftovers
|upkeep
|turn|34
|
|t:|1729801443
|-singleturn|p2a: Tyranitar|move: Focus Punch
|move|p1a: Blissey|Toxic|p2a: Tyranitar
|-status|p2a: Tyranitar|tox
|move|p2a: Tyranitar|Focus Punch|p1a: Blissey
|-supereffective|p1a: Blissey
|-damage|p1a: Blissey|0 fnt
|faint|p1a: Blissey
|
|t:|1729801449
|switch|p1a: Swampert|Swampert, F|100/100
|-damage|p1a: Swampert|76/100|[from] Spikes
|
|-weather|Sandstorm|[upkeep]
|-heal|p2a: Tyranitar|78/100 tox|[from] item: Leftovers
|-damage|p2a: Tyranitar|71/100 tox|[from] psn
|-heal|p1a: Swampert|82/100|[from] item: Leftovers
|upkeep
|turn|35
|
|t:|1729801470
|switch|p2a: Skarmory|Skarmory, M|100/100
|move|p1a: Swampert|Hydro Pump|p2a: Skarmory
|-damage|p2a: Skarmory|63/100
|
|-weather|Sandstorm|[upkeep]
|-heal|p2a: Skarmory|69/100|[from] item: Leftovers
|-heal|p1a: Swampert|88/100|[from] item: Leftovers
|upkeep
|turn|36
|
|t:|1729801479
|move|p1a: Swampert|Protect|p1a: Swampert
|-singleturn|p1a: Swampert|Protect
|move|p2a: Skarmory|Toxic|p1a: Swampert
|-activate|p1a: Swampert|Protect
|
|-weather|Sandstorm|[upkeep]
|-heal|p2a: Skarmory|75/100|[from] item: Leftovers
|-heal|p1a: Swampert|94/100|[from] item: Leftovers
|upkeep
|turn|37
|
|t:|1729801491
|switch|p1a: Gengar|Gengar, M|100/100
|move|p2a: Skarmory|Roar|p1a: Gengar
|drag|p1a: Moltres|Moltres|49/100
|
|-weather|Sandstorm|[upkeep]
|-damage|p1a: Moltres|43/100|[from] Sandstorm
|-heal|p1a: Moltres|49/100|[from] item: Leftovers
|-heal|p2a: Skarmory|81/100|[from] item: Leftovers
|upkeep
|turn|38
|
|t:|1729801500
|move|p2a: Skarmory|Protect|p2a: Skarmory
|-singleturn|p2a: Skarmory|Protect
|move|p1a: Moltres|Flamethrower|p2a: Skarmory
|-activate|p2a: Skarmory|Protect
|
|-weather|Sandstorm|[upkeep]
|-damage|p1a: Moltres|43/100|[from] Sandstorm
|-heal|p1a: Moltres|49/100|[from] item: Leftovers
|-heal|p2a: Skarmory|87/100|[from] item: Leftovers
|upkeep
|turn|39
|
|t:|1729801512
|switch|p2a: Tyranitar|Tyranitar, M|71/100 tox
|-damage|p2a: Tyranitar|47/100 tox|[from] Spikes
|move|p1a: Moltres|Roar|p2a: Tyranitar
|drag|p2a: Blissey|Blissey, F|65/100
|-damage|p2a: Blissey|41/100|[from] Spikes
|
|-weather|Sandstorm|[upkeep]
|-damage|p1a: Moltres|43/100|[from] Sandstorm
|-damage|p2a: Blissey|34/100|[from] Sandstorm
|-heal|p1a: Moltres|49/100|[from] item: Leftovers
|-heal|p2a: Blissey|41/100|[from] item: Leftovers
|upkeep
|turn|40
|
|t:|1729801535
|move|p2a: Blissey|Soft-Boiled|p2a: Blissey
|-heal|p2a: Blissey|91/100
|move|p1a: Moltres|Roar|p2a: Blissey
|drag|p2a: Salamence|Salamence, M|100/100
|-ability|p2a: Salamence|Intimidate|boost
|-unboost|p1a: Moltres|atk|1
|
|-weather|Sandstorm|[upkeep]
|-damage|p2a: Salamence|94/100|[from] Sandstorm
|-damage|p1a: Moltres|43/100|[from] Sandstorm
|-heal|p2a: Salamence|100/100|[from] item: Leftovers
|-heal|p1a: Moltres|49/100|[from] item: Leftovers
|upkeep
|turn|41
|
|t:|1729801542
|switch|p1a: Tyranitar|Tyranitar, F|100/100
|-damage|p1a: Tyranitar|75/100|[from] Spikes
|move|p2a: Salamence|Dragon Claw|p1a: Tyranitar
|-damage|p1a: Tyranitar|42/100
|
|-weather|Sandstorm|[upkeep]
|-damage|p2a: Salamence|94/100|[from] Sandstorm
|-heal|p2a: Salamence|100/100|[from] item: Leftovers
|-heal|p1a: Tyranitar|48/100|[from] item: Leftovers
|upkeep
|turn|42
|
|t:|1729801551
|move|p2a: Salamence|Brick Break|p1a: Tyranitar
|-supereffective|p1a: Tyranitar
|-damage|p1a: Tyranitar|0 fnt
|faint|p1a: Tyranitar
|
|t:|1729801554
|switch|p1a: Swampert|Swampert, F|94/100
|-damage|p1a: Swampert|69/100|[from] Spikes
|
|-weather|Sandstorm|[upkeep]
|-damage|p2a: Salamence|94/100|[from] Sandstorm
|-heal|p2a: Salamence|100/100|[from] item: Leftovers
|-heal|p1a: Swampert|76/100|[from] item: Leftovers
|upkeep
|turn|43
|inactive|udm31 has 270 seconds left.
|
|t:|1729801592
|switch|p2a: Skarmory|Skarmory, M|87/100
|move|p1a: Swampert|Ice Beam|p2a: Skarmory
|-damage|p2a: Skarmory|69/100
|
|-weather|Sandstorm|[upkeep]
|-heal|p2a: Skarmory|75/100|[from] item: Leftovers
|-heal|p1a: Swampert|82/100|[from] item: Leftovers
|upkeep
|turn|44
|inactive|udm31 has 270 seconds left.
|
|t:|1729801602
|switch|p1a: Gengar|Gengar, M|100/100
|move|p2a: Skarmory|Toxic|p1a: Gengar|[miss]
|-miss|p2a: Skarmory|p1a: Gengar
|
|-weather|Sandstorm|[upkeep]
|-damage|p1a: Gengar|94/100|[from] Sandstorm
|-heal|p1a: Gengar|100/100|[from] item: Leftovers
|-heal|p2a: Skarmory|81/100|[from] item: Leftovers
|upkeep
|turn|45
|
|t:|1729801607
|move|p2a: Skarmory|Protect|p2a: Skarmory
|-singleturn|p2a: Skarmory|Protect
|move|p1a: Gengar|Thunderbolt|p2a: Skarmory
|-activate|p2a: Skarmory|Protect
|
|-weather|Sandstorm|[upkeep]
|-damage|p1a: Gengar|94/100|[from] Sandstorm
|-heal|p1a: Gengar|100/100|[from] item: Leftovers
|-heal|p2a: Skarmory|87/100|[from] item: Leftovers
|upkeep
|turn|46
|inactive|udm31 has 270 seconds left.
|
|t:|1729801629
|move|p1a: Gengar|Will-O-Wisp|p2a: Skarmory|[miss]
|-miss|p1a: Gengar|p2a: Skarmory
|move|p2a: Skarmory|Roar|p1a: Gengar
|drag|p1a: Swampert|Swampert, F|82/100
|-damage|p1a: Swampert|57/100|[from] Spikes
|
|-weather|Sandstorm|[upkeep]
|-heal|p2a: Skarmory|93/100|[from] item: Leftovers
|-heal|p1a: Swampert|63/100|[from] item: Leftovers
|upkeep
|turn|47
|c|☆udm31|sorry for the wow misses
|inactive|udm31 has 270 seconds left.
|
|t:|1729801643
|move|p2a: Skarmory|Toxic|p1a: Swampert
|-status|p1a: Swampert|tox
|move|p1a: Swampert|Hydro Pump|p2a: Skarmory
|-damage|p2a: Skarmory|56/100
|
|-weather|Sandstorm|[upkeep]
|-heal|p2a: Skarmory|62/100|[from] item: Leftovers
|-heal|p1a: Swampert|69/100 tox|[from] item: Leftovers
|-damage|p1a: Swampert|63/100 tox|[from] psn
|upkeep
|turn|48
|c|☆shadowinger|damn my mons are blind
|inactive|udm31 has 270 seconds left.
|c|☆udm31|either gar or gar's opponent is blind
|c|☆udm31|hardfast rule
|
|t:|1729801682
|switch|p1a: Gengar|Gengar, M|100/100
|move|p2a: Skarmory|Protect||[still]
|-fail|p2a: Skarmory
|
|-weather|Sandstorm|[upkeep]
|-damage|p1a: Gengar|94/100|[from] Sandstorm
|-heal|p1a: Gengar|100/100|[from] item: Leftovers
|-heal|p2a: Skarmory|68/100|[from] item: Leftovers
|upkeep
|turn|49
|
|t:|1729801696
|move|p2a: Skarmory|Protect|p2a: Skarmory
|-singleturn|p2a: Skarmory|Protect
|move|p1a: Gengar|Thunderbolt|p2a: Skarmory
|-activate|p2a: Skarmory|Protect
|
|-weather|Sandstorm|[upkeep]
|-damage|p1a: Gengar|94/100|[from] Sandstorm
|-heal|p1a: Gengar|100/100|[from] item: Leftovers
|-heal|p2a: Skarmory|74/100|[from] item: Leftovers
|upkeep
|turn|50
|
|t:|1729801707
|move|p1a: Gengar|Will-O-Wisp|p2a: Skarmory
|-status|p2a: Skarmory|brn
|move|p2a: Skarmory|Roar|p1a: Gengar
|drag|p1a: Swampert|Swampert, F|63/100 tox
|-damage|p1a: Swampert|38/100 tox|[from] Spikes
|
|-weather|Sandstorm|[upkeep]
|-heal|p2a: Skarmory|80/100 brn|[from] item: Leftovers
|-damage|p2a: Skarmory|68/100 brn|[from] brn
|-heal|p1a: Swampert|45/100 tox|[from] item: Leftovers
|-damage|p1a: Swampert|38/100 tox|[from] psn
|upkeep
|turn|51
|
|t:|1729801714
|move|p1a: Swampert|Hydro Pump|p2a: Skarmory
|-damage|p2a: Skarmory|33/100 brn
|move|p2a: Skarmory|Roar|p1a: Swampert
|drag|p1a: Moltres|Moltres|49/100
|
|-weather|Sandstorm|[upkeep]
|-damage|p1a: Moltres|43/100|[from] Sandstorm
|-heal|p1a: Moltres|49/100|[from] item: Leftovers
|-heal|p2a: Skarmory|39/100 brn|[from] item: Leftovers
|-damage|p2a: Skarmory|27/100 brn|[from] brn
|upkeep
|turn|52
|
|t:|1729801726
|move|p1a: Moltres|Flamethrower|p2a: Skarmory
|-supereffective|p2a: Skarmory
|-damage|p2a: Skarmory|0 fnt
|faint|p2a: Skarmory
|
|t:|1729801730
|switch|p2a: Salamence|Salamence, M|100/100
|-ability|p2a: Salamence|Intimidate|boost
|-unboost|p1a: Moltres|atk|1
|
|-weather|Sandstorm|[upkeep]
|-damage|p2a: Salamence|94/100|[from] Sandstorm
|-damage|p1a: Moltres|43/100|[from] Sandstorm
|-heal|p2a: Salamence|100/100|[from] item: Leftovers
|-heal|p1a: Moltres|49/100|[from] item: Leftovers
|upkeep
|turn|53
|
|t:|1729801737
|move|p2a: Salamence|Dragon Claw|p1a: Moltres
|-damage|p1a: Moltres|0 fnt
|faint|p1a: Moltres
|
|t:|1729801740
|switch|p1a: Gengar|Gengar, M|100/100
|
|-weather|Sandstorm|[upkeep]
|-damage|p1a: Gengar|94/100|[from] Sandstorm
|-damage|p2a: Salamence|94/100|[from] Sandstorm
|-heal|p1a: Gengar|100/100|[from] item: Leftovers
|-heal|p2a: Salamence|100/100|[from] item: Leftovers
|upkeep
|turn|54
|
|t:|1729801749
|switch|p2a: Tyranitar|Tyranitar, M|47/100 tox
|-damage|p2a: Tyranitar|22/100 tox|[from] Spikes
|move|p1a: Gengar|Ice Punch|p2a: Tyranitar
|-damage|p2a: Tyranitar|2/100 tox
|
|-weather|Sandstorm|[upkeep]
|-damage|p1a: Gengar|94/100|[from] Sandstorm
|-heal|p1a: Gengar|100/100|[from] item: Leftovers
|-heal|p2a: Tyranitar|8/100 tox|[from] item: Leftovers
|-damage|p2a: Tyranitar|2/100 tox|[from] psn
|upkeep
|turn|55
|
|t:|1729801756
|move|p1a: Gengar|Thunderbolt|p2a: Tyranitar
|-damage|p2a: Tyranitar|0 fnt
|faint|p2a: Tyranitar
|
|t:|1729801763
|switch|p2a: Blissey|Blissey, F|91/100
|-damage|p2a: Blissey|66/100|[from] Spikes
|
|-weather|Sandstorm|[upkeep]
|-damage|p1a: Gengar|94/100|[from] Sandstorm
|-damage|p2a: Blissey|59/100|[from] Sandstorm
|-heal|p1a: Gengar|100/100|[from] item: Leftovers
|-heal|p2a: Blissey|66/100|[from] item: Leftovers
|upkeep
|turn|56
|
|t:|1729801775
|move|p1a: Gengar|Taunt|p2a: Blissey
|-start|p2a: Blissey|move: Taunt
|move|p2a: Blissey|Ice Beam|p1a: Gengar
|-damage|p1a: Gengar|72/100
|
|-weather|Sandstorm|[upkeep]
|-damage|p1a: Gengar|66/100|[from] Sandstorm
|-damage|p2a: Blissey|59/100|[from] Sandstorm
|-heal|p1a: Gengar|72/100|[from] item: Leftovers
|-heal|p2a: Blissey|66/100|[from] item: Leftovers
|upkeep
|turn|57
|
|t:|1729801782
|move|p1a: Gengar|Will-O-Wisp|p2a: Blissey|[miss]
|-miss|p1a: Gengar|p2a: Blissey
|move|p2a: Blissey|Ice Beam|p1a: Gengar
|-damage|p1a: Gengar|43/100
|
|-weather|Sandstorm|[upkeep]
|-damage|p1a: Gengar|37/100|[from] Sandstorm
|-damage|p2a: Blissey|59/100|[from] Sandstorm
|-heal|p1a: Gengar|43/100|[from] item: Leftovers
|-heal|p2a: Blissey|66/100|[from] item: Leftovers
|-end|p2a: Blissey|move: Taunt|[silent]
|upkeep
|turn|58
|inactive|udm31 has 270 seconds left.
|c|☆udm31|:/ I don't know what to say, shit happens
|
|t:|1729801829
|switch|p1a: Swampert|Swampert, F|38/100 tox
|-damage|p1a: Swampert|14/100 tox|[from] Spikes
|move|p2a: Blissey|Ice Beam|p1a: Swampert
|-damage|p1a: Swampert|0 fnt
|faint|p1a: Swampert
|c|☆shadowinger|eh it's fine
|c|☆shadowinger|it was pretty funny so i don't mind
|
|t:|1729801850
|switch|p1a: Gengar|Gengar, M|43/100
|
|-weather|Sandstorm|[upkeep]
|-damage|p1a: Gengar|37/100|[from] Sandstorm
|-damage|p2a: Blissey|59/100|[from] Sandstorm
|-heal|p1a: Gengar|43/100|[from] item: Leftovers
|-heal|p2a: Blissey|66/100|[from] item: Leftovers
|upkeep
|turn|59
|c|☆shadowinger|ggs
|inactive|udm31 has 240 seconds left.
|inactive|udm31 has 210 seconds left.
|c|☆udm31|ggs
|
|t:|1729801924
|move|p1a: Gengar|Will-O-Wisp|p2a: Blissey|[miss]
|-miss|p1a: Gengar|p2a: Blissey
|move|p2a: Blissey|Ice Beam|p1a: Gengar
|-damage|p1a: Gengar|14/100
|
|-weather|Sandstorm|[upkeep]
|-damage|p1a: Gengar|8/100|[from] Sandstorm
|-damage|p2a: Blissey|59/100|[from] Sandstorm
|-heal|p1a: Gengar|14/100|[from] item: Leftovers
|-heal|p2a: Blissey|66/100|[from] item: Leftovers
|upkeep
|turn|60
|c|☆udm31|okay
|c|☆udm31|gamefreak
|c|☆udm31|do better
|inactive|shadowinger has 270 seconds left.
|c|☆udm31|please we just want to play the game
|
|t:|1729801968
|move|p1a: Gengar|Will-O-Wisp|p2a: Blissey
|-status|p2a: Blissey|brn
|move|p2a: Blissey|Ice Beam|p1a: Gengar
|-damage|p1a: Gengar|0 fnt
|faint|p1a: Gengar
|
|win|udm31
|c|☆shadowinger|i hit one!!!!!!!!!!!!!!!!!!!!!!!!!
|c|☆shadowinger|lmao
|c|☆udm31|okay
|c|☆udm31|a direct way to pressure me is doubling in between tar if wisp just doesn't like you
|c|☆udm31|so gamefreak doesn't terrorize you next time
|player|p1|

</script>
<script type="application/json" class="data" id="replaydata-smogtours-gen3ou-801637">
{"id":"smogtours-gen3ou-801637","format":"[Gen 3] OU","players":["shadowinger","udm31"],"uploadtime":1729801968,"views":101,"formatid":"gen3ou","rating":null,"private":1,"password":null}
</script>

<script defer src="js/replays.js?9d40a366"></script>
