<!DOCTYPE html>
<meta charset="utf-8" />
<meta name="viewport" content="width=device-width" />

<title>[Gen 3] OU: Deezcastforms vs. blundergoth - Replays - Pok&eacute;mon Showdown!</title>

<meta name="description" content="Watch a replay of a Pok&eacute;mon battle between Deezcastforms and blundergoth! Format: [Gen 3] OU; Date: Oct 31, 2024" />
<!--

Hey, you! Looking in the source for the replay log?

You can find them in JSON format, just add `.json` at the end of a replay URL.

https://replay.pokemonshowdown.com/gen7randomdoublesbattle-865046831.json

Or, if you only need the log itself, add `.log` instead:

https://replay.pokemonshowdown.com/gen7randomdoublesbattle-865046831.log

-->

<link rel="stylesheet" href="//pokemonshowdown.com/style/global.css?0.023195364461161105" />
<link rel="stylesheet" href="//play.pokemonshowdown.com/style/font-awesome.css?0.13261647063804238" />
<link rel="stylesheet" href="//play.pokemonshowdown.com/style/battle.css?0.8753245789963631" />
<link rel="stylesheet" href="//play.pokemonshowdown.com/style/utilichart.css?0.8627959624976733" />

<!-- Global site tag (gtag.js) - Google Analytics -->
<script async src="https://www.googletagmanager.com/gtag/js?id=UA-26211653-1"></script>
<script>
  window.dataLayer = window.dataLayer || [];
  function gtag(){dataLayer.push(arguments);}
  gtag('js', new Date());

  gtag('config', 'UA-26211653-1');
</script>
<!-- End Google Analytics -->
<!-- Venatus Ad Manager - Install in <HEAD> of page -->
	<script src="https://hb.vntsm.com/v3/live/ad-manager.min.js" type="text/javascript" data-site-id="642aba63ec9a7b11c3c9c1be" data-mode="scan" async></script>
<!-- / Venatus Ad Manager -->

<style>
	@media (max-width:820px) {
		.battle {
			margin: 0 auto;
		}
		.battle-log {
			margin: 7px auto 0;
			max-width: 640px;
			height: 300px;
			position: static;
		}
	}
	.optgroup {
		display: inline-block;
		line-height: 22px;
		font-size: 10pt;
	}
	.optgroup .button {
		height: 25px;
		padding-top: 0;
		padding-bottom: 0;
	}
	.optgroup button.button {
		padding-left: 12px;
		padding-right: 12px;
	}
	.linklist {
		list-style: none;
		margin: 0.5em 0;
		padding: 0;
	}
	.linklist li {
		padding: 2px 0;
	}
	.sidebar {
		float: left;
		width: 320px;
	}
	.bar-wrapper {
		max-width: 1100px;
		margin: 0 auto;
	}
	.bar-wrapper.has-sidebar {
		max-width: 1430px;
	}
	.mainbar {
		margin: 0;
		padding-right: 1px;
	}
	.mainbar.has-sidebar {
		margin-left: 330px;
	}
	@media (min-width: 1511px) {
		.sidebar {
			width: 400px;
		}
		.bar-wrapper.has-sidebar {
			max-width: 1510px;
		}
		.mainbar.has-sidebar {
			margin-left: 410px;
		}
	}
	.section.first-section {
		margin-top: 9px;
	}
	.blocklink small {
		white-space: normal;
	}
	.button {
		vertical-align: middle;
	}
	.replay-controls {
		padding-top: 10px;
	}
	.replay-controls h1 {
		font-size: 16pt;
		font-weight: normal;
		color: #CCC;
	}
	.pagelink {
		text-align: center;
	}
	.pagelink a {
		width: 150px;
	}
	.textbox, .button {
		font-size: 11pt;
		vertical-align: middle;
	}
	@media (max-width: 450px) {
		.button {
			font-size: 9pt;
		}
	}
</style>

<div>

	<header>
		<div class="nav-wrapper"><ul class="nav">
			<li><a class="button nav-first" href="//pokemonshowdown.com/"><img src="//pokemonshowdown.com/images/pokemonshowdownbeta.png" srcset="//pokemonshowdown.com/images/pokemonshowdownbeta.png 1x, //pokemonshowdown.com/images/pokemonshowdownbeta@2x.png 2x" alt="Pok&eacute;mon Showdown" width="146" height="44" /> Home</a></li>
			<li><a class="button" href="//pokemonshowdown.com/dex/">Pok&eacute;dex</a></li>
			<li><a class="button cur" href="/">Replays</a></li>
			<li><a class="button" href="//pokemonshowdown.com/ladder/">Ladder</a></li>
			<li><a class="button nav-last" href="//pokemonshowdown.com/forums/">Forum</a></li>
			<li><a class="button greenbutton nav-first nav-last" href="//play.pokemonshowdown.com/">Play</a></li>
		</ul></div>
	</header>

	<div class="main" id="main">

		<noscript><section class="section">You need to enable JavaScript to use this page; sorry!</section></noscript>

	</div>

</div>

<script defer nomodule src="//play.pokemonshowdown.com/js/lib/ps-polyfill.js"></script>
<script defer src="//play.pokemonshowdown.com/js/lib/preact.min.js"></script>

<script defer src="//play.pokemonshowdown.com/config/config.js?2bddbc15"></script>
<script defer src="//play.pokemonshowdown.com/js/lib/jquery-1.11.0.min.js"></script>
<script defer src="//play.pokemonshowdown.com/js/lib/html-sanitizer-minified.js"></script>
<script defer src="//play.pokemonshowdown.com/js/battle-sound.js"></script>
<script defer src="//play.pokemonshowdown.com/js/battledata.js?0.7209276989879541"></script>
<script defer src="//play.pokemonshowdown.com/data/pokedex-mini.js?0.6111056340867951"></script>
<script defer src="//play.pokemonshowdown.com/data/pokedex-mini-bw.js?0.3532142036491459"></script>
<script defer src="//play.pokemonshowdown.com/data/graphics.js?0.24223875632456182"></script>
<script defer src="//play.pokemonshowdown.com/data/pokedex.js?0.38839984266356864"></script>
<script defer src="//play.pokemonshowdown.com/data/moves.js?0.21866028504024015"></script>
<script defer src="//play.pokemonshowdown.com/data/abilities.js?0.2005157953846628"></script>
<script defer src="//play.pokemonshowdown.com/data/items.js?0.9894211263848525"></script>
<script defer src="//play.pokemonshowdown.com/data/teambuilder-tables.js?0.6008791140282215"></script>
<script defer src="//play.pokemonshowdown.com/js/battle-tooltips.js?0.7580118955022959"></script>
<script defer src="//play.pokemonshowdown.com/js/battle.js?0.6057722274234274"></script>

<script defer src="js/utils.js?e31f9a17"></script>
<script defer src="js/replays-battle.js?7008c182"></script>

<!-- don't scrape this data! just add .json or .log after the URL!
Full API docs: https://github.com/smogon/pokemon-showdown-client/blob/master/WEB-API.md -->
<script type="text/plain" class="log" id="replaylog-smogtours-gen3ou-803531">
|inactive|Battle timer is ON: inactive players will automatically lose when time's up.
|badge|p2|bronze|gen9randombattle|100-3
|uhtml|medal-msg|<div class="broadcast-blue">Curious what those medals under the avatar are? PS now has Ladder Seasons! For more information, check out the <a href="https://www.smogon.com/forums/threads/3740067/">thread on Smogon.<\/a><\/div>
|t:|1730336525
|gametype|singles
|player|p1|Deezcastforms|veteran-gen4|
|player|p2|blundergoth|ingo|
|teamsize|p1|6
|teamsize|p2|6
|gen|3
|tier|[Gen 3] OU
|rule|Sleep Clause Mod: Limit one foe put to sleep
|rule|Switch Priority Clause Mod: Faster Pokémon switch first
|rule|Species Clause: Limit one of each Pokémon
|rule|OHKO Clause: OHKO moves are banned
|rule|Evasion Items Clause: Evasion items are banned
|rule|Evasion Moves Clause: Evasion moves are banned
|rule|Endless Battle Clause: Forcing endless battles is banned
|rule|HP Percentage Mod: HP is shown in percentages
|rule|One Boost Passer Clause: Limit one Baton Passer that has a way to boost its stats
|rule|Freeze Clause Mod: Limit one foe frozen
|
|t:|1730336525
|start
|switch|p1a: Salamence|Salamence, F|100/100
|switch|p2a: Ticonderoga|Glalie, F|100/100
|-ability|p1a: Salamence|Intimidate|boost
|-unboost|p2a: Ticonderoga|atk|1
|turn|1
|inactive|blundergoth has 270 seconds left.
|
|t:|1730336565
|switch|p1a: Jirachi|Jirachi|100/100
|move|p2a: Ticonderoga|Spikes|p1a: Jirachi
|-sidestart|p1: Deezcastforms|Spikes
|
|upkeep
|turn|2
|
|t:|1730336572
|move|p2a: Ticonderoga|Spikes|p1a: Jirachi
|-sidestart|p1: Deezcastforms|Spikes
|move|p1a: Jirachi|Fire Punch|p2a: Ticonderoga
|-supereffective|p2a: Ticonderoga
|-damage|p2a: Ticonderoga|63/100
|
|-heal|p2a: Ticonderoga|69/100|[from] item: Leftovers
|upkeep
|turn|3
|inactive|blundergoth has 270 seconds left.
|inactive|blundergoth has 240 seconds left.
|
|t:|1730336635
|switch|p2a: Good Fellow.|Moltres|100/100
|move|p1a: Jirachi|Fire Punch|p2a: Good Fellow.
|-resisted|p2a: Good Fellow.
|-damage|p2a: Good Fellow.|91/100
|
|-heal|p2a: Good Fellow.|97/100|[from] item: Leftovers
|upkeep
|turn|4
|
|t:|1730336650
|move|p2a: Good Fellow.|Overheat|p1a: Jirachi|[miss]
|-miss|p2a: Good Fellow.|p1a: Jirachi
|move|p1a: Jirachi|Toxic|p2a: Good Fellow.
|-status|p2a: Good Fellow.|tox
|
|-heal|p2a: Good Fellow.|100/100 tox|[from] item: Leftovers
|-damage|p2a: Good Fellow.|94/100 tox|[from] psn
|upkeep
|turn|5
|c|☆blundergoth|.
|inactive|blundergoth has 240 seconds left.
|
|t:|1730336671
|switch|p2a: Euler|Jolteon, F|100/100
|move|p1a: Jirachi|Protect||[still]
|-fail|p1a: Jirachi
|
|upkeep
|turn|6
|inactive|blundergoth has 240 seconds left.
|
|t:|1730336693
|switch|p1a: Claydol|Claydol|100/100
|move|p2a: Euler|Thunder Wave|p1a: Claydol
|-immune|p1a: Claydol
|
|upkeep
|turn|7
|
|t:|1730336702
|switch|p2a: The Cup|Banette, M|100/100
|move|p1a: Claydol|Rapid Spin|p2a: The Cup
|-immune|p2a: The Cup
|
|upkeep
|turn|8
|inactive|blundergoth has 240 seconds left.
|
|t:|1730336730
|switch|p1a: Salamence|Salamence, F|100/100
|-ability|p1a: Salamence|Intimidate|boost
|-unboost|p2a: The Cup|atk|1
|move|p2a: The Cup|Will-O-Wisp|p1a: Salamence
|-status|p1a: Salamence|brn
|
|-damage|p1a: Salamence|88/100 brn|[from] brn
|upkeep
|turn|9
|inactive|blundergoth has 240 seconds left.
|
|t:|1730336753
|switch|p2a: Onix Solos.|Suicune|100/100
|move|p1a: Salamence|Dragon Claw|p2a: Onix Solos.
|-damage|p2a: Onix Solos.|67/100
|
|-heal|p1a: Salamence|94/100 brn|[from] item: Leftovers
|-damage|p1a: Salamence|82/100 brn|[from] brn
|-heal|p2a: Onix Solos.|73/100|[from] item: Leftovers
|upkeep
|turn|10
|inactive|Deezcastforms has 270 seconds left.
|inactive|blundergoth has 210 seconds left.
|
|t:|1730336795
|switch|p1a: Skarmory|Skarmory, M|100/100
|switch|p2a: The Cup|Banette, M|100/100
|
|upkeep
|turn|11
|inactive|blundergoth has 210 seconds left.
|
|t:|1730336814
|move|p2a: The Cup|Taunt|p1a: Skarmory
|-start|p1a: Skarmory|move: Taunt
|move|p1a: Skarmory|Thief|p2a: The Cup
|-supereffective|p2a: The Cup
|-damage|p2a: The Cup|90/100
|-enditem|p2a: The Cup|Leftovers|[silent]|[from] move: Thief|[of] p1a: Skarmory
|-item|p1a: Skarmory|Leftovers|[from] move: Thief|[of] p2a: The Cup
|
|upkeep
|turn|12
|inactive|blundergoth has 210 seconds left.
|
|t:|1730336829
|switch|p1a: Salamence|Salamence, F|82/100 brn
|-ability|p1a: Salamence|Intimidate|boost
|-unboost|p2a: The Cup|atk|1
|move|p2a: The Cup|Shadow Ball|p1a: Salamence
|-damage|p1a: Salamence|56/100 brn
|-unboost|p1a: Salamence|spd|1
|
|-heal|p1a: Salamence|62/100 brn|[from] item: Leftovers
|-damage|p1a: Salamence|50/100 brn|[from] brn
|upkeep
|turn|13
|inactive|blundergoth has 210 seconds left.
|
|t:|1730336863
|switch|p2a: Onix Solos.|Suicune|73/100
|move|p1a: Salamence|Dragon Claw|p2a: Onix Solos.
|-damage|p2a: Onix Solos.|42/100
|
|-heal|p1a: Salamence|56/100 brn|[from] item: Leftovers
|-damage|p1a: Salamence|43/100 brn|[from] brn
|-heal|p2a: Onix Solos.|49/100|[from] item: Leftovers
|upkeep
|turn|14
|inactive|blundergoth has 180 seconds left.
|inactive|Deezcastforms has 240 seconds left.
|inactive|Deezcastforms has 210 seconds left.
|
|t:|1730336941
|switch|p1a: Skarmory|Skarmory, M|100/100
|switch|p2a: Good Fellow.|Moltres|94/100 tox
|
|-heal|p2a: Good Fellow.|100/100 tox|[from] item: Leftovers
|-damage|p2a: Good Fellow.|94/100 tox|[from] psn
|upkeep
|turn|15
|
|t:|1730336948
|switch|p1a: Suicune|Suicune|100/100
|-damage|p1a: Suicune|84/100|[from] Spikes
|move|p2a: Good Fellow.|Overheat|p1a: Suicune
|-resisted|p1a: Suicune
|-damage|p1a: Suicune|57/100
|-unboost|p2a: Good Fellow.|spa|2
|
|-heal|p2a: Good Fellow.|100/100 tox|[from] item: Leftovers
|-damage|p2a: Good Fellow.|88/100 tox|[from] psn
|-heal|p1a: Suicune|64/100|[from] item: Leftovers
|upkeep
|turn|16
|inactive|blundergoth has 150 seconds left.
|
|t:|1730336982
|switch|p2a: Onix Solos.|Suicune|49/100
|switch|p1a: Claydol|Claydol|100/100
|
|-heal|p2a: Onix Solos.|55/100|[from] item: Leftovers
|upkeep
|turn|17
|
|t:|1730336992
|move|p2a: Onix Solos.|Surf|p1a: Claydol
|-supereffective|p1a: Claydol
|-damage|p1a: Claydol|21/100
|move|p1a: Claydol|Rapid Spin|p2a: Onix Solos.
|-damage|p2a: Onix Solos.|51/100
|-sideend|p1: Deezcastforms|Spikes|[from] move: Rapid Spin|[of] p1a: Claydol
|
|-heal|p2a: Onix Solos.|57/100|[from] item: Leftovers
|-heal|p1a: Claydol|27/100|[from] item: Leftovers
|upkeep
|turn|18
|
|t:|1730337001
|switch|p2a: The Cup|Banette, M|90/100
|switch|p1a: Celebi|Celebi|100/100
|
|upkeep
|turn|19
|inactive|blundergoth has 150 seconds left.
|
|t:|1730337037
|switch|p2a: Ticonderoga|Glalie, F|69/100
|move|p1a: Celebi|Leech Seed|p2a: Ticonderoga
|-start|p2a: Ticonderoga|move: Leech Seed
|
|-heal|p2a: Ticonderoga|75/100|[from] item: Leftovers
|-damage|p2a: Ticonderoga|63/100|[from] Leech Seed|[of] p1a: Celebi
|upkeep
|turn|20
|inactive|Deezcastforms has 210 seconds left.
|inactive|blundergoth has 120 seconds left.
|inactive|Deezcastforms has 180 seconds left.
|
|t:|1730337087
|switch|p2a: Good Fellow.|Moltres|88/100 tox
|move|p1a: Celebi|Psychic|p2a: Good Fellow.
|-damage|p2a: Good Fellow.|55/100 tox
|
|-heal|p2a: Good Fellow.|61/100 tox|[from] item: Leftovers
|-damage|p2a: Good Fellow.|55/100 tox|[from] psn
|upkeep
|turn|21
|inactive|blundergoth has 120 seconds left.
|
|t:|1730337107
|switch|p1a: Salamence|Salamence, F|43/100 brn
|-ability|p1a: Salamence|Intimidate|boost
|-unboost|p2a: Good Fellow.|atk|1
|move|p2a: Good Fellow.|Hidden Power|p1a: Salamence
|-resisted|p1a: Salamence
|-damage|p1a: Salamence|35/100 brn
|
|-heal|p1a: Salamence|41/100 brn|[from] item: Leftovers
|-damage|p1a: Salamence|28/100 brn|[from] brn
|-heal|p2a: Good Fellow.|61/100 tox|[from] item: Leftovers
|-damage|p2a: Good Fellow.|49/100 tox|[from] psn
|upkeep
|turn|22
|inactive|blundergoth has 120 seconds left.
|
|t:|1730337116
|switch|p2a: Miami|Metagross|100/100
|move|p1a: Salamence|Dragon Claw|p2a: Miami
|-resisted|p2a: Miami
|-damage|p2a: Miami|82/100
|
|-heal|p1a: Salamence|34/100 brn|[from] item: Leftovers
|-damage|p1a: Salamence|22/100 brn|[from] brn
|-heal|p2a: Miami|88/100|[from] item: Leftovers
|upkeep
|turn|23
|inactive|blundergoth has 120 seconds left.
|
|t:|1730337134
|switch|p1a: Skarmory|Skarmory, M|100/100
|switch|p2a: Euler|Jolteon, F|100/100
|
|upkeep
|turn|24
|inactive|blundergoth has 120 seconds left.
|
|t:|1730337148
|move|p2a: Euler|Thunder Wave|p1a: Skarmory
|-status|p1a: Skarmory|par
|cant|p1a: Skarmory|par
|
|upkeep
|turn|25
|inactive|blundergoth has 120 seconds left.
|
|t:|1730337157
|switch|p1a: Celebi|Celebi|100/100
|move|p2a: Euler|Thunderbolt|p1a: Celebi
|-resisted|p1a: Celebi
|-damage|p1a: Celebi|83/100
|
|-heal|p1a: Celebi|89/100|[from] item: Leftovers
|upkeep
|turn|26
|inactive|blundergoth has 120 seconds left.
|
|t:|1730337178
|switch|p2a: Miami|Metagross|88/100
|move|p1a: Celebi|Leech Seed|p2a: Miami
|-start|p2a: Miami|move: Leech Seed
|
|-heal|p1a: Celebi|95/100|[from] item: Leftovers
|-heal|p2a: Miami|94/100|[from] item: Leftovers
|-damage|p2a: Miami|81/100|[from] Leech Seed|[of] p1a: Celebi
|-heal|p1a: Celebi|100/100|[silent]
|upkeep
|turn|27
|
|t:|1730337200
|switch|p2a: Onix Solos.|Suicune|57/100
|move|p1a: Celebi|Psychic|p2a: Onix Solos.
|-damage|p2a: Onix Solos.|27/100
|
|-heal|p2a: Onix Solos.|33/100|[from] item: Leftovers
|upkeep
|turn|28
|inactive|Deezcastforms has 150 seconds left.
|
|t:|1730337232
|move|p2a: Onix Solos.|Ice Beam|p1a: Celebi
|-supereffective|p1a: Celebi
|-damage|p1a: Celebi|59/100
|move|p1a: Celebi|Hidden Power|p2a: Onix Solos.
|-supereffective|p2a: Onix Solos.
|-damage|p2a: Onix Solos.|0 fnt
|faint|p2a: Onix Solos.
|
|t:|1730337238
|switch|p2a: Good Fellow.|Moltres|49/100 tox
|
|-heal|p2a: Good Fellow.|55/100 tox|[from] item: Leftovers
|-damage|p2a: Good Fellow.|49/100 tox|[from] psn
|-heal|p1a: Celebi|65/100|[from] item: Leftovers
|upkeep
|turn|29
|inactive|Deezcastforms has 150 seconds left.
|inactive|blundergoth has 90 seconds left.
|inactive|Deezcastforms has 120 seconds left.
|
|t:|1730337287
|switch|p1a: Suicune|Suicune|64/100
|move|p2a: Good Fellow.|Flamethrower|p1a: Suicune
|-resisted|p1a: Suicune
|-damage|p1a: Suicune|45/100
|
|-heal|p2a: Good Fellow.|55/100 tox|[from] item: Leftovers
|-damage|p2a: Good Fellow.|43/100 tox|[from] psn
|-heal|p1a: Suicune|51/100|[from] item: Leftovers
|upkeep
|turn|30
|inactive|blundergoth has 90 seconds left.
|
|t:|1730337310
|switch|p2a: Euler|Jolteon, F|100/100
|move|p1a: Suicune|Surf|p2a: Euler
|-damage|p2a: Euler|62/100
|
|-heal|p2a: Euler|68/100|[from] item: Leftovers
|-heal|p1a: Suicune|57/100|[from] item: Leftovers
|upkeep
|turn|31
|inactive|blundergoth has 90 seconds left.
|inactive|Deezcastforms has 90 seconds left.
|
|t:|1730337359
|switch|p1a: Jirachi|Jirachi|100/100
|move|p2a: Euler|Thunderbolt|p1a: Jirachi
|-damage|p1a: Jirachi|70/100
|
|-heal|p2a: Euler|74/100|[from] item: Leftovers
|-heal|p1a: Jirachi|76/100|[from] item: Leftovers
|upkeep
|turn|32
|
|t:|1730337366
|move|p2a: Euler|Thunder Wave|p1a: Jirachi
|-status|p1a: Jirachi|par
|move|p1a: Jirachi|Toxic|p2a: Euler
|-status|p2a: Euler|tox
|
|-heal|p2a: Euler|80/100 tox|[from] item: Leftovers
|-damage|p2a: Euler|74/100 tox|[from] psn
|-heal|p1a: Jirachi|83/100 par|[from] item: Leftovers
|upkeep
|turn|33
|
|t:|1730337376
|move|p2a: Euler|Baton Pass|p2a: Euler
|inactive|blundergoth has 90 seconds left.
|
|t:|1730337383
|switch|p2a: Miami|Metagross|81/100|[from] Baton Pass
|move|p1a: Jirachi|Wish|p1a: Jirachi
|
|-heal|p2a: Miami|87/100|[from] item: Leftovers
|-heal|p1a: Jirachi|89/100 par|[from] item: Leftovers
|upkeep
|turn|34
|inactive|Deezcastforms has 90 seconds left.
|inactive|blundergoth has 90 seconds left.
|
|t:|1730337416
|switch|p1a: Suicune|Suicune|57/100
|move|p2a: Miami|Meteor Mash|p1a: Suicune
|-resisted|p1a: Suicune
|-damage|p1a: Suicune|43/100
|-boost|p2a: Miami|atk|1
|
|-heal|p1a: Suicune|93/100|[from] move: Wish|[wisher] Jirachi
|-heal|p1a: Suicune|99/100|[from] item: Leftovers
|-heal|p2a: Miami|93/100|[from] item: Leftovers
|upkeep
|turn|35
|inactive|blundergoth has 90 seconds left.
|
|t:|1730337433
|switch|p1a: Skarmory|Skarmory, M|100/100 par
|move|p2a: Miami|Earthquake|p1a: Skarmory
|-immune|p1a: Skarmory
|
|-heal|p2a: Miami|99/100|[from] item: Leftovers
|upkeep
|turn|36
|
|t:|1730337448
|move|p2a: Miami|Rock Slide|p1a: Skarmory
|-damage|p1a: Skarmory|73/100 par
|move|p1a: Skarmory|Roar|p2a: Miami
|drag|p2a: Good Fellow.|Moltres|43/100 tox
|
|-heal|p2a: Good Fellow.|49/100 tox|[from] item: Leftovers
|-damage|p2a: Good Fellow.|43/100 tox|[from] psn
|-heal|p1a: Skarmory|79/100 par|[from] item: Leftovers
|upkeep
|turn|37
|c|☆blundergoth|rahhhh
|inactive|blundergoth has 90 seconds left.
|
|t:|1730337460
|switch|p2a: Ticonderoga|Glalie, F|63/100
|switch|p1a: Suicune|Suicune|99/100
|
|-heal|p2a: Ticonderoga|69/100|[from] item: Leftovers
|-heal|p1a: Suicune|100/100|[from] item: Leftovers
|upkeep
|turn|38
|inactive|blundergoth has 90 seconds left.
|inactive|Deezcastforms has 60 seconds left.
|
|t:|1730337479
|switch|p1a: Jirachi|Jirachi|89/100 par
|move|p2a: Ticonderoga|Spikes|p1a: Jirachi
|-sidestart|p1: Deezcastforms|Spikes
|
|-heal|p2a: Ticonderoga|75/100|[from] item: Leftovers
|-heal|p1a: Jirachi|95/100 par|[from] item: Leftovers
|upkeep
|turn|39
|inactive|blundergoth has 90 seconds left.
|
|t:|1730337486
|move|p2a: Ticonderoga|Spikes|p1a: Jirachi
|-sidestart|p1: Deezcastforms|Spikes
|move|p1a: Jirachi|Fire Punch|p2a: Ticonderoga
|-supereffective|p2a: Ticonderoga
|-damage|p2a: Ticonderoga|42/100
|-status|p2a: Ticonderoga|brn
|
|-heal|p2a: Ticonderoga|48/100 brn|[from] item: Leftovers
|-damage|p2a: Ticonderoga|35/100 brn|[from] brn
|-heal|p1a: Jirachi|100/100 par|[from] item: Leftovers
|upkeep
|turn|40
|inactive|blundergoth has 90 seconds left.
|
|t:|1730337500
|move|p2a: Ticonderoga|Taunt|p1a: Jirachi
|-start|p1a: Jirachi|move: Taunt
|move|p1a: Jirachi|Fire Punch|p2a: Ticonderoga
|-supereffective|p2a: Ticonderoga
|-damage|p2a: Ticonderoga|3/100 brn
|
|-heal|p2a: Ticonderoga|9/100 brn|[from] item: Leftovers
|-damage|p2a: Ticonderoga|0 fnt|[from] brn
|faint|p2a: Ticonderoga
|upkeep
|inactive|blundergoth has 90 seconds left.
|
|t:|1730337505
|switch|p2a: Good Fellow.|Moltres|43/100 tox
|turn|41
|
|t:|1730337523
|switch|p1a: Suicune|Suicune|100/100
|-damage|p1a: Suicune|84/100|[from] Spikes
|move|p2a: Good Fellow.|Hidden Power|p1a: Suicune
|-supereffective|p1a: Suicune
|-damage|p1a: Suicune|43/100
|
|-heal|p2a: Good Fellow.|49/100 tox|[from] item: Leftovers
|-damage|p2a: Good Fellow.|43/100 tox|[from] psn
|-heal|p1a: Suicune|49/100|[from] item: Leftovers
|upkeep
|turn|42
|
|t:|1730337534
|move|p2a: Good Fellow.|Hidden Power|p1a: Suicune
|-supereffective|p1a: Suicune
|-damage|p1a: Suicune|9/100
|move|p1a: Suicune|Surf|p2a: Good Fellow.
|-supereffective|p2a: Good Fellow.
|-damage|p2a: Good Fellow.|0 fnt
|faint|p2a: Good Fellow.
|
|t:|1730337541
|switch|p2a: Euler|Jolteon, F|74/100 tox
|
|-heal|p2a: Euler|80/100 tox|[from] item: Leftovers
|-damage|p2a: Euler|74/100 tox|[from] psn
|-heal|p1a: Suicune|15/100|[from] item: Leftovers
|upkeep
|turn|43
|inactive|blundergoth has 90 seconds left.
|inactive|Deezcastforms has 60 seconds left.
|inactive|Deezcastforms has 30 seconds left.
|inactive|Deezcastforms has 20 seconds left.
|
|t:|1730337608
|move|p2a: Euler|Hidden Power|p1a: Suicune
|-resisted|p1a: Suicune
|-damage|p1a: Suicune|7/100
|move|p1a: Suicune|Surf|p2a: Euler
|-damage|p2a: Euler|36/100 tox
|
|-heal|p2a: Euler|42/100 tox|[from] item: Leftovers
|-damage|p2a: Euler|30/100 tox|[from] psn
|-heal|p1a: Suicune|13/100|[from] item: Leftovers
|upkeep
|turn|44
|inactive|Deezcastforms has 30 seconds left this turn.
|inactive|blundergoth has 90 seconds left.
|inactive|Deezcastforms has 20 seconds left.
|inactive|Deezcastforms has 15 seconds left.
|
|t:|1730337624
|move|p2a: Euler|Thunderbolt|p1a: Suicune
|-supereffective|p1a: Suicune
|-damage|p1a: Suicune|0 fnt
|faint|p1a: Suicune
|inactive|Deezcastforms has 20 seconds left this turn.
|inactive|Deezcastforms has 15 seconds left.
|
|t:|1730337629
|switch|p1a: Jirachi|Jirachi|100/100 par
|-damage|p1a: Jirachi|84/100 par|[from] Spikes
|
|-heal|p2a: Euler|36/100 tox|[from] item: Leftovers
|-damage|p2a: Euler|19/100 tox|[from] psn
|-heal|p1a: Jirachi|90/100 par|[from] item: Leftovers
|upkeep
|turn|45
|inactive|Deezcastforms has 25 seconds left this turn.
|inactive|Deezcastforms has 20 seconds left.
|
|t:|1730337639
|move|p1a: Jirachi|Protect|p1a: Jirachi
|-singleturn|p1a: Jirachi|Protect
|move|p2a: Euler|Baton Pass|p2a: Euler
|inactive|Deezcastforms has 25 seconds left this turn.
|
|t:|1730337644
|switch|p2a: Miami|Metagross|99/100|[from] Baton Pass
|
|-heal|p2a: Miami|100/100|[from] item: Leftovers
|-heal|p1a: Jirachi|96/100 par|[from] item: Leftovers
|upkeep
|turn|46
|
|t:|1730337648
|switch|p1a: Skarmory|Skarmory, M|79/100 par
|move|p2a: Miami|Earthquake|p1a: Skarmory
|-immune|p1a: Skarmory
|
|-heal|p1a: Skarmory|85/100 par|[from] item: Leftovers
|upkeep
|turn|47
|
|t:|1730337652
|move|p2a: Miami|Rock Slide|p1a: Skarmory|[miss]
|-miss|p2a: Miami|p1a: Skarmory
|move|p1a: Skarmory|Spikes|p2a: Miami
|-sidestart|p2: blundergoth|Spikes
|
|-heal|p1a: Skarmory|91/100 par|[from] item: Leftovers
|upkeep
|turn|48
|
|t:|1730337662
|move|p2a: Miami|Rock Slide|p1a: Skarmory
|-damage|p1a: Skarmory|71/100 par
|cant|p1a: Skarmory|par
|
|-heal|p1a: Skarmory|77/100 par|[from] item: Leftovers
|upkeep
|turn|49
|
|t:|1730337669
|move|p2a: Miami|Rock Slide|p1a: Skarmory
|-damage|p1a: Skarmory|57/100 par
|cant|p1a: Skarmory|par
|
|-heal|p1a: Skarmory|63/100 par|[from] item: Leftovers
|upkeep
|turn|50
|inactive|Deezcastforms has 60 seconds left.
|
|t:|1730337675
|move|p2a: Miami|Rock Slide|p1a: Skarmory
|-damage|p1a: Skarmory|43/100 par
|cant|p1a: Skarmory|flinch
|
|-heal|p1a: Skarmory|49/100 par|[from] item: Leftovers
|upkeep
|turn|51
|inactive|Deezcastforms has 60 seconds left.
|
|t:|1730337686
|switch|p1a: Celebi|Celebi|65/100
|-damage|p1a: Celebi|49/100|[from] Spikes
|move|p2a: Miami|Rock Slide|p1a: Celebi
|-damage|p1a: Celebi|32/100
|
|-heal|p1a: Celebi|38/100|[from] item: Leftovers
|upkeep
|turn|52
|
|t:|1730337692
|move|p1a: Celebi|Recover|p1a: Celebi
|-heal|p1a: Celebi|88/100
|move|p2a: Miami|Meteor Mash|p1a: Celebi
|-damage|p1a: Celebi|53/100
|
|-heal|p1a: Celebi|60/100|[from] item: Leftovers
|upkeep
|turn|53
|
|t:|1730337701
|move|p1a: Celebi|Leech Seed|p2a: Miami
|-start|p2a: Miami|move: Leech Seed
|move|p2a: Miami|Meteor Mash|p1a: Celebi
|-damage|p1a: Celebi|25/100
|-boost|p2a: Miami|atk|1
|
|-heal|p1a: Celebi|31/100|[from] item: Leftovers
|-damage|p2a: Miami|88/100|[from] Leech Seed|[of] p1a: Celebi
|-heal|p1a: Celebi|42/100|[silent]
|upkeep
|turn|54
|
|t:|1730337708
|move|p1a: Celebi|Recover|p1a: Celebi
|-heal|p1a: Celebi|92/100
|move|p2a: Miami|Meteor Mash|p1a: Celebi
|-damage|p1a: Celebi|38/100
|
|-heal|p1a: Celebi|45/100|[from] item: Leftovers
|-heal|p2a: Miami|94/100|[from] item: Leftovers
|-damage|p2a: Miami|82/100|[from] Leech Seed|[of] p1a: Celebi
|-heal|p1a: Celebi|56/100|[silent]
|upkeep
|turn|55
|
|t:|1730337728
|move|p1a: Celebi|Recover|p1a: Celebi
|-heal|p1a: Celebi|100/100
|move|p2a: Miami|Meteor Mash|p1a: Celebi|[miss]
|-miss|p2a: Miami|p1a: Celebi
|
|-heal|p2a: Miami|88/100|[from] item: Leftovers
|-damage|p2a: Miami|75/100|[from] Leech Seed|[of] p1a: Celebi
|upkeep
|turn|56
|inactive|Deezcastforms has 60 seconds left.
|
|t:|1730337758
|switch|p1a: Claydol|Claydol|27/100
|move|p2a: Miami|Earthquake|p1a: Claydol
|-immune|p1a: Claydol
|
|-heal|p1a: Claydol|33/100|[from] item: Leftovers
|-heal|p2a: Miami|82/100|[from] item: Leftovers
|-damage|p2a: Miami|69/100|[from] Leech Seed|[of] p1a: Claydol
|-heal|p1a: Claydol|50/100|[silent]
|upkeep
|turn|57
|inactive|Deezcastforms has 60 seconds left.
|inactive|Deezcastforms has 30 seconds left.
|
|t:|1730337802
|move|p1a: Claydol|Earthquake|p2a: Miami
|-supereffective|p2a: Miami
|-damage|p2a: Miami|23/100
|move|p2a: Miami|Meteor Mash|p1a: Claydol
|-damage|p1a: Claydol|0 fnt
|faint|p1a: Claydol
|inactive|Deezcastforms has 30 seconds left this turn.
|
|t:|1730337808
|switch|p1a: Salamence|Salamence, F|22/100 brn
|-ability|p1a: Salamence|Intimidate|boost
|-fail|p2a: Miami|unboost|[from] ability: Clear Body|[of] p2a: Miami
|
|-heal|p1a: Salamence|28/100 brn|[from] item: Leftovers
|-damage|p1a: Salamence|16/100 brn|[from] brn
|-heal|p2a: Miami|29/100|[from] item: Leftovers
|-damage|p2a: Miami|17/100|[from] Leech Seed|[of] p1a: Salamence
|-heal|p1a: Salamence|29/100 brn|[silent]
|upkeep
|turn|58
|inactive|Deezcastforms has 30 seconds left.
|inactive|Deezcastforms has 20 seconds left.
|inactive|Deezcastforms has 15 seconds left.
|inactive|Deezcastforms has 10 seconds left.
|inactive|blundergoth has 180 seconds left.
|
|t:|1730337836
|move|p1a: Salamence|Dragon Claw|p2a: Miami
|-resisted|p2a: Miami
|-damage|p2a: Miami|0 fnt
|faint|p2a: Miami
|inactive|Deezcastforms has 15 seconds left this turn.
|inactive|blundergoth has 180 seconds left.
|
|t:|1730337843
|switch|p2a: The Cup|Banette, M|90/100
|-damage|p2a: The Cup|78/100|[from] Spikes
|
|-heal|p1a: Salamence|35/100 brn|[from] item: Leftovers
|-damage|p1a: Salamence|23/100 brn|[from] brn
|upkeep
|turn|59
|inactive|Deezcastforms has 25 seconds left this turn.
|
|t:|1730337848
|move|p1a: Salamence|Dragon Claw|p2a: The Cup
|-damage|p2a: The Cup|31/100
|move|p2a: The Cup|Shadow Ball|p1a: Salamence
|-damage|p1a: Salamence|0 fnt
|faint|p1a: Salamence
|inactive|Deezcastforms has 30 seconds left this turn.
|
|t:|1730337857
|switch|p1a: Celebi|Celebi|100/100
|-damage|p1a: Celebi|84/100|[from] Spikes
|
|-heal|p1a: Celebi|90/100|[from] item: Leftovers
|upkeep
|turn|60
|
|t:|1730337860
|move|p1a: Celebi|Psychic|p2a: The Cup
|-damage|p2a: The Cup|0 fnt
|faint|p2a: The Cup
|
|t:|1730337862
|switch|p2a: Euler|Jolteon, F|19/100 tox
|-damage|p2a: Euler|6/100 tox|[from] Spikes
|
|-heal|p2a: Euler|12/100 tox|[from] item: Leftovers
|-damage|p2a: Euler|6/100 tox|[from] psn
|-heal|p1a: Celebi|96/100|[from] item: Leftovers
|upkeep
|turn|61
|
|t:|1730337866
|move|p2a: Euler|Hidden Power|p1a: Celebi
|-supereffective|p1a: Celebi
|-damage|p1a: Celebi|61/100
|move|p1a: Celebi|Psychic|p2a: Euler
|-damage|p2a: Euler|0 fnt
|faint|p2a: Euler
|
|win|Deezcastforms
|player|p2|

</script>
<script type="application/json" class="data" id="replaydata-smogtours-gen3ou-803531">
{"id":"smogtours-gen3ou-803531","format":"[Gen 3] OU","players":["Deezcastforms","blundergoth"],"uploadtime":1730337866,"views":91,"formatid":"gen3ou","rating":null,"private":0,"password":null}
</script>

<script defer src="js/replays.js?9d40a366"></script>
