<!DOCTYPE html>
<meta charset="utf-8" />
<meta name="viewport" content="width=device-width" />

<title>[Gen 3] OU: Tree69420 vs. lax - Replays - Pok&eacute;mon Showdown!</title>

<meta name="description" content="Watch a replay of a Pok&eacute;mon battle between Tree69420 and lax! Format: [Gen 3] OU; Date: Nov 16, 2024" />
<!--

Hey, you! Looking in the source for the replay log?

You can find them in JSON format, just add `.json` at the end of a replay URL.

https://replay.pokemonshowdown.com/gen7randomdoublesbattle-865046831.json

Or, if you only need the log itself, add `.log` instead:

https://replay.pokemonshowdown.com/gen7randomdoublesbattle-865046831.log

-->

<link rel="stylesheet" href="//pokemonshowdown.com/style/global.css?0.767286132409787" />
<link rel="stylesheet" href="//play.pokemonshowdown.com/style/font-awesome.css?0.9266228007934947" />
<link rel="stylesheet" href="//play.pokemonshowdown.com/style/battle.css?0.7924700842790926" />
<link rel="stylesheet" href="//play.pokemonshowdown.com/style/utilichart.css?0.8777417872839479" />

<!-- Global site tag (gtag.js) - Google Analytics -->
<script async src="https://www.googletagmanager.com/gtag/js?id=UA-26211653-1"></script>
<script>
  window.dataLayer = window.dataLayer || [];
  function gtag(){dataLayer.push(arguments);}
  gtag('js', new Date());

  gtag('config', 'UA-26211653-1');
</script>
<!-- End Google Analytics -->
<!-- Venatus Ad Manager - Install in <HEAD> of page -->
	<script src="https://hb.vntsm.com/v3/live/ad-manager.min.js" type="text/javascript" data-site-id="642aba63ec9a7b11c3c9c1be" data-mode="scan" async></script>
<!-- / Venatus Ad Manager -->

<style>
	@media (max-width:820px) {
		.battle {
			margin: 0 auto;
		}
		.battle-log {
			margin: 7px auto 0;
			max-width: 640px;
			height: 300px;
			position: static;
		}
	}
	.optgroup {
		display: inline-block;
		line-height: 22px;
		font-size: 10pt;
	}
	.optgroup .button {
		height: 25px;
		padding-top: 0;
		padding-bottom: 0;
	}
	.optgroup button.button {
		padding-left: 12px;
		padding-right: 12px;
	}
	.linklist {
		list-style: none;
		margin: 0.5em 0;
		padding: 0;
	}
	.linklist li {
		padding: 2px 0;
	}
	.sidebar {
		float: left;
		width: 320px;
	}
	.bar-wrapper {
		max-width: 1100px;
		margin: 0 auto;
	}
	.bar-wrapper.has-sidebar {
		max-width: 1430px;
	}
	.mainbar {
		margin: 0;
		padding-right: 1px;
	}
	.mainbar.has-sidebar {
		margin-left: 330px;
	}
	@media (min-width: 1511px) {
		.sidebar {
			width: 400px;
		}
		.bar-wrapper.has-sidebar {
			max-width: 1510px;
		}
		.mainbar.has-sidebar {
			margin-left: 410px;
		}
	}
	.section.first-section {
		margin-top: 9px;
	}
	.blocklink small {
		white-space: normal;
	}
	.button {
		vertical-align: middle;
	}
	.replay-controls {
		padding-top: 10px;
	}
	.replay-controls h1 {
		font-size: 16pt;
		font-weight: normal;
		color: #CCC;
	}
	.pagelink {
		text-align: center;
	}
	.pagelink a {
		width: 150px;
	}
	.textbox, .button {
		font-size: 11pt;
		vertical-align: middle;
	}
	@media (max-width: 450px) {
		.button {
			font-size: 9pt;
		}
	}
</style>

<div>

	<header>
		<div class="nav-wrapper"><ul class="nav">
			<li><a class="button nav-first" href="//pokemonshowdown.com/"><img src="//pokemonshowdown.com/images/pokemonshowdownbeta.png" srcset="//pokemonshowdown.com/images/pokemonshowdownbeta.png 1x, //pokemonshowdown.com/images/pokemonshowdownbeta@2x.png 2x" alt="Pok&eacute;mon Showdown" width="146" height="44" /> Home</a></li>
			<li><a class="button" href="//pokemonshowdown.com/dex/">Pok&eacute;dex</a></li>
			<li><a class="button cur" href="/">Replays</a></li>
			<li><a class="button" href="//pokemonshowdown.com/ladder/">Ladder</a></li>
			<li><a class="button nav-last" href="//pokemonshowdown.com/forums/">Forum</a></li>
			<li><a class="button greenbutton nav-first nav-last" href="//play.pokemonshowdown.com/">Play</a></li>
		</ul></div>
	</header>

	<div class="main" id="main">

		<noscript><section class="section">You need to enable JavaScript to use this page; sorry!</section></noscript>

	</div>

</div>

<script defer nomodule src="//play.pokemonshowdown.com/js/lib/ps-polyfill.js"></script>
<script defer src="//play.pokemonshowdown.com/js/lib/preact.min.js"></script>

<script defer src="//play.pokemonshowdown.com/config/config.js?6dec07f6"></script>
<script defer src="//play.pokemonshowdown.com/js/lib/jquery-1.11.0.min.js"></script>
<script defer src="//play.pokemonshowdown.com/js/lib/html-sanitizer-minified.js"></script>
<script defer src="//play.pokemonshowdown.com/js/battle-sound.js"></script>
<script defer src="//play.pokemonshowdown.com/js/battledata.js?0.6315294753075389"></script>
<script defer src="//play.pokemonshowdown.com/data/pokedex-mini.js?0.7603743185311358"></script>
<script defer src="//play.pokemonshowdown.com/data/pokedex-mini-bw.js?0.030888842834281283"></script>
<script defer src="//play.pokemonshowdown.com/data/graphics.js?0.05593094747507488"></script>
<script defer src="//play.pokemonshowdown.com/data/pokedex.js?0.47064822249611904"></script>
<script defer src="//play.pokemonshowdown.com/data/moves.js?0.8583693120512459"></script>
<script defer src="//play.pokemonshowdown.com/data/abilities.js?0.16017181182386842"></script>
<script defer src="//play.pokemonshowdown.com/data/items.js?0.4163379185673943"></script>
<script defer src="//play.pokemonshowdown.com/data/teambuilder-tables.js?0.31075597372830477"></script>
<script defer src="//play.pokemonshowdown.com/js/battle-tooltips.js?0.6536193500708172"></script>
<script defer src="//play.pokemonshowdown.com/js/battle.js?0.1916591943277901"></script>

<script defer src="js/utils.js?e31f9a17"></script>
<script defer src="js/replays-battle.js?7008c182"></script>

<!-- don't scrape this data! just add .json or .log after the URL!
Full API docs: https://github.com/smogon/pokemon-showdown-client/blob/master/WEB-API.md -->
<script type="text/plain" class="log" id="replaylog-smogtours-gen3ou-806547">
|inactive|Battle timer is ON: inactive players will automatically lose when time's up.
|badge|p1|bronze|gen9uu|100-3
|uhtml|medal-msg|<div class="broadcast-blue">Curious what those medals under the avatar are? PS now has Ladder Seasons! For more information, check out the <a href="https://www.smogon.com/forums/threads/3740067/">thread on Smogon.<\/a><\/div>
|t:|1731784067
|gametype|singles
|player|p1|Tree69420|#rbyplivglacialarticunos|
|player|p2|lax|#lax|
|teamsize|p1|6
|teamsize|p2|6
|gen|3
|tier|[Gen 3] OU
|rule|Sleep Clause Mod: Limit one foe put to sleep
|rule|Switch Priority Clause Mod: Faster Pokémon switch first
|rule|Species Clause: Limit one of each Pokémon
|rule|OHKO Clause: OHKO moves are banned
|rule|Evasion Items Clause: Evasion items are banned
|rule|Evasion Moves Clause: Evasion moves are banned
|rule|Endless Battle Clause: Forcing endless battles is banned
|rule|HP Percentage Mod: HP is shown in percentages
|rule|One Boost Passer Clause: Limit one Baton Passer that has a way to boost its stats
|rule|Freeze Clause Mod: Limit one foe frozen
|
|t:|1731784067
|start
|switch|p1a: Medicham|Medicham, M|100/100
|switch|p2a: Tyranitar|Tyranitar, F|100/100
|-weather|Sandstorm|[from] ability: Sand Stream|[of] p2a: Tyranitar
|turn|1
|c|☆Tree69420|hf
|
|t:|1731784076
|-singleturn|p1a: Medicham|move: Focus Punch
|switch|p2a: Charizard|Charizard, F|100/100
|move|p1a: Medicham|Focus Punch|p2a: Charizard
|-resisted|p2a: Charizard
|-damage|p2a: Charizard|38/100
|
|-weather|Sandstorm|[upkeep]
|-damage|p2a: Charizard|32/100|[from] Sandstorm
|-damage|p1a: Medicham|94/100|[from] Sandstorm
|-heal|p2a: Charizard|38/100|[from] item: Leftovers
|upkeep
|turn|2
|
|t:|1731784098
|move|p2a: Charizard|Flamethrower|p1a: Medicham
|-damage|p1a: Medicham|10/100
|-status|p1a: Medicham|brn
|move|p1a: Medicham|Shadow Ball|p2a: Charizard
|-damage|p2a: Charizard|16/100
|
|-weather|Sandstorm|[upkeep]
|-damage|p2a: Charizard|10/100|[from] Sandstorm
|-damage|p1a: Medicham|4/100 brn|[from] Sandstorm
|-heal|p2a: Charizard|16/100|[from] item: Leftovers
|-enditem|p1a: Medicham|Salac Berry|[eat]
|-boost|p1a: Medicham|spe|1|[from] item: Salac Berry
|-damage|p1a: Medicham|0 fnt|[from] brn
|faint|p1a: Medicham
|upkeep
|
|t:|1731784111
|switch|p1a: Snorlax|Snorlax, F|100/100
|turn|3
|
|t:|1731784127
|move|p2a: Charizard|Flamethrower|p1a: Snorlax
|-damage|p1a: Snorlax|62/100
|move|p1a: Snorlax|Body Slam|p2a: Charizard
|-damage|p2a: Charizard|0 fnt
|faint|p2a: Charizard
|
|t:|1731784136
|switch|p2a: Forretress|Forretress, F|100/100
|
|-weather|Sandstorm|[upkeep]
|-damage|p1a: Snorlax|56/100|[from] Sandstorm
|-heal|p1a: Snorlax|62/100|[from] item: Leftovers
|upkeep
|turn|4
|
|t:|1731784142
|switch|p1a: Magneton|Magneton|100/100
|move|p2a: Forretress|Spikes|p1a: Magneton
|-sidestart|p1: Tree69420|Spikes
|
|-weather|Sandstorm|[upkeep]
|upkeep
|turn|5
|
|t:|1731784144
|move|p1a: Magneton|Hidden Power|p2a: Forretress
|-supereffective|p2a: Forretress
|-damage|p2a: Forretress|0 fnt
|faint|p2a: Forretress
|
|t:|1731784148
|switch|p2a: Flygon|Flygon, F|100/100
|
|-weather|Sandstorm|[upkeep]
|upkeep
|turn|6
|
|t:|1731784158
|switch|p1a: Suicune|Suicune|100/100
|-damage|p1a: Suicune|88/100|[from] Spikes
|move|p2a: Flygon|Earthquake|p1a: Suicune
|-damage|p1a: Suicune|64/100
|
|-weather|Sandstorm|[upkeep]
|-damage|p1a: Suicune|58/100|[from] Sandstorm
|-heal|p1a: Suicune|64/100|[from] item: Leftovers
|upkeep
|turn|7
|
|t:|1731784169
|switch|p2a: Blissey|Blissey, F|100/100
|move|p1a: Suicune|Ice Beam|p2a: Blissey
|-damage|p2a: Blissey|90/100
|-status|p2a: Blissey|frz
|
|-weather|Sandstorm|[upkeep]
|-damage|p1a: Suicune|58/100|[from] Sandstorm
|-damage|p2a: Blissey|84/100 frz|[from] Sandstorm
|-heal|p1a: Suicune|64/100|[from] item: Leftovers
|-heal|p2a: Blissey|90/100 frz|[from] item: Leftovers
|upkeep
|turn|8
|
|t:|1731784174
|-curestatus|p2a: Blissey|frz|[from] ability: Natural Cure
|switch|p2a: Quagsire|Quagsire, M|100/100
|move|p1a: Suicune|Surf|p2a: Quagsire
|-immune|p2a: Quagsire|[from] ability: Water Absorb
|
|-weather|Sandstorm|[upkeep]
|-damage|p1a: Suicune|58/100|[from] Sandstorm
|-heal|p1a: Suicune|64/100|[from] item: Leftovers
|upkeep
|turn|9
|
|t:|1731784185
|switch|p1a: Snorlax|Snorlax, F|62/100
|-damage|p1a: Snorlax|50/100|[from] Spikes
|switch|p2a: Blissey|Blissey, F|90/100
|
|-weather|Sandstorm|[upkeep]
|-damage|p2a: Blissey|84/100|[from] Sandstorm
|-damage|p1a: Snorlax|44/100|[from] Sandstorm
|-heal|p2a: Blissey|90/100|[from] item: Leftovers
|-heal|p1a: Snorlax|50/100|[from] item: Leftovers
|upkeep
|turn|10
|
|t:|1731784206
|switch|p2a: Tyranitar|Tyranitar, F|100/100
|move|p1a: Snorlax|Earthquake|p2a: Tyranitar
|-supereffective|p2a: Tyranitar
|-damage|p2a: Tyranitar|56/100
|
|-weather|Sandstorm|[upkeep]
|-damage|p1a: Snorlax|44/100|[from] Sandstorm
|-heal|p2a: Tyranitar|62/100|[from] item: Leftovers
|-heal|p1a: Snorlax|50/100|[from] item: Leftovers
|upkeep
|turn|11
|
|t:|1731784211
|move|p2a: Tyranitar|Crunch|p1a: Snorlax
|-damage|p1a: Snorlax|27/100
|move|p1a: Snorlax|Self-Destruct|p2a: Tyranitar
|-resisted|p2a: Tyranitar
|-damage|p2a: Tyranitar|0 fnt
|faint|p1a: Snorlax
|faint|p2a: Tyranitar
|
|t:|1731784238
|switch|p2a: Flygon|Flygon, F|100/100
|switch|p1a: Salamence|Salamence, M|100/100
|-ability|p1a: Salamence|Intimidate|boost
|-unboost|p2a: Flygon|atk|1
|
|-weather|Sandstorm|[upkeep]
|-damage|p1a: Salamence|94/100|[from] Sandstorm
|-heal|p1a: Salamence|100/100|[from] item: Leftovers
|upkeep
|turn|12
|
|t:|1731784244
|move|p1a: Salamence|Hidden Power|p2a: Flygon
|-damage|p2a: Flygon|70/100
|move|p2a: Flygon|Toxic|p1a: Salamence
|-status|p1a: Salamence|tox
|
|-weather|Sandstorm|[upkeep]
|-damage|p1a: Salamence|94/100 tox|[from] Sandstorm
|-heal|p1a: Salamence|100/100 tox|[from] item: Leftovers
|-damage|p1a: Salamence|94/100 tox|[from] psn
|-heal|p2a: Flygon|76/100|[from] item: Leftovers
|upkeep
|turn|13
|
|t:|1731784250
|move|p1a: Salamence|Dragon Dance|p1a: Salamence
|-boost|p1a: Salamence|atk|1
|-boost|p1a: Salamence|spe|1
|move|p2a: Flygon|Rock Slide|p1a: Salamence
|-supereffective|p1a: Salamence
|-damage|p1a: Salamence|65/100 tox
|
|-weather|Sandstorm|[upkeep]
|-damage|p1a: Salamence|59/100 tox|[from] Sandstorm
|-heal|p1a: Salamence|65/100 tox|[from] item: Leftovers
|-damage|p1a: Salamence|53/100 tox|[from] psn
|-heal|p2a: Flygon|82/100|[from] item: Leftovers
|upkeep
|turn|14
|
|t:|1731784255
|move|p1a: Salamence|Hidden Power|p2a: Flygon
|-damage|p2a: Flygon|33/100
|move|p2a: Flygon|Rock Slide|p1a: Salamence
|-supereffective|p1a: Salamence
|-damage|p1a: Salamence|25/100 tox
|
|-weather|Sandstorm|[upkeep]
|-damage|p1a: Salamence|19/100 tox|[from] Sandstorm
|-heal|p1a: Salamence|25/100 tox|[from] item: Leftovers
|-damage|p1a: Salamence|7/100 tox|[from] psn
|-heal|p2a: Flygon|39/100|[from] item: Leftovers
|upkeep
|turn|15
|
|t:|1731784262
|switch|p2a: Quagsire|Quagsire, M|100/100
|move|p1a: Salamence|Hidden Power|p2a: Quagsire
|-damage|p2a: Quagsire|57/100
|
|-weather|Sandstorm|[upkeep]
|-damage|p1a: Salamence|0 fnt|[from] Sandstorm
|faint|p1a: Salamence
|-heal|p2a: Quagsire|63/100|[from] item: Leftovers
|upkeep
|
|t:|1731784267
|switch|p1a: Metagross|Metagross|100/100
|-damage|p1a: Metagross|88/100|[from] Spikes
|turn|16
|
|t:|1731784285
|move|p1a: Metagross|Agility|p1a: Metagross
|-boost|p1a: Metagross|spe|2
|move|p2a: Quagsire|Curse|p2a: Quagsire
|-unboost|p2a: Quagsire|spe|1
|-boost|p2a: Quagsire|atk|1
|-boost|p2a: Quagsire|def|1
|
|-weather|Sandstorm|[upkeep]
|-heal|p1a: Metagross|94/100|[from] item: Leftovers
|-heal|p2a: Quagsire|69/100|[from] item: Leftovers
|upkeep
|turn|17
|
|t:|1731784288
|move|p1a: Metagross|Explosion|p2a: Quagsire
|-damage|p2a: Quagsire|0 fnt
|faint|p1a: Metagross
|faint|p2a: Quagsire
|
|t:|1731784293
|switch|p1a: Suicune|Suicune|64/100
|switch|p2a: Blissey|Blissey, F|90/100
|-damage|p1a: Suicune|52/100|[from] Spikes
|
|-weather|Sandstorm|[upkeep]
|-damage|p1a: Suicune|46/100|[from] Sandstorm
|-damage|p2a: Blissey|84/100|[from] Sandstorm
|-heal|p1a: Suicune|52/100|[from] item: Leftovers
|-heal|p2a: Blissey|90/100|[from] item: Leftovers
|upkeep
|turn|18
|
|t:|1731784300
|move|p1a: Suicune|Calm Mind|p1a: Suicune
|-boost|p1a: Suicune|spa|1
|-boost|p1a: Suicune|spd|1
|move|p2a: Blissey|Thunderbolt|p1a: Suicune
|-supereffective|p1a: Suicune
|-damage|p1a: Suicune|31/100
|
|-weather|Sandstorm|[upkeep]
|-damage|p1a: Suicune|25/100|[from] Sandstorm
|-damage|p2a: Blissey|84/100|[from] Sandstorm
|-heal|p1a: Suicune|31/100|[from] item: Leftovers
|-heal|p2a: Blissey|90/100|[from] item: Leftovers
|upkeep
|turn|19
|
|t:|1731784315
|move|p1a: Suicune|Calm Mind|p1a: Suicune
|-boost|p1a: Suicune|spa|1
|-boost|p1a: Suicune|spd|1
|move|p2a: Blissey|Calm Mind|p2a: Blissey
|-boost|p2a: Blissey|spa|1
|-boost|p2a: Blissey|spd|1
|
|-weather|Sandstorm|[upkeep]
|-damage|p1a: Suicune|25/100|[from] Sandstorm
|-damage|p2a: Blissey|84/100|[from] Sandstorm
|-heal|p1a: Suicune|31/100|[from] item: Leftovers
|-heal|p2a: Blissey|90/100|[from] item: Leftovers
|upkeep
|turn|20
|
|t:|1731784323
|move|p1a: Suicune|Calm Mind|p1a: Suicune
|-boost|p1a: Suicune|spa|1
|-boost|p1a: Suicune|spd|1
|move|p2a: Blissey|Thunderbolt|p1a: Suicune
|-supereffective|p1a: Suicune
|-damage|p1a: Suicune|12/100
|
|-weather|Sandstorm|[upkeep]
|-damage|p1a: Suicune|6/100|[from] Sandstorm
|-damage|p2a: Blissey|84/100|[from] Sandstorm
|-heal|p1a: Suicune|12/100|[from] item: Leftovers
|-heal|p2a: Blissey|90/100|[from] item: Leftovers
|upkeep
|turn|21
|
|t:|1731784326
|move|p1a: Suicune|Rest|p1a: Suicune
|-status|p1a: Suicune|slp|[from] move: Rest
|-heal|p1a: Suicune|100/100 slp|[silent]
|move|p2a: Blissey|Thunderbolt|p1a: Suicune
|-supereffective|p1a: Suicune
|-damage|p1a: Suicune|81/100 slp
|
|-weather|Sandstorm|[upkeep]
|-damage|p1a: Suicune|75/100 slp|[from] Sandstorm
|-damage|p2a: Blissey|84/100|[from] Sandstorm
|-heal|p1a: Suicune|81/100 slp|[from] item: Leftovers
|-heal|p2a: Blissey|90/100|[from] item: Leftovers
|upkeep
|turn|22
|
|t:|1731784328
|cant|p1a: Suicune|slp
|move|p2a: Blissey|Calm Mind|p2a: Blissey
|-boost|p2a: Blissey|spa|1
|-boost|p2a: Blissey|spd|1
|
|-weather|Sandstorm|[upkeep]
|-damage|p1a: Suicune|75/100 slp|[from] Sandstorm
|-damage|p2a: Blissey|84/100|[from] Sandstorm
|-heal|p1a: Suicune|81/100 slp|[from] item: Leftovers
|-heal|p2a: Blissey|90/100|[from] item: Leftovers
|upkeep
|turn|23
|
|t:|1731784337
|cant|p1a: Suicune|slp
|move|p2a: Blissey|Calm Mind|p2a: Blissey
|-boost|p2a: Blissey|spa|1
|-boost|p2a: Blissey|spd|1
|
|-weather|Sandstorm|[upkeep]
|-damage|p1a: Suicune|75/100 slp|[from] Sandstorm
|-damage|p2a: Blissey|84/100|[from] Sandstorm
|-heal|p1a: Suicune|81/100 slp|[from] item: Leftovers
|-heal|p2a: Blissey|90/100|[from] item: Leftovers
|upkeep
|turn|24
|
|t:|1731784339
|-curestatus|p1a: Suicune|slp|[msg]
|move|p1a: Suicune|Calm Mind|p1a: Suicune
|-boost|p1a: Suicune|spa|1
|-boost|p1a: Suicune|spd|1
|move|p2a: Blissey|Calm Mind|p2a: Blissey
|-boost|p2a: Blissey|spa|1
|-boost|p2a: Blissey|spd|1
|
|-weather|Sandstorm|[upkeep]
|-damage|p1a: Suicune|75/100|[from] Sandstorm
|-damage|p2a: Blissey|84/100|[from] Sandstorm
|-heal|p1a: Suicune|81/100|[from] item: Leftovers
|-heal|p2a: Blissey|90/100|[from] item: Leftovers
|upkeep
|turn|25
|
|t:|1731784341
|move|p1a: Suicune|Calm Mind|p1a: Suicune
|-boost|p1a: Suicune|spa|1
|-boost|p1a: Suicune|spd|1
|move|p2a: Blissey|Calm Mind|p2a: Blissey
|-boost|p2a: Blissey|spa|1
|-boost|p2a: Blissey|spd|1
|
|-weather|Sandstorm|[upkeep]
|-damage|p1a: Suicune|75/100|[from] Sandstorm
|-damage|p2a: Blissey|84/100|[from] Sandstorm
|-heal|p1a: Suicune|81/100|[from] item: Leftovers
|-heal|p2a: Blissey|90/100|[from] item: Leftovers
|upkeep
|turn|26
|
|t:|1731784343
|move|p1a: Suicune|Calm Mind|p1a: Suicune
|-boost|p1a: Suicune|spa|1
|-boost|p1a: Suicune|spd|1
|move|p2a: Blissey|Calm Mind|p2a: Blissey
|-boost|p2a: Blissey|spa|1
|-boost|p2a: Blissey|spd|1
|
|-weather|Sandstorm|[upkeep]
|-damage|p1a: Suicune|75/100|[from] Sandstorm
|-damage|p2a: Blissey|84/100|[from] Sandstorm
|-heal|p1a: Suicune|81/100|[from] item: Leftovers
|-heal|p2a: Blissey|90/100|[from] item: Leftovers
|upkeep
|turn|27
|
|t:|1731784345
|move|p1a: Suicune|Surf|p2a: Blissey
|-damage|p2a: Blissey|76/100
|move|p2a: Blissey|Thunderbolt|p1a: Suicune
|-supereffective|p1a: Suicune
|-damage|p1a: Suicune|50/100
|
|-weather|Sandstorm|[upkeep]
|-damage|p1a: Suicune|44/100|[from] Sandstorm
|-damage|p2a: Blissey|70/100|[from] Sandstorm
|-heal|p1a: Suicune|50/100|[from] item: Leftovers
|-heal|p2a: Blissey|76/100|[from] item: Leftovers
|upkeep
|turn|28
|
|t:|1731784350
|move|p1a: Suicune|Surf|p2a: Blissey
|-damage|p2a: Blissey|62/100
|move|p2a: Blissey|Thunderbolt|p1a: Suicune
|-supereffective|p1a: Suicune
|-damage|p1a: Suicune|20/100
|
|-weather|Sandstorm|[upkeep]
|-damage|p1a: Suicune|14/100|[from] Sandstorm
|-damage|p2a: Blissey|56/100|[from] Sandstorm
|-heal|p1a: Suicune|20/100|[from] item: Leftovers
|-heal|p2a: Blissey|62/100|[from] item: Leftovers
|upkeep
|turn|29
|
|t:|1731784353
|move|p1a: Suicune|Rest|p1a: Suicune
|-status|p1a: Suicune|slp|[from] move: Rest
|-heal|p1a: Suicune|100/100 slp|[silent]
|move|p2a: Blissey|Thunderbolt|p1a: Suicune
|-supereffective|p1a: Suicune
|-damage|p1a: Suicune|70/100 slp
|
|-weather|Sandstorm|[upkeep]
|-damage|p1a: Suicune|64/100 slp|[from] Sandstorm
|-damage|p2a: Blissey|56/100|[from] Sandstorm
|-heal|p1a: Suicune|70/100 slp|[from] item: Leftovers
|-heal|p2a: Blissey|62/100|[from] item: Leftovers
|upkeep
|turn|30
|
|t:|1731784355
|cant|p1a: Suicune|slp
|move|p2a: Blissey|Thunderbolt|p1a: Suicune
|-supereffective|p1a: Suicune
|-damage|p1a: Suicune|38/100 slp
|
|-weather|Sandstorm|[upkeep]
|-damage|p1a: Suicune|32/100 slp|[from] Sandstorm
|-damage|p2a: Blissey|56/100|[from] Sandstorm
|-heal|p1a: Suicune|38/100 slp|[from] item: Leftovers
|-heal|p2a: Blissey|62/100|[from] item: Leftovers
|upkeep
|turn|31
|
|t:|1731784357
|cant|p1a: Suicune|slp
|move|p2a: Blissey|Thunderbolt|p1a: Suicune
|-supereffective|p1a: Suicune
|-damage|p1a: Suicune|4/100 slp
|
|-weather|Sandstorm|[upkeep]
|-damage|p1a: Suicune|0 fnt|[from] Sandstorm
|-damage|p2a: Blissey|56/100|[from] Sandstorm
|faint|p1a: Suicune
|-heal|p2a: Blissey|62/100|[from] item: Leftovers
|upkeep
|
|t:|1731784360
|switch|p1a: Magneton|Magneton|100/100
|-damage|p1a: Magneton|88/100|[from] Spikes
|turn|32
|c|☆lax|ggs
|
|t:|1731784365
|move|p1a: Magneton|Thunderbolt|p2a: Blissey
|-damage|p2a: Blissey|56/100
|move|p2a: Blissey|Ice Beam|p1a: Magneton
|-resisted|p1a: Magneton
|-damage|p1a: Magneton|0 fnt
|faint|p1a: Magneton
|
|win|lax
|c|☆Tree69420|ggs
|c|☆lax|/log lax made the replay of this battle unlisted.
|player|p2|

</script>
<script type="application/json" class="data" id="replaydata-smogtours-gen3ou-806547">
{"id":"smogtours-gen3ou-806547","format":"[Gen 3] OU","players":["Tree69420","lax"],"uploadtime":1731784365,"views":25,"formatid":"gen3ou","rating":null,"private":1,"password":null}
</script>

<script defer src="js/replays.js?9d40a366"></script>
