<!DOCTYPE html>
<meta charset="utf-8" />
<meta name="viewport" content="width=device-width" />

<title>[Gen 3] OU: pkLeech vs. RedCrimp - Replays - Pok&eacute;mon Showdown!</title>

<meta name="description" content="Watch a replay of a Pok&eacute;mon battle between pkLeech and RedCrimp! Format: [Gen 3] OU; Date: Nov 9, 2024" />
<!--

Hey, you! Looking in the source for the replay log?

You can find them in JSON format, just add `.json` at the end of a replay URL.

https://replay.pokemonshowdown.com/gen7randomdoublesbattle-865046831.json

Or, if you only need the log itself, add `.log` instead:

https://replay.pokemonshowdown.com/gen7randomdoublesbattle-865046831.log

-->

<link rel="stylesheet" href="//pokemonshowdown.com/style/global.css?0.023195364461161105" />
<link rel="stylesheet" href="//play.pokemonshowdown.com/style/font-awesome.css?0.13261647063804238" />
<link rel="stylesheet" href="//play.pokemonshowdown.com/style/battle.css?0.8753245789963631" />
<link rel="stylesheet" href="//play.pokemonshowdown.com/style/utilichart.css?0.8627959624976733" />

<!-- Global site tag (gtag.js) - Google Analytics -->
<script async src="https://www.googletagmanager.com/gtag/js?id=UA-26211653-1"></script>
<script>
  window.dataLayer = window.dataLayer || [];
  function gtag(){dataLayer.push(arguments);}
  gtag('js', new Date());

  gtag('config', 'UA-26211653-1');
</script>
<!-- End Google Analytics -->
<!-- Venatus Ad Manager - Install in <HEAD> of page -->
	<script src="https://hb.vntsm.com/v3/live/ad-manager.min.js" type="text/javascript" data-site-id="642aba63ec9a7b11c3c9c1be" data-mode="scan" async></script>
<!-- / Venatus Ad Manager -->

<style>
	@media (max-width:820px) {
		.battle {
			margin: 0 auto;
		}
		.battle-log {
			margin: 7px auto 0;
			max-width: 640px;
			height: 300px;
			position: static;
		}
	}
	.optgroup {
		display: inline-block;
		line-height: 22px;
		font-size: 10pt;
	}
	.optgroup .button {
		height: 25px;
		padding-top: 0;
		padding-bottom: 0;
	}
	.optgroup button.button {
		padding-left: 12px;
		padding-right: 12px;
	}
	.linklist {
		list-style: none;
		margin: 0.5em 0;
		padding: 0;
	}
	.linklist li {
		padding: 2px 0;
	}
	.sidebar {
		float: left;
		width: 320px;
	}
	.bar-wrapper {
		max-width: 1100px;
		margin: 0 auto;
	}
	.bar-wrapper.has-sidebar {
		max-width: 1430px;
	}
	.mainbar {
		margin: 0;
		padding-right: 1px;
	}
	.mainbar.has-sidebar {
		margin-left: 330px;
	}
	@media (min-width: 1511px) {
		.sidebar {
			width: 400px;
		}
		.bar-wrapper.has-sidebar {
			max-width: 1510px;
		}
		.mainbar.has-sidebar {
			margin-left: 410px;
		}
	}
	.section.first-section {
		margin-top: 9px;
	}
	.blocklink small {
		white-space: normal;
	}
	.button {
		vertical-align: middle;
	}
	.replay-controls {
		padding-top: 10px;
	}
	.replay-controls h1 {
		font-size: 16pt;
		font-weight: normal;
		color: #CCC;
	}
	.pagelink {
		text-align: center;
	}
	.pagelink a {
		width: 150px;
	}
	.textbox, .button {
		font-size: 11pt;
		vertical-align: middle;
	}
	@media (max-width: 450px) {
		.button {
			font-size: 9pt;
		}
	}
</style>

<div>

	<header>
		<div class="nav-wrapper"><ul class="nav">
			<li><a class="button nav-first" href="//pokemonshowdown.com/"><img src="//pokemonshowdown.com/images/pokemonshowdownbeta.png" srcset="//pokemonshowdown.com/images/pokemonshowdownbeta.png 1x, //pokemonshowdown.com/images/pokemonshowdownbeta@2x.png 2x" alt="Pok&eacute;mon Showdown" width="146" height="44" /> Home</a></li>
			<li><a class="button" href="//pokemonshowdown.com/dex/">Pok&eacute;dex</a></li>
			<li><a class="button cur" href="/">Replays</a></li>
			<li><a class="button" href="//pokemonshowdown.com/ladder/">Ladder</a></li>
			<li><a class="button nav-last" href="//pokemonshowdown.com/forums/">Forum</a></li>
			<li><a class="button greenbutton nav-first nav-last" href="//play.pokemonshowdown.com/">Play</a></li>
		</ul></div>
	</header>

	<div class="main" id="main">

		<noscript><section class="section">You need to enable JavaScript to use this page; sorry!</section></noscript>

	</div>

</div>

<script defer nomodule src="//play.pokemonshowdown.com/js/lib/ps-polyfill.js"></script>
<script defer src="//play.pokemonshowdown.com/js/lib/preact.min.js"></script>

<script defer src="//play.pokemonshowdown.com/config/config.js?2bddbc15"></script>
<script defer src="//play.pokemonshowdown.com/js/lib/jquery-1.11.0.min.js"></script>
<script defer src="//play.pokemonshowdown.com/js/lib/html-sanitizer-minified.js"></script>
<script defer src="//play.pokemonshowdown.com/js/battle-sound.js"></script>
<script defer src="//play.pokemonshowdown.com/js/battledata.js?0.7209276989879541"></script>
<script defer src="//play.pokemonshowdown.com/data/pokedex-mini.js?0.6111056340867951"></script>
<script defer src="//play.pokemonshowdown.com/data/pokedex-mini-bw.js?0.3532142036491459"></script>
<script defer src="//play.pokemonshowdown.com/data/graphics.js?0.24223875632456182"></script>
<script defer src="//play.pokemonshowdown.com/data/pokedex.js?0.38839984266356864"></script>
<script defer src="//play.pokemonshowdown.com/data/moves.js?0.21866028504024015"></script>
<script defer src="//play.pokemonshowdown.com/data/abilities.js?0.2005157953846628"></script>
<script defer src="//play.pokemonshowdown.com/data/items.js?0.9894211263848525"></script>
<script defer src="//play.pokemonshowdown.com/data/teambuilder-tables.js?0.6008791140282215"></script>
<script defer src="//play.pokemonshowdown.com/js/battle-tooltips.js?0.7580118955022959"></script>
<script defer src="//play.pokemonshowdown.com/js/battle.js?0.6057722274234274"></script>

<script defer src="js/utils.js?e31f9a17"></script>
<script defer src="js/replays-battle.js?7008c182"></script>

<!-- don't scrape this data! just add .json or .log after the URL!
Full API docs: https://github.com/smogon/pokemon-showdown-client/blob/master/WEB-API.md -->
<script type="text/plain" class="log" id="replaylog-smogtours-gen3ou-805526">
|inactive|Battle timer is ON: inactive players will automatically lose when time's up.
|t:|1731179090
|gametype|singles
|player|p1|pkLeech|pokemonbreeder-gen4|
|player|p2|RedCrimp|169|
|teamsize|p1|6
|teamsize|p2|6
|gen|3
|tier|[Gen 3] OU
|rule|Sleep Clause Mod: Limit one foe put to sleep
|rule|Switch Priority Clause Mod: Faster Pokémon switch first
|rule|Species Clause: Limit one of each Pokémon
|rule|OHKO Clause: OHKO moves are banned
|rule|Evasion Items Clause: Evasion items are banned
|rule|Evasion Moves Clause: Evasion moves are banned
|rule|Endless Battle Clause: Forcing endless battles is banned
|rule|HP Percentage Mod: HP is shown in percentages
|rule|One Boost Passer Clause: Limit one Baton Passer that has a way to boost its stats
|rule|Freeze Clause Mod: Limit one foe frozen
|
|t:|1731179090
|start
|switch|p1a: Zapdos|Zapdos|100/100
|switch|p2a: Hariyama|Hariyama, M|100/100
|turn|1
|c|☆pkLeech|have fun
|c|☆RedCrimp|u2
|inactive|pkLeech has 270 seconds left.
|inactive|RedCrimp has 270 seconds left.
|inactive|pkLeech has 240 seconds left.
|
|t:|1731179166
|move|p1a: Zapdos|Thunderbolt|p2a: Hariyama
|-damage|p2a: Hariyama|54/100
|move|p2a: Hariyama|Rock Slide|p1a: Zapdos
|-supereffective|p1a: Zapdos
|-damage|p1a: Zapdos|45/100
|
|-heal|p1a: Zapdos|51/100|[from] item: Leftovers
|-heal|p2a: Hariyama|60/100|[from] item: Leftovers
|upkeep
|turn|2
|
|t:|1731179184
|move|p1a: Zapdos|Substitute|p1a: Zapdos
|-start|p1a: Zapdos|Substitute
|-damage|p1a: Zapdos|26/100
|move|p2a: Hariyama|Knock Off|p1a: Zapdos
|-activate|p1a: Zapdos|Substitute|[damage]
|
|-heal|p1a: Zapdos|32/100|[from] item: Leftovers
|-heal|p2a: Hariyama|66/100|[from] item: Leftovers
|upkeep
|turn|3
|inactive|pkLeech has 270 seconds left.
|
|t:|1731179205
|move|p1a: Zapdos|Thunderbolt|p2a: Hariyama
|-damage|p2a: Hariyama|20/100
|move|p2a: Hariyama|Rock Slide|p1a: Zapdos
|-supereffective|p1a: Zapdos
|-end|p1a: Zapdos|Substitute
|
|-heal|p1a: Zapdos|38/100|[from] item: Leftovers
|-heal|p2a: Hariyama|26/100|[from] item: Leftovers
|upkeep
|turn|4
|inactive|pkLeech has 270 seconds left.
|inactive|RedCrimp has 270 seconds left.
|inactive|pkLeech has 240 seconds left.
|
|t:|1731179267
|switch|p2a: Claydol|Claydol|100/100
|move|p1a: Zapdos|Baton Pass|p1a: Zapdos
|inactive|pkLeech has 210 seconds left.
|
|t:|1731179291
|switch|p1a: Suicune|Suicune|100/100|[from] Baton Pass
|
|upkeep
|turn|5
|inactive|pkLeech has 210 seconds left.
|inactive|pkLeech has 180 seconds left.
|
|t:|1731179327
|switch|p2a: Suicune|Suicune|100/100
|move|p1a: Suicune|Calm Mind|p1a: Suicune
|-boost|p1a: Suicune|spa|1
|-boost|p1a: Suicune|spd|1
|
|upkeep
|turn|6
|inactive|pkLeech has 180 seconds left.
|
|t:|1731179343
|move|p1a: Suicune|Roar|p2a: Suicune
|drag|p2a: Metagross|Metagross|100/100
|
|upkeep
|turn|7
|inactive|pkLeech has 180 seconds left.
|inactive|RedCrimp has 270 seconds left.
|inactive|pkLeech has 150 seconds left.
|inactive|RedCrimp has 240 seconds left.
|
|t:|1731179407
|move|p2a: Metagross|Protect|p2a: Metagross
|-singleturn|p2a: Metagross|Protect
|move|p1a: Suicune|Hydro Pump|p2a: Metagross
|-activate|p2a: Metagross|Protect
|
|upkeep
|turn|8
|inactive|RedCrimp has 240 seconds left.
|inactive|pkLeech has 120 seconds left.
|inactive|pkLeech has 90 seconds left.
|
|t:|1731179460
|move|p1a: Suicune|Hydro Pump|p2a: Metagross
|-damage|p2a: Metagross|16/100
|move|p2a: Metagross|Explosion|p1a: Suicune
|-damage|p1a: Suicune|0 fnt
|faint|p2a: Metagross
|faint|p1a: Suicune
|inactive|pkLeech has 90 seconds left.
|inactive|RedCrimp has 240 seconds left.
|
|t:|1731179498
|switch|p1a: Metagross|Metagross|100/100
|switch|p2a: Blissey|Blissey, F|100/100
|
|upkeep
|turn|9
|inactive|pkLeech has 90 seconds left.
|
|t:|1731179533
|switch|p2a: Suicune|Suicune|100/100
|move|p1a: Metagross|Meteor Mash|p2a: Suicune
|-resisted|p2a: Suicune
|-damage|p2a: Suicune|84/100
|
|-heal|p2a: Suicune|90/100|[from] item: Leftovers
|upkeep
|turn|10
|
|t:|1731179545
|switch|p1a: Raikou|Raikou|100/100
|move|p2a: Suicune|Surf|p1a: Raikou
|-damage|p1a: Raikou|69/100
|
|-heal|p1a: Raikou|75/100|[from] item: Leftovers
|-heal|p2a: Suicune|96/100|[from] item: Leftovers
|upkeep
|turn|11
|inactive|RedCrimp has 210 seconds left.
|
|t:|1731179585
|switch|p2a: Blissey|Blissey, F|100/100
|move|p1a: Raikou|Hidden Power|p2a: Blissey
|-damage|p2a: Blissey|91/100
|
|-heal|p1a: Raikou|82/100|[from] item: Leftovers
|-heal|p2a: Blissey|97/100|[from] item: Leftovers
|upkeep
|turn|12
|inactive|pkLeech has 60 seconds left.
|
|t:|1731179606
|switch|p1a: Metagross|Metagross|100/100
|move|p2a: Blissey|Seismic Toss|p1a: Metagross
|-damage|p1a: Metagross|73/100
|
|-heal|p2a: Blissey|100/100|[from] item: Leftovers
|-heal|p1a: Metagross|79/100|[from] item: Leftovers
|upkeep
|turn|13
|
|t:|1731179621
|switch|p2a: Suicune|Suicune|96/100
|move|p1a: Metagross|Meteor Mash|p2a: Suicune
|-resisted|p2a: Suicune
|-damage|p2a: Suicune|81/100
|
|-heal|p2a: Suicune|87/100|[from] item: Leftovers
|-heal|p1a: Metagross|85/100|[from] item: Leftovers
|upkeep
|turn|14
|
|t:|1731179635
|move|p2a: Suicune|Surf|p1a: Metagross
|-damage|p1a: Metagross|52/100
|move|p1a: Metagross|Meteor Mash|p2a: Suicune
|-resisted|p2a: Suicune
|-damage|p2a: Suicune|73/100
|
|-heal|p2a: Suicune|79/100|[from] item: Leftovers
|-heal|p1a: Metagross|58/100|[from] item: Leftovers
|upkeep
|turn|15
|
|t:|1731179645
|switch|p1a: Breloom|Breloom, F|100/100
|move|p2a: Suicune|Surf|p1a: Breloom
|-resisted|p1a: Breloom
|-damage|p1a: Breloom|73/100
|
|-heal|p1a: Breloom|79/100|[from] item: Leftovers
|-heal|p2a: Suicune|85/100|[from] item: Leftovers
|upkeep
|turn|16
|inactive|RedCrimp has 180 seconds left.
|
|t:|1731179689
|switch|p2a: Hariyama|Hariyama, M|26/100
|move|p1a: Breloom|Spore|p2a: Hariyama
|-status|p2a: Hariyama|slp|[from] move: Spore
|
|-heal|p1a: Breloom|85/100|[from] item: Leftovers
|-heal|p2a: Hariyama|32/100 slp|[from] item: Leftovers
|upkeep
|turn|17
|
|t:|1731179701
|-singleturn|p1a: Breloom|move: Focus Punch
|switch|p2a: Salamence|Salamence, M|100/100
|-ability|p2a: Salamence|Intimidate|boost
|-unboost|p1a: Breloom|atk|1
|move|p1a: Breloom|Focus Punch|p2a: Salamence
|-resisted|p2a: Salamence
|-damage|p2a: Salamence|69/100
|
|-heal|p1a: Breloom|91/100|[from] item: Leftovers
|upkeep
|turn|18
|inactive|pkLeech has 90 seconds left.
|inactive|RedCrimp has 150 seconds left.
|inactive|RedCrimp has 120 seconds left.
|inactive|RedCrimp has 90 seconds left.
|
|t:|1731179797
|switch|p1a: Metagross|Metagross|58/100
|move|p2a: Salamence|Rock Slide|p1a: Metagross
|-resisted|p1a: Metagross
|-damage|p1a: Metagross|43/100
|
|-heal|p1a: Metagross|49/100|[from] item: Leftovers
|upkeep
|turn|19
|
|t:|1731179816
|switch|p2a: Suicune|Suicune|85/100
|switch|p1a: Raikou|Raikou|82/100
|
|-heal|p1a: Raikou|88/100|[from] item: Leftovers
|-heal|p2a: Suicune|91/100|[from] item: Leftovers
|upkeep
|turn|20
|inactive|pkLeech has 60 seconds left.
|
|t:|1731179852
|switch|p2a: Claydol|Claydol|100/100
|move|p1a: Raikou|Hidden Power|p2a: Claydol
|-supereffective|p2a: Claydol
|-damage|p2a: Claydol|60/100
|
|-heal|p1a: Raikou|94/100|[from] item: Leftovers
|-heal|p2a: Claydol|66/100|[from] item: Leftovers
|upkeep
|turn|21
|inactive|pkLeech has 30 seconds left.
|inactive|pkLeech has 20 seconds left.
|inactive|pkLeech has 15 seconds left.
|inactive|pkLeech has 10 seconds left.
|
|t:|1731179893
|switch|p1a: Zapdos|Zapdos|38/100
|move|p2a: Claydol|Earthquake|p1a: Zapdos
|-immune|p1a: Zapdos
|
|-heal|p1a: Zapdos|45/100|[from] item: Leftovers
|-heal|p2a: Claydol|72/100|[from] item: Leftovers
|upkeep
|turn|22
|inactive|pkLeech has 20 seconds left this turn.
|inactive|pkLeech has 15 seconds left.
|inactive|RedCrimp has 60 seconds left.
|
|t:|1731179917
|move|p1a: Zapdos|Substitute|p1a: Zapdos
|-start|p1a: Zapdos|Substitute
|-damage|p1a: Zapdos|20/100
|move|p2a: Claydol|Psychic|p1a: Zapdos
|-activate|p1a: Zapdos|Substitute|[damage]
|
|-heal|p1a: Zapdos|26/100|[from] item: Leftovers
|-heal|p2a: Claydol|78/100|[from] item: Leftovers
|upkeep
|turn|23
|inactive|pkLeech has 25 seconds left this turn.
|inactive|pkLeech has 20 seconds left.
|inactive|pkLeech has 15 seconds left.
|
|t:|1731179928
|move|p1a: Zapdos|Hidden Power|p2a: Claydol
|-supereffective|p2a: Claydol
|-damage|p2a: Claydol|31/100
|move|p2a: Claydol|Psychic|p1a: Zapdos
|-end|p1a: Zapdos|Substitute
|
|-heal|p1a: Zapdos|32/100|[from] item: Leftovers
|-heal|p2a: Claydol|37/100|[from] item: Leftovers
|upkeep
|turn|24
|inactive|pkLeech has 25 seconds left this turn.
|inactive|pkLeech has 20 seconds left.
|inactive|pkLeech has 15 seconds left.
|inactive|pkLeech has 10 seconds left.
|inactive|RedCrimp has 60 seconds left.
|
|t:|1731179949
|move|p1a: Zapdos|Substitute|p1a: Zapdos
|-start|p1a: Zapdos|Substitute
|-damage|p1a: Zapdos|7/100
|move|p2a: Claydol|Explosion|p1a: Zapdos
|-end|p1a: Zapdos|Substitute
|faint|p2a: Claydol
|inactive|pkLeech has 15 seconds left this turn.
|
|t:|1731179956
|switch|p2a: Blissey|Blissey, F|100/100
|
|-heal|p1a: Zapdos|14/100|[from] item: Leftovers
|upkeep
|turn|25
|inactive|pkLeech has 25 seconds left this turn.
|inactive|pkLeech has 20 seconds left.
|inactive|RedCrimp has 60 seconds left.
|inactive|pkLeech has 15 seconds left.
|inactive|pkLeech has 10 seconds left.
|
|t:|1731179974
|switch|p1a: Metagross|Metagross|49/100
|move|p2a: Blissey|Seismic Toss|p1a: Metagross
|-damage|p1a: Metagross|22/100
|
|-heal|p1a: Metagross|28/100|[from] item: Leftovers
|upkeep
|turn|26
|inactive|pkLeech has 20 seconds left this turn.
|inactive|pkLeech has 15 seconds left.
|
|t:|1731179997
|switch|p1a: Zapdos|Zapdos|14/100
|move|p2a: Blissey|Seismic Toss|p1a: Zapdos
|-damage|p1a: Zapdos|0 fnt
|faint|p1a: Zapdos
|inactive|pkLeech has 20 seconds left this turn.
|
|t:|1731180001
|switch|p1a: Dugtrio|Dugtrio, F|100/100
|
|upkeep
|turn|27
|inactive|pkLeech has 30 seconds left this turn.
|
|t:|1731180006
|move|p1a: Dugtrio|Beat Up|p2a: Blissey
|-damage|p2a: Blissey|91/100
|-damage|p2a: Blissey|81/100
|-damage|p2a: Blissey|66/100
|-damage|p2a: Blissey|50/100
|-hitcount|p2a: Blissey|4
|move|p2a: Blissey|Soft-Boiled|p2a: Blissey
|-heal|p2a: Blissey|99/100
|
|-heal|p2a: Blissey|100/100|[from] item: Leftovers
|upkeep
|turn|28
|inactive|RedCrimp has 60 seconds left.
|
|t:|1731180019
|move|p1a: Dugtrio|Beat Up|p2a: Blissey
|-damage|p2a: Blissey|90/100
|-damage|p2a: Blissey|79/100
|-damage|p2a: Blissey|63/100
|-damage|p2a: Blissey|47/100
|-hitcount|p2a: Blissey|4
|move|p2a: Blissey|Soft-Boiled|p2a: Blissey
|-heal|p2a: Blissey|97/100
|
|-heal|p2a: Blissey|100/100|[from] item: Leftovers
|upkeep
|turn|29
|inactive|RedCrimp has 60 seconds left.
|
|t:|1731180045
|move|p1a: Dugtrio|Beat Up|p2a: Blissey
|-damage|p2a: Blissey|91/100
|-damage|p2a: Blissey|81/100
|-damage|p2a: Blissey|66/100
|-damage|p2a: Blissey|51/100
|-hitcount|p2a: Blissey|4
|move|p2a: Blissey|Soft-Boiled|p2a: Blissey
|-heal|p2a: Blissey|100/100
|
|upkeep
|turn|30
|
|t:|1731180057
|move|p1a: Dugtrio|Beat Up|p2a: Blissey
|-damage|p2a: Blissey|90/100
|-damage|p2a: Blissey|80/100
|-damage|p2a: Blissey|64/100
|-damage|p2a: Blissey|48/100
|-hitcount|p2a: Blissey|4
|move|p2a: Blissey|Soft-Boiled|p2a: Blissey
|-heal|p2a: Blissey|98/100
|
|-heal|p2a: Blissey|100/100|[from] item: Leftovers
|upkeep
|turn|31
|
|t:|1731180072
|move|p1a: Dugtrio|Beat Up|p2a: Blissey
|-damage|p2a: Blissey|91/100
|-damage|p2a: Blissey|82/100
|-damage|p2a: Blissey|67/100
|-damage|p2a: Blissey|50/100
|-hitcount|p2a: Blissey|4
|move|p2a: Blissey|Soft-Boiled|p2a: Blissey
|-heal|p2a: Blissey|99/100
|
|-heal|p2a: Blissey|100/100|[from] item: Leftovers
|upkeep
|turn|32
|
|t:|1731180084
|move|p1a: Dugtrio|Beat Up|p2a: Blissey
|-damage|p2a: Blissey|92/100
|-damage|p2a: Blissey|82/100
|-damage|p2a: Blissey|65/100
|-crit|p2a: Blissey
|-damage|p2a: Blissey|33/100
|-hitcount|p2a: Blissey|4
|move|p2a: Blissey|Soft-Boiled|p2a: Blissey
|-heal|p2a: Blissey|83/100
|
|-heal|p2a: Blissey|89/100|[from] item: Leftovers
|upkeep
|turn|33
|inactive|pkLeech has 60 seconds left.
|
|t:|1731180094
|move|p1a: Dugtrio|Beat Up|p2a: Blissey
|-damage|p2a: Blissey|79/100
|-damage|p2a: Blissey|69/100
|-damage|p2a: Blissey|55/100
|-damage|p2a: Blissey|40/100
|-hitcount|p2a: Blissey|4
|move|p2a: Blissey|Soft-Boiled|p2a: Blissey
|-heal|p2a: Blissey|89/100
|
|-heal|p2a: Blissey|96/100|[from] item: Leftovers
|upkeep
|turn|34
|
|t:|1731180101
|move|p1a: Dugtrio|Beat Up|p2a: Blissey
|-damage|p2a: Blissey|86/100
|-crit|p2a: Blissey
|-damage|p2a: Blissey|64/100
|-damage|p2a: Blissey|49/100
|-damage|p2a: Blissey|34/100
|-hitcount|p2a: Blissey|4
|move|p2a: Blissey|Soft-Boiled|p2a: Blissey
|-heal|p2a: Blissey|84/100
|
|-heal|p2a: Blissey|90/100|[from] item: Leftovers
|upkeep
|turn|35
|
|t:|1731180108
|move|p1a: Dugtrio|Beat Up|p2a: Blissey
|-damage|p2a: Blissey|81/100
|-damage|p2a: Blissey|71/100
|-damage|p2a: Blissey|55/100
|-crit|p2a: Blissey
|-damage|p2a: Blissey|20/100
|-hitcount|p2a: Blissey|4
|move|p2a: Blissey|Soft-Boiled|p2a: Blissey
|-heal|p2a: Blissey|70/100
|
|-heal|p2a: Blissey|77/100|[from] item: Leftovers
|upkeep
|turn|36
|
|t:|1731180116
|move|p1a: Dugtrio|Beat Up|p2a: Blissey
|-damage|p2a: Blissey|67/100
|-damage|p2a: Blissey|57/100
|-damage|p2a: Blissey|41/100
|-damage|p2a: Blissey|24/100
|-hitcount|p2a: Blissey|4
|move|p2a: Blissey|Soft-Boiled|p2a: Blissey
|-heal|p2a: Blissey|74/100
|
|-heal|p2a: Blissey|80/100|[from] item: Leftovers
|upkeep
|turn|37
|
|t:|1731180133
|move|p1a: Dugtrio|Beat Up|p2a: Blissey
|-damage|p2a: Blissey|70/100
|-damage|p2a: Blissey|60/100
|-damage|p2a: Blissey|45/100
|-damage|p2a: Blissey|27/100
|-hitcount|p2a: Blissey|4
|move|p2a: Blissey|Soft-Boiled|p2a: Blissey
|-heal|p2a: Blissey|77/100
|
|-heal|p2a: Blissey|83/100|[from] item: Leftovers
|upkeep
|turn|38
|
|t:|1731180141
|move|p1a: Dugtrio|Beat Up|p2a: Blissey
|-damage|p2a: Blissey|74/100
|-damage|p2a: Blissey|64/100
|-damage|p2a: Blissey|49/100
|-damage|p2a: Blissey|32/100
|-hitcount|p2a: Blissey|4
|move|p2a: Blissey|Soft-Boiled|p2a: Blissey
|-heal|p2a: Blissey|82/100
|
|-heal|p2a: Blissey|88/100|[from] item: Leftovers
|upkeep
|turn|39
|inactive|pkLeech has 90 seconds left.
|
|t:|1731180152
|move|p1a: Dugtrio|Beat Up|p2a: Blissey
|-damage|p2a: Blissey|78/100
|-damage|p2a: Blissey|68/100
|-damage|p2a: Blissey|51/100
|-damage|p2a: Blissey|34/100
|-hitcount|p2a: Blissey|4
|move|p2a: Blissey|Soft-Boiled|p2a: Blissey
|-heal|p2a: Blissey|84/100
|
|-heal|p2a: Blissey|90/100|[from] item: Leftovers
|upkeep
|turn|40
|inactive|pkLeech has 90 seconds left.
|
|t:|1731180160
|move|p1a: Dugtrio|Beat Up|p2a: Blissey
|-damage|p2a: Blissey|81/100
|-damage|p2a: Blissey|70/100
|-damage|p2a: Blissey|54/100
|-damage|p2a: Blissey|38/100
|-hitcount|p2a: Blissey|4
|move|p2a: Blissey|Soft-Boiled|p2a: Blissey
|-heal|p2a: Blissey|88/100
|
|-heal|p2a: Blissey|95/100|[from] item: Leftovers
|upkeep
|turn|41
|inactive|pkLeech has 90 seconds left.
|
|t:|1731180200
|switch|p1a: Raikou|Raikou|94/100
|move|p2a: Blissey|Soft-Boiled|p2a: Blissey
|-heal|p2a: Blissey|100/100
|
|-heal|p1a: Raikou|99/100|[from] item: Leftovers
|upkeep
|turn|42
|
|t:|1731180208
|switch|p1a: Metagross|Metagross|28/100
|move|p2a: Blissey|Wish|p2a: Blissey
|
|-heal|p1a: Metagross|34/100|[from] item: Leftovers
|upkeep
|turn|43
|inactive|pkLeech has 60 seconds left.
|inactive|RedCrimp has 90 seconds left.
|
|t:|1731180257
|switch|p2a: Suicune|Suicune|91/100
|move|p1a: Metagross|Meteor Mash|p2a: Suicune
|-resisted|p2a: Suicune
|-damage|p2a: Suicune|75/100
|-boost|p1a: Metagross|atk|1
|
|-heal|p2a: Suicune|100/100|[from] move: Wish|[wisher] Blissey
|-heal|p1a: Metagross|40/100|[from] item: Leftovers
|upkeep
|turn|44
|inactive|pkLeech has 30 seconds left.
|
|t:|1731180291
|move|p2a: Suicune|Surf|p1a: Metagross
|-crit|p1a: Metagross
|-damage|p1a: Metagross|0 fnt
|faint|p1a: Metagross
|inactive|pkLeech has 30 seconds left this turn.
|c|☆RedCrimp|mb
|
|t:|1731180297
|switch|p1a: Raikou|Raikou|99/100
|
|-heal|p1a: Raikou|100/100|[from] item: Leftovers
|upkeep
|turn|45
|inactive|pkLeech has 30 seconds left.
|inactive|pkLeech has 20 seconds left.
|inactive|pkLeech has 15 seconds left.
|
|t:|1731180319
|move|p1a: Raikou|Thunderbolt|p2a: Suicune
|-supereffective|p2a: Suicune
|-damage|p2a: Suicune|32/100
|move|p2a: Suicune|Roar|p1a: Raikou
|drag|p1a: Breloom|Breloom, F|91/100
|
|-heal|p1a: Breloom|97/100|[from] item: Leftovers
|-heal|p2a: Suicune|39/100|[from] item: Leftovers
|upkeep
|turn|46
|inactive|pkLeech has 25 seconds left this turn.
|inactive|pkLeech has 20 seconds left.
|inactive|RedCrimp has 90 seconds left.
|inactive|pkLeech has 15 seconds left.
|inactive|pkLeech has 10 seconds left.
|
|t:|1731180351
|-singleturn|p1a: Breloom|move: Focus Punch
|move|p2a: Suicune|Surf|p1a: Breloom
|-resisted|p1a: Breloom
|-damage|p1a: Breloom|70/100
|move|p1a: Breloom|Focus Punch||[still]
|cant|p1a: Breloom|Focus Punch|Focus Punch
|
|-heal|p1a: Breloom|76/100|[from] item: Leftovers
|-heal|p2a: Suicune|45/100|[from] item: Leftovers
|upkeep
|turn|47
|inactive|pkLeech has 20 seconds left this turn.
|inactive|pkLeech has 15 seconds left.
|inactive|RedCrimp has 60 seconds left.
|
|t:|1731180381
|-singleturn|p1a: Breloom|move: Focus Punch
|switch|p2a: Salamence|Salamence, M|69/100
|-ability|p2a: Salamence|Intimidate|boost
|-unboost|p1a: Breloom|atk|1
|move|p1a: Breloom|Focus Punch|p2a: Salamence
|-resisted|p2a: Salamence
|-damage|p2a: Salamence|36/100
|
|-heal|p1a: Breloom|82/100|[from] item: Leftovers
|upkeep
|turn|48
|inactive|pkLeech has 25 seconds left this turn.
|inactive|pkLeech has 20 seconds left.
|inactive|pkLeech has 15 seconds left.
|c|☆pkLeech|the crit that could
|inactive|pkLeech has 10 seconds left.
|
|t:|1731180397
|move|p1a: Breloom|Mach Punch|p2a: Salamence
|-resisted|p2a: Salamence
|-damage|p2a: Salamence|28/100
|move|p2a: Salamence|Hidden Power|p1a: Breloom
|-supereffective|p1a: Breloom
|-damage|p1a: Breloom|0 fnt
|faint|p1a: Breloom
|inactive|pkLeech has 15 seconds left this turn.
|inactive|pkLeech has 10 seconds left.
|
|t:|1731180403
|switch|p1a: Raikou|Raikou|100/100
|
|upkeep
|turn|49
|inactive|pkLeech has 20 seconds left this turn.
|inactive|pkLeech has 15 seconds left.
|
|t:|1731180426
|switch|p2a: Suicune|Suicune|45/100
|move|p1a: Raikou|Thunderbolt|p2a: Suicune
|-supereffective|p2a: Suicune
|-damage|p2a: Suicune|0 fnt
|faint|p2a: Suicune
|inactive|pkLeech has 20 seconds left this turn.
|
|t:|1731180429
|switch|p2a: Blissey|Blissey, F|100/100
|
|upkeep
|turn|50
|inactive|pkLeech has 30 seconds left this turn.
|
|t:|1731180433
|switch|p1a: Dugtrio|Dugtrio, F|100/100
|move|p2a: Blissey|Seismic Toss|p1a: Dugtrio
|-damage|p1a: Dugtrio|60/100
|
|upkeep
|turn|51
|inactive|RedCrimp has 60 seconds left.
|
|t:|1731180464
|move|p1a: Dugtrio|Earthquake|p2a: Blissey
|-damage|p2a: Blissey|51/100
|move|p2a: Blissey|Ice Beam|p1a: Dugtrio
|-supereffective|p1a: Dugtrio
|-damage|p1a: Dugtrio|0 fnt
|faint|p1a: Dugtrio
|
|t:|1731180470
|switch|p1a: Raikou|Raikou|100/100
|
|-heal|p2a: Blissey|57/100|[from] item: Leftovers
|upkeep
|turn|52
|
|t:|1731180475
|move|p1a: Raikou|Calm Mind|p1a: Raikou
|-boost|p1a: Raikou|spa|1
|-boost|p1a: Raikou|spd|1
|move|p2a: Blissey|Soft-Boiled|p2a: Blissey
|-heal|p2a: Blissey|100/100
|
|upkeep
|turn|53
|
|t:|1731180484
|move|p1a: Raikou|Calm Mind|p1a: Raikou
|-boost|p1a: Raikou|spa|1
|-boost|p1a: Raikou|spd|1
|move|p2a: Blissey|Seismic Toss|p1a: Raikou
|-damage|p1a: Raikou|69/100
|
|-heal|p1a: Raikou|76/100|[from] item: Leftovers
|upkeep
|turn|54
|inactive|pkLeech has 60 seconds left.
|inactive|RedCrimp has 60 seconds left.
|
|t:|1731180501
|move|p1a: Raikou|Thunderbolt|p2a: Blissey
|-damage|p2a: Blissey|64/100
|move|p2a: Blissey|Seismic Toss|p1a: Raikou
|-damage|p1a: Raikou|45/100
|
|-heal|p1a: Raikou|51/100|[from] item: Leftovers
|-heal|p2a: Blissey|70/100|[from] item: Leftovers
|upkeep
|turn|55
|inactive|RedCrimp has 60 seconds left.
|
|t:|1731180530
|move|p1a: Raikou|Thunderbolt|p2a: Blissey
|-damage|p2a: Blissey|31/100
|move|p2a: Blissey|Seismic Toss|p1a: Raikou
|-damage|p1a: Raikou|20/100
|
|-heal|p1a: Raikou|26/100|[from] item: Leftovers
|-heal|p2a: Blissey|37/100|[from] item: Leftovers
|upkeep
|turn|56
|inactive|pkLeech has 60 seconds left.
|
|t:|1731180548
|switch|p2a: Salamence|Salamence, M|28/100
|-ability|p2a: Salamence|Intimidate|boost
|-unboost|p1a: Raikou|atk|1
|move|p1a: Raikou|Calm Mind|p1a: Raikou
|-boost|p1a: Raikou|spa|1
|-boost|p1a: Raikou|spd|1
|
|-heal|p1a: Raikou|32/100|[from] item: Leftovers
|upkeep
|turn|57
|
|t:|1731180552
|move|p1a: Raikou|Thunderbolt|p2a: Salamence
|-damage|p2a: Salamence|0 fnt
|faint|p2a: Salamence
|
|t:|1731180555
|switch|p2a: Blissey|Blissey, F|37/100
|
|-heal|p1a: Raikou|38/100|[from] item: Leftovers
|-heal|p2a: Blissey|44/100|[from] item: Leftovers
|upkeep
|turn|58
|
|t:|1731180558
|move|p1a: Raikou|Thunderbolt|p2a: Blissey
|-damage|p2a: Blissey|0 fnt
|faint|p2a: Blissey
|c|☆RedCrimp|gg
|c|☆pkLeech|gg
|c|☆RedCrimp|misplay on my end at the end
|inactive|RedCrimp has 60 seconds left.
|-message|RedCrimp forfeited.
|
|win|pkLeech
|c|☆pkLeech|thanks to all my fans who believed in me until the end
|c|☆pkLeech|tbh, you got did dirty with the rolls
|player|p2|

</script>
<script type="application/json" class="data" id="replaydata-smogtours-gen3ou-805526">
{"id":"smogtours-gen3ou-805526","format":"[Gen 3] OU","players":["pkLeech","RedCrimp"],"uploadtime":1731180571,"views":28,"formatid":"gen3ou","rating":null,"private":0,"password":null}
</script>

<script defer src="js/replays.js?9d40a366"></script>
