<!DOCTYPE html>
<meta charset="utf-8" />
<meta name="viewport" content="width=device-width" />

<title>[Gen 3] OU: KeshBa45 vs. beeoi - Replays - Pok&eacute;mon Showdown!</title>

<meta name="description" content="Watch a replay of a Pok&eacute;mon battle between KeshBa45 and beeoi! Format: [Gen 3] OU; Date: Oct 2, 2024" />
<!--

Hey, you! Looking in the source for the replay log?

You can find them in JSON format, just add `.json` at the end of a replay URL.

https://replay.pokemonshowdown.com/gen7randomdoublesbattle-865046831.json

Or, if you only need the log itself, add `.log` instead:

https://replay.pokemonshowdown.com/gen7randomdoublesbattle-865046831.log

-->

<link rel="stylesheet" href="//pokemonshowdown.com/style/global.css?0.023195364461161105" />
<link rel="stylesheet" href="//play.pokemonshowdown.com/style/font-awesome.css?0.13261647063804238" />
<link rel="stylesheet" href="//play.pokemonshowdown.com/style/battle.css?0.8753245789963631" />
<link rel="stylesheet" href="//play.pokemonshowdown.com/style/utilichart.css?0.8627959624976733" />

<!-- Global site tag (gtag.js) - Google Analytics -->
<script async src="https://www.googletagmanager.com/gtag/js?id=UA-26211653-1"></script>
<script>
  window.dataLayer = window.dataLayer || [];
  function gtag(){dataLayer.push(arguments);}
  gtag('js', new Date());

  gtag('config', 'UA-26211653-1');
</script>
<!-- End Google Analytics -->
<!-- Venatus Ad Manager - Install in <HEAD> of page -->
	<script src="https://hb.vntsm.com/v3/live/ad-manager.min.js" type="text/javascript" data-site-id="642aba63ec9a7b11c3c9c1be" data-mode="scan" async></script>
<!-- / Venatus Ad Manager -->

<style>
	@media (max-width:820px) {
		.battle {
			margin: 0 auto;
		}
		.battle-log {
			margin: 7px auto 0;
			max-width: 640px;
			height: 300px;
			position: static;
		}
	}
	.optgroup {
		display: inline-block;
		line-height: 22px;
		font-size: 10pt;
	}
	.optgroup .button {
		height: 25px;
		padding-top: 0;
		padding-bottom: 0;
	}
	.optgroup button.button {
		padding-left: 12px;
		padding-right: 12px;
	}
	.linklist {
		list-style: none;
		margin: 0.5em 0;
		padding: 0;
	}
	.linklist li {
		padding: 2px 0;
	}
	.sidebar {
		float: left;
		width: 320px;
	}
	.bar-wrapper {
		max-width: 1100px;
		margin: 0 auto;
	}
	.bar-wrapper.has-sidebar {
		max-width: 1430px;
	}
	.mainbar {
		margin: 0;
		padding-right: 1px;
	}
	.mainbar.has-sidebar {
		margin-left: 330px;
	}
	@media (min-width: 1511px) {
		.sidebar {
			width: 400px;
		}
		.bar-wrapper.has-sidebar {
			max-width: 1510px;
		}
		.mainbar.has-sidebar {
			margin-left: 410px;
		}
	}
	.section.first-section {
		margin-top: 9px;
	}
	.blocklink small {
		white-space: normal;
	}
	.button {
		vertical-align: middle;
	}
	.replay-controls {
		padding-top: 10px;
	}
	.replay-controls h1 {
		font-size: 16pt;
		font-weight: normal;
		color: #CCC;
	}
	.pagelink {
		text-align: center;
	}
	.pagelink a {
		width: 150px;
	}
	.textbox, .button {
		font-size: 11pt;
		vertical-align: middle;
	}
	@media (max-width: 450px) {
		.button {
			font-size: 9pt;
		}
	}
</style>

<div>

	<header>
		<div class="nav-wrapper"><ul class="nav">
			<li><a class="button nav-first" href="//pokemonshowdown.com/"><img src="//pokemonshowdown.com/images/pokemonshowdownbeta.png" srcset="//pokemonshowdown.com/images/pokemonshowdownbeta.png 1x, //pokemonshowdown.com/images/pokemonshowdownbeta@2x.png 2x" alt="Pok&eacute;mon Showdown" width="146" height="44" /> Home</a></li>
			<li><a class="button" href="//pokemonshowdown.com/dex/">Pok&eacute;dex</a></li>
			<li><a class="button cur" href="/">Replays</a></li>
			<li><a class="button" href="//pokemonshowdown.com/ladder/">Ladder</a></li>
			<li><a class="button nav-last" href="//pokemonshowdown.com/forums/">Forum</a></li>
			<li><a class="button greenbutton nav-first nav-last" href="//play.pokemonshowdown.com/">Play</a></li>
		</ul></div>
	</header>

	<div class="main" id="main">

		<noscript><section class="section">You need to enable JavaScript to use this page; sorry!</section></noscript>

	</div>

</div>

<script defer nomodule src="//play.pokemonshowdown.com/js/lib/ps-polyfill.js"></script>
<script defer src="//play.pokemonshowdown.com/js/lib/preact.min.js"></script>

<script defer src="//play.pokemonshowdown.com/config/config.js?2bddbc15"></script>
<script defer src="//play.pokemonshowdown.com/js/lib/jquery-1.11.0.min.js"></script>
<script defer src="//play.pokemonshowdown.com/js/lib/html-sanitizer-minified.js"></script>
<script defer src="//play.pokemonshowdown.com/js/battle-sound.js"></script>
<script defer src="//play.pokemonshowdown.com/js/battledata.js?0.7209276989879541"></script>
<script defer src="//play.pokemonshowdown.com/data/pokedex-mini.js?0.6111056340867951"></script>
<script defer src="//play.pokemonshowdown.com/data/pokedex-mini-bw.js?0.3532142036491459"></script>
<script defer src="//play.pokemonshowdown.com/data/graphics.js?0.24223875632456182"></script>
<script defer src="//play.pokemonshowdown.com/data/pokedex.js?0.38839984266356864"></script>
<script defer src="//play.pokemonshowdown.com/data/moves.js?0.21866028504024015"></script>
<script defer src="//play.pokemonshowdown.com/data/abilities.js?0.2005157953846628"></script>
<script defer src="//play.pokemonshowdown.com/data/items.js?0.9894211263848525"></script>
<script defer src="//play.pokemonshowdown.com/data/teambuilder-tables.js?0.6008791140282215"></script>
<script defer src="//play.pokemonshowdown.com/js/battle-tooltips.js?0.7580118955022959"></script>
<script defer src="//play.pokemonshowdown.com/js/battle.js?0.6057722274234274"></script>

<script defer src="js/utils.js?e31f9a17"></script>
<script defer src="js/replays-battle.js?7008c182"></script>

<!-- don't scrape this data! just add .json or .log after the URL!
Full API docs: https://github.com/smogon/pokemon-showdown-client/blob/master/WEB-API.md -->
<script type="text/plain" class="log" id="replaylog-smogtours-gen3ou-794120">
|inactive|Battle timer is ON: inactive players will automatically lose when time's up.
|t:|1727910178
|gametype|singles
|player|p1|KeshBa45|#wcop2024africa2|
|player|p2|beeoi|1|
|teamsize|p1|6
|teamsize|p2|6
|gen|3
|tier|[Gen 3] OU
|rule|Sleep Clause Mod: Limit one foe put to sleep
|rule|Switch Priority Clause Mod: Faster Pokémon switch first
|rule|Species Clause: Limit one of each Pokémon
|rule|OHKO Clause: OHKO moves are banned
|rule|Evasion Items Clause: Evasion items are banned
|rule|Evasion Moves Clause: Evasion moves are banned
|rule|Endless Battle Clause: Forcing endless battles is banned
|rule|HP Percentage Mod: HP is shown in percentages
|rule|One Boost Passer Clause: Limit one Baton Passer that has a way to boost its stats
|rule|Freeze Clause Mod: Limit one foe frozen
|
|t:|1727910178
|start
|switch|p1a: Zapdos|Zapdos|100/100
|switch|p2a: Suicune|Suicune|100/100
|turn|1
|c|☆KeshBa45|Hf
|c|☆beeoi|u2
|
|t:|1727910192
|switch|p2a: Blissey|Blissey, F|100/100
|move|p1a: Zapdos|Thunderbolt|p2a: Blissey
|-damage|p2a: Blissey|83/100
|
|-heal|p2a: Blissey|89/100|[from] item: Leftovers
|upkeep
|turn|2
|
|t:|1727910213
|switch|p2a: Gengar|Gengar, F|100/100
|move|p1a: Zapdos|Baton Pass|p1a: Zapdos
|
|t:|1727910218
|switch|p1a: Celebi|Celebi|100/100|[from] Baton Pass
|
|upkeep
|turn|3
|
|t:|1727910231
|switch|p2a: Skarmory|Skarmory, M|100/100
|move|p1a: Celebi|Leech Seed|p2a: Skarmory
|-start|p2a: Skarmory|move: Leech Seed
|
|-damage|p2a: Skarmory|88/100|[from] Leech Seed|[of] p1a: Celebi
|upkeep
|turn|4
|
|t:|1727910239
|move|p1a: Celebi|Baton Pass|p1a: Celebi
|
|t:|1727910241
|switch|p1a: Starmie|Starmie|100/100|[from] Baton Pass
|move|p2a: Skarmory|Spikes|p1a: Starmie
|-sidestart|p1: KeshBa45|Spikes
|
|-heal|p2a: Skarmory|94/100|[from] item: Leftovers
|-damage|p2a: Skarmory|82/100|[from] Leech Seed|[of] p1a: Starmie
|upkeep
|turn|5
|
|t:|1727910254
|switch|p2a: Gengar|Gengar, F|100/100
|move|p1a: Starmie|Hydro Pump|p2a: Gengar
|-damage|p2a: Gengar|31/100
|
|-heal|p2a: Gengar|38/100|[from] item: Leftovers
|upkeep
|turn|6
|
|t:|1727910271
|move|p1a: Starmie|Hydro Pump|p2a: Gengar
|-crit|p2a: Gengar
|-damage|p2a: Gengar|0 fnt
|faint|p2a: Gengar
|inactive|beeoi has 270 seconds left.
|
|t:|1727910312
|switch|p2a: Blissey|Blissey, F|89/100
|
|-heal|p2a: Blissey|95/100|[from] item: Leftovers
|upkeep
|turn|7
|
|t:|1727910324
|switch|p1a: Celebi|Celebi|100/100
|-damage|p1a: Celebi|88/100|[from] Spikes
|move|p2a: Blissey|Thunder Wave|p1a: Celebi
|-status|p1a: Celebi|par
|
|-heal|p2a: Blissey|100/100|[from] item: Leftovers
|-heal|p1a: Celebi|94/100 par|[from] item: Leftovers
|upkeep
|turn|8
|
|t:|1727910337
|move|p2a: Blissey|Ice Beam|p1a: Celebi
|-supereffective|p1a: Celebi
|-damage|p1a: Celebi|65/100 par
|move|p1a: Celebi|Leech Seed|p2a: Blissey
|-start|p2a: Blissey|move: Leech Seed
|
|-damage|p2a: Blissey|88/100|[from] Leech Seed|[of] p1a: Celebi
|-heal|p1a: Celebi|85/100 par|[silent]
|-heal|p1a: Celebi|91/100 par|[from] item: Leftovers
|upkeep
|turn|9
|
|t:|1727910348
|move|p2a: Blissey|Ice Beam|p1a: Celebi
|-supereffective|p1a: Celebi
|-damage|p1a: Celebi|63/100 par
|cant|p1a: Celebi|par
|
|-heal|p2a: Blissey|94/100|[from] item: Leftovers
|-damage|p2a: Blissey|82/100|[from] Leech Seed|[of] p1a: Celebi
|-heal|p1a: Celebi|83/100 par|[silent]
|-heal|p1a: Celebi|89/100 par|[from] item: Leftovers
|upkeep
|turn|10
|
|t:|1727910362
|switch|p2a: Aerodactyl|Aerodactyl, M|100/100
|move|p1a: Celebi|Leech Seed|p2a: Aerodactyl
|-start|p2a: Aerodactyl|move: Leech Seed
|
|-damage|p2a: Aerodactyl|88/100|[from] Leech Seed|[of] p1a: Celebi
|-heal|p1a: Celebi|99/100 par|[silent]
|-heal|p1a: Celebi|100/100 par|[from] item: Leftovers
|upkeep
|turn|11
|
|t:|1727910377
|switch|p2a: Skarmory|Skarmory, M|82/100
|-curestatus|p1a: Celebi|par|[from] ability: Natural Cure
|switch|p1a: Swampert|Swampert, F|100/100
|-damage|p1a: Swampert|88/100|[from] Spikes
|
|-heal|p2a: Skarmory|88/100|[from] item: Leftovers
|-heal|p1a: Swampert|94/100|[from] item: Leftovers
|upkeep
|turn|12
|
|t:|1727910390
|switch|p1a: Celebi|Celebi|100/100
|-damage|p1a: Celebi|88/100|[from] Spikes
|move|p2a: Skarmory|Toxic|p1a: Celebi
|-status|p1a: Celebi|tox
|
|-heal|p1a: Celebi|94/100 tox|[from] item: Leftovers
|-damage|p1a: Celebi|88/100 tox|[from] psn
|-heal|p2a: Skarmory|94/100|[from] item: Leftovers
|upkeep
|turn|13
|
|t:|1727910401
|move|p1a: Celebi|Leech Seed|p2a: Skarmory
|-start|p2a: Skarmory|move: Leech Seed
|move|p2a: Skarmory|Spikes|p1a: Celebi
|-sidestart|p1: KeshBa45|Spikes
|
|-heal|p1a: Celebi|94/100 tox|[from] item: Leftovers
|-damage|p1a: Celebi|82/100 tox|[from] psn
|-heal|p2a: Skarmory|99/100|[from] item: Leftovers
|-damage|p2a: Skarmory|88/100|[from] Leech Seed|[of] p1a: Celebi
|-heal|p1a: Celebi|92/100 tox|[silent]
|upkeep
|turn|14
|
|t:|1727910413
|move|p2a: Skarmory|Protect|p2a: Skarmory
|-singleturn|p2a: Skarmory|Protect
|move|p1a: Celebi|Baton Pass|p1a: Celebi
|
|t:|1727910415
|-curestatus|p1a: Celebi|tox|[from] ability: Natural Cure
|switch|p1a: Starmie|Starmie|100/100|[from] Baton Pass
|-damage|p1a: Starmie|84/100|[from] Spikes
|
|-heal|p1a: Starmie|90/100|[from] item: Leftovers
|-heal|p2a: Skarmory|94/100|[from] item: Leftovers
|-damage|p2a: Skarmory|81/100|[from] Leech Seed|[of] p1a: Starmie
|-heal|p1a: Starmie|100/100|[silent]
|upkeep
|turn|15
|
|t:|1727910428
|switch|p2a: Blissey|Blissey, F|82/100
|move|p1a: Starmie|Rapid Spin|p2a: Blissey
|-damage|p2a: Blissey|79/100
|-sideend|p1: KeshBa45|Spikes|[from] move: Rapid Spin|[of] p1a: Starmie
|
|-heal|p2a: Blissey|85/100|[from] item: Leftovers
|upkeep
|turn|16
|
|t:|1727910440
|switch|p1a: Tyranitar|Tyranitar, F|100/100
|-weather|Sandstorm|[from] ability: Sand Stream|[of] p1a: Tyranitar
|move|p2a: Blissey|Seismic Toss|p1a: Tyranitar
|-damage|p1a: Tyranitar|76/100
|
|-weather|Sandstorm|[upkeep]
|-damage|p2a: Blissey|79/100|[from] Sandstorm
|-heal|p1a: Tyranitar|82/100|[from] item: Leftovers
|-heal|p2a: Blissey|85/100|[from] item: Leftovers
|upkeep
|turn|17
|inactive|beeoi has 240 seconds left.
|
|t:|1727910461
|-singleturn|p1a: Tyranitar|move: Focus Punch
|switch|p2a: Claydol|Claydol|100/100
|move|p1a: Tyranitar|Focus Punch|p2a: Claydol
|-resisted|p2a: Claydol
|-damage|p2a: Claydol|70/100
|
|-weather|Sandstorm|[upkeep]
|-heal|p2a: Claydol|76/100|[from] item: Leftovers
|-heal|p1a: Tyranitar|88/100|[from] item: Leftovers
|upkeep
|turn|18
|inactive|beeoi has 240 seconds left.
|
|t:|1727910476
|switch|p2a: Suicune|Suicune|100/100
|switch|p1a: Zapdos|Zapdos|100/100
|
|-weather|Sandstorm|[upkeep]
|-damage|p1a: Zapdos|94/100|[from] Sandstorm
|-damage|p2a: Suicune|94/100|[from] Sandstorm
|-heal|p1a: Zapdos|100/100|[from] item: Leftovers
|-heal|p2a: Suicune|100/100|[from] item: Leftovers
|upkeep
|turn|19
|inactive|beeoi has 240 seconds left.
|
|t:|1727910488
|switch|p2a: Claydol|Claydol|76/100
|move|p1a: Zapdos|Thunderbolt|p2a: Claydol
|-immune|p2a: Claydol
|
|-weather|Sandstorm|[upkeep]
|-damage|p1a: Zapdos|94/100|[from] Sandstorm
|-heal|p1a: Zapdos|100/100|[from] item: Leftovers
|-heal|p2a: Claydol|82/100|[from] item: Leftovers
|upkeep
|turn|20
|inactive|beeoi has 240 seconds left.
|
|t:|1727910501
|move|p1a: Zapdos|Baton Pass|p1a: Zapdos
|
|t:|1727910506
|switch|p1a: Tyranitar|Tyranitar, F|88/100|[from] Baton Pass
|move|p2a: Claydol|Psychic|p1a: Tyranitar
|-immune|p1a: Tyranitar
|
|-weather|Sandstorm|[upkeep]
|-heal|p2a: Claydol|88/100|[from] item: Leftovers
|-heal|p1a: Tyranitar|94/100|[from] item: Leftovers
|upkeep
|turn|21
|inactive|beeoi has 240 seconds left.
|
|t:|1727910517
|switch|p1a: Zapdos|Zapdos|100/100
|move|p2a: Claydol|Earthquake|p1a: Zapdos
|-immune|p1a: Zapdos
|
|-weather|Sandstorm|[upkeep]
|-damage|p1a: Zapdos|94/100|[from] Sandstorm
|-heal|p1a: Zapdos|100/100|[from] item: Leftovers
|-heal|p2a: Claydol|95/100|[from] item: Leftovers
|upkeep
|turn|22
|inactive|beeoi has 240 seconds left.
|
|t:|1727910529
|switch|p2a: Blissey|Blissey, F|85/100
|move|p1a: Zapdos|Hidden Power|p2a: Blissey
|-damage|p2a: Blissey|76/100
|
|-weather|Sandstorm|[upkeep]
|-damage|p1a: Zapdos|94/100|[from] Sandstorm
|-damage|p2a: Blissey|70/100|[from] Sandstorm
|-heal|p1a: Zapdos|100/100|[from] item: Leftovers
|-heal|p2a: Blissey|76/100|[from] item: Leftovers
|upkeep
|turn|23
|inactive|beeoi has 240 seconds left.
|
|t:|1727910543
|move|p1a: Zapdos|Baton Pass|p1a: Zapdos
|
|t:|1727910549
|switch|p1a: Celebi|Celebi|92/100|[from] Baton Pass
|move|p2a: Blissey|Thunder Wave|p1a: Celebi
|-status|p1a: Celebi|par
|
|-weather|Sandstorm|[upkeep]
|-damage|p2a: Blissey|70/100|[from] Sandstorm
|-damage|p1a: Celebi|86/100 par|[from] Sandstorm
|-heal|p2a: Blissey|76/100|[from] item: Leftovers
|-heal|p1a: Celebi|92/100 par|[from] item: Leftovers
|upkeep
|turn|24
|
|t:|1727910560
|switch|p2a: Suicune|Suicune|100/100
|move|p1a: Celebi|Baton Pass|p1a: Celebi
|
|t:|1727910563
|-curestatus|p1a: Celebi|par|[from] ability: Natural Cure
|switch|p1a: Zapdos|Zapdos|100/100|[from] Baton Pass
|
|-weather|Sandstorm|[upkeep]
|-damage|p1a: Zapdos|94/100|[from] Sandstorm
|-damage|p2a: Suicune|94/100|[from] Sandstorm
|-heal|p1a: Zapdos|100/100|[from] item: Leftovers
|-heal|p2a: Suicune|100/100|[from] item: Leftovers
|upkeep
|turn|25
|
|t:|1727910577
|switch|p2a: Blissey|Blissey, F|76/100
|move|p1a: Zapdos|Thunderbolt|p2a: Blissey
|-damage|p2a: Blissey|58/100
|-status|p2a: Blissey|par
|
|-weather|Sandstorm|[upkeep]
|-damage|p1a: Zapdos|94/100|[from] Sandstorm
|-damage|p2a: Blissey|52/100 par|[from] Sandstorm
|-heal|p1a: Zapdos|100/100|[from] item: Leftovers
|-heal|p2a: Blissey|58/100 par|[from] item: Leftovers
|upkeep
|turn|26
|
|t:|1727910589
|move|p1a: Zapdos|Baton Pass|p1a: Zapdos
|
|t:|1727910591
|switch|p1a: Dugtrio|Dugtrio, M|100/100|[from] Baton Pass
|move|p2a: Blissey|Soft-Boiled|p2a: Blissey
|-heal|p2a: Blissey|100/100 par
|
|-weather|Sandstorm|[upkeep]
|-damage|p2a: Blissey|94/100 par|[from] Sandstorm
|-heal|p2a: Blissey|100/100 par|[from] item: Leftovers
|upkeep
|turn|27
|
|t:|1727910601
|move|p1a: Dugtrio|Beat Up|p2a: Blissey
|-damage|p2a: Blissey|91/100 par
|-damage|p2a: Blissey|81/100 par
|-damage|p2a: Blissey|67/100 par
|-damage|p2a: Blissey|50/100 par
|-damage|p2a: Blissey|42/100 par
|-damage|p2a: Blissey|30/100 par
|-hitcount|p2a: Blissey|6
|move|p2a: Blissey|Ice Beam|p1a: Dugtrio
|-supereffective|p1a: Dugtrio
|-damage|p1a: Dugtrio|25/100
|
|-weather|Sandstorm|[upkeep]
|-damage|p2a: Blissey|23/100 par|[from] Sandstorm
|-heal|p2a: Blissey|30/100 par|[from] item: Leftovers
|upkeep
|turn|28
|
|t:|1727910616
|move|p1a: Dugtrio|Beat Up|p2a: Blissey
|-damage|p2a: Blissey|20/100 par
|-damage|p2a: Blissey|8/100 par
|-damage|p2a: Blissey|0 fnt
|-hitcount|p2a: Blissey|3
|faint|p2a: Blissey
|
|t:|1727910630
|switch|p2a: Suicune|Suicune|100/100
|
|-weather|Sandstorm|[upkeep]
|-damage|p2a: Suicune|94/100|[from] Sandstorm
|-heal|p2a: Suicune|100/100|[from] item: Leftovers
|upkeep
|turn|29
|
|t:|1727910637
|switch|p1a: Zapdos|Zapdos|100/100
|move|p2a: Suicune|Calm Mind|p2a: Suicune
|-boost|p2a: Suicune|spa|1
|-boost|p2a: Suicune|spd|1
|
|-weather|Sandstorm|[upkeep]
|-damage|p1a: Zapdos|94/100|[from] Sandstorm
|-damage|p2a: Suicune|94/100|[from] Sandstorm
|-heal|p1a: Zapdos|100/100|[from] item: Leftovers
|-heal|p2a: Suicune|100/100|[from] item: Leftovers
|upkeep
|turn|30
|
|t:|1727910656
|move|p1a: Zapdos|Thunderbolt|p2a: Suicune
|-supereffective|p2a: Suicune
|-damage|p2a: Suicune|44/100
|move|p2a: Suicune|Ice Beam|p1a: Zapdos
|-supereffective|p1a: Zapdos
|-damage|p1a: Zapdos|9/100
|
|-weather|Sandstorm|[upkeep]
|-damage|p1a: Zapdos|3/100|[from] Sandstorm
|-damage|p2a: Suicune|38/100|[from] Sandstorm
|-heal|p1a: Zapdos|9/100|[from] item: Leftovers
|-heal|p2a: Suicune|44/100|[from] item: Leftovers
|upkeep
|turn|31
|
|t:|1727910668
|switch|p2a: Claydol|Claydol|95/100
|move|p1a: Zapdos|Thunderbolt|p2a: Claydol
|-immune|p2a: Claydol
|
|-weather|Sandstorm|[upkeep]
|-damage|p1a: Zapdos|3/100|[from] Sandstorm
|-heal|p1a: Zapdos|9/100|[from] item: Leftovers
|-heal|p2a: Claydol|100/100|[from] item: Leftovers
|upkeep
|turn|32
|
|t:|1727910680
|move|p1a: Zapdos|Baton Pass|p1a: Zapdos
|
|t:|1727910684
|switch|p1a: Celebi|Celebi|92/100|[from] Baton Pass
|move|p2a: Claydol|Psychic|p1a: Celebi
|-resisted|p1a: Celebi
|-crit|p1a: Celebi
|-damage|p1a: Celebi|73/100
|
|-weather|Sandstorm|[upkeep]
|-damage|p1a: Celebi|67/100|[from] Sandstorm
|-heal|p1a: Celebi|73/100|[from] item: Leftovers
|upkeep
|turn|33
|
|t:|1727910695
|switch|p2a: Aerodactyl|Aerodactyl, M|88/100
|move|p1a: Celebi|Baton Pass|p1a: Celebi
|
|t:|1727910702
|switch|p1a: Swampert|Swampert, F|94/100|[from] Baton Pass
|
|-weather|Sandstorm|[upkeep]
|-heal|p1a: Swampert|100/100|[from] item: Leftovers
|upkeep
|turn|34
|inactive|beeoi has 270 seconds left.
|
|t:|1727910725
|switch|p2a: Suicune|Suicune|44/100
|move|p1a: Swampert|Hydro Pump|p2a: Suicune
|-resisted|p2a: Suicune
|-damage|p2a: Suicune|27/100
|
|-weather|Sandstorm|[upkeep]
|-damage|p2a: Suicune|21/100|[from] Sandstorm
|-heal|p2a: Suicune|27/100|[from] item: Leftovers
|upkeep
|turn|35
|
|t:|1727910740
|move|p2a: Suicune|Surf|p1a: Swampert
|-damage|p1a: Swampert|65/100
|move|p1a: Swampert|Earthquake|p2a: Suicune
|-damage|p2a: Suicune|0 fnt
|faint|p2a: Suicune
|
|t:|1727910751
|switch|p2a: Skarmory|Skarmory, M|81/100
|
|-weather|Sandstorm|[upkeep]
|-heal|p2a: Skarmory|87/100|[from] item: Leftovers
|-heal|p1a: Swampert|71/100|[from] item: Leftovers
|upkeep
|turn|36
|
|t:|1727910759
|switch|p1a: Celebi|Celebi|73/100
|move|p2a: Skarmory|Spikes|p1a: Celebi
|-sidestart|p1: KeshBa45|Spikes
|
|-weather|Sandstorm|[upkeep]
|-damage|p1a: Celebi|67/100|[from] Sandstorm
|-heal|p1a: Celebi|73/100|[from] item: Leftovers
|-heal|p2a: Skarmory|93/100|[from] item: Leftovers
|upkeep
|turn|37
|
|t:|1727910769
|move|p1a: Celebi|Leech Seed|p2a: Skarmory
|-start|p2a: Skarmory|move: Leech Seed
|move|p2a: Skarmory|Toxic|p1a: Celebi
|-status|p1a: Celebi|tox
|
|-weather|Sandstorm|[upkeep]
|-damage|p1a: Celebi|67/100 tox|[from] Sandstorm
|-heal|p1a: Celebi|73/100 tox|[from] item: Leftovers
|-damage|p1a: Celebi|67/100 tox|[from] psn
|-heal|p2a: Skarmory|99/100|[from] item: Leftovers
|-damage|p2a: Skarmory|87/100|[from] Leech Seed|[of] p1a: Celebi
|-heal|p1a: Celebi|77/100 tox|[silent]
|upkeep
|turn|38
|
|t:|1727910781
|move|p1a: Celebi|Baton Pass|p1a: Celebi
|
|t:|1727910786
|-curestatus|p1a: Celebi|tox|[from] ability: Natural Cure
|switch|p1a: Starmie|Starmie|100/100|[from] Baton Pass
|-damage|p1a: Starmie|88/100|[from] Spikes
|move|p2a: Skarmory|Toxic|p1a: Starmie
|-status|p1a: Starmie|tox
|
|-weather|Sandstorm|[upkeep]
|-damage|p1a: Starmie|82/100 tox|[from] Sandstorm
|-heal|p1a: Starmie|88/100 tox|[from] item: Leftovers
|-damage|p1a: Starmie|82/100 tox|[from] psn
|-heal|p2a: Skarmory|93/100|[from] item: Leftovers
|-damage|p2a: Skarmory|81/100|[from] Leech Seed|[of] p1a: Starmie
|-heal|p1a: Starmie|98/100 tox|[silent]
|upkeep
|turn|39
|
|t:|1727910800
|move|p2a: Skarmory|Protect|p2a: Skarmory
|-singleturn|p2a: Skarmory|Protect
|move|p1a: Starmie|Hydro Pump|p2a: Skarmory|[miss]
|-miss|p1a: Starmie|p2a: Skarmory
|
|-weather|Sandstorm|[upkeep]
|-damage|p1a: Starmie|92/100 tox|[from] Sandstorm
|-heal|p1a: Starmie|98/100 tox|[from] item: Leftovers
|-damage|p1a: Starmie|86/100 tox|[from] psn
|-heal|p2a: Skarmory|87/100|[from] item: Leftovers
|-damage|p2a: Skarmory|74/100|[from] Leech Seed|[of] p1a: Starmie
|-heal|p1a: Starmie|100/100 tox|[silent]
|upkeep
|turn|40
|
|t:|1727910814
|move|p1a: Starmie|Hydro Pump|p2a: Skarmory
|-damage|p2a: Skarmory|28/100
|move|p2a: Skarmory|Spikes|p1a: Starmie
|-sidestart|p1: KeshBa45|Spikes
|
|-weather|Sandstorm|[upkeep]
|-damage|p1a: Starmie|94/100 tox|[from] Sandstorm
|-heal|p1a: Starmie|100/100 tox|[from] item: Leftovers
|-damage|p1a: Starmie|82/100 tox|[from] psn
|-heal|p2a: Skarmory|34/100|[from] item: Leftovers
|-damage|p2a: Skarmory|22/100|[from] Leech Seed|[of] p1a: Starmie
|-heal|p1a: Starmie|98/100 tox|[silent]
|upkeep
|turn|41
|c|☆KeshBa45|Can we start g3 on the side 
|c|☆KeshBa45|G2
|c|☆beeoi|sure
|inactive|beeoi has 240 seconds left.
|
|t:|1727910844
|-curestatus|p1a: Starmie|tox|[from] ability: Natural Cure
|switch|p1a: Zapdos|Zapdos|9/100
|move|p2a: Skarmory|Protect||[still]
|-fail|p2a: Skarmory
|
|-weather|Sandstorm|[upkeep]
|-damage|p1a: Zapdos|3/100|[from] Sandstorm
|-heal|p1a: Zapdos|9/100|[from] item: Leftovers
|-heal|p2a: Skarmory|28/100|[from] item: Leftovers
|-damage|p2a: Skarmory|15/100|[from] Leech Seed|[of] p1a: Zapdos
|-heal|p1a: Zapdos|22/100|[silent]
|upkeep
|turn|42
|c|☆KeshBa45|Thnks bro , its kinda late for me
|inactive|beeoi has 240 seconds left.
|
|t:|1727910864
|switch|p2a: Claydol|Claydol|100/100
|move|p1a: Zapdos|Hidden Power|p2a: Claydol
|-supereffective|p2a: Claydol
|-damage|p2a: Claydol|59/100
|
|-weather|Sandstorm|[upkeep]
|-damage|p1a: Zapdos|16/100|[from] Sandstorm
|-heal|p1a: Zapdos|22/100|[from] item: Leftovers
|-heal|p2a: Claydol|65/100|[from] item: Leftovers
|upkeep
|turn|43
|
|t:|1727910875
|move|p1a: Zapdos|Hidden Power|p2a: Claydol
|-supereffective|p2a: Claydol
|-damage|p2a: Claydol|23/100
|move|p2a: Claydol|Psychic|p1a: Zapdos
|-damage|p1a: Zapdos|0 fnt
|faint|p1a: Zapdos
|
|t:|1727910879
|switch|p1a: Starmie|Starmie|98/100
|-damage|p1a: Starmie|81/100|[from] Spikes
|
|-weather|Sandstorm|[upkeep]
|-damage|p1a: Starmie|75/100|[from] Sandstorm
|-heal|p1a: Starmie|81/100|[from] item: Leftovers
|-heal|p2a: Claydol|29/100|[from] item: Leftovers
|upkeep
|turn|44
|inactive|beeoi has 240 seconds left.
|
|t:|1727910889
|move|p1a: Starmie|Ice Beam|p2a: Claydol
|-supereffective|p2a: Claydol
|-damage|p2a: Claydol|0 fnt
|faint|p2a: Claydol
|
|t:|1727910895
|switch|p2a: Aerodactyl|Aerodactyl, M|88/100
|
|-weather|Sandstorm|[upkeep]
|-damage|p1a: Starmie|75/100|[from] Sandstorm
|-heal|p1a: Starmie|81/100|[from] item: Leftovers
|upkeep
|turn|45
|inactive|beeoi has 240 seconds left.
|
|t:|1727910910
|switch|p1a: Dugtrio|Dugtrio, M|25/100
|-damage|p1a: Dugtrio|9/100|[from] Spikes
|move|p2a: Aerodactyl|Hidden Power|p1a: Dugtrio
|-damage|p1a: Dugtrio|0 fnt
|faint|p1a: Dugtrio
|
|t:|1727910918
|switch|p1a: Swampert|Swampert, F|71/100
|-damage|p1a: Swampert|54/100|[from] Spikes
|
|-weather|Sandstorm|[upkeep]
|-heal|p1a: Swampert|60/100|[from] item: Leftovers
|upkeep
|turn|46
|inactive|beeoi has 240 seconds left.
|
|t:|1727910925
|move|p2a: Aerodactyl|Hidden Power|p1a: Swampert
|-damage|p1a: Swampert|39/100
|move|p1a: Swampert|Hydro Pump|p2a: Aerodactyl
|-supereffective|p2a: Aerodactyl
|-damage|p2a: Aerodactyl|0 fnt
|faint|p2a: Aerodactyl
|inactive|beeoi has 240 seconds left.
|c|☆beeoi|GG
|-message|beeoi forfeited.
|
|win|KeshBa45
|c|☆KeshBa45|gg
|player|p2|
|player|p2|beeoi|1|

</script>
<script type="application/json" class="data" id="replaydata-smogtours-gen3ou-794120">
{"id":"smogtours-gen3ou-794120","format":"[Gen 3] OU","players":["KeshBa45","beeoi"],"uploadtime":1727910935,"views":137,"formatid":"gen3ou","rating":null,"private":0,"password":null}
</script>

<script defer src="js/replays.js?9d40a366"></script>
