<!DOCTYPE html>
<meta charset="utf-8" />
<meta name="viewport" content="width=device-width" />

<title>[Gen 3] OU: G3neralR3van vs. celdanami - Replays - Pok&eacute;mon Showdown!</title>

<meta name="description" content="Watch a replay of a Pok&eacute;mon battle between G3neralR3van and celdanami! Format: [Gen 3] OU; Date: Oct 27, 2024" />
<!--

Hey, you! Looking in the source for the replay log?

You can find them in JSON format, just add `.json` at the end of a replay URL.

https://replay.pokemonshowdown.com/gen7randomdoublesbattle-865046831.json

Or, if you only need the log itself, add `.log` instead:

https://replay.pokemonshowdown.com/gen7randomdoublesbattle-865046831.log

-->

<link rel="stylesheet" href="//pokemonshowdown.com/style/global.css?0.023195364461161105" />
<link rel="stylesheet" href="//play.pokemonshowdown.com/style/font-awesome.css?0.13261647063804238" />
<link rel="stylesheet" href="//play.pokemonshowdown.com/style/battle.css?0.8753245789963631" />
<link rel="stylesheet" href="//play.pokemonshowdown.com/style/utilichart.css?0.8627959624976733" />

<!-- Global site tag (gtag.js) - Google Analytics -->
<script async src="https://www.googletagmanager.com/gtag/js?id=UA-26211653-1"></script>
<script>
  window.dataLayer = window.dataLayer || [];
  function gtag(){dataLayer.push(arguments);}
  gtag('js', new Date());

  gtag('config', 'UA-26211653-1');
</script>
<!-- End Google Analytics -->
<!-- Venatus Ad Manager - Install in <HEAD> of page -->
	<script src="https://hb.vntsm.com/v3/live/ad-manager.min.js" type="text/javascript" data-site-id="642aba63ec9a7b11c3c9c1be" data-mode="scan" async></script>
<!-- / Venatus Ad Manager -->

<style>
	@media (max-width:820px) {
		.battle {
			margin: 0 auto;
		}
		.battle-log {
			margin: 7px auto 0;
			max-width: 640px;
			height: 300px;
			position: static;
		}
	}
	.optgroup {
		display: inline-block;
		line-height: 22px;
		font-size: 10pt;
	}
	.optgroup .button {
		height: 25px;
		padding-top: 0;
		padding-bottom: 0;
	}
	.optgroup button.button {
		padding-left: 12px;
		padding-right: 12px;
	}
	.linklist {
		list-style: none;
		margin: 0.5em 0;
		padding: 0;
	}
	.linklist li {
		padding: 2px 0;
	}
	.sidebar {
		float: left;
		width: 320px;
	}
	.bar-wrapper {
		max-width: 1100px;
		margin: 0 auto;
	}
	.bar-wrapper.has-sidebar {
		max-width: 1430px;
	}
	.mainbar {
		margin: 0;
		padding-right: 1px;
	}
	.mainbar.has-sidebar {
		margin-left: 330px;
	}
	@media (min-width: 1511px) {
		.sidebar {
			width: 400px;
		}
		.bar-wrapper.has-sidebar {
			max-width: 1510px;
		}
		.mainbar.has-sidebar {
			margin-left: 410px;
		}
	}
	.section.first-section {
		margin-top: 9px;
	}
	.blocklink small {
		white-space: normal;
	}
	.button {
		vertical-align: middle;
	}
	.replay-controls {
		padding-top: 10px;
	}
	.replay-controls h1 {
		font-size: 16pt;
		font-weight: normal;
		color: #CCC;
	}
	.pagelink {
		text-align: center;
	}
	.pagelink a {
		width: 150px;
	}
	.textbox, .button {
		font-size: 11pt;
		vertical-align: middle;
	}
	@media (max-width: 450px) {
		.button {
			font-size: 9pt;
		}
	}
</style>

<div>

	<header>
		<div class="nav-wrapper"><ul class="nav">
			<li><a class="button nav-first" href="//pokemonshowdown.com/"><img src="//pokemonshowdown.com/images/pokemonshowdownbeta.png" srcset="//pokemonshowdown.com/images/pokemonshowdownbeta.png 1x, //pokemonshowdown.com/images/pokemonshowdownbeta@2x.png 2x" alt="Pok&eacute;mon Showdown" width="146" height="44" /> Home</a></li>
			<li><a class="button" href="//pokemonshowdown.com/dex/">Pok&eacute;dex</a></li>
			<li><a class="button cur" href="/">Replays</a></li>
			<li><a class="button" href="//pokemonshowdown.com/ladder/">Ladder</a></li>
			<li><a class="button nav-last" href="//pokemonshowdown.com/forums/">Forum</a></li>
			<li><a class="button greenbutton nav-first nav-last" href="//play.pokemonshowdown.com/">Play</a></li>
		</ul></div>
	</header>

	<div class="main" id="main">

		<noscript><section class="section">You need to enable JavaScript to use this page; sorry!</section></noscript>

	</div>

</div>

<script defer nomodule src="//play.pokemonshowdown.com/js/lib/ps-polyfill.js"></script>
<script defer src="//play.pokemonshowdown.com/js/lib/preact.min.js"></script>

<script defer src="//play.pokemonshowdown.com/config/config.js?2bddbc15"></script>
<script defer src="//play.pokemonshowdown.com/js/lib/jquery-1.11.0.min.js"></script>
<script defer src="//play.pokemonshowdown.com/js/lib/html-sanitizer-minified.js"></script>
<script defer src="//play.pokemonshowdown.com/js/battle-sound.js"></script>
<script defer src="//play.pokemonshowdown.com/js/battledata.js?0.7209276989879541"></script>
<script defer src="//play.pokemonshowdown.com/data/pokedex-mini.js?0.6111056340867951"></script>
<script defer src="//play.pokemonshowdown.com/data/pokedex-mini-bw.js?0.3532142036491459"></script>
<script defer src="//play.pokemonshowdown.com/data/graphics.js?0.24223875632456182"></script>
<script defer src="//play.pokemonshowdown.com/data/pokedex.js?0.38839984266356864"></script>
<script defer src="//play.pokemonshowdown.com/data/moves.js?0.21866028504024015"></script>
<script defer src="//play.pokemonshowdown.com/data/abilities.js?0.2005157953846628"></script>
<script defer src="//play.pokemonshowdown.com/data/items.js?0.9894211263848525"></script>
<script defer src="//play.pokemonshowdown.com/data/teambuilder-tables.js?0.6008791140282215"></script>
<script defer src="//play.pokemonshowdown.com/js/battle-tooltips.js?0.7580118955022959"></script>
<script defer src="//play.pokemonshowdown.com/js/battle.js?0.6057722274234274"></script>

<script defer src="js/utils.js?e31f9a17"></script>
<script defer src="js/replays-battle.js?7008c182"></script>

<!-- don't scrape this data! just add .json or .log after the URL!
Full API docs: https://github.com/smogon/pokemon-showdown-client/blob/master/WEB-API.md -->
<script type="text/plain" class="log" id="replaylog-smogtours-gen3ou-802549">
|inactive|Battle timer is ON: inactive players will automatically lose when time's up.
|t:|1730051229
|gametype|singles
|player|p1|G3neralR3van|volkner|
|player|p2|celdanami|rei-isekai|
|teamsize|p1|6
|teamsize|p2|6
|gen|3
|tier|[Gen 3] OU
|rule|Sleep Clause Mod: Limit one foe put to sleep
|rule|Switch Priority Clause Mod: Faster Pokémon switch first
|rule|Species Clause: Limit one of each Pokémon
|rule|OHKO Clause: OHKO moves are banned
|rule|Evasion Items Clause: Evasion items are banned
|rule|Evasion Moves Clause: Evasion moves are banned
|rule|Endless Battle Clause: Forcing endless battles is banned
|rule|HP Percentage Mod: HP is shown in percentages
|rule|One Boost Passer Clause: Limit one Baton Passer that has a way to boost its stats
|rule|Freeze Clause Mod: Limit one foe frozen
|
|t:|1730051229
|start
|switch|p1a: Tyranitar|Tyranitar, M|100/100
|switch|p2a: Zapdos|Zapdos|100/100
|-weather|Sandstorm|[from] ability: Sand Stream|[of] p1a: Tyranitar
|turn|1
|c|☆G3neralR3van|gl hf
|inactive|celdanami has 270 seconds left.
|c|☆celdanami|glhf!
|
|t:|1730051279
|move|p2a: Zapdos|Baton Pass|p2a: Zapdos
|
|t:|1730051281
|switch|p2a: Swampert|Swampert, F|100/100|[from] Baton Pass
|move|p1a: Tyranitar|Rock Slide|p2a: Swampert
|-resisted|p2a: Swampert
|-damage|p2a: Swampert|78/100
|
|-weather|Sandstorm|[upkeep]
|-heal|p2a: Swampert|84/100|[from] item: Leftovers
|upkeep
|turn|2
|
|t:|1730051294
|switch|p1a: Skarmory|Skarmory, M|100/100
|switch|p2a: Zapdos|Zapdos|100/100
|
|-weather|Sandstorm|[upkeep]
|-damage|p2a: Zapdos|94/100|[from] Sandstorm
|-heal|p2a: Zapdos|100/100|[from] item: Leftovers
|upkeep
|turn|3
|
|t:|1730051306
|switch|p1a: Flygon|Flygon, F|100/100
|move|p2a: Zapdos|Thunderbolt|p1a: Flygon
|-immune|p1a: Flygon
|
|-weather|Sandstorm|[upkeep]
|-damage|p2a: Zapdos|94/100|[from] Sandstorm
|-heal|p2a: Zapdos|100/100|[from] item: Leftovers
|upkeep
|turn|4
|
|t:|1730051332
|move|p2a: Zapdos|Substitute|p2a: Zapdos
|-start|p2a: Zapdos|Substitute
|-damage|p2a: Zapdos|76/100
|move|p1a: Flygon|Toxic||[still]
|-fail|p1a: Flygon
|
|-weather|Sandstorm|[upkeep]
|-damage|p2a: Zapdos|69/100|[from] Sandstorm
|-heal|p2a: Zapdos|76/100|[from] item: Leftovers
|upkeep
|turn|5
|
|t:|1730051344
|move|p2a: Zapdos|Baton Pass|p2a: Zapdos
|inactive|celdanami has 270 seconds left.
|
|t:|1730051375
|switch|p2a: Smeargle|Smeargle, M|100/100|[from] Baton Pass
|move|p1a: Flygon|Earthquake|p2a: Smeargle
|-crit|p2a: Smeargle
|-end|p2a: Smeargle|Substitute
|
|-weather|Sandstorm|[upkeep]
|-damage|p2a: Smeargle|95/100|[from] Sandstorm
|-heal|p2a: Smeargle|100/100|[from] item: Leftovers
|upkeep
|turn|6
|
|t:|1730051389
|move|p2a: Smeargle|Spore|p1a: Flygon
|-status|p1a: Flygon|slp|[from] move: Spore
|cant|p1a: Flygon|slp
|
|-weather|Sandstorm|[upkeep]
|-damage|p2a: Smeargle|95/100|[from] Sandstorm
|-heal|p2a: Smeargle|100/100|[from] item: Leftovers
|upkeep
|turn|7
|
|t:|1730051398
|switch|p1a: Tyranitar|Tyranitar, M|100/100
|move|p2a: Smeargle|Tail Glow|p2a: Smeargle
|-boost|p2a: Smeargle|spa|2
|
|-weather|Sandstorm|[upkeep]
|-damage|p2a: Smeargle|95/100|[from] Sandstorm
|-heal|p2a: Smeargle|100/100|[from] item: Leftovers
|upkeep
|turn|8
|inactive|celdanami has 270 seconds left.
|inactive|celdanami has 240 seconds left.
|
|t:|1730051448
|move|p2a: Smeargle|Baton Pass|p2a: Smeargle
|inactive|celdanami has 210 seconds left.
|
|t:|1730051481
|switch|p2a: Swampert|Swampert, F|84/100|[from] Baton Pass
|move|p1a: Tyranitar|Rock Slide|p2a: Swampert|[miss]
|-miss|p1a: Tyranitar|p2a: Swampert
|
|-weather|Sandstorm|[upkeep]
|-heal|p2a: Swampert|91/100|[from] item: Leftovers
|upkeep
|turn|9
|inactive|celdanami has 210 seconds left.
|
|t:|1730051496
|switch|p1a: Jirachi|Jirachi|100/100
|move|p2a: Swampert|Hydro Pump|p1a: Jirachi
|-damage|p1a: Jirachi|51/100
|
|-weather|Sandstorm|[upkeep]
|-heal|p1a: Jirachi|57/100|[from] item: Leftovers
|-heal|p2a: Swampert|97/100|[from] item: Leftovers
|upkeep
|turn|10
|inactive|celdanami has 210 seconds left.
|inactive|celdanami has 180 seconds left.
|
|t:|1730051544
|move|p1a: Jirachi|Protect|p1a: Jirachi
|-singleturn|p1a: Jirachi|Protect
|move|p2a: Swampert|Hydro Pump|p1a: Jirachi
|-activate|p1a: Jirachi|Protect
|
|-weather|Sandstorm|[upkeep]
|-heal|p1a: Jirachi|64/100|[from] item: Leftovers
|-heal|p2a: Swampert|100/100|[from] item: Leftovers
|upkeep
|turn|11
|inactive|celdanami has 180 seconds left.
|
|t:|1730051563
|switch|p1a: Skarmory|Skarmory, M|100/100
|move|p2a: Swampert|Hydro Pump|p1a: Skarmory
|-crit|p1a: Skarmory
|-damage|p1a: Skarmory|0 fnt
|faint|p1a: Skarmory
|
|t:|1730051569
|switch|p1a: Moltres|Moltres|100/100
|
|-weather|Sandstorm|[upkeep]
|-damage|p1a: Moltres|94/100|[from] Sandstorm
|-heal|p1a: Moltres|100/100|[from] item: Leftovers
|upkeep
|turn|12
|c|☆celdanami|oh mb
|c|☆G3neralR3van|all good
|inactive|celdanami has 180 seconds left.
|c|☆G3neralR3van|was a risk
|
|t:|1730051586
|switch|p2a: Umbreon|Umbreon, M|100/100
|move|p1a: Moltres|Hidden Power|p2a: Umbreon
|-damage|p2a: Umbreon|87/100
|
|-weather|Sandstorm|[upkeep]
|-damage|p1a: Moltres|94/100|[from] Sandstorm
|-damage|p2a: Umbreon|81/100|[from] Sandstorm
|-heal|p1a: Moltres|100/100|[from] item: Leftovers
|-heal|p2a: Umbreon|87/100|[from] item: Leftovers
|upkeep
|turn|13
|
|t:|1730051596
|switch|p1a: Tyranitar|Tyranitar, M|100/100
|move|p2a: Umbreon|Wish|p2a: Umbreon
|
|-weather|Sandstorm|[upkeep]
|-damage|p2a: Umbreon|81/100|[from] Sandstorm
|-heal|p2a: Umbreon|87/100|[from] item: Leftovers
|upkeep
|turn|14
|inactive|G3neralR3van has 270 seconds left.
|
|t:|1730051626
|switch|p1a: Jirachi|Jirachi|64/100
|move|p2a: Umbreon|Baton Pass|p2a: Umbreon
|inactive|celdanami has 180 seconds left.
|
|t:|1730051650
|switch|p2a: Zapdos|Zapdos|76/100|[from] Baton Pass
|
|-heal|p2a: Zapdos|100/100|[from] move: Wish|[wisher] Umbreon
|-weather|Sandstorm|[upkeep]
|-damage|p2a: Zapdos|94/100|[from] Sandstorm
|-heal|p2a: Zapdos|100/100|[from] item: Leftovers
|-heal|p1a: Jirachi|70/100|[from] item: Leftovers
|upkeep
|turn|15
|
|t:|1730051660
|move|p2a: Zapdos|Substitute|p2a: Zapdos
|-start|p2a: Zapdos|Substitute
|-damage|p2a: Zapdos|76/100
|move|p1a: Jirachi|Fire Punch|p2a: Zapdos
|-activate|p2a: Zapdos|Substitute|[damage]
|
|-weather|Sandstorm|[upkeep]
|-damage|p2a: Zapdos|69/100|[from] Sandstorm
|-heal|p2a: Zapdos|76/100|[from] item: Leftovers
|-heal|p1a: Jirachi|76/100|[from] item: Leftovers
|upkeep
|turn|16
|inactive|celdanami has 180 seconds left.
|
|t:|1730051670
|move|p2a: Zapdos|Thunderbolt|p1a: Jirachi
|-damage|p1a: Jirachi|43/100
|move|p1a: Jirachi|Fire Punch|p2a: Zapdos
|-end|p2a: Zapdos|Substitute
|
|-weather|Sandstorm|[upkeep]
|-damage|p2a: Zapdos|69/100|[from] Sandstorm
|-heal|p2a: Zapdos|76/100|[from] item: Leftovers
|-heal|p1a: Jirachi|49/100|[from] item: Leftovers
|upkeep
|turn|17
|inactive|celdanami has 180 seconds left.
|
|t:|1730051695
|move|p2a: Zapdos|Substitute|p2a: Zapdos
|-start|p2a: Zapdos|Substitute
|-damage|p2a: Zapdos|51/100
|move|p1a: Jirachi|Wish|p1a: Jirachi
|
|-weather|Sandstorm|[upkeep]
|-damage|p2a: Zapdos|45/100|[from] Sandstorm
|-heal|p2a: Zapdos|51/100|[from] item: Leftovers
|-heal|p1a: Jirachi|55/100|[from] item: Leftovers
|upkeep
|turn|18
|inactive|celdanami has 150 seconds left.
|
|t:|1730051744
|move|p2a: Zapdos|Baton Pass|p2a: Zapdos
|inactive|celdanami has 120 seconds left.
|
|t:|1730051765
|switch|p2a: Umbreon|Umbreon, M|87/100|[from] Baton Pass
|move|p1a: Jirachi|Fire Punch|p2a: Umbreon
|-activate|p2a: Umbreon|Substitute|[damage]
|
|-heal|p1a: Jirachi|100/100|[from] move: Wish|[wisher] Jirachi
|-weather|Sandstorm|[upkeep]
|-damage|p2a: Umbreon|81/100|[from] Sandstorm
|-heal|p2a: Umbreon|87/100|[from] item: Leftovers
|upkeep
|turn|19
|inactive|celdanami has 120 seconds left.
|
|t:|1730051794
|move|p1a: Jirachi|Fire Punch|p2a: Umbreon
|-end|p2a: Umbreon|Substitute
|move|p2a: Umbreon|Baton Pass|p2a: Umbreon
|inactive|celdanami has 90 seconds left.
|inactive|celdanami has 60 seconds left.
|
|t:|1730051841
|switch|p2a: Alakazam|Alakazam, F|100/100|[from] Baton Pass
|
|-weather|Sandstorm|[upkeep]
|-damage|p2a: Alakazam|95/100|[from] Sandstorm
|-heal|p2a: Alakazam|100/100|[from] item: Leftovers
|upkeep
|turn|20
|inactive|celdanami has 60 seconds left.
|inactive|G3neralR3van has 270 seconds left.
|c|☆celdanami|fak i forgot the nickname
|
|t:|1730051897
|move|p2a: Alakazam|Encore|p1a: Jirachi
|-start|p1a: Jirachi|Encore
|move|p1a: Jirachi|Fire Punch|p2a: Alakazam
|-damage|p2a: Alakazam|72/100
|
|-weather|Sandstorm|[upkeep]
|-damage|p2a: Alakazam|66/100|[from] Sandstorm
|-heal|p2a: Alakazam|72/100|[from] item: Leftovers
|upkeep
|turn|21
|inactive|celdanami has 60 seconds left.
|
|t:|1730051918
|switch|p2a: Umbreon|Umbreon, M|87/100
|switch|p1a: Tyranitar|Tyranitar, M|100/100
|
|-weather|Sandstorm|[upkeep]
|-damage|p2a: Umbreon|81/100|[from] Sandstorm
|-heal|p2a: Umbreon|87/100|[from] item: Leftovers
|upkeep
|turn|22
|
|t:|1730051930
|move|p1a: Tyranitar|Hidden Power|p2a: Umbreon
|-supereffective|p2a: Umbreon
|-damage|p2a: Umbreon|23/100
|move|p2a: Umbreon|Wish|p2a: Umbreon
|
|-weather|Sandstorm|[upkeep]
|-damage|p2a: Umbreon|17/100|[from] Sandstorm
|-heal|p2a: Umbreon|23/100|[from] item: Leftovers
|upkeep
|turn|23
|
|t:|1730051953
|move|p1a: Tyranitar|Hidden Power|p2a: Umbreon
|-supereffective|p2a: Umbreon
|-damage|p2a: Umbreon|0 fnt
|faint|p2a: Umbreon
|
|t:|1730051958
|switch|p2a: Zapdos|Zapdos|51/100
|
|-heal|p2a: Zapdos|100/100|[from] move: Wish|[wisher] Umbreon
|-weather|Sandstorm|[upkeep]
|-damage|p2a: Zapdos|94/100|[from] Sandstorm
|-heal|p2a: Zapdos|100/100|[from] item: Leftovers
|upkeep
|turn|24
|inactive|celdanami has 30 seconds left.
|
|t:|1730051992
|switch|p1a: Flygon|Flygon, F|100/100 slp
|move|p2a: Zapdos|Substitute|p2a: Zapdos
|-start|p2a: Zapdos|Substitute
|-damage|p2a: Zapdos|76/100
|
|-weather|Sandstorm|[upkeep]
|-damage|p2a: Zapdos|69/100|[from] Sandstorm
|-heal|p2a: Zapdos|76/100|[from] item: Leftovers
|upkeep
|turn|25
|
|t:|1730052012
|switch|p1a: Moltres|Moltres|100/100
|move|p2a: Zapdos|Baton Pass|p2a: Zapdos
|inactive|celdanami has 30 seconds left.
|
|t:|1730052036
|switch|p2a: Alakazam|Alakazam, F|72/100|[from] Baton Pass
|
|-weather|Sandstorm|[upkeep]
|-damage|p2a: Alakazam|66/100|[from] Sandstorm
|-damage|p1a: Moltres|94/100|[from] Sandstorm
|-heal|p2a: Alakazam|72/100|[from] item: Leftovers
|-heal|p1a: Moltres|100/100|[from] item: Leftovers
|upkeep
|turn|26
|
|t:|1730052041
|move|p2a: Alakazam|Psychic|p1a: Moltres
|-damage|p1a: Moltres|37/100
|move|p1a: Moltres|Flamethrower|p2a: Alakazam
|-end|p2a: Alakazam|Substitute
|
|-weather|Sandstorm|[upkeep]
|-damage|p2a: Alakazam|66/100|[from] Sandstorm
|-damage|p1a: Moltres|31/100|[from] Sandstorm
|-heal|p2a: Alakazam|72/100|[from] item: Leftovers
|-heal|p1a: Moltres|37/100|[from] item: Leftovers
|upkeep
|turn|27
|inactive|celdanami has 30 seconds left.
|
|t:|1730052061
|switch|p1a: Jirachi|Jirachi|100/100
|move|p2a: Alakazam|Hidden Power|p1a: Jirachi
|-resisted|p1a: Jirachi
|-damage|p1a: Jirachi|92/100
|
|-weather|Sandstorm|[upkeep]
|-damage|p2a: Alakazam|66/100|[from] Sandstorm
|-heal|p2a: Alakazam|72/100|[from] item: Leftovers
|-heal|p1a: Jirachi|98/100|[from] item: Leftovers
|upkeep
|turn|28
|
|t:|1730052069
|move|p2a: Alakazam|Fire Punch|p1a: Jirachi
|-supereffective|p1a: Jirachi
|-damage|p1a: Jirachi|60/100
|move|p1a: Jirachi|Toxic|p2a: Alakazam
|-status|p2a: Alakazam|tox
|
|-weather|Sandstorm|[upkeep]
|-damage|p2a: Alakazam|66/100 tox|[from] Sandstorm
|-heal|p2a: Alakazam|72/100 tox|[from] item: Leftovers
|-damage|p2a: Alakazam|66/100 tox|[from] psn
|-heal|p1a: Jirachi|66/100|[from] item: Leftovers
|upkeep
|turn|29
|inactive|G3neralR3van has 270 seconds left.
|
|t:|1730052079
|move|p1a: Jirachi|Protect|p1a: Jirachi
|-singleturn|p1a: Jirachi|Protect
|move|p2a: Alakazam|Encore|p1a: Jirachi
|-activate|p1a: Jirachi|Protect
|
|-weather|Sandstorm|[upkeep]
|-damage|p2a: Alakazam|60/100 tox|[from] Sandstorm
|-heal|p2a: Alakazam|66/100 tox|[from] item: Leftovers
|-damage|p2a: Alakazam|54/100 tox|[from] psn
|-heal|p1a: Jirachi|73/100|[from] item: Leftovers
|upkeep
|turn|30
|inactive|G3neralR3van has 270 seconds left.
|
|t:|1730052108
|switch|p1a: Tyranitar|Tyranitar, M|100/100
|move|p2a: Alakazam|Encore||[still]
|-fail|p2a: Alakazam
|
|-weather|Sandstorm|[upkeep]
|-damage|p2a: Alakazam|48/100 tox|[from] Sandstorm
|-heal|p2a: Alakazam|54/100 tox|[from] item: Leftovers
|-damage|p2a: Alakazam|36/100 tox|[from] psn
|upkeep
|turn|31
|
|t:|1730052120
|move|p2a: Alakazam|Hidden Power|p1a: Tyranitar
|-supereffective|p1a: Tyranitar
|-damage|p1a: Tyranitar|46/100
|move|p1a: Tyranitar|Hidden Power|p2a: Alakazam
|-supereffective|p2a: Alakazam
|-damage|p2a: Alakazam|0 fnt
|faint|p2a: Alakazam
|
|t:|1730052132
|switch|p2a: Zapdos|Zapdos|76/100
|
|-weather|Sandstorm|[upkeep]
|-damage|p2a: Zapdos|69/100|[from] Sandstorm
|-heal|p2a: Zapdos|76/100|[from] item: Leftovers
|upkeep
|turn|32
|inactive|celdanami has 30 seconds left.
|
|t:|1730052153
|switch|p1a: Gengar|Gengar, M|100/100
|move|p2a: Zapdos|Baton Pass|p2a: Zapdos
|inactive|celdanami has 30 seconds left.
|c|☆celdanami|oop
|inactive|celdanami has 20 seconds left.
|c|☆celdanami|thats not aero
|
|t:|1730052171
|switch|p2a: Kingdra|Kingdra, F|100/100|[from] Baton Pass
|
|-weather|Sandstorm|[upkeep]
|-damage|p1a: Gengar|94/100|[from] Sandstorm
|-damage|p2a: Kingdra|94/100|[from] Sandstorm
|-heal|p1a: Gengar|100/100|[from] item: Leftovers
|upkeep
|turn|33
|inactive|celdanami has 30 seconds left this turn.
|inactive|celdanami has 20 seconds left.
|inactive|G3neralR3van has 240 seconds left.
|
|t:|1730052197
|move|p1a: Gengar|Will-O-Wisp|p2a: Kingdra
|-status|p2a: Kingdra|brn
|move|p2a: Kingdra|Rain Dance|p2a: Kingdra
|-weather|RainDance
|
|-weather|RainDance|[upkeep]
|-damage|p2a: Kingdra|82/100 brn|[from] brn
|upkeep
|turn|34
|inactive|celdanami has 30 seconds left this turn.
|inactive|G3neralR3van has 240 seconds left.
|inactive|celdanami has 20 seconds left.
|inactive|celdanami has 15 seconds left.
|c|☆G3neralR3van|chesto
|c|☆celdanami|nope
|
|t:|1730052233
|switch|p1a: Tyranitar|Tyranitar, M|46/100
|-weather|Sandstorm|[from] ability: Sand Stream|[of] p1a: Tyranitar
|move|p2a: Kingdra|Surf|p1a: Tyranitar
|-supereffective|p1a: Tyranitar
|-damage|p1a: Tyranitar|0 fnt
|faint|p1a: Tyranitar
|inactive|celdanami has 20 seconds left this turn.
|
|t:|1730052235
|switch|p1a: Jirachi|Jirachi|73/100
|
|-weather|Sandstorm|[upkeep]
|-damage|p2a: Kingdra|76/100 brn|[from] Sandstorm
|-heal|p1a: Jirachi|79/100|[from] item: Leftovers
|-damage|p2a: Kingdra|64/100 brn|[from] brn
|upkeep
|turn|35
|inactive|celdanami has 30 seconds left this turn.
|inactive|celdanami has 20 seconds left.
|inactive|celdanami has 15 seconds left.
|
|t:|1730052251
|move|p1a: Jirachi|Wish|p1a: Jirachi
|move|p2a: Kingdra|Rain Dance|p2a: Kingdra
|-weather|RainDance
|
|-weather|RainDance|[upkeep]
|-damage|p2a: Kingdra|52/100 brn|[from] brn
|-heal|p1a: Jirachi|85/100|[from] item: Leftovers
|upkeep
|turn|36
|inactive|celdanami has 25 seconds left this turn.
|inactive|celdanami has 20 seconds left.
|
|t:|1730052257
|move|p1a: Jirachi|Protect|p1a: Jirachi
|-singleturn|p1a: Jirachi|Protect
|move|p2a: Kingdra|Surf|p1a: Jirachi
|-activate|p1a: Jirachi|Protect
|
|-heal|p1a: Jirachi|100/100|[from] move: Wish|[wisher] Jirachi
|-weather|RainDance|[upkeep]
|-damage|p2a: Kingdra|39/100 brn|[from] brn
|upkeep
|turn|37
|inactive|celdanami has 30 seconds left this turn.
|inactive|celdanami has 20 seconds left.
|
|t:|1730052268
|switch|p2a: Smeargle|Smeargle, M|100/100
|move|p1a: Jirachi|Wish|p1a: Jirachi
|
|-weather|RainDance|[upkeep]
|upkeep
|turn|38
|inactive|celdanami has 30 seconds left this turn.
|
|t:|1730052277
|move|p2a: Smeargle|Tail Glow|p2a: Smeargle
|-boost|p2a: Smeargle|spa|2
|move|p1a: Jirachi|Toxic|p2a: Smeargle
|-status|p2a: Smeargle|tox
|
|-weather|RainDance|[upkeep]
|-damage|p2a: Smeargle|95/100 tox|[from] psn
|upkeep
|turn|39
|inactive|celdanami has 30 seconds left.
|
|t:|1730052296
|switch|p1a: Gengar|Gengar, M|100/100
|move|p2a: Smeargle|Taunt|p1a: Gengar
|-start|p1a: Gengar|move: Taunt
|
|-weather|none
|-heal|p2a: Smeargle|100/100 tox|[from] item: Leftovers
|-damage|p2a: Smeargle|89/100 tox|[from] psn
|upkeep
|turn|40
|
|t:|1730052300
|move|p1a: Gengar|Thunderbolt|p2a: Smeargle
|-damage|p2a: Smeargle|44/100 tox
|move|p2a: Smeargle|Baton Pass|p2a: Smeargle
|inactive|celdanami has 30 seconds left.
|
|t:|1730052311
|switch|p2a: Zapdos|Zapdos|76/100|[from] Baton Pass
|
|-end|p1a: Gengar|move: Taunt|[silent]
|-heal|p2a: Zapdos|82/100|[from] item: Leftovers
|upkeep
|turn|41
|
|t:|1730052317
|move|p1a: Gengar|Ice Punch|p2a: Zapdos
|-supereffective|p2a: Zapdos
|-damage|p2a: Zapdos|31/100
|move|p2a: Zapdos|Thunderbolt|p1a: Gengar
|-damage|p1a: Gengar|0 fnt
|faint|p1a: Gengar
|inactive|G3neralR3van has 270 seconds left.
|
|t:|1730052322
|switch|p1a: Jirachi|Jirachi|100/100
|
|-heal|p2a: Zapdos|37/100|[from] item: Leftovers
|upkeep
|turn|42
|
|t:|1730052327
|move|p2a: Zapdos|Substitute|p2a: Zapdos
|-start|p2a: Zapdos|Substitute
|-damage|p2a: Zapdos|12/100
|move|p1a: Jirachi|Fire Punch|p2a: Zapdos
|-activate|p2a: Zapdos|Substitute|[damage]
|
|-heal|p2a: Zapdos|18/100|[from] item: Leftovers
|upkeep
|turn|43
|
|t:|1730052350
|move|p2a: Zapdos|Thunderbolt|p1a: Jirachi
|-damage|p1a: Jirachi|41/100
|move|p1a: Jirachi|Fire Punch|p2a: Zapdos
|-end|p2a: Zapdos|Substitute
|
|-heal|p2a: Zapdos|24/100|[from] item: Leftovers
|-heal|p1a: Jirachi|47/100|[from] item: Leftovers
|upkeep
|turn|44
|inactive|G3neralR3van has 270 seconds left.
|
|t:|1730052375
|move|p1a: Jirachi|Protect|p1a: Jirachi
|-singleturn|p1a: Jirachi|Protect
|move|p2a: Zapdos|Thunderbolt|p1a: Jirachi
|-activate|p1a: Jirachi|Protect
|
|-heal|p2a: Zapdos|31/100|[from] item: Leftovers
|-heal|p1a: Jirachi|53/100|[from] item: Leftovers
|upkeep
|turn|45
|
|t:|1730052394
|move|p2a: Zapdos|Substitute|p2a: Zapdos
|-start|p2a: Zapdos|Substitute
|-damage|p2a: Zapdos|6/100
|move|p1a: Jirachi|Fire Punch|p2a: Zapdos
|-activate|p2a: Zapdos|Substitute|[damage]
|
|-heal|p2a: Zapdos|12/100|[from] item: Leftovers
|-heal|p1a: Jirachi|59/100|[from] item: Leftovers
|upkeep
|turn|46
|
|t:|1730052404
|move|p1a: Jirachi|Protect|p1a: Jirachi
|-singleturn|p1a: Jirachi|Protect
|move|p2a: Zapdos|Thunderbolt|p1a: Jirachi
|-activate|p1a: Jirachi|Protect
|
|-heal|p2a: Zapdos|18/100|[from] item: Leftovers
|-heal|p1a: Jirachi|66/100|[from] item: Leftovers
|upkeep
|turn|47
|
|t:|1730052409
|move|p2a: Zapdos|Thunderbolt|p1a: Jirachi
|-damage|p1a: Jirachi|0 fnt
|faint|p1a: Jirachi
|
|t:|1730052417
|switch|p1a: Moltres|Moltres|37/100
|
|-heal|p2a: Zapdos|24/100|[from] item: Leftovers
|-heal|p1a: Moltres|43/100|[from] item: Leftovers
|upkeep
|turn|48
|c|+ZPanther|Beastmode
|
|t:|1730052431
|switch|p1a: Flygon|Flygon, F|100/100 slp
|move|p2a: Zapdos|Thunderbolt|p1a: Flygon
|-immune|p1a: Flygon
|
|-heal|p2a: Zapdos|31/100|[from] item: Leftovers
|upkeep
|turn|49
|inactive|celdanami has 60 seconds left.
|
|t:|1730052460
|move|p2a: Zapdos|Baton Pass|p2a: Zapdos
|
|t:|1730052462
|switch|p2a: Swampert|Swampert, F|100/100|[from] Baton Pass
|cant|p1a: Flygon|slp
|
|upkeep
|turn|50
|
|t:|1730052473
|cant|p1a: Flygon|slp
|move|p2a: Swampert|Ice Beam|p1a: Flygon
|-supereffective|p1a: Flygon
|-damage|p1a: Flygon|0 fnt
|faint|p1a: Flygon
|
|t:|1730052479
|switch|p1a: Moltres|Moltres|43/100
|
|-heal|p1a: Moltres|49/100|[from] item: Leftovers
|upkeep
|turn|51
|c|☆G3neralR3van|ggs
|
|t:|1730052487
|move|p1a: Moltres|Hidden Power|p2a: Swampert
|-supereffective|p2a: Swampert
|-end|p2a: Swampert|Substitute
|move|p2a: Swampert|Hydro Pump|p1a: Moltres
|-supereffective|p1a: Moltres
|-crit|p1a: Moltres
|-damage|p1a: Moltres|0 fnt
|faint|p1a: Moltres
|
|win|celdanami
|c|☆celdanami|gg!
|player|p1|

</script>
<script type="application/json" class="data" id="replaydata-smogtours-gen3ou-802549">
{"id":"smogtours-gen3ou-802549","format":"[Gen 3] OU","players":["G3neralR3van","celdanami"],"uploadtime":1730052487,"views":149,"formatid":"gen3ou","rating":null,"private":0,"password":null}
</script>

<script defer src="js/replays.js?9d40a366"></script>
