<!DOCTYPE html>
<meta charset="utf-8" />
<meta name="viewport" content="width=device-width" />

<title>[Gen 3] OU: RodentCollector vs. thedolla - Replays - Pok&eacute;mon Showdown!</title>

<meta name="description" content="Watch a replay of a Pok&eacute;mon battle between RodentCollector and thedolla! Format: [Gen 3] OU; Date: Nov 3, 2024" />
<!--

Hey, you! Looking in the source for the replay log?

You can find them in JSON format, just add `.json` at the end of a replay URL.

https://replay.pokemonshowdown.com/gen7randomdoublesbattle-865046831.json

Or, if you only need the log itself, add `.log` instead:

https://replay.pokemonshowdown.com/gen7randomdoublesbattle-865046831.log

-->

<link rel="stylesheet" href="//pokemonshowdown.com/style/global.css?0.023195364461161105" />
<link rel="stylesheet" href="//play.pokemonshowdown.com/style/font-awesome.css?0.13261647063804238" />
<link rel="stylesheet" href="//play.pokemonshowdown.com/style/battle.css?0.8753245789963631" />
<link rel="stylesheet" href="//play.pokemonshowdown.com/style/utilichart.css?0.8627959624976733" />

<!-- Global site tag (gtag.js) - Google Analytics -->
<script async src="https://www.googletagmanager.com/gtag/js?id=UA-26211653-1"></script>
<script>
  window.dataLayer = window.dataLayer || [];
  function gtag(){dataLayer.push(arguments);}
  gtag('js', new Date());

  gtag('config', 'UA-26211653-1');
</script>
<!-- End Google Analytics -->
<!-- Venatus Ad Manager - Install in <HEAD> of page -->
	<script src="https://hb.vntsm.com/v3/live/ad-manager.min.js" type="text/javascript" data-site-id="642aba63ec9a7b11c3c9c1be" data-mode="scan" async></script>
<!-- / Venatus Ad Manager -->

<style>
	@media (max-width:820px) {
		.battle {
			margin: 0 auto;
		}
		.battle-log {
			margin: 7px auto 0;
			max-width: 640px;
			height: 300px;
			position: static;
		}
	}
	.optgroup {
		display: inline-block;
		line-height: 22px;
		font-size: 10pt;
	}
	.optgroup .button {
		height: 25px;
		padding-top: 0;
		padding-bottom: 0;
	}
	.optgroup button.button {
		padding-left: 12px;
		padding-right: 12px;
	}
	.linklist {
		list-style: none;
		margin: 0.5em 0;
		padding: 0;
	}
	.linklist li {
		padding: 2px 0;
	}
	.sidebar {
		float: left;
		width: 320px;
	}
	.bar-wrapper {
		max-width: 1100px;
		margin: 0 auto;
	}
	.bar-wrapper.has-sidebar {
		max-width: 1430px;
	}
	.mainbar {
		margin: 0;
		padding-right: 1px;
	}
	.mainbar.has-sidebar {
		margin-left: 330px;
	}
	@media (min-width: 1511px) {
		.sidebar {
			width: 400px;
		}
		.bar-wrapper.has-sidebar {
			max-width: 1510px;
		}
		.mainbar.has-sidebar {
			margin-left: 410px;
		}
	}
	.section.first-section {
		margin-top: 9px;
	}
	.blocklink small {
		white-space: normal;
	}
	.button {
		vertical-align: middle;
	}
	.replay-controls {
		padding-top: 10px;
	}
	.replay-controls h1 {
		font-size: 16pt;
		font-weight: normal;
		color: #CCC;
	}
	.pagelink {
		text-align: center;
	}
	.pagelink a {
		width: 150px;
	}
	.textbox, .button {
		font-size: 11pt;
		vertical-align: middle;
	}
	@media (max-width: 450px) {
		.button {
			font-size: 9pt;
		}
	}
</style>

<div>

	<header>
		<div class="nav-wrapper"><ul class="nav">
			<li><a class="button nav-first" href="//pokemonshowdown.com/"><img src="//pokemonshowdown.com/images/pokemonshowdownbeta.png" srcset="//pokemonshowdown.com/images/pokemonshowdownbeta.png 1x, //pokemonshowdown.com/images/pokemonshowdownbeta@2x.png 2x" alt="Pok&eacute;mon Showdown" width="146" height="44" /> Home</a></li>
			<li><a class="button" href="//pokemonshowdown.com/dex/">Pok&eacute;dex</a></li>
			<li><a class="button cur" href="/">Replays</a></li>
			<li><a class="button" href="//pokemonshowdown.com/ladder/">Ladder</a></li>
			<li><a class="button nav-last" href="//pokemonshowdown.com/forums/">Forum</a></li>
			<li><a class="button greenbutton nav-first nav-last" href="//play.pokemonshowdown.com/">Play</a></li>
		</ul></div>
	</header>

	<div class="main" id="main">

		<noscript><section class="section">You need to enable JavaScript to use this page; sorry!</section></noscript>

	</div>

</div>

<script defer nomodule src="//play.pokemonshowdown.com/js/lib/ps-polyfill.js"></script>
<script defer src="//play.pokemonshowdown.com/js/lib/preact.min.js"></script>

<script defer src="//play.pokemonshowdown.com/config/config.js?2bddbc15"></script>
<script defer src="//play.pokemonshowdown.com/js/lib/jquery-1.11.0.min.js"></script>
<script defer src="//play.pokemonshowdown.com/js/lib/html-sanitizer-minified.js"></script>
<script defer src="//play.pokemonshowdown.com/js/battle-sound.js"></script>
<script defer src="//play.pokemonshowdown.com/js/battledata.js?0.7209276989879541"></script>
<script defer src="//play.pokemonshowdown.com/data/pokedex-mini.js?0.6111056340867951"></script>
<script defer src="//play.pokemonshowdown.com/data/pokedex-mini-bw.js?0.3532142036491459"></script>
<script defer src="//play.pokemonshowdown.com/data/graphics.js?0.24223875632456182"></script>
<script defer src="//play.pokemonshowdown.com/data/pokedex.js?0.38839984266356864"></script>
<script defer src="//play.pokemonshowdown.com/data/moves.js?0.21866028504024015"></script>
<script defer src="//play.pokemonshowdown.com/data/abilities.js?0.2005157953846628"></script>
<script defer src="//play.pokemonshowdown.com/data/items.js?0.9894211263848525"></script>
<script defer src="//play.pokemonshowdown.com/data/teambuilder-tables.js?0.6008791140282215"></script>
<script defer src="//play.pokemonshowdown.com/js/battle-tooltips.js?0.7580118955022959"></script>
<script defer src="//play.pokemonshowdown.com/js/battle.js?0.6057722274234274"></script>

<script defer src="js/utils.js?e31f9a17"></script>
<script defer src="js/replays-battle.js?7008c182"></script>

<!-- don't scrape this data! just add .json or .log after the URL!
Full API docs: https://github.com/smogon/pokemon-showdown-client/blob/master/WEB-API.md -->
<script type="text/plain" class="log" id="replaylog-smogtours-gen3ou-804363">
|inactive|Battle timer is ON: inactive players will automatically lose when time's up.
|t:|1730649771
|gametype|singles
|player|p1|RodentCollector|bugcatcher-gen4dp|
|player|p2|thedolla|gambler|
|teamsize|p1|6
|teamsize|p2|6
|gen|3
|tier|[Gen 3] OU
|rule|Sleep Clause Mod: Limit one foe put to sleep
|rule|Switch Priority Clause Mod: Faster Pokémon switch first
|rule|Species Clause: Limit one of each Pokémon
|rule|OHKO Clause: OHKO moves are banned
|rule|Evasion Items Clause: Evasion items are banned
|rule|Evasion Moves Clause: Evasion moves are banned
|rule|Endless Battle Clause: Forcing endless battles is banned
|rule|HP Percentage Mod: HP is shown in percentages
|rule|One Boost Passer Clause: Limit one Baton Passer that has a way to boost its stats
|rule|Freeze Clause Mod: Limit one foe frozen
|
|t:|1730649771
|start
|switch|p1a: Salamence|Salamence, F|100/100
|switch|p2a: oi UE|Zapdos|100/100
|-ability|p1a: Salamence|Intimidate|boost
|-unboost|p2a: oi UE|atk|1
|turn|1
|c|☆RodentCollector|glhf
|c|☆thedolla|u2
|inactive|RodentCollector has 270 seconds left.
|
|t:|1730649826
|switch|p1a: Celebi|Celebi|100/100
|switch|p2a: me woif|Swampert, M|100/100
|
|upkeep
|turn|2
|
|t:|1730649833
|switch|p2a: homelanda killed|Jirachi|100/100
|move|p1a: Celebi|Leech Seed|p2a: homelanda killed
|-start|p2a: homelanda killed|move: Leech Seed
|
|-damage|p2a: homelanda killed|88/100|[from] Leech Seed|[of] p1a: Celebi
|upkeep
|turn|3
|
|t:|1730649853
|move|p2a: homelanda killed|Body Slam|p1a: Celebi
|-damage|p1a: Celebi|70/100
|move|p1a: Celebi|Hidden Power|p2a: homelanda killed
|-supereffective|p2a: homelanda killed
|-damage|p2a: homelanda killed|46/100
|
|-damage|p2a: homelanda killed|33/100|[from] Leech Seed|[of] p1a: Celebi
|-heal|p1a: Celebi|81/100|[silent]
|-heal|p1a: Celebi|87/100|[from] item: Leftovers
|upkeep
|turn|4
|
|t:|1730649862
|switch|p2a: ashley look at me|Tyranitar, F|100/100
|-weather|Sandstorm|[from] ability: Sand Stream|[of] p2a: ashley look at me
|move|p1a: Celebi|Leech Seed|p2a: ashley look at me
|-start|p2a: ashley look at me|move: Leech Seed
|
|-weather|Sandstorm|[upkeep]
|-damage|p1a: Celebi|81/100|[from] Sandstorm
|-heal|p1a: Celebi|87/100|[from] item: Leftovers
|-damage|p2a: ashley look at me|88/100|[from] Leech Seed|[of] p1a: Celebi
|-heal|p1a: Celebi|99/100|[silent]
|upkeep
|turn|5
|
|t:|1730649870
|switch|p1a: Swampert|Swampert, F|100/100
|move|p2a: ashley look at me|Ice Beam|p1a: Swampert
|-damage|p1a: Swampert|76/100
|
|-weather|Sandstorm|[upkeep]
|-heal|p2a: ashley look at me|94/100|[from] item: Leftovers
|-damage|p2a: ashley look at me|82/100|[from] Leech Seed|[of] p1a: Swampert
|-heal|p1a: Swampert|88/100|[silent]
|-heal|p1a: Swampert|94/100|[from] item: Leftovers
|upkeep
|turn|6
|
|t:|1730649888
|switch|p2a: me woif|Swampert, M|100/100
|switch|p1a: Salamence|Salamence, F|100/100
|-ability|p1a: Salamence|Intimidate|boost
|-unboost|p2a: me woif|atk|1
|
|-weather|Sandstorm|[upkeep]
|-damage|p1a: Salamence|94/100|[from] Sandstorm
|-heal|p1a: Salamence|100/100|[from] item: Leftovers
|upkeep
|turn|7
|
|t:|1730649899
|switch|p1a: Skarmory|Skarmory, F|100/100
|move|p2a: me woif|Ice Beam|p1a: Skarmory
|-damage|p1a: Skarmory|77/100
|-status|p1a: Skarmory|frz
|
|-weather|Sandstorm|[upkeep]
|-heal|p1a: Skarmory|83/100 frz|[from] item: Leftovers
|upkeep
|turn|8
|
|t:|1730649906
|move|p2a: me woif|Ice Beam|p1a: Skarmory
|-damage|p1a: Skarmory|58/100 frz
|cant|p1a: Skarmory|frz
|
|-weather|Sandstorm|[upkeep]
|-heal|p1a: Skarmory|64/100 frz|[from] item: Leftovers
|upkeep
|turn|9
|
|t:|1730649932
|move|p2a: me woif|Hydro Pump|p1a: Skarmory|[miss]
|-miss|p2a: me woif|p1a: Skarmory
|cant|p1a: Skarmory|frz
|
|-weather|Sandstorm|[upkeep]
|-heal|p1a: Skarmory|70/100 frz|[from] item: Leftovers
|upkeep
|turn|10
|
|t:|1730649939
|move|p2a: me woif|Hydro Pump|p1a: Skarmory
|-damage|p1a: Skarmory|19/100 frz
|cant|p1a: Skarmory|frz
|
|-weather|Sandstorm|[upkeep]
|-heal|p1a: Skarmory|25/100 frz|[from] item: Leftovers
|upkeep
|turn|11
|
|t:|1730649951
|move|p2a: me woif|Ice Beam|p1a: Skarmory
|-damage|p1a: Skarmory|0 fnt
|faint|p1a: Skarmory
|
|t:|1730649953
|switch|p1a: Celebi|Celebi|99/100
|
|-weather|Sandstorm|[upkeep]
|-damage|p1a: Celebi|94/100|[from] Sandstorm
|-heal|p1a: Celebi|99/100|[from] item: Leftovers
|upkeep
|turn|12
|
|t:|1730649958
|switch|p2a: deep blow a train|Salamence, F|100/100
|-ability|p2a: deep blow a train|Intimidate|boost
|-unboost|p1a: Celebi|atk|1
|move|p1a: Celebi|Leech Seed|p2a: deep blow a train
|-start|p2a: deep blow a train|move: Leech Seed
|
|-weather|Sandstorm|[upkeep]
|-damage|p2a: deep blow a train|94/100|[from] Sandstorm
|-damage|p1a: Celebi|94/100|[from] Sandstorm
|-heal|p2a: deep blow a train|100/100|[from] item: Leftovers
|-damage|p2a: deep blow a train|88/100|[from] Leech Seed|[of] p1a: Celebi
|-heal|p1a: Celebi|100/100|[silent]
|upkeep
|turn|13
|
|t:|1730649986
|switch|p2a: me woif|Swampert, M|100/100
|switch|p1a: Salamence|Salamence, F|100/100
|-ability|p1a: Salamence|Intimidate|boost
|-unboost|p2a: me woif|atk|1
|
|-weather|Sandstorm|[upkeep]
|-damage|p1a: Salamence|94/100|[from] Sandstorm
|-heal|p1a: Salamence|100/100|[from] item: Leftovers
|upkeep
|turn|14
|
|t:|1730649997
|move|p1a: Salamence|Hidden Power|p2a: me woif
|-supereffective|p2a: me woif
|-damage|p2a: me woif|0 fnt
|faint|p2a: me woif
|
|t:|1730650009
|switch|p2a: ashley look at me|Tyranitar, F|82/100
|
|-weather|Sandstorm|[upkeep]
|-damage|p1a: Salamence|94/100|[from] Sandstorm
|-heal|p1a: Salamence|100/100|[from] item: Leftovers
|-heal|p2a: ashley look at me|88/100|[from] item: Leftovers
|upkeep
|turn|15
|
|t:|1730650022
|move|p1a: Salamence|Brick Break|p2a: ashley look at me
|-supereffective|p2a: ashley look at me
|-damage|p2a: ashley look at me|11/100
|move|p2a: ashley look at me|Ice Beam|p1a: Salamence
|-supereffective|p1a: Salamence
|-damage|p1a: Salamence|0 fnt
|faint|p1a: Salamence
|
|t:|1730650032
|switch|p1a: Celebi|Celebi|100/100
|
|-weather|Sandstorm|[upkeep]
|-damage|p1a: Celebi|94/100|[from] Sandstorm
|-heal|p1a: Celebi|100/100|[from] item: Leftovers
|-heal|p2a: ashley look at me|17/100|[from] item: Leftovers
|upkeep
|turn|16
|
|t:|1730650043
|switch|p2a: deep blow a train|Salamence, F|88/100
|-ability|p2a: deep blow a train|Intimidate|boost
|-unboost|p1a: Celebi|atk|1
|move|p1a: Celebi|Giga Drain|p2a: deep blow a train
|-resisted|p2a: deep blow a train
|-crit|p2a: deep blow a train
|-damage|p2a: deep blow a train|70/100
|
|-weather|Sandstorm|[upkeep]
|-damage|p2a: deep blow a train|64/100|[from] Sandstorm
|-damage|p1a: Celebi|94/100|[from] Sandstorm
|-heal|p2a: deep blow a train|70/100|[from] item: Leftovers
|-heal|p1a: Celebi|100/100|[from] item: Leftovers
|upkeep
|turn|17
|
|t:|1730650067
|switch|p1a: Aerodactyl|Aerodactyl, F|100/100
|move|p2a: deep blow a train|Fire Blast|p1a: Aerodactyl
|-resisted|p1a: Aerodactyl
|-damage|p1a: Aerodactyl|73/100
|
|-weather|Sandstorm|[upkeep]
|-damage|p2a: deep blow a train|64/100|[from] Sandstorm
|-heal|p2a: deep blow a train|70/100|[from] item: Leftovers
|upkeep
|turn|18
|
|t:|1730650087
|switch|p2a: ashley look at me|Tyranitar, F|17/100
|move|p1a: Aerodactyl|Rock Slide|p2a: ashley look at me
|-damage|p2a: ashley look at me|0 fnt
|faint|p2a: ashley look at me
|
|t:|1730650094
|switch|p2a: deep blow a train|Salamence, F|70/100
|-ability|p2a: deep blow a train|Intimidate|boost
|-unboost|p1a: Aerodactyl|atk|1
|
|-weather|Sandstorm|[upkeep]
|-damage|p2a: deep blow a train|64/100|[from] Sandstorm
|-heal|p2a: deep blow a train|70/100|[from] item: Leftovers
|upkeep
|turn|19
|inactive|thedolla has 270 seconds left.
|
|t:|1730650119
|switch|p2a: homelanda killed|Jirachi|33/100
|move|p1a: Aerodactyl|Rock Slide|p2a: homelanda killed
|-resisted|p2a: homelanda killed
|-damage|p2a: homelanda killed|17/100
|
|-weather|Sandstorm|[upkeep]
|upkeep
|turn|20
|
|t:|1730650126
|switch|p1a: Celebi|Celebi|100/100
|move|p2a: homelanda killed|Body Slam|p1a: Celebi
|-damage|p1a: Celebi|67/100
|-status|p1a: Celebi|par
|
|-weather|Sandstorm|[upkeep]
|-damage|p1a: Celebi|61/100 par|[from] Sandstorm
|-heal|p1a: Celebi|67/100 par|[from] item: Leftovers
|upkeep
|turn|21
|
|t:|1730650135
|switch|p2a: oi UE|Zapdos|100/100
|move|p1a: Celebi|Hidden Power|p2a: oi UE
|-damage|p2a: oi UE|74/100
|
|-weather|Sandstorm|[upkeep]
|-damage|p2a: oi UE|67/100|[from] Sandstorm
|-damage|p1a: Celebi|61/100 par|[from] Sandstorm
|-heal|p2a: oi UE|74/100|[from] item: Leftovers
|-heal|p1a: Celebi|67/100 par|[from] item: Leftovers
|upkeep
|turn|22
|
|t:|1730650141
|move|p2a: oi UE|Drill Peck|p1a: Celebi
|-supereffective|p1a: Celebi
|-damage|p1a: Celebi|17/100 par
|move|p1a: Celebi|Leech Seed|p2a: oi UE
|-start|p2a: oi UE|move: Leech Seed
|
|-weather|Sandstorm|[upkeep]
|-damage|p2a: oi UE|67/100|[from] Sandstorm
|-damage|p1a: Celebi|11/100 par|[from] Sandstorm
|-heal|p2a: oi UE|74/100|[from] item: Leftovers
|-damage|p2a: oi UE|61/100|[from] Leech Seed|[of] p1a: Celebi
|-heal|p1a: Celebi|21/100 par|[silent]
|-heal|p1a: Celebi|27/100 par|[from] item: Leftovers
|upkeep
|turn|23
|
|t:|1730650152
|-curestatus|p1a: Celebi|par|[from] ability: Natural Cure
|switch|p1a: Tyranitar|Tyranitar, F|100/100
|move|p2a: oi UE|Drill Peck|p1a: Tyranitar
|-resisted|p1a: Tyranitar
|-damage|p1a: Tyranitar|90/100
|
|-weather|Sandstorm|[upkeep]
|-damage|p2a: oi UE|55/100|[from] Sandstorm
|-heal|p2a: oi UE|61/100|[from] item: Leftovers
|-damage|p2a: oi UE|49/100|[from] Leech Seed|[of] p1a: Tyranitar
|-heal|p1a: Tyranitar|99/100|[silent]
|-heal|p1a: Tyranitar|100/100|[from] item: Leftovers
|upkeep
|turn|24
|
|t:|1730650159
|move|p2a: oi UE|Thunder Wave|p1a: Tyranitar
|-status|p1a: Tyranitar|par
|cant|p1a: Tyranitar|par
|
|-weather|Sandstorm|[upkeep]
|-damage|p2a: oi UE|43/100|[from] Sandstorm
|-heal|p2a: oi UE|49/100|[from] item: Leftovers
|-damage|p2a: oi UE|36/100|[from] Leech Seed|[of] p1a: Tyranitar
|upkeep
|turn|25
|
|t:|1730650166
|switch|p2a: deep blow a train|Salamence, F|70/100
|-ability|p2a: deep blow a train|Intimidate|boost
|-unboost|p1a: Tyranitar|atk|1
|move|p1a: Tyranitar|Rock Slide|p2a: deep blow a train
|-supereffective|p2a: deep blow a train
|-damage|p2a: deep blow a train|0 fnt
|faint|p2a: deep blow a train
|
|t:|1730650171
|switch|p2a: homelanda killed|Jirachi|17/100
|
|-weather|Sandstorm|[upkeep]
|upkeep
|turn|26
|
|t:|1730650175
|move|p2a: homelanda killed|Hidden Power|p1a: Tyranitar
|-supereffective|p1a: Tyranitar
|-damage|p1a: Tyranitar|5/100 par
|move|p1a: Tyranitar|Earthquake|p2a: homelanda killed
|-supereffective|p2a: homelanda killed
|-damage|p2a: homelanda killed|0 fnt
|faint|p2a: homelanda killed
|
|t:|1730650184
|switch|p2a: 500 yummers|Aerodactyl, F|100/100
|
|-weather|Sandstorm|[upkeep]
|-heal|p1a: Tyranitar|11/100 par|[from] item: Leftovers
|upkeep
|turn|27
|
|t:|1730650188
|move|p2a: 500 yummers|Substitute|p2a: 500 yummers
|-start|p2a: 500 yummers|Substitute
|-damage|p2a: 500 yummers|75/100
|move|p1a: Tyranitar|Rock Slide|p2a: 500 yummers
|-supereffective|p2a: 500 yummers
|-end|p2a: 500 yummers|Substitute
|
|-weather|Sandstorm|[upkeep]
|-heal|p1a: Tyranitar|17/100 par|[from] item: Leftovers
|upkeep
|turn|28
|
|t:|1730650201
|-singleturn|p1a: Tyranitar|move: Focus Punch
|move|p2a: 500 yummers|Substitute|p2a: 500 yummers
|-start|p2a: 500 yummers|Substitute
|-damage|p2a: 500 yummers|50/100
|cant|p1a: Tyranitar|par
|
|-weather|Sandstorm|[upkeep]
|-heal|p1a: Tyranitar|24/100 par|[from] item: Leftovers
|upkeep
|turn|29
|
|t:|1730650207
|move|p2a: 500 yummers|Earthquake|p1a: Tyranitar
|-supereffective|p1a: Tyranitar
|-damage|p1a: Tyranitar|0 fnt
|faint|p1a: Tyranitar
|
|t:|1730650210
|switch|p1a: Swampert|Swampert, F|94/100
|
|-weather|Sandstorm|[upkeep]
|-heal|p1a: Swampert|100/100|[from] item: Leftovers
|upkeep
|turn|30
|
|t:|1730650217
|move|p2a: 500 yummers|Rock Slide|p1a: Swampert
|-resisted|p1a: Swampert
|-crit|p1a: Swampert
|-damage|p1a: Swampert|70/100
|move|p1a: Swampert|Ice Beam|p2a: 500 yummers
|-supereffective|p2a: 500 yummers
|-end|p2a: 500 yummers|Substitute
|
|-weather|Sandstorm|[upkeep]
|-heal|p1a: Swampert|76/100|[from] item: Leftovers
|upkeep
|turn|31
|
|t:|1730650225
|move|p2a: 500 yummers|Substitute|p2a: 500 yummers
|-start|p2a: 500 yummers|Substitute
|-damage|p2a: 500 yummers|25/100
|move|p1a: Swampert|Ice Beam|p2a: 500 yummers
|-supereffective|p2a: 500 yummers
|-end|p2a: 500 yummers|Substitute
|
|-weather|Sandstorm|[upkeep]
|-enditem|p2a: 500 yummers|Liechi Berry|[eat]
|-boost|p2a: 500 yummers|atk|1|[from] item: Liechi Berry
|-heal|p1a: Swampert|82/100|[from] item: Leftovers
|upkeep
|turn|32
|
|t:|1730650232
|move|p2a: 500 yummers|Rock Slide|p1a: Swampert
|-resisted|p1a: Swampert
|-damage|p1a: Swampert|62/100
|move|p1a: Swampert|Ice Beam|p2a: 500 yummers
|-supereffective|p2a: 500 yummers
|-damage|p2a: 500 yummers|0 fnt
|faint|p2a: 500 yummers
|
|t:|1730650235
|switch|p2a: oi UE|Zapdos|36/100
|
|-weather|Sandstorm|[upkeep]
|-damage|p2a: oi UE|30/100|[from] Sandstorm
|-heal|p2a: oi UE|36/100|[from] item: Leftovers
|-heal|p1a: Swampert|68/100|[from] item: Leftovers
|upkeep
|turn|33
|
|t:|1730650238
|move|p2a: oi UE|Drill Peck|p1a: Swampert
|-damage|p1a: Swampert|45/100
|move|p1a: Swampert|Ice Beam|p2a: oi UE
|-supereffective|p2a: oi UE
|-damage|p2a: oi UE|0 fnt
|faint|p2a: oi UE
|
|win|RodentCollector
|c|☆thedolla|gg
|c|☆RodentCollector|gg

</script>
<script type="application/json" class="data" id="replaydata-smogtours-gen3ou-804363">
{"id":"smogtours-gen3ou-804363","format":"[Gen 3] OU","players":["RodentCollector","thedolla"],"uploadtime":1730650238,"views":48,"formatid":"gen3ou","rating":null,"private":0,"password":null}
</script>

<script defer src="js/replays.js?9d40a366"></script>
