<!DOCTYPE html>
<meta charset="utf-8" />
<meta name="viewport" content="width=device-width" />

<title>[Gen 3] OU: plzzazz vs. pkleech - Replays - Pok&eacute;mon Showdown!</title>

<meta name="description" content="Watch a replay of a Pok&eacute;mon battle between plzzazz and pkleech! Format: [Gen 3] OU; Date: Oct 10, 2024" />
<!--

Hey, you! Looking in the source for the replay log?

You can find them in JSON format, just add `.json` at the end of a replay URL.

https://replay.pokemonshowdown.com/gen7randomdoublesbattle-865046831.json

Or, if you only need the log itself, add `.log` instead:

https://replay.pokemonshowdown.com/gen7randomdoublesbattle-865046831.log

-->

<link rel="stylesheet" href="//pokemonshowdown.com/style/global.css?0.767286132409787" />
<link rel="stylesheet" href="//play.pokemonshowdown.com/style/font-awesome.css?0.9266228007934947" />
<link rel="stylesheet" href="//play.pokemonshowdown.com/style/battle.css?0.7924700842790926" />
<link rel="stylesheet" href="//play.pokemonshowdown.com/style/utilichart.css?0.8777417872839479" />

<!-- Global site tag (gtag.js) - Google Analytics -->
<script async src="https://www.googletagmanager.com/gtag/js?id=UA-26211653-1"></script>
<script>
  window.dataLayer = window.dataLayer || [];
  function gtag(){dataLayer.push(arguments);}
  gtag('js', new Date());

  gtag('config', 'UA-26211653-1');
</script>
<!-- End Google Analytics -->
<!-- Venatus Ad Manager - Install in <HEAD> of page -->
	<script src="https://hb.vntsm.com/v3/live/ad-manager.min.js" type="text/javascript" data-site-id="642aba63ec9a7b11c3c9c1be" data-mode="scan" async></script>
<!-- / Venatus Ad Manager -->

<style>
	@media (max-width:820px) {
		.battle {
			margin: 0 auto;
		}
		.battle-log {
			margin: 7px auto 0;
			max-width: 640px;
			height: 300px;
			position: static;
		}
	}
	.optgroup {
		display: inline-block;
		line-height: 22px;
		font-size: 10pt;
	}
	.optgroup .button {
		height: 25px;
		padding-top: 0;
		padding-bottom: 0;
	}
	.optgroup button.button {
		padding-left: 12px;
		padding-right: 12px;
	}
	.linklist {
		list-style: none;
		margin: 0.5em 0;
		padding: 0;
	}
	.linklist li {
		padding: 2px 0;
	}
	.sidebar {
		float: left;
		width: 320px;
	}
	.bar-wrapper {
		max-width: 1100px;
		margin: 0 auto;
	}
	.bar-wrapper.has-sidebar {
		max-width: 1430px;
	}
	.mainbar {
		margin: 0;
		padding-right: 1px;
	}
	.mainbar.has-sidebar {
		margin-left: 330px;
	}
	@media (min-width: 1511px) {
		.sidebar {
			width: 400px;
		}
		.bar-wrapper.has-sidebar {
			max-width: 1510px;
		}
		.mainbar.has-sidebar {
			margin-left: 410px;
		}
	}
	.section.first-section {
		margin-top: 9px;
	}
	.blocklink small {
		white-space: normal;
	}
	.button {
		vertical-align: middle;
	}
	.replay-controls {
		padding-top: 10px;
	}
	.replay-controls h1 {
		font-size: 16pt;
		font-weight: normal;
		color: #CCC;
	}
	.pagelink {
		text-align: center;
	}
	.pagelink a {
		width: 150px;
	}
	.textbox, .button {
		font-size: 11pt;
		vertical-align: middle;
	}
	@media (max-width: 450px) {
		.button {
			font-size: 9pt;
		}
	}
</style>

<div>

	<header>
		<div class="nav-wrapper"><ul class="nav">
			<li><a class="button nav-first" href="//pokemonshowdown.com/"><img src="//pokemonshowdown.com/images/pokemonshowdownbeta.png" srcset="//pokemonshowdown.com/images/pokemonshowdownbeta.png 1x, //pokemonshowdown.com/images/pokemonshowdownbeta@2x.png 2x" alt="Pok&eacute;mon Showdown" width="146" height="44" /> Home</a></li>
			<li><a class="button" href="//pokemonshowdown.com/dex/">Pok&eacute;dex</a></li>
			<li><a class="button cur" href="/">Replays</a></li>
			<li><a class="button" href="//pokemonshowdown.com/ladder/">Ladder</a></li>
			<li><a class="button nav-last" href="//pokemonshowdown.com/forums/">Forum</a></li>
			<li><a class="button greenbutton nav-first nav-last" href="//play.pokemonshowdown.com/">Play</a></li>
		</ul></div>
	</header>

	<div class="main" id="main">

		<noscript><section class="section">You need to enable JavaScript to use this page; sorry!</section></noscript>

	</div>

</div>

<script defer nomodule src="//play.pokemonshowdown.com/js/lib/ps-polyfill.js"></script>
<script defer src="//play.pokemonshowdown.com/js/lib/preact.min.js"></script>

<script defer src="//play.pokemonshowdown.com/config/config.js?6dec07f6"></script>
<script defer src="//play.pokemonshowdown.com/js/lib/jquery-1.11.0.min.js"></script>
<script defer src="//play.pokemonshowdown.com/js/lib/html-sanitizer-minified.js"></script>
<script defer src="//play.pokemonshowdown.com/js/battle-sound.js"></script>
<script defer src="//play.pokemonshowdown.com/js/battledata.js?0.6315294753075389"></script>
<script defer src="//play.pokemonshowdown.com/data/pokedex-mini.js?0.7603743185311358"></script>
<script defer src="//play.pokemonshowdown.com/data/pokedex-mini-bw.js?0.030888842834281283"></script>
<script defer src="//play.pokemonshowdown.com/data/graphics.js?0.05593094747507488"></script>
<script defer src="//play.pokemonshowdown.com/data/pokedex.js?0.47064822249611904"></script>
<script defer src="//play.pokemonshowdown.com/data/moves.js?0.8583693120512459"></script>
<script defer src="//play.pokemonshowdown.com/data/abilities.js?0.16017181182386842"></script>
<script defer src="//play.pokemonshowdown.com/data/items.js?0.4163379185673943"></script>
<script defer src="//play.pokemonshowdown.com/data/teambuilder-tables.js?0.31075597372830477"></script>
<script defer src="//play.pokemonshowdown.com/js/battle-tooltips.js?0.6536193500708172"></script>
<script defer src="//play.pokemonshowdown.com/js/battle.js?0.1916591943277901"></script>

<script defer src="js/utils.js?e31f9a17"></script>
<script defer src="js/replays-battle.js?7008c182"></script>

<!-- don't scrape this data! just add .json or .log after the URL!
Full API docs: https://github.com/smogon/pokemon-showdown-client/blob/master/WEB-API.md -->
<script type="text/plain" class="log" id="replaylog-smogtours-gen3ou-796926">
|inactive|Battle timer is ON: inactive players will automatically lose when time's up.
|t:|1728580516
|gametype|singles
|player|p1|plzzazz|pokemonbreederf-gen4|
|player|p2|pkleech|pokemonbreeder-gen4|
|teamsize|p1|6
|teamsize|p2|6
|gen|3
|tier|[Gen 3] OU
|rule|Sleep Clause Mod: Limit one foe put to sleep
|rule|Switch Priority Clause Mod: Faster Pokémon switch first
|rule|Species Clause: Limit one of each Pokémon
|rule|OHKO Clause: OHKO moves are banned
|rule|Evasion Items Clause: Evasion items are banned
|rule|Evasion Moves Clause: Evasion moves are banned
|rule|Endless Battle Clause: Forcing endless battles is banned
|rule|HP Percentage Mod: HP is shown in percentages
|rule|One Boost Passer Clause: Limit one Baton Passer that has a way to boost its stats
|rule|Freeze Clause Mod: Limit one foe frozen
|
|t:|1728580516
|start
|switch|p1a: Tyranitar|Tyranitar, M|100/100
|switch|p2a: Aerodactyl|Aerodactyl, M|100/100
|-weather|Sandstorm|[from] ability: Sand Stream|[of] p1a: Tyranitar
|turn|1
|c|☆plzzazz|do you want to link?
|c|☆pkleech|hf
|c|☆plzzazz|u2 :)
|c|☆pkleech|if you want
|
|t:|1728580541
|-activate|p2a: Aerodactyl|move: Pursuit
|move|p1a: Tyranitar|Pursuit|p2a: Aerodactyl|[from]Pursuit
|-damage|p2a: Aerodactyl|43/100
|switch|p2a: Skarmory|Skarmory, F|100/100
|
|-weather|Sandstorm|[upkeep]
|upkeep
|turn|2
|
|t:|1728580549
|move|p2a: Skarmory|Spikes|p1a: Tyranitar
|-sidestart|p1: plzzazz|Spikes
|move|p1a: Tyranitar|Flamethrower|p2a: Skarmory
|-supereffective|p2a: Skarmory
|-damage|p2a: Skarmory|49/100
|
|-weather|Sandstorm|[upkeep]
|-heal|p2a: Skarmory|55/100|[from] item: Leftovers
|upkeep
|turn|3
|
|t:|1728580556
|switch|p1a: Skarmory|Skarmory, M|100/100
|move|p2a: Skarmory|Toxic|p1a: Skarmory
|-immune|p1a: Skarmory
|
|-weather|Sandstorm|[upkeep]
|-heal|p2a: Skarmory|61/100|[from] item: Leftovers
|upkeep
|turn|4
|
|t:|1728580573
|switch|p2a: Magneton|Magneton|100/100
|move|p1a: Skarmory|Roar|p2a: Magneton
|drag|p2a: Aerodactyl|Aerodactyl, M|43/100
|
|-weather|Sandstorm|[upkeep]
|upkeep
|turn|5
|
|t:|1728580587
|switch|p2a: Magneton|Magneton|100/100
|move|p1a: Skarmory|Spikes|p2a: Magneton
|-sidestart|p2: pkleech|Spikes
|
|-weather|Sandstorm|[upkeep]
|upkeep
|turn|6
|
|t:|1728580592
|move|p2a: Magneton|Thunderbolt|p1a: Skarmory
|-supereffective|p1a: Skarmory
|-damage|p1a: Skarmory|0 fnt
|faint|p1a: Skarmory
|
|t:|1728580596
|switch|p1a: Dugtrio|Dugtrio, M|100/100
|-damage|p1a: Dugtrio|88/100|[from] Spikes
|
|-weather|Sandstorm|[upkeep]
|upkeep
|turn|7
|
|t:|1728580605
|move|p1a: Dugtrio|Earthquake|p2a: Magneton
|-supereffective|p2a: Magneton
|-damage|p2a: Magneton|0 fnt
|faint|p2a: Magneton
|
|t:|1728580607
|switch|p2a: Zapdos|Zapdos|100/100
|
|-weather|Sandstorm|[upkeep]
|-damage|p2a: Zapdos|94/100|[from] Sandstorm
|-heal|p2a: Zapdos|100/100|[from] item: Leftovers
|upkeep
|turn|8
|
|t:|1728580617
|switch|p1a: Blissey|Blissey, F|100/100
|-damage|p1a: Blissey|88/100|[from] Spikes
|move|p2a: Zapdos|Toxic|p1a: Blissey
|-status|p1a: Blissey|tox
|
|-weather|Sandstorm|[upkeep]
|-damage|p2a: Zapdos|94/100|[from] Sandstorm
|-damage|p1a: Blissey|82/100 tox|[from] Sandstorm
|-heal|p2a: Zapdos|100/100|[from] item: Leftovers
|-heal|p1a: Blissey|88/100 tox|[from] item: Leftovers
|-damage|p1a: Blissey|82/100 tox|[from] psn
|upkeep
|turn|9
|inactive|pkleech has 270 seconds left.
|
|t:|1728580655
|-curestatus|p1a: Blissey|tox|[from] ability: Natural Cure
|switch|p1a: Claydol|Claydol|100/100
|move|p2a: Zapdos|Thunderbolt|p1a: Claydol
|-immune|p1a: Claydol
|
|-weather|Sandstorm|[upkeep]
|-damage|p2a: Zapdos|94/100|[from] Sandstorm
|-heal|p2a: Zapdos|100/100|[from] item: Leftovers
|upkeep
|turn|10
|
|t:|1728580664
|move|p2a: Zapdos|Toxic|p1a: Claydol
|-status|p1a: Claydol|tox
|move|p1a: Claydol|Rapid Spin|p2a: Zapdos
|-damage|p2a: Zapdos|96/100
|-sideend|p1: plzzazz|Spikes|[from] move: Rapid Spin|[of] p1a: Claydol
|
|-weather|Sandstorm|[upkeep]
|-damage|p2a: Zapdos|89/100|[from] Sandstorm
|-heal|p2a: Zapdos|96/100|[from] item: Leftovers
|-damage|p1a: Claydol|94/100 tox|[from] psn
|upkeep
|turn|11
|
|t:|1728580677
|switch|p2a: Skarmory|Skarmory, F|61/100
|move|p1a: Claydol|Refresh|p1a: Claydol
|-curestatus|p1a: Claydol|tox|[msg]
|
|-weather|Sandstorm|[upkeep]
|-heal|p1a: Claydol|100/100|[from] item: Leftovers
|-heal|p2a: Skarmory|67/100|[from] item: Leftovers
|upkeep
|turn|12
|
|t:|1728580681
|move|p1a: Claydol|Hidden Power|p2a: Skarmory
|-supereffective|p2a: Skarmory
|-damage|p2a: Skarmory|44/100
|move|p2a: Skarmory|Spikes|p1a: Claydol
|-sidestart|p1: plzzazz|Spikes
|
|-weather|Sandstorm|[upkeep]
|-heal|p2a: Skarmory|50/100|[from] item: Leftovers
|upkeep
|turn|13
|inactive|pkleech has 270 seconds left.
|inactive|pkleech has 240 seconds left.
|
|t:|1728580738
|move|p1a: Claydol|Rapid Spin|p2a: Skarmory
|-resisted|p2a: Skarmory
|-damage|p2a: Skarmory|48/100
|-sideend|p1: plzzazz|Spikes|[from] move: Rapid Spin|[of] p1a: Claydol
|move|p2a: Skarmory|Toxic|p1a: Claydol|[miss]
|-miss|p2a: Skarmory|p1a: Claydol
|
|-weather|Sandstorm|[upkeep]
|-heal|p2a: Skarmory|54/100|[from] item: Leftovers
|upkeep
|turn|14
|
|t:|1728580743
|move|p1a: Claydol|Hidden Power|p2a: Skarmory
|-supereffective|p2a: Skarmory
|-damage|p2a: Skarmory|29/100
|move|p2a: Skarmory|Spikes|p1a: Claydol
|-sidestart|p1: plzzazz|Spikes
|
|-weather|Sandstorm|[upkeep]
|-heal|p2a: Skarmory|35/100|[from] item: Leftovers
|upkeep
|turn|15
|
|t:|1728580748
|move|p1a: Claydol|Rapid Spin|p2a: Skarmory
|-resisted|p2a: Skarmory
|-damage|p2a: Skarmory|33/100
|-sideend|p1: plzzazz|Spikes|[from] move: Rapid Spin|[of] p1a: Claydol
|move|p2a: Skarmory|Rest|p2a: Skarmory
|-status|p2a: Skarmory|slp|[from] move: Rest
|-heal|p2a: Skarmory|100/100 slp|[silent]
|
|-weather|Sandstorm|[upkeep]
|upkeep
|turn|16
|
|t:|1728580761
|switch|p1a: Blissey|Blissey, F|82/100
|switch|p2a: Zapdos|Zapdos|96/100
|
|-weather|Sandstorm|[upkeep]
|-damage|p2a: Zapdos|89/100|[from] Sandstorm
|-damage|p1a: Blissey|76/100|[from] Sandstorm
|-heal|p2a: Zapdos|96/100|[from] item: Leftovers
|-heal|p1a: Blissey|82/100|[from] item: Leftovers
|upkeep
|turn|17
|
|t:|1728580769
|switch|p2a: Blissey|Blissey, F|100/100
|-damage|p2a: Blissey|88/100|[from] Spikes
|move|p1a: Blissey|Ice Beam|p2a: Blissey
|-damage|p2a: Blissey|79/100
|
|-weather|Sandstorm|[upkeep]
|-damage|p1a: Blissey|76/100|[from] Sandstorm
|-damage|p2a: Blissey|72/100|[from] Sandstorm
|-heal|p2a: Blissey|79/100|[from] item: Leftovers
|-heal|p1a: Blissey|82/100|[from] item: Leftovers
|upkeep
|turn|18
|inactive|pkleech has 270 seconds left.
|
|t:|1728580786
|move|p2a: Blissey|Toxic|p1a: Blissey
|-status|p1a: Blissey|tox
|move|p1a: Blissey|Calm Mind|p1a: Blissey
|-boost|p1a: Blissey|spa|1
|-boost|p1a: Blissey|spd|1
|
|-weather|Sandstorm|[upkeep]
|-damage|p1a: Blissey|76/100 tox|[from] Sandstorm
|-damage|p2a: Blissey|72/100|[from] Sandstorm
|-heal|p2a: Blissey|79/100|[from] item: Leftovers
|-heal|p1a: Blissey|82/100 tox|[from] item: Leftovers
|-damage|p1a: Blissey|76/100 tox|[from] psn
|upkeep
|turn|19
|inactive|pkleech has 270 seconds left.
|
|t:|1728580822
|-curestatus|p1a: Blissey|tox|[from] ability: Natural Cure
|switch|p1a: Milotic|Milotic, F|100/100
|move|p2a: Blissey|Ice Beam|p1a: Milotic
|-resisted|p1a: Milotic
|-damage|p1a: Milotic|91/100
|-status|p1a: Milotic|frz
|
|-weather|Sandstorm|[upkeep]
|-damage|p1a: Milotic|85/100 frz|[from] Sandstorm
|-damage|p2a: Blissey|72/100|[from] Sandstorm
|-heal|p1a: Milotic|91/100 frz|[from] item: Leftovers
|-heal|p2a: Blissey|79/100|[from] item: Leftovers
|upkeep
|turn|20
|
|t:|1728580835
|cant|p1a: Milotic|frz
|move|p2a: Blissey|Aromatherapy|p2a: Blissey
|-cureteam|p2a: Blissey|[from] move: Aromatherapy
|
|-weather|Sandstorm|[upkeep]
|-damage|p1a: Milotic|85/100 frz|[from] Sandstorm
|-damage|p2a: Blissey|72/100|[from] Sandstorm
|-heal|p1a: Milotic|91/100 frz|[from] item: Leftovers
|-heal|p2a: Blissey|79/100|[from] item: Leftovers
|upkeep
|turn|21
|
|t:|1728580856
|switch|p2a: Swampert|Swampert, F|100/100
|-damage|p2a: Swampert|88/100|[from] Spikes
|cant|p1a: Milotic|frz
|
|-weather|Sandstorm|[upkeep]
|-damage|p1a: Milotic|85/100 frz|[from] Sandstorm
|-heal|p1a: Milotic|91/100 frz|[from] item: Leftovers
|-heal|p2a: Swampert|94/100|[from] item: Leftovers
|upkeep
|turn|22
|
|t:|1728580860
|-curestatus|p1a: Milotic|frz|[msg]
|move|p1a: Milotic|Toxic|p2a: Swampert
|-status|p2a: Swampert|tox
|move|p2a: Swampert|Curse|p2a: Swampert
|-unboost|p2a: Swampert|spe|1
|-boost|p2a: Swampert|atk|1
|-boost|p2a: Swampert|def|1
|
|-weather|Sandstorm|[upkeep]
|-damage|p1a: Milotic|85/100|[from] Sandstorm
|-heal|p1a: Milotic|91/100|[from] item: Leftovers
|-heal|p2a: Swampert|100/100 tox|[from] item: Leftovers
|-damage|p2a: Swampert|94/100 tox|[from] psn
|upkeep
|turn|23
|
|t:|1728580870
|move|p1a: Milotic|Surf|p2a: Swampert
|-damage|p2a: Swampert|69/100 tox
|move|p2a: Swampert|Curse|p2a: Swampert
|-unboost|p2a: Swampert|spe|1
|-boost|p2a: Swampert|atk|1
|-boost|p2a: Swampert|def|1
|
|-weather|Sandstorm|[upkeep]
|-damage|p1a: Milotic|85/100|[from] Sandstorm
|-heal|p1a: Milotic|91/100|[from] item: Leftovers
|-heal|p2a: Swampert|76/100 tox|[from] item: Leftovers
|-damage|p2a: Swampert|63/100 tox|[from] psn
|upkeep
|turn|24
|
|t:|1728580872
|move|p1a: Milotic|Surf|p2a: Swampert
|-crit|p2a: Swampert
|-damage|p2a: Swampert|10/100 tox
|move|p2a: Swampert|Rest|p2a: Swampert
|-status|p2a: Swampert|slp|[from] move: Rest
|-heal|p2a: Swampert|100/100 slp|[silent]
|
|-weather|Sandstorm|[upkeep]
|-damage|p1a: Milotic|85/100|[from] Sandstorm
|-heal|p1a: Milotic|91/100|[from] item: Leftovers
|upkeep
|turn|25
|
|t:|1728580877
|switch|p1a: Tyranitar|Tyranitar, M|100/100
|cant|p2a: Swampert|slp
|
|-weather|Sandstorm|[upkeep]
|upkeep
|turn|26
|
|t:|1728580891
|switch|p2a: Zapdos|Zapdos|96/100
|move|p1a: Tyranitar|Roar|p2a: Zapdos
|drag|p2a: Skarmory|Skarmory, F|100/100
|
|-weather|Sandstorm|[upkeep]
|upkeep
|turn|27
|
|t:|1728580898
|switch|p1a: Claydol|Claydol|100/100
|move|p2a: Skarmory|Toxic|p1a: Claydol
|-status|p1a: Claydol|tox
|
|-weather|Sandstorm|[upkeep]
|-damage|p1a: Claydol|94/100 tox|[from] psn
|upkeep
|turn|28
|
|t:|1728580900
|move|p1a: Claydol|Refresh|p1a: Claydol
|-curestatus|p1a: Claydol|tox|[msg]
|move|p2a: Skarmory|Spikes|p1a: Claydol
|-sidestart|p1: plzzazz|Spikes
|
|-weather|Sandstorm|[upkeep]
|-heal|p1a: Claydol|100/100|[from] item: Leftovers
|upkeep
|turn|29
|inactive|pkleech has 270 seconds left.
|
|t:|1728580944
|switch|p2a: Swampert|Swampert, F|100/100 slp
|-damage|p2a: Swampert|88/100 slp|[from] Spikes
|move|p1a: Claydol|Rapid Spin|p2a: Swampert
|-damage|p2a: Swampert|84/100 slp
|-sideend|p1: plzzazz|Spikes|[from] move: Rapid Spin|[of] p1a: Claydol
|
|-weather|Sandstorm|[upkeep]
|-heal|p2a: Swampert|90/100 slp|[from] item: Leftovers
|upkeep
|turn|30
|inactive|plzzazz has 270 seconds left.
|
|t:|1728581000
|switch|p1a: Milotic|Milotic, F|91/100
|cant|p2a: Swampert|slp
|
|-weather|Sandstorm|[upkeep]
|-damage|p1a: Milotic|85/100|[from] Sandstorm
|-heal|p1a: Milotic|91/100|[from] item: Leftovers
|-heal|p2a: Swampert|97/100 slp|[from] item: Leftovers
|upkeep
|turn|31
|inactive|pkleech has 240 seconds left.
|
|t:|1728581026
|switch|p2a: Skarmory|Skarmory, F|100/100
|move|p1a: Milotic|Surf|p2a: Skarmory
|-damage|p2a: Skarmory|70/100
|
|-weather|Sandstorm|[upkeep]
|-damage|p1a: Milotic|85/100|[from] Sandstorm
|-heal|p1a: Milotic|91/100|[from] item: Leftovers
|-heal|p2a: Skarmory|76/100|[from] item: Leftovers
|upkeep
|turn|32
|
|t:|1728581033
|switch|p1a: Claydol|Claydol|100/100
|move|p2a: Skarmory|Spikes|p1a: Claydol
|-sidestart|p1: plzzazz|Spikes
|
|-weather|Sandstorm|[upkeep]
|-heal|p2a: Skarmory|82/100|[from] item: Leftovers
|upkeep
|turn|33
|inactive|plzzazz has 270 seconds left.
|inactive|pkleech has 240 seconds left.
|
|t:|1728581057
|switch|p2a: Aerodactyl|Aerodactyl, M|43/100
|move|p1a: Claydol|Rapid Spin|p2a: Aerodactyl
|-resisted|p2a: Aerodactyl
|-damage|p2a: Aerodactyl|39/100
|-sideend|p1: plzzazz|Spikes|[from] move: Rapid Spin|[of] p1a: Claydol
|
|-weather|Sandstorm|[upkeep]
|upkeep
|turn|34
|inactive|plzzazz has 270 seconds left.
|
|t:|1728581072
|move|p2a: Aerodactyl|Earthquake|p1a: Claydol
|-immune|p1a: Claydol
|move|p1a: Claydol|Hidden Power|p2a: Aerodactyl
|-resisted|p2a: Aerodactyl
|-damage|p2a: Aerodactyl|30/100
|
|-weather|Sandstorm|[upkeep]
|upkeep
|turn|35
|inactive|plzzazz has 270 seconds left.
|
|t:|1728581089
|switch|p2a: Swampert|Swampert, F|97/100 slp
|-damage|p2a: Swampert|84/100 slp|[from] Spikes
|switch|p1a: Milotic|Milotic, F|91/100
|
|-weather|Sandstorm|[upkeep]
|-damage|p1a: Milotic|85/100|[from] Sandstorm
|-heal|p1a: Milotic|91/100|[from] item: Leftovers
|-heal|p2a: Swampert|90/100 slp|[from] item: Leftovers
|upkeep
|turn|36
|
|t:|1728581104
|switch|p2a: Blissey|Blissey, F|79/100
|-damage|p2a: Blissey|66/100|[from] Spikes
|move|p1a: Milotic|Surf|p2a: Blissey
|-damage|p2a: Blissey|53/100
|
|-weather|Sandstorm|[upkeep]
|-damage|p1a: Milotic|85/100|[from] Sandstorm
|-damage|p2a: Blissey|47/100|[from] Sandstorm
|-heal|p1a: Milotic|91/100|[from] item: Leftovers
|-heal|p2a: Blissey|53/100|[from] item: Leftovers
|upkeep
|turn|37
|
|t:|1728581111
|move|p1a: Milotic|Toxic|p2a: Blissey
|-status|p2a: Blissey|tox
|move|p2a: Blissey|Soft-Boiled|p2a: Blissey
|-heal|p2a: Blissey|100/100 tox
|
|-weather|Sandstorm|[upkeep]
|-damage|p1a: Milotic|85/100|[from] Sandstorm
|-damage|p2a: Blissey|94/100 tox|[from] Sandstorm
|-heal|p1a: Milotic|91/100|[from] item: Leftovers
|-heal|p2a: Blissey|100/100 tox|[from] item: Leftovers
|-damage|p2a: Blissey|94/100 tox|[from] psn
|upkeep
|turn|38
|
|t:|1728581118
|-curestatus|p2a: Blissey|tox|[from] ability: Natural Cure
|switch|p2a: Zapdos|Zapdos|96/100
|move|p1a: Milotic|Surf|p2a: Zapdos
|-damage|p2a: Zapdos|74/100
|
|-weather|Sandstorm|[upkeep]
|-damage|p2a: Zapdos|68/100|[from] Sandstorm
|-damage|p1a: Milotic|85/100|[from] Sandstorm
|-heal|p2a: Zapdos|74/100|[from] item: Leftovers
|-heal|p1a: Milotic|91/100|[from] item: Leftovers
|upkeep
|turn|39
|
|t:|1728581131
|switch|p1a: Claydol|Claydol|100/100
|move|p2a: Zapdos|Toxic|p1a: Claydol|[miss]
|-miss|p2a: Zapdos|p1a: Claydol
|
|-weather|Sandstorm|[upkeep]
|-damage|p2a: Zapdos|68/100|[from] Sandstorm
|-heal|p2a: Zapdos|74/100|[from] item: Leftovers
|upkeep
|turn|40
|
|t:|1728581142
|switch|p1a: Blissey|Blissey, F|76/100
|move|p2a: Zapdos|Toxic|p1a: Blissey
|-status|p1a: Blissey|tox
|
|-weather|Sandstorm|[upkeep]
|-damage|p2a: Zapdos|68/100|[from] Sandstorm
|-damage|p1a: Blissey|70/100 tox|[from] Sandstorm
|-heal|p2a: Zapdos|74/100|[from] item: Leftovers
|-heal|p1a: Blissey|76/100 tox|[from] item: Leftovers
|-damage|p1a: Blissey|70/100 tox|[from] psn
|upkeep
|turn|41
|
|t:|1728581154
|switch|p2a: Blissey|Blissey, F|94/100
|-damage|p2a: Blissey|82/100|[from] Spikes
|-curestatus|p1a: Blissey|tox|[from] ability: Natural Cure
|switch|p1a: Claydol|Claydol|100/100
|
|-weather|Sandstorm|[upkeep]
|-damage|p2a: Blissey|76/100|[from] Sandstorm
|-heal|p2a: Blissey|82/100|[from] item: Leftovers
|upkeep
|turn|42
|
|t:|1728581163
|switch|p1a: Milotic|Milotic, F|91/100
|move|p2a: Blissey|Ice Beam|p1a: Milotic
|-resisted|p1a: Milotic
|-damage|p1a: Milotic|83/100
|
|-weather|Sandstorm|[upkeep]
|-damage|p1a: Milotic|77/100|[from] Sandstorm
|-damage|p2a: Blissey|76/100|[from] Sandstorm
|-heal|p1a: Milotic|83/100|[from] item: Leftovers
|-heal|p2a: Blissey|82/100|[from] item: Leftovers
|upkeep
|turn|43
|
|t:|1728581174
|switch|p2a: Zapdos|Zapdos|74/100
|move|p1a: Milotic|Recover|p1a: Milotic
|-heal|p1a: Milotic|100/100
|
|-weather|Sandstorm|[upkeep]
|-damage|p2a: Zapdos|68/100|[from] Sandstorm
|-damage|p1a: Milotic|94/100|[from] Sandstorm
|-heal|p2a: Zapdos|74/100|[from] item: Leftovers
|-heal|p1a: Milotic|100/100|[from] item: Leftovers
|upkeep
|turn|44
|inactive|pkleech has 270 seconds left.
|
|t:|1728581180
|switch|p2a: Blissey|Blissey, F|82/100
|-damage|p2a: Blissey|69/100|[from] Spikes
|switch|p1a: Blissey|Blissey, F|70/100
|
|-weather|Sandstorm|[upkeep]
|-damage|p1a: Blissey|63/100|[from] Sandstorm
|-damage|p2a: Blissey|63/100|[from] Sandstorm
|-heal|p1a: Blissey|70/100|[from] item: Leftovers
|-heal|p2a: Blissey|69/100|[from] item: Leftovers
|upkeep
|turn|45
|inactive|pkleech has 270 seconds left.
|
|t:|1728581205
|move|p1a: Blissey|Calm Mind|p1a: Blissey
|-boost|p1a: Blissey|spa|1
|-boost|p1a: Blissey|spd|1
|move|p2a: Blissey|Toxic|p1a: Blissey
|-status|p1a: Blissey|tox
|
|-weather|Sandstorm|[upkeep]
|-damage|p1a: Blissey|63/100 tox|[from] Sandstorm
|-damage|p2a: Blissey|63/100|[from] Sandstorm
|-heal|p2a: Blissey|69/100|[from] item: Leftovers
|-heal|p1a: Blissey|70/100 tox|[from] item: Leftovers
|-damage|p1a: Blissey|63/100 tox|[from] psn
|upkeep
|turn|46
|inactive|pkleech has 240 seconds left.
|
|t:|1728581255
|switch|p2a: Skarmory|Skarmory, F|82/100
|move|p1a: Blissey|Soft-Boiled|p1a: Blissey
|-heal|p1a: Blissey|100/100 tox
|
|-weather|Sandstorm|[upkeep]
|-damage|p1a: Blissey|94/100 tox|[from] Sandstorm
|-heal|p2a: Skarmory|88/100|[from] item: Leftovers
|-heal|p1a: Blissey|100/100 tox|[from] item: Leftovers
|-damage|p1a: Blissey|88/100 tox|[from] psn
|upkeep
|turn|47
|
|t:|1728581264
|-curestatus|p1a: Blissey|tox|[from] ability: Natural Cure
|switch|p1a: Claydol|Claydol|100/100
|move|p2a: Skarmory|Spikes|p1a: Claydol
|-sidestart|p1: plzzazz|Spikes
|
|-weather|Sandstorm|[upkeep]
|-heal|p2a: Skarmory|94/100|[from] item: Leftovers
|upkeep
|turn|48
|
|t:|1728581269
|move|p1a: Claydol|Rapid Spin|p2a: Skarmory
|-resisted|p2a: Skarmory
|-damage|p2a: Skarmory|92/100
|-sideend|p1: plzzazz|Spikes|[from] move: Rapid Spin|[of] p1a: Claydol
|move|p2a: Skarmory|Toxic|p1a: Claydol
|-status|p1a: Claydol|tox
|
|-weather|Sandstorm|[upkeep]
|-damage|p1a: Claydol|94/100 tox|[from] psn
|-heal|p2a: Skarmory|98/100|[from] item: Leftovers
|upkeep
|turn|49
|
|t:|1728581274
|move|p1a: Claydol|Refresh|p1a: Claydol
|-curestatus|p1a: Claydol|tox|[msg]
|move|p2a: Skarmory|Spikes|p1a: Claydol
|-sidestart|p1: plzzazz|Spikes
|
|-weather|Sandstorm|[upkeep]
|-heal|p1a: Claydol|100/100|[from] item: Leftovers
|-heal|p2a: Skarmory|100/100|[from] item: Leftovers
|upkeep
|turn|50
|
|t:|1728581285
|move|p1a: Claydol|Rapid Spin|p2a: Skarmory
|-resisted|p2a: Skarmory
|-damage|p2a: Skarmory|99/100
|-sideend|p1: plzzazz|Spikes|[from] move: Rapid Spin|[of] p1a: Claydol
|move|p2a: Skarmory|Toxic|p1a: Claydol
|-status|p1a: Claydol|tox
|
|-weather|Sandstorm|[upkeep]
|-damage|p1a: Claydol|94/100 tox|[from] psn
|-heal|p2a: Skarmory|100/100|[from] item: Leftovers
|upkeep
|turn|51
|
|t:|1728581292
|move|p1a: Claydol|Refresh|p1a: Claydol
|-curestatus|p1a: Claydol|tox|[msg]
|move|p2a: Skarmory|Spikes|p1a: Claydol
|-sidestart|p1: plzzazz|Spikes
|
|-weather|Sandstorm|[upkeep]
|-heal|p1a: Claydol|100/100|[from] item: Leftovers
|upkeep
|turn|52
|
|t:|1728581296
|switch|p2a: Zapdos|Zapdos|74/100
|move|p1a: Claydol|Rapid Spin|p2a: Zapdos
|-damage|p2a: Zapdos|68/100
|-sideend|p1: plzzazz|Spikes|[from] move: Rapid Spin|[of] p1a: Claydol
|
|-weather|Sandstorm|[upkeep]
|-damage|p2a: Zapdos|62/100|[from] Sandstorm
|-heal|p2a: Zapdos|68/100|[from] item: Leftovers
|upkeep
|turn|53
|
|t:|1728581302
|switch|p2a: Skarmory|Skarmory, F|100/100
|switch|p1a: Blissey|Blissey, F|88/100
|
|-weather|Sandstorm|[upkeep]
|-damage|p1a: Blissey|82/100|[from] Sandstorm
|-heal|p1a: Blissey|88/100|[from] item: Leftovers
|upkeep
|turn|54
|
|t:|1728581306
|switch|p1a: Claydol|Claydol|100/100
|move|p2a: Skarmory|Spikes|p1a: Claydol
|-sidestart|p1: plzzazz|Spikes
|
|-weather|Sandstorm|[upkeep]
|upkeep
|turn|55
|
|t:|1728581309
|switch|p2a: Zapdos|Zapdos|68/100
|move|p1a: Claydol|Rapid Spin|p2a: Zapdos
|-damage|p2a: Zapdos|62/100
|-sideend|p1: plzzazz|Spikes|[from] move: Rapid Spin|[of] p1a: Claydol
|
|-weather|Sandstorm|[upkeep]
|-damage|p2a: Zapdos|56/100|[from] Sandstorm
|-heal|p2a: Zapdos|62/100|[from] item: Leftovers
|upkeep
|turn|56
|inactive|pkleech has 270 seconds left.
|
|t:|1728581363
|switch|p1a: Blissey|Blissey, F|88/100
|move|p2a: Zapdos|Toxic|p1a: Blissey
|-status|p1a: Blissey|tox
|
|-weather|Sandstorm|[upkeep]
|-damage|p2a: Zapdos|56/100|[from] Sandstorm
|-damage|p1a: Blissey|82/100 tox|[from] Sandstorm
|-heal|p2a: Zapdos|62/100|[from] item: Leftovers
|-heal|p1a: Blissey|88/100 tox|[from] item: Leftovers
|-damage|p1a: Blissey|82/100 tox|[from] psn
|upkeep
|turn|57
|
|t:|1728581372
|switch|p2a: Skarmory|Skarmory, F|100/100
|-curestatus|p1a: Blissey|tox|[from] ability: Natural Cure
|switch|p1a: Claydol|Claydol|100/100
|
|-weather|Sandstorm|[upkeep]
|upkeep
|turn|58
|
|t:|1728581378
|switch|p1a: Blissey|Blissey, F|82/100
|switch|p2a: Zapdos|Zapdos|62/100
|
|-weather|Sandstorm|[upkeep]
|-damage|p2a: Zapdos|56/100|[from] Sandstorm
|-damage|p1a: Blissey|76/100|[from] Sandstorm
|-heal|p2a: Zapdos|62/100|[from] item: Leftovers
|-heal|p1a: Blissey|82/100|[from] item: Leftovers
|upkeep
|turn|59
|
|t:|1728581386
|switch|p1a: Claydol|Claydol|100/100
|move|p2a: Zapdos|Toxic|p1a: Claydol
|-status|p1a: Claydol|tox
|
|-weather|Sandstorm|[upkeep]
|-damage|p2a: Zapdos|56/100|[from] Sandstorm
|-heal|p2a: Zapdos|62/100|[from] item: Leftovers
|-damage|p1a: Claydol|94/100 tox|[from] psn
|upkeep
|turn|60
|
|t:|1728581389
|switch|p2a: Skarmory|Skarmory, F|100/100
|move|p1a: Claydol|Refresh|p1a: Claydol
|-curestatus|p1a: Claydol|tox|[msg]
|
|-weather|Sandstorm|[upkeep]
|-heal|p1a: Claydol|100/100|[from] item: Leftovers
|upkeep
|turn|61
|
|t:|1728581392
|switch|p1a: Blissey|Blissey, F|82/100
|move|p2a: Skarmory|Spikes|p1a: Blissey
|-sidestart|p1: plzzazz|Spikes
|
|-weather|Sandstorm|[upkeep]
|-damage|p1a: Blissey|76/100|[from] Sandstorm
|-heal|p1a: Blissey|82/100|[from] item: Leftovers
|upkeep
|turn|62
|
|t:|1728581397
|switch|p2a: Blissey|Blissey, F|69/100
|-damage|p2a: Blissey|57/100|[from] Spikes
|switch|p1a: Claydol|Claydol|100/100
|
|-weather|Sandstorm|[upkeep]
|-damage|p2a: Blissey|51/100|[from] Sandstorm
|-heal|p2a: Blissey|57/100|[from] item: Leftovers
|upkeep
|turn|63
|
|t:|1728581405
|move|p1a: Claydol|Rapid Spin|p2a: Blissey
|-damage|p2a: Blissey|52/100
|-sideend|p1: plzzazz|Spikes|[from] move: Rapid Spin|[of] p1a: Claydol
|move|p2a: Blissey|Soft-Boiled|p2a: Blissey
|-heal|p2a: Blissey|100/100
|
|-weather|Sandstorm|[upkeep]
|-damage|p2a: Blissey|94/100|[from] Sandstorm
|-heal|p2a: Blissey|100/100|[from] item: Leftovers
|upkeep
|turn|64
|
|t:|1728581416
|switch|p1a: Milotic|Milotic, F|100/100
|switch|p2a: Skarmory|Skarmory, F|100/100
|
|-weather|Sandstorm|[upkeep]
|-damage|p1a: Milotic|94/100|[from] Sandstorm
|-heal|p1a: Milotic|100/100|[from] item: Leftovers
|upkeep
|turn|65
|
|t:|1728581430
|switch|p1a: Claydol|Claydol|100/100
|move|p2a: Skarmory|Spikes|p1a: Claydol
|-sidestart|p1: plzzazz|Spikes
|
|-weather|Sandstorm|[upkeep]
|upkeep
|turn|66
|
|t:|1728581439
|switch|p2a: Aerodactyl|Aerodactyl, M|30/100
|move|p1a: Claydol|Rapid Spin|p2a: Aerodactyl
|-resisted|p2a: Aerodactyl
|-crit|p2a: Aerodactyl
|-damage|p2a: Aerodactyl|22/100
|-sideend|p1: plzzazz|Spikes|[from] move: Rapid Spin|[of] p1a: Claydol
|
|-weather|Sandstorm|[upkeep]
|upkeep
|turn|67
|
|t:|1728581448
|switch|p1a: Tyranitar|Tyranitar, M|100/100
|move|p2a: Aerodactyl|Earthquake|p1a: Tyranitar
|-supereffective|p1a: Tyranitar
|-damage|p1a: Tyranitar|31/100
|
|-weather|Sandstorm|[upkeep]
|-heal|p1a: Tyranitar|37/100|[from] item: Leftovers
|upkeep
|turn|68
|
|t:|1728581458
|switch|p1a: Claydol|Claydol|100/100
|move|p2a: Aerodactyl|Earthquake|p1a: Claydol
|-immune|p1a: Claydol
|
|-weather|Sandstorm|[upkeep]
|upkeep
|turn|69
|
|t:|1728581473
|move|p2a: Aerodactyl|Earthquake|p1a: Claydol
|-immune|p1a: Claydol
|move|p1a: Claydol|Hidden Power|p2a: Aerodactyl
|-resisted|p2a: Aerodactyl
|-damage|p2a: Aerodactyl|12/100
|
|-weather|Sandstorm|[upkeep]
|upkeep
|turn|70
|
|t:|1728581482
|move|p2a: Aerodactyl|Earthquake|p1a: Claydol
|-immune|p1a: Claydol
|move|p1a: Claydol|Earthquake|p2a: Aerodactyl
|-immune|p2a: Aerodactyl
|
|-weather|Sandstorm|[upkeep]
|upkeep
|turn|71
|c|☆plzzazz|gaming
|c|☆pkleech|lmao
|c|☆pkleech|when two very smart gamers meet each other
|inactive|pkleech has 270 seconds left.
|
|t:|1728581514
|switch|p2a: Skarmory|Skarmory, F|100/100
|move|p1a: Claydol|Hidden Power|p2a: Skarmory
|-supereffective|p2a: Skarmory
|-damage|p2a: Skarmory|78/100
|
|-weather|Sandstorm|[upkeep]
|-heal|p2a: Skarmory|84/100|[from] item: Leftovers
|upkeep
|turn|72
|inactive|pkleech has 270 seconds left.
|c|☆plzzazz|also weird request, can we postpone our match after this game?
|
|t:|1728581536
|switch|p1a: Blissey|Blissey, F|82/100
|move|p2a: Skarmory|Spikes|p1a: Blissey
|-sidestart|p1: plzzazz|Spikes
|
|-weather|Sandstorm|[upkeep]
|-damage|p1a: Blissey|76/100|[from] Sandstorm
|-heal|p2a: Skarmory|90/100|[from] item: Leftovers
|-heal|p1a: Blissey|82/100|[from] item: Leftovers
|upkeep
|turn|73
|c|☆plzzazz|gotta get back to work lo
|c|☆pkleech|to when?
|c|☆plzzazz|later today?
|c|☆pkleech|oh
|c|☆pkleech|do you have a time?
|inactive|pkleech has 240 seconds left.
|c|☆plzzazz|youre +2 right?
|c|☆pkleech|yes
|
|t:|1728581591
|switch|p1a: Claydol|Claydol|100/100
|move|p2a: Skarmory|Toxic|p1a: Claydol
|-status|p1a: Claydol|tox
|
|-weather|Sandstorm|[upkeep]
|-damage|p1a: Claydol|94/100 tox|[from] psn
|-heal|p2a: Skarmory|96/100|[from] item: Leftovers
|upkeep
|turn|74
|inactive|pkleech has 210 seconds left.
|
|t:|1728581616
|switch|p2a: Swampert|Swampert, F|90/100 slp
|-damage|p2a: Swampert|78/100 slp|[from] Spikes
|move|p1a: Claydol|Rapid Spin|p2a: Swampert
|-damage|p2a: Swampert|74/100 slp
|-sideend|p1: plzzazz|Spikes|[from] move: Rapid Spin|[of] p1a: Claydol
|
|-weather|Sandstorm|[upkeep]
|-heal|p1a: Claydol|100/100 tox|[from] item: Leftovers
|-damage|p1a: Claydol|88/100 tox|[from] psn
|-heal|p2a: Swampert|80/100 slp|[from] item: Leftovers
|upkeep
|turn|75
|
|t:|1728581621
|switch|p1a: Milotic|Milotic, F|100/100
|-curestatus|p2a: Swampert|slp|[msg]
|move|p2a: Swampert|Curse|p2a: Swampert
|-unboost|p2a: Swampert|spe|1
|-boost|p2a: Swampert|atk|1
|-boost|p2a: Swampert|def|1
|
|-weather|Sandstorm|[upkeep]
|-damage|p1a: Milotic|94/100|[from] Sandstorm
|-heal|p1a: Milotic|100/100|[from] item: Leftovers
|-heal|p2a: Swampert|86/100|[from] item: Leftovers
|upkeep
|turn|76
|inactive|pkleech has 210 seconds left.
|
|t:|1728581638
|move|p1a: Milotic|Toxic|p2a: Swampert
|-status|p2a: Swampert|tox
|move|p2a: Swampert|Earthquake|p1a: Milotic
|-damage|p1a: Milotic|59/100
|
|-weather|Sandstorm|[upkeep]
|-damage|p1a: Milotic|53/100|[from] Sandstorm
|-heal|p1a: Milotic|59/100|[from] item: Leftovers
|-heal|p2a: Swampert|93/100 tox|[from] item: Leftovers
|-damage|p2a: Swampert|86/100 tox|[from] psn
|upkeep
|turn|77
|inactive|pkleech has 210 seconds left.
|
|t:|1728581653
|switch|p2a: Skarmory|Skarmory, F|96/100
|move|p1a: Milotic|Recover|p1a: Milotic
|-heal|p1a: Milotic|100/100
|
|-weather|Sandstorm|[upkeep]
|-damage|p1a: Milotic|94/100|[from] Sandstorm
|-heal|p1a: Milotic|100/100|[from] item: Leftovers
|-heal|p2a: Skarmory|100/100|[from] item: Leftovers
|upkeep
|turn|78
|inactive|pkleech has 210 seconds left.
|
|t:|1728581673
|switch|p1a: Claydol|Claydol|88/100 tox
|move|p2a: Skarmory|Spikes|p1a: Claydol
|-sidestart|p1: plzzazz|Spikes
|
|-weather|Sandstorm|[upkeep]
|-heal|p1a: Claydol|94/100 tox|[from] item: Leftovers
|-damage|p1a: Claydol|88/100 tox|[from] psn
|upkeep
|turn|79
|
|t:|1728581689
|switch|p2a: Blissey|Blissey, F|100/100
|-damage|p2a: Blissey|88/100|[from] Spikes
|move|p1a: Claydol|Refresh|p1a: Claydol
|-curestatus|p1a: Claydol|tox|[msg]
|
|-weather|Sandstorm|[upkeep]
|-damage|p2a: Blissey|82/100|[from] Sandstorm
|-heal|p1a: Claydol|94/100|[from] item: Leftovers
|-heal|p2a: Blissey|88/100|[from] item: Leftovers
|upkeep
|turn|80
|
|t:|1728581698
|move|p1a: Claydol|Rapid Spin|p2a: Blissey
|-damage|p2a: Blissey|83/100
|-sideend|p1: plzzazz|Spikes|[from] move: Rapid Spin|[of] p1a: Claydol
|move|p2a: Blissey|Ice Beam|p1a: Claydol
|-supereffective|p1a: Claydol
|-damage|p1a: Claydol|44/100
|
|-weather|Sandstorm|[upkeep]
|-damage|p2a: Blissey|77/100|[from] Sandstorm
|-heal|p1a: Claydol|50/100|[from] item: Leftovers
|-heal|p2a: Blissey|83/100|[from] item: Leftovers
|upkeep
|turn|81
|inactive|pkleech has 210 seconds left.
|
|t:|1728581732
|switch|p1a: Blissey|Blissey, F|82/100
|switch|p2a: Skarmory|Skarmory, F|100/100
|
|-weather|Sandstorm|[upkeep]
|-damage|p1a: Blissey|76/100|[from] Sandstorm
|-heal|p1a: Blissey|82/100|[from] item: Leftovers
|upkeep
|turn|82
|
|t:|1728581738
|switch|p1a: Claydol|Claydol|50/100
|move|p2a: Skarmory|Spikes|p1a: Claydol
|-sidestart|p1: plzzazz|Spikes
|
|-weather|Sandstorm|[upkeep]
|-heal|p1a: Claydol|56/100|[from] item: Leftovers
|upkeep
|turn|83
|
|t:|1728581750
|switch|p2a: Aerodactyl|Aerodactyl, M|12/100
|move|p1a: Claydol|Rapid Spin|p2a: Aerodactyl
|-resisted|p2a: Aerodactyl
|-damage|p2a: Aerodactyl|8/100
|-sideend|p1: plzzazz|Spikes|[from] move: Rapid Spin|[of] p1a: Claydol
|
|-weather|Sandstorm|[upkeep]
|-heal|p1a: Claydol|62/100|[from] item: Leftovers
|upkeep
|turn|84
|inactive|plzzazz has 270 seconds left.
|
|t:|1728581806
|switch|p1a: Milotic|Milotic, F|100/100
|move|p2a: Aerodactyl|Double-Edge|p1a: Milotic
|-crit|p1a: Milotic
|-damage|p1a: Milotic|25/100
|
|-weather|Sandstorm|[upkeep]
|-damage|p1a: Milotic|19/100|[from] Sandstorm
|-heal|p1a: Milotic|25/100|[from] item: Leftovers
|upkeep
|turn|85
|inactive|plzzazz has 240 seconds left.
|
|t:|1728581834
|switch|p1a: Tyranitar|Tyranitar, M|37/100
|move|p2a: Aerodactyl|Double-Edge|p1a: Tyranitar
|-resisted|p1a: Tyranitar
|-damage|p1a: Tyranitar|16/100
|
|-weather|Sandstorm|[upkeep]
|-heal|p1a: Tyranitar|22/100|[from] item: Leftovers
|upkeep
|turn|86
|c|☆plzzazz|gl
|c|☆pkleech|u2
|inactive|pkleech has 180 seconds left.
|c|☆plzzazz|praying rn
|c|☆plzzazz|pretty even odds honestly
|c|☆pkleech|yeah
|inactive|pkleech has 150 seconds left.
|c|☆pkleech|I hoped that would do more
|c|☆pkleech|gonna send it now
|
|t:|1728581888
|move|p2a: Aerodactyl|Double-Edge|p1a: Tyranitar
|-resisted|p1a: Tyranitar
|-damage|p1a: Tyranitar|1/100
|move|p1a: Tyranitar|Pursuit|p2a: Aerodactyl
|-damage|p2a: Aerodactyl|0 fnt
|faint|p2a: Aerodactyl
|c|☆plzzazz|oh my god
|c|☆plzzazz|i lived
|c|☆pkleech|lmao
|c|☆plzzazz|literally 1 hp
|c|☆pkleech|there you go gamers
|c|☆pkleech|200 more turns
|inactive|pkleech has 120 seconds left.
|
|t:|1728581948
|switch|p2a: Blissey|Blissey, F|83/100
|-damage|p2a: Blissey|70/100|[from] Spikes
|
|-weather|Sandstorm|[upkeep]
|-damage|p2a: Blissey|64/100|[from] Sandstorm
|-heal|p1a: Tyranitar|7/100|[from] item: Leftovers
|-heal|p2a: Blissey|70/100|[from] item: Leftovers
|upkeep
|turn|87
|inactive|pkleech has 90 seconds left.
|
|t:|1728581981
|switch|p1a: Blissey|Blissey, F|82/100
|move|p2a: Blissey|Ice Beam|p1a: Blissey
|-damage|p1a: Blissey|71/100
|-status|p1a: Blissey|frz
|
|-weather|Sandstorm|[upkeep]
|-damage|p2a: Blissey|64/100|[from] Sandstorm
|-damage|p1a: Blissey|65/100 frz|[from] Sandstorm
|-heal|p1a: Blissey|71/100 frz|[from] item: Leftovers
|-heal|p2a: Blissey|70/100|[from] item: Leftovers
|upkeep
|turn|88
|inactive|pkleech has 60 seconds left.
|
|t:|1728582030
|switch|p2a: Swampert|Swampert, F|86/100 tox
|-damage|p2a: Swampert|74/100 tox|[from] Spikes
|cant|p1a: Blissey|frz
|
|-weather|Sandstorm|[upkeep]
|-damage|p1a: Blissey|65/100 frz|[from] Sandstorm
|-heal|p1a: Blissey|71/100 frz|[from] item: Leftovers
|-heal|p2a: Swampert|80/100 tox|[from] item: Leftovers
|-damage|p2a: Swampert|74/100 tox|[from] psn
|upkeep
|turn|89
|c|☆plzzazz|this might be the set that doesnt get to finish, my next free slot is tomorrow at noon if you can make that
|inactive|plzzazz has 240 seconds left.
|c|☆pkleech|I think tomorrow noon is past the deadline unfortunately
|c|☆plzzazz|wait is it really?
|c|☆pkleech|I believe so
|c|☆plzzazz|i thought friday was last day
|c|☆pkleech|I checked earlier
|c|☆plzzazz|dang
|inactive|plzzazz has 210 seconds left.
|c|☆pkleech|it said 11 october 6 am my time
|
|t:|1728582080
|-curestatus|p1a: Blissey|frz|[from] ability: Natural Cure
|switch|p1a: Dugtrio|Dugtrio, M|88/100
|move|p2a: Swampert|Curse|p2a: Swampert
|-unboost|p2a: Swampert|spe|1
|-boost|p2a: Swampert|atk|1
|-boost|p2a: Swampert|def|1
|
|-weather|Sandstorm|[upkeep]
|-heal|p2a: Swampert|80/100 tox|[from] item: Leftovers
|-damage|p2a: Swampert|68/100 tox|[from] psn
|upkeep
|turn|90
|c|☆pkleech|which would mean midnight today
|inactive|plzzazz has 210 seconds left.
|c|☆plzzazz|damn
|c|☆plzzazz|rip to the set
|inactive|pkleech has 30 seconds left.
|inactive|pkleech has 20 seconds left.
|inactive|pkleech has 15 seconds left.
|
|t:|1728582121
|switch|p1a: Blissey|Blissey, F|71/100
|move|p2a: Swampert|Rest|p2a: Swampert
|-status|p2a: Swampert|slp|[from] move: Rest
|-heal|p2a: Swampert|100/100 slp|[silent]
|
|-weather|Sandstorm|[upkeep]
|-damage|p1a: Blissey|65/100|[from] Sandstorm
|-heal|p1a: Blissey|71/100|[from] item: Leftovers
|upkeep
|turn|91
|inactive|pkleech has 25 seconds left this turn.
|inactive|pkleech has 20 seconds left.
|inactive|pkleech has 15 seconds left.
|
|t:|1728582134
|switch|p1a: Tyranitar|Tyranitar, M|7/100
|cant|p2a: Swampert|slp
|
|-weather|Sandstorm|[upkeep]
|-heal|p1a: Tyranitar|13/100|[from] item: Leftovers
|upkeep
|turn|92
|inactive|pkleech has 25 seconds left this turn.
|
|t:|1728582137
|cant|p2a: Swampert|slp
|move|p1a: Tyranitar|Roar|p2a: Swampert
|drag|p2a: Skarmory|Skarmory, F|100/100
|
|-weather|Sandstorm|[upkeep]
|-heal|p1a: Tyranitar|19/100|[from] item: Leftovers
|upkeep
|turn|93
|
|t:|1728582150
|switch|p1a: Claydol|Claydol|62/100
|move|p2a: Skarmory|Toxic|p1a: Claydol
|-status|p1a: Claydol|tox
|
|-weather|Sandstorm|[upkeep]
|-heal|p1a: Claydol|68/100 tox|[from] item: Leftovers
|-damage|p1a: Claydol|62/100 tox|[from] psn
|upkeep
|turn|94
|
|t:|1728582153
|move|p1a: Claydol|Refresh|p1a: Claydol
|-curestatus|p1a: Claydol|tox|[msg]
|move|p2a: Skarmory|Spikes|p1a: Claydol
|-sidestart|p1: plzzazz|Spikes
|
|-weather|Sandstorm|[upkeep]
|-heal|p1a: Claydol|68/100|[from] item: Leftovers
|upkeep
|turn|95
|
|t:|1728582159
|move|p1a: Claydol|Rapid Spin|p2a: Skarmory
|-resisted|p2a: Skarmory
|-damage|p2a: Skarmory|99/100
|-sideend|p1: plzzazz|Spikes|[from] move: Rapid Spin|[of] p1a: Claydol
|move|p2a: Skarmory|Toxic|p1a: Claydol
|-status|p1a: Claydol|tox
|
|-weather|Sandstorm|[upkeep]
|-heal|p1a: Claydol|74/100 tox|[from] item: Leftovers
|-damage|p1a: Claydol|68/100 tox|[from] psn
|-heal|p2a: Skarmory|100/100|[from] item: Leftovers
|upkeep
|turn|96
|
|t:|1728582163
|switch|p2a: Swampert|Swampert, F|100/100 slp
|-damage|p2a: Swampert|88/100 slp|[from] Spikes
|move|p1a: Claydol|Refresh|p1a: Claydol
|-curestatus|p1a: Claydol|tox|[msg]
|
|-weather|Sandstorm|[upkeep]
|-heal|p1a: Claydol|74/100|[from] item: Leftovers
|-heal|p2a: Swampert|94/100 slp|[from] item: Leftovers
|upkeep
|turn|97
|inactive|plzzazz has 240 seconds left.
|
|t:|1728582187
|move|p1a: Claydol|Earthquake|p2a: Swampert
|-damage|p2a: Swampert|66/100 slp
|-curestatus|p2a: Swampert|slp|[msg]
|move|p2a: Swampert|Ice Beam|p1a: Claydol
|-supereffective|p1a: Claydol
|-damage|p1a: Claydol|39/100
|
|-weather|Sandstorm|[upkeep]
|-heal|p1a: Claydol|46/100|[from] item: Leftovers
|-heal|p2a: Swampert|72/100|[from] item: Leftovers
|upkeep
|turn|98
|inactive|pkleech has 60 seconds left.
|
|t:|1728582209
|switch|p1a: Milotic|Milotic, F|25/100
|move|p2a: Swampert|Earthquake|p1a: Milotic
|-damage|p1a: Milotic|0 fnt
|faint|p1a: Milotic
|
|t:|1728582214
|switch|p1a: Blissey|Blissey, F|71/100
|
|-weather|Sandstorm|[upkeep]
|-damage|p1a: Blissey|65/100|[from] Sandstorm
|-heal|p1a: Blissey|71/100|[from] item: Leftovers
|-heal|p2a: Swampert|78/100|[from] item: Leftovers
|upkeep
|turn|99
|inactive|pkleech has 60 seconds left.
|
|t:|1728582242
|move|p1a: Blissey|Soft-Boiled|p1a: Blissey
|-heal|p1a: Blissey|100/100
|move|p2a: Swampert|Earthquake|p1a: Blissey
|-damage|p1a: Blissey|61/100
|
|-weather|Sandstorm|[upkeep]
|-damage|p1a: Blissey|55/100|[from] Sandstorm
|-heal|p1a: Blissey|61/100|[from] item: Leftovers
|-heal|p2a: Swampert|84/100|[from] item: Leftovers
|upkeep
|turn|100
|
|t:|1728582256
|move|p1a: Blissey|Soft-Boiled|p1a: Blissey
|-heal|p1a: Blissey|100/100
|move|p2a: Swampert|Curse|p2a: Swampert
|-unboost|p2a: Swampert|spe|1
|-boost|p2a: Swampert|atk|1
|-boost|p2a: Swampert|def|1
|
|-weather|Sandstorm|[upkeep]
|-damage|p1a: Blissey|94/100|[from] Sandstorm
|-heal|p1a: Blissey|100/100|[from] item: Leftovers
|-heal|p2a: Swampert|91/100|[from] item: Leftovers
|upkeep
|turn|101
|
|t:|1728582259
|move|p1a: Blissey|Calm Mind|p1a: Blissey
|-boost|p1a: Blissey|spa|1
|-boost|p1a: Blissey|spd|1
|move|p2a: Swampert|Earthquake|p1a: Blissey
|-damage|p1a: Blissey|44/100
|
|-weather|Sandstorm|[upkeep]
|-damage|p1a: Blissey|38/100|[from] Sandstorm
|-heal|p1a: Blissey|44/100|[from] item: Leftovers
|-heal|p2a: Swampert|97/100|[from] item: Leftovers
|upkeep
|turn|102
|
|t:|1728582264
|move|p1a: Blissey|Ice Beam|p2a: Swampert
|-damage|p2a: Swampert|66/100
|move|p2a: Swampert|Earthquake|p1a: Blissey
|-damage|p1a: Blissey|0 fnt
|faint|p1a: Blissey
|
|t:|1728582268
|switch|p1a: Dugtrio|Dugtrio, M|88/100
|
|-weather|Sandstorm|[upkeep]
|-heal|p2a: Swampert|73/100|[from] item: Leftovers
|upkeep
|turn|103
|c|☆plzzazz|ggs
|
|t:|1728582272
|move|p1a: Dugtrio|Earthquake|p2a: Swampert
|-damage|p2a: Swampert|46/100
|move|p2a: Swampert|Earthquake|p1a: Dugtrio
|-damage|p1a: Dugtrio|0 fnt
|faint|p1a: Dugtrio
|
|t:|1728582275
|switch|p1a: Claydol|Claydol|46/100
|
|-weather|Sandstorm|[upkeep]
|-heal|p1a: Claydol|52/100|[from] item: Leftovers
|-heal|p2a: Swampert|52/100|[from] item: Leftovers
|upkeep
|turn|104
|c|☆pkleech|gg
|c|☆pkleech|oh
|
|t:|1728582281
|move|p1a: Claydol|Earthquake|p2a: Swampert
|-damage|p2a: Swampert|33/100
|move|p2a: Swampert|Ice Beam|p1a: Claydol
|-supereffective|p1a: Claydol
|-damage|p1a: Claydol|13/100
|
|-weather|Sandstorm|[upkeep]
|-heal|p1a: Claydol|19/100|[from] item: Leftovers
|-heal|p2a: Swampert|40/100|[from] item: Leftovers
|upkeep
|turn|105
|
|t:|1728582291
|move|p1a: Claydol|Earthquake|p2a: Swampert
|-damage|p2a: Swampert|21/100
|move|p2a: Swampert|Ice Beam|p1a: Claydol
|-supereffective|p1a: Claydol
|-damage|p1a: Claydol|0 fnt
|faint|p1a: Claydol
|
|t:|1728582293
|switch|p1a: Tyranitar|Tyranitar, M|19/100
|
|-weather|Sandstorm|[upkeep]
|-heal|p1a: Tyranitar|25/100|[from] item: Leftovers
|-heal|p2a: Swampert|28/100|[from] item: Leftovers
|upkeep
|turn|106
|
|t:|1728582303
|move|p1a: Tyranitar|Crunch|p2a: Swampert
|-damage|p2a: Swampert|0 fnt
|faint|p2a: Swampert
|
|t:|1728582306
|switch|p2a: Zapdos|Zapdos|62/100
|
|-weather|Sandstorm|[upkeep]
|-damage|p2a: Zapdos|56/100|[from] Sandstorm
|-heal|p2a: Zapdos|62/100|[from] item: Leftovers
|-heal|p1a: Tyranitar|32/100|[from] item: Leftovers
|upkeep
|turn|107
|
|t:|1728582308
|move|p2a: Zapdos|Thunderbolt|p1a: Tyranitar
|-damage|p1a: Tyranitar|0 fnt
|faint|p1a: Tyranitar
|
|win|pkleech
|c|☆pkleech|wow this was a game
|c|☆plzzazz|u want to try to fit more in
|c|☆pkleech|wp man lol
|c|☆pkleech|rn?
|c|☆plzzazz|u2
|c|☆plzzazz|yeah
|c|☆plzzazz|i gotta get back at 1
|player|p1|
|c|☆pkleech|let's try
|player|p1|plzzazz|pokemonbreederf-gen4|

</script>
<script type="application/json" class="data" id="replaydata-smogtours-gen3ou-796926">
{"id":"smogtours-gen3ou-796926","format":"[Gen 3] OU","players":["plzzazz","pkleech"],"uploadtime":1728582308,"views":117,"formatid":"gen3ou","rating":null,"private":0,"password":null}
</script>

<script defer src="js/replays.js?9d40a366"></script>
