<!DOCTYPE html>
<meta charset="utf-8" />
<meta name="viewport" content="width=device-width" />

<title>[Gen 3] OU: Mafx vs. the band pet - Replays - Pok&eacute;mon Showdown!</title>

<meta name="description" content="Watch a replay of a Pok&eacute;mon battle between Mafx and the band pet! Format: [Gen 3] OU; Date: Oct 2, 2024" />
<!--

Hey, you! Looking in the source for the replay log?

You can find them in JSON format, just add `.json` at the end of a replay URL.

https://replay.pokemonshowdown.com/gen7randomdoublesbattle-865046831.json

Or, if you only need the log itself, add `.log` instead:

https://replay.pokemonshowdown.com/gen7randomdoublesbattle-865046831.log

-->

<link rel="stylesheet" href="//pokemonshowdown.com/style/global.css?0.023195364461161105" />
<link rel="stylesheet" href="//play.pokemonshowdown.com/style/font-awesome.css?0.13261647063804238" />
<link rel="stylesheet" href="//play.pokemonshowdown.com/style/battle.css?0.8753245789963631" />
<link rel="stylesheet" href="//play.pokemonshowdown.com/style/utilichart.css?0.8627959624976733" />

<!-- Global site tag (gtag.js) - Google Analytics -->
<script async src="https://www.googletagmanager.com/gtag/js?id=UA-26211653-1"></script>
<script>
  window.dataLayer = window.dataLayer || [];
  function gtag(){dataLayer.push(arguments);}
  gtag('js', new Date());

  gtag('config', 'UA-26211653-1');
</script>
<!-- End Google Analytics -->
<!-- Venatus Ad Manager - Install in <HEAD> of page -->
	<script src="https://hb.vntsm.com/v3/live/ad-manager.min.js" type="text/javascript" data-site-id="642aba63ec9a7b11c3c9c1be" data-mode="scan" async></script>
<!-- / Venatus Ad Manager -->

<style>
	@media (max-width:820px) {
		.battle {
			margin: 0 auto;
		}
		.battle-log {
			margin: 7px auto 0;
			max-width: 640px;
			height: 300px;
			position: static;
		}
	}
	.optgroup {
		display: inline-block;
		line-height: 22px;
		font-size: 10pt;
	}
	.optgroup .button {
		height: 25px;
		padding-top: 0;
		padding-bottom: 0;
	}
	.optgroup button.button {
		padding-left: 12px;
		padding-right: 12px;
	}
	.linklist {
		list-style: none;
		margin: 0.5em 0;
		padding: 0;
	}
	.linklist li {
		padding: 2px 0;
	}
	.sidebar {
		float: left;
		width: 320px;
	}
	.bar-wrapper {
		max-width: 1100px;
		margin: 0 auto;
	}
	.bar-wrapper.has-sidebar {
		max-width: 1430px;
	}
	.mainbar {
		margin: 0;
		padding-right: 1px;
	}
	.mainbar.has-sidebar {
		margin-left: 330px;
	}
	@media (min-width: 1511px) {
		.sidebar {
			width: 400px;
		}
		.bar-wrapper.has-sidebar {
			max-width: 1510px;
		}
		.mainbar.has-sidebar {
			margin-left: 410px;
		}
	}
	.section.first-section {
		margin-top: 9px;
	}
	.blocklink small {
		white-space: normal;
	}
	.button {
		vertical-align: middle;
	}
	.replay-controls {
		padding-top: 10px;
	}
	.replay-controls h1 {
		font-size: 16pt;
		font-weight: normal;
		color: #CCC;
	}
	.pagelink {
		text-align: center;
	}
	.pagelink a {
		width: 150px;
	}
	.textbox, .button {
		font-size: 11pt;
		vertical-align: middle;
	}
	@media (max-width: 450px) {
		.button {
			font-size: 9pt;
		}
	}
</style>

<div>

	<header>
		<div class="nav-wrapper"><ul class="nav">
			<li><a class="button nav-first" href="//pokemonshowdown.com/"><img src="//pokemonshowdown.com/images/pokemonshowdownbeta.png" srcset="//pokemonshowdown.com/images/pokemonshowdownbeta.png 1x, //pokemonshowdown.com/images/pokemonshowdownbeta@2x.png 2x" alt="Pok&eacute;mon Showdown" width="146" height="44" /> Home</a></li>
			<li><a class="button" href="//pokemonshowdown.com/dex/">Pok&eacute;dex</a></li>
			<li><a class="button cur" href="/">Replays</a></li>
			<li><a class="button" href="//pokemonshowdown.com/ladder/">Ladder</a></li>
			<li><a class="button nav-last" href="//pokemonshowdown.com/forums/">Forum</a></li>
			<li><a class="button greenbutton nav-first nav-last" href="//play.pokemonshowdown.com/">Play</a></li>
		</ul></div>
	</header>

	<div class="main" id="main">

		<noscript><section class="section">You need to enable JavaScript to use this page; sorry!</section></noscript>

	</div>

</div>

<script defer nomodule src="//play.pokemonshowdown.com/js/lib/ps-polyfill.js"></script>
<script defer src="//play.pokemonshowdown.com/js/lib/preact.min.js"></script>

<script defer src="//play.pokemonshowdown.com/config/config.js?2bddbc15"></script>
<script defer src="//play.pokemonshowdown.com/js/lib/jquery-1.11.0.min.js"></script>
<script defer src="//play.pokemonshowdown.com/js/lib/html-sanitizer-minified.js"></script>
<script defer src="//play.pokemonshowdown.com/js/battle-sound.js"></script>
<script defer src="//play.pokemonshowdown.com/js/battledata.js?0.7209276989879541"></script>
<script defer src="//play.pokemonshowdown.com/data/pokedex-mini.js?0.6111056340867951"></script>
<script defer src="//play.pokemonshowdown.com/data/pokedex-mini-bw.js?0.3532142036491459"></script>
<script defer src="//play.pokemonshowdown.com/data/graphics.js?0.24223875632456182"></script>
<script defer src="//play.pokemonshowdown.com/data/pokedex.js?0.38839984266356864"></script>
<script defer src="//play.pokemonshowdown.com/data/moves.js?0.21866028504024015"></script>
<script defer src="//play.pokemonshowdown.com/data/abilities.js?0.2005157953846628"></script>
<script defer src="//play.pokemonshowdown.com/data/items.js?0.9894211263848525"></script>
<script defer src="//play.pokemonshowdown.com/data/teambuilder-tables.js?0.6008791140282215"></script>
<script defer src="//play.pokemonshowdown.com/js/battle-tooltips.js?0.7580118955022959"></script>
<script defer src="//play.pokemonshowdown.com/js/battle.js?0.6057722274234274"></script>

<script defer src="js/utils.js?e31f9a17"></script>
<script defer src="js/replays-battle.js?7008c182"></script>

<!-- don't scrape this data! just add .json or .log after the URL!
Full API docs: https://github.com/smogon/pokemon-showdown-client/blob/master/WEB-API.md -->
<script type="text/plain" class="log" id="replaylog-smogtours-gen3ou-793980">
|inactive|Battle timer is ON: inactive players will automatically lose when time's up.
|t:|1727889532
|gametype|singles
|player|p1|Mafx|170|
|player|p2|the band pet|169|
|teamsize|p1|6
|teamsize|p2|6
|gen|3
|tier|[Gen 3] OU
|rule|Sleep Clause Mod: Limit one foe put to sleep
|rule|Switch Priority Clause Mod: Faster Pokémon switch first
|rule|Species Clause: Limit one of each Pokémon
|rule|OHKO Clause: OHKO moves are banned
|rule|Evasion Items Clause: Evasion items are banned
|rule|Evasion Moves Clause: Evasion moves are banned
|rule|Endless Battle Clause: Forcing endless battles is banned
|rule|HP Percentage Mod: HP is shown in percentages
|rule|One Boost Passer Clause: Limit one Baton Passer that has a way to boost its stats
|rule|Freeze Clause Mod: Limit one foe frozen
|
|t:|1727889532
|start
|switch|p1a: Zapdos|Zapdos|100/100
|switch|p2a: Guston|Tyranitar, M|100/100
|-weather|Sandstorm|[from] ability: Sand Stream|[of] p2a: Guston
|turn|1
|inactive|the band pet has 270 seconds left.
|
|t:|1727889570
|switch|p2a: Bomberg|Zapdos|100/100
|move|p1a: Zapdos|Substitute|p1a: Zapdos
|-start|p1a: Zapdos|Substitute
|-damage|p1a: Zapdos|76/100
|
|-weather|Sandstorm|[upkeep]
|-damage|p1a: Zapdos|69/100|[from] Sandstorm
|-damage|p2a: Bomberg|94/100|[from] Sandstorm
|-heal|p1a: Zapdos|76/100|[from] item: Leftovers
|-heal|p2a: Bomberg|100/100|[from] item: Leftovers
|upkeep
|turn|2
|
|t:|1727889580
|move|p1a: Zapdos|Thunderbolt|p2a: Bomberg
|-damage|p2a: Bomberg|65/100
|move|p2a: Bomberg|Roar|p1a: Zapdos
|drag|p1a: Hariyama|Hariyama, F|100/100
|
|-weather|Sandstorm|[upkeep]
|-damage|p2a: Bomberg|59/100|[from] Sandstorm
|-damage|p1a: Hariyama|94/100|[from] Sandstorm
|-heal|p2a: Bomberg|65/100|[from] item: Leftovers
|-heal|p1a: Hariyama|100/100|[from] item: Leftovers
|upkeep
|turn|3
|
|t:|1727889597
|switch|p2a: Martin|Forretress, M|100/100
|move|p1a: Hariyama|Knock Off|p2a: Martin
|-resisted|p2a: Martin
|-crit|p2a: Martin
|-damage|p2a: Martin|98/100
|-enditem|p2a: Martin|Leftovers|[from] move: Knock Off|[of] p1a: Hariyama
|-hint|In Gens 3-4, Knock Off only makes the target's item unusable; it cannot obtain a new item.
|
|-weather|Sandstorm|[upkeep]
|-damage|p1a: Hariyama|94/100|[from] Sandstorm
|-heal|p1a: Hariyama|100/100|[from] item: Leftovers
|upkeep
|turn|4
|inactive|Mafx has 270 seconds left.
|inactive|Mafx has 240 seconds left.
|
|t:|1727889662
|move|p1a: Hariyama|Cross Chop|p2a: Martin|[miss]
|-miss|p1a: Hariyama|p2a: Martin
|move|p2a: Martin|Spikes|p1a: Hariyama
|-sidestart|p1: Mafx|Spikes
|
|-weather|Sandstorm|[upkeep]
|-damage|p1a: Hariyama|94/100|[from] Sandstorm
|-heal|p1a: Hariyama|100/100|[from] item: Leftovers
|upkeep
|turn|5
|inactive|Mafx has 240 seconds left.
|
|t:|1727889675
|switch|p1a: Zapdos|Zapdos|76/100
|move|p2a: Martin|Spikes|p1a: Zapdos
|-sidestart|p1: Mafx|Spikes
|
|-weather|Sandstorm|[upkeep]
|-damage|p1a: Zapdos|69/100|[from] Sandstorm
|-heal|p1a: Zapdos|76/100|[from] item: Leftovers
|upkeep
|turn|6
|inactive|Mafx has 240 seconds left.
|
|t:|1727889695
|move|p1a: Zapdos|Substitute|p1a: Zapdos
|-start|p1a: Zapdos|Substitute
|-damage|p1a: Zapdos|51/100
|move|p2a: Martin|Spikes|p1a: Zapdos
|-sidestart|p1: Mafx|Spikes
|
|-weather|Sandstorm|[upkeep]
|-damage|p1a: Zapdos|44/100|[from] Sandstorm
|-heal|p1a: Zapdos|51/100|[from] item: Leftovers
|upkeep
|turn|7
|inactive|the band pet has 270 seconds left.
|
|t:|1727889726
|switch|p2a: Bomberg|Zapdos|65/100
|move|p1a: Zapdos|Thunderbolt|p2a: Bomberg
|-damage|p2a: Bomberg|30/100
|
|-weather|Sandstorm|[upkeep]
|-damage|p1a: Zapdos|44/100|[from] Sandstorm
|-damage|p2a: Bomberg|24/100|[from] Sandstorm
|-heal|p1a: Zapdos|51/100|[from] item: Leftovers
|-heal|p2a: Bomberg|30/100|[from] item: Leftovers
|upkeep
|turn|8
|
|t:|1727889745
|move|p1a: Zapdos|Thunderbolt|p2a: Bomberg
|-damage|p2a: Bomberg|0 fnt
|faint|p2a: Bomberg
|
|t:|1727889761
|switch|p2a: Gris|Swampert, M|100/100
|
|-weather|Sandstorm|[upkeep]
|-damage|p1a: Zapdos|44/100|[from] Sandstorm
|-heal|p1a: Zapdos|51/100|[from] item: Leftovers
|upkeep
|turn|9
|
|t:|1727889768
|move|p1a: Zapdos|Hidden Power|p2a: Gris
|-supereffective|p2a: Gris
|-damage|p2a: Gris|7/100
|move|p2a: Gris|Ice Beam|p1a: Zapdos
|-supereffective|p1a: Zapdos
|-end|p1a: Zapdos|Substitute
|
|-weather|Sandstorm|[upkeep]
|-damage|p1a: Zapdos|44/100|[from] Sandstorm
|-heal|p1a: Zapdos|51/100|[from] item: Leftovers
|-heal|p2a: Gris|13/100|[from] item: Leftovers
|upkeep
|turn|10
|
|t:|1727889781
|move|p1a: Zapdos|Hidden Power|p2a: Gris
|-supereffective|p2a: Gris
|-damage|p2a: Gris|0 fnt
|faint|p2a: Gris
|
|t:|1727889783
|switch|p2a: Kossoff|Aerodactyl, M|100/100
|
|-weather|Sandstorm|[upkeep]
|-damage|p1a: Zapdos|44/100|[from] Sandstorm
|-heal|p1a: Zapdos|51/100|[from] item: Leftovers
|upkeep
|turn|11
|
|t:|1727889795
|move|p2a: Kossoff|Rock Slide|p1a: Zapdos
|-supereffective|p1a: Zapdos
|-damage|p1a: Zapdos|0 fnt
|faint|p1a: Zapdos
|inactive|Mafx has 240 seconds left.
|
|t:|1727889843
|switch|p1a: Swampert|Swampert, F|100/100
|-damage|p1a: Swampert|76/100|[from] Spikes
|
|-weather|Sandstorm|[upkeep]
|-heal|p1a: Swampert|82/100|[from] item: Leftovers
|upkeep
|turn|12
|
|t:|1727889853
|switch|p2a: Af Klimt|Venusaur, F|100/100
|move|p1a: Swampert|Ice Beam|p2a: Af Klimt
|-supereffective|p2a: Af Klimt
|-damage|p2a: Af Klimt|63/100
|
|-weather|Sandstorm|[upkeep]
|-damage|p2a: Af Klimt|57/100|[from] Sandstorm
|-heal|p2a: Af Klimt|63/100|[from] item: Leftovers
|-heal|p1a: Swampert|88/100|[from] item: Leftovers
|upkeep
|turn|13
|inactive|Mafx has 210 seconds left.
|inactive|Mafx has 180 seconds left.
|
|t:|1727889917
|switch|p1a: Hariyama|Hariyama, F|100/100
|-damage|p1a: Hariyama|76/100|[from] Spikes
|move|p2a: Af Klimt|Giga Drain|p1a: Hariyama
|-damage|p1a: Hariyama|54/100
|-heal|p2a: Af Klimt|77/100|[from] drain|[of] p1a: Hariyama
|
|-weather|Sandstorm|[upkeep]
|-damage|p2a: Af Klimt|71/100|[from] Sandstorm
|-damage|p1a: Hariyama|48/100|[from] Sandstorm
|-heal|p2a: Af Klimt|77/100|[from] item: Leftovers
|-heal|p1a: Hariyama|54/100|[from] item: Leftovers
|upkeep
|turn|14
|inactive|Mafx has 180 seconds left.
|
|t:|1727889945
|move|p2a: Af Klimt|Sleep Powder|p1a: Hariyama
|-status|p1a: Hariyama|slp|[from] move: Sleep Powder
|cant|p1a: Hariyama|slp
|
|-weather|Sandstorm|[upkeep]
|-damage|p2a: Af Klimt|71/100|[from] Sandstorm
|-damage|p1a: Hariyama|48/100 slp|[from] Sandstorm
|-heal|p2a: Af Klimt|77/100|[from] item: Leftovers
|-heal|p1a: Hariyama|54/100 slp|[from] item: Leftovers
|upkeep
|turn|15
|
|t:|1727889956
|move|p2a: Af Klimt|Leech Seed|p1a: Hariyama
|-start|p1a: Hariyama|move: Leech Seed
|cant|p1a: Hariyama|slp
|
|-weather|Sandstorm|[upkeep]
|-damage|p2a: Af Klimt|71/100|[from] Sandstorm
|-damage|p1a: Hariyama|48/100 slp|[from] Sandstorm
|-heal|p2a: Af Klimt|77/100|[from] item: Leftovers
|-heal|p1a: Hariyama|54/100 slp|[from] item: Leftovers
|-damage|p1a: Hariyama|42/100 slp|[from] Leech Seed|[of] p2a: Af Klimt
|-heal|p2a: Af Klimt|95/100|[silent]
|upkeep
|turn|16
|
|t:|1727889971
|switch|p2a: Martin|Forretress, M|98/100
|-curestatus|p1a: Hariyama|slp|[msg]
|move|p1a: Hariyama|Cross Chop|p2a: Martin
|-damage|p2a: Martin|64/100
|
|-weather|Sandstorm|[upkeep]
|-damage|p1a: Hariyama|36/100|[from] Sandstorm
|-heal|p1a: Hariyama|42/100|[from] item: Leftovers
|-damage|p1a: Hariyama|30/100|[from] Leech Seed|[of] p2a: Martin
|-heal|p2a: Martin|79/100|[silent]
|upkeep
|turn|17
|
|t:|1727889984
|move|p1a: Hariyama|Cross Chop|p2a: Martin
|-damage|p2a: Martin|45/100
|move|p2a: Martin|Hidden Power|p1a: Hariyama
|-resisted|p1a: Hariyama
|-damage|p1a: Hariyama|19/100
|
|-weather|Sandstorm|[upkeep]
|-damage|p1a: Hariyama|13/100|[from] Sandstorm
|-heal|p1a: Hariyama|19/100|[from] item: Leftovers
|-damage|p1a: Hariyama|7/100|[from] Leech Seed|[of] p2a: Martin
|-heal|p2a: Martin|60/100|[silent]
|upkeep
|turn|18
|
|t:|1727889996
|move|p1a: Hariyama|Cross Chop|p2a: Martin
|-damage|p2a: Martin|21/100
|move|p2a: Martin|Hidden Power|p1a: Hariyama
|-resisted|p1a: Hariyama
|-damage|p1a: Hariyama|0 fnt
|faint|p1a: Hariyama
|inactive|Mafx has 150 seconds left.
|inactive|Mafx has 120 seconds left.
|
|t:|1727890067
|switch|p1a: Swampert|Swampert, F|88/100
|-damage|p1a: Swampert|63/100|[from] Spikes
|
|-weather|Sandstorm|[upkeep]
|-heal|p1a: Swampert|69/100|[from] item: Leftovers
|upkeep
|turn|19
|inactive|Mafx has 90 seconds left.
|
|t:|1727890091
|switch|p2a: Af Klimt|Venusaur, F|95/100
|move|p1a: Swampert|Hydro Pump|p2a: Af Klimt
|-resisted|p2a: Af Klimt
|-damage|p2a: Af Klimt|76/100
|
|-weather|Sandstorm|[upkeep]
|-damage|p2a: Af Klimt|70/100|[from] Sandstorm
|-heal|p2a: Af Klimt|76/100|[from] item: Leftovers
|-heal|p1a: Swampert|76/100|[from] item: Leftovers
|upkeep
|turn|20
|inactive|Mafx has 90 seconds left.
|
|t:|1727890119
|move|p2a: Af Klimt|Sleep Powder|p1a: Swampert|[miss]
|-miss|p2a: Af Klimt|p1a: Swampert
|move|p1a: Swampert|Ice Beam|p2a: Af Klimt
|-supereffective|p2a: Af Klimt
|-damage|p2a: Af Klimt|37/100
|
|-weather|Sandstorm|[upkeep]
|-damage|p2a: Af Klimt|32/100|[from] Sandstorm
|-heal|p2a: Af Klimt|37/100|[from] item: Leftovers
|-heal|p1a: Swampert|82/100|[from] item: Leftovers
|upkeep
|turn|21
|inactive|Mafx has 60 seconds left.
|
|t:|1727890140
|move|p2a: Af Klimt|Giga Drain|p1a: Swampert
|-supereffective|p1a: Swampert
|-damage|p1a: Swampert|0 fnt
|-heal|p2a: Af Klimt|92/100|[from] drain|[of] p1a: Swampert
|faint|p1a: Swampert
|inactive|Mafx has 60 seconds left.
|inactive|Mafx has 30 seconds left.
|
|t:|1727890176
|switch|p1a: Aerodactyl|Aerodactyl, F|100/100
|
|-weather|Sandstorm|[upkeep]
|-damage|p2a: Af Klimt|86/100|[from] Sandstorm
|-heal|p2a: Af Klimt|92/100|[from] item: Leftovers
|upkeep
|turn|22
|
|t:|1727890184
|switch|p2a: Martin|Forretress, M|21/100
|move|p1a: Aerodactyl|Hidden Power|p2a: Martin
|-damage|p2a: Martin|0 fnt
|faint|p2a: Martin
|
|t:|1727890200
|switch|p2a: Kossoff|Aerodactyl, M|100/100
|
|-weather|Sandstorm|[upkeep]
|upkeep
|turn|23
|
|t:|1727890208
|switch|p1a: Suicune|Suicune|100/100
|-damage|p1a: Suicune|76/100|[from] Spikes
|move|p2a: Kossoff|Rock Slide|p1a: Suicune
|-damage|p1a: Suicune|45/100
|
|-weather|Sandstorm|[upkeep]
|-damage|p1a: Suicune|39/100|[from] Sandstorm
|-heal|p1a: Suicune|45/100|[from] item: Leftovers
|upkeep
|turn|24
|
|t:|1727890231
|move|p2a: Kossoff|Rock Slide|p1a: Suicune
|-damage|p1a: Suicune|19/100
|move|p1a: Suicune|Ice Beam|p2a: Kossoff
|-supereffective|p2a: Kossoff
|-damage|p2a: Kossoff|47/100
|-status|p2a: Kossoff|frz
|
|-weather|Sandstorm|[upkeep]
|-damage|p1a: Suicune|13/100|[from] Sandstorm
|-heal|p1a: Suicune|19/100|[from] item: Leftovers
|upkeep
|turn|25
|inactive|Mafx has 30 seconds left.
|
|t:|1727890252
|cant|p2a: Kossoff|frz
|move|p1a: Suicune|Calm Mind|p1a: Suicune
|-boost|p1a: Suicune|spa|1
|-boost|p1a: Suicune|spd|1
|
|-weather|Sandstorm|[upkeep]
|-damage|p1a: Suicune|13/100|[from] Sandstorm
|-heal|p1a: Suicune|19/100|[from] item: Leftovers
|upkeep
|turn|26
|inactive|Mafx has 30 seconds left.
|
|t:|1727890259
|cant|p2a: Kossoff|frz
|move|p1a: Suicune|Ice Beam|p2a: Kossoff
|-supereffective|p2a: Kossoff
|-damage|p2a: Kossoff|0 fnt
|faint|p2a: Kossoff
|
|t:|1727890265
|switch|p2a: Af Klimt|Venusaur, F|92/100
|
|-weather|Sandstorm|[upkeep]
|-damage|p2a: Af Klimt|86/100|[from] Sandstorm
|-damage|p1a: Suicune|13/100|[from] Sandstorm
|-heal|p2a: Af Klimt|92/100|[from] item: Leftovers
|-heal|p1a: Suicune|19/100|[from] item: Leftovers
|upkeep
|turn|27
|
|t:|1727890272
|move|p2a: Af Klimt|Giga Drain|p1a: Suicune
|-supereffective|p1a: Suicune
|-damage|p1a: Suicune|0 fnt
|-heal|p2a: Af Klimt|100/100|[from] drain|[of] p1a: Suicune
|faint|p1a: Suicune
|inactive|Mafx has 30 seconds left.
|inactive|Mafx has 20 seconds left.
|inactive|Mafx has 15 seconds left.
|
|t:|1727890303
|switch|p1a: Aerodactyl|Aerodactyl, F|100/100
|
|-weather|Sandstorm|[upkeep]
|-damage|p2a: Af Klimt|95/100|[from] Sandstorm
|-heal|p2a: Af Klimt|100/100|[from] item: Leftovers
|upkeep
|turn|28
|inactive|Mafx has 25 seconds left this turn.
|inactive|Mafx has 20 seconds left.
|
|t:|1727890312
|switch|p2a: Guston|Tyranitar, M|100/100
|move|p1a: Aerodactyl|Earthquake|p2a: Guston
|-supereffective|p2a: Guston
|-damage|p2a: Guston|20/100
|
|-weather|Sandstorm|[upkeep]
|-heal|p2a: Guston|26/100|[from] item: Leftovers
|upkeep
|turn|29
|inactive|Mafx has 30 seconds left this turn.
|
|t:|1727890320
|switch|p2a: Af Klimt|Venusaur, F|100/100
|move|p1a: Aerodactyl|Earthquake|p2a: Af Klimt
|-damage|p2a: Af Klimt|43/100
|
|-weather|Sandstorm|[upkeep]
|-damage|p2a: Af Klimt|37/100|[from] Sandstorm
|-heal|p2a: Af Klimt|43/100|[from] item: Leftovers
|upkeep
|turn|30
|inactive|Mafx has 30 seconds left.
|
|t:|1727890327
|move|p1a: Aerodactyl|Earthquake|p2a: Af Klimt
|-damage|p2a: Af Klimt|0 fnt
|faint|p2a: Af Klimt
|
|t:|1727890330
|switch|p2a: Guston|Tyranitar, M|26/100
|
|-weather|Sandstorm|[upkeep]
|-heal|p2a: Guston|32/100|[from] item: Leftovers
|upkeep
|turn|31
|
|t:|1727890334
|move|p1a: Aerodactyl|Earthquake|p2a: Guston
|-supereffective|p2a: Guston
|-damage|p2a: Guston|0 fnt
|faint|p2a: Guston
|
|win|Mafx
|c|☆the band pet|gg
|c|☆Mafx|ggs

</script>
<script type="application/json" class="data" id="replaydata-smogtours-gen3ou-793980">
{"id":"smogtours-gen3ou-793980","format":"[Gen 3] OU","players":["Mafx","the band pet"],"uploadtime":1727890334,"views":93,"formatid":"gen3ou","rating":null,"private":0,"password":null}
</script>

<script defer src="js/replays.js?9d40a366"></script>
