<!DOCTYPE html>
<meta charset="utf-8" />
<meta name="viewport" content="width=device-width" />

<title>[Gen 3] OU: Eduardo Carapinga vs. hey its me riley - Replays - Pok&eacute;mon Showdown!</title>

<meta name="description" content="Watch a replay of a Pok&eacute;mon battle between Eduardo Carapinga and hey its me riley! Format: [Gen 3] OU; Date: Oct 29, 2024" />
<!--

Hey, you! Looking in the source for the replay log?

You can find them in JSON format, just add `.json` at the end of a replay URL.

https://replay.pokemonshowdown.com/gen7randomdoublesbattle-865046831.json

Or, if you only need the log itself, add `.log` instead:

https://replay.pokemonshowdown.com/gen7randomdoublesbattle-865046831.log

-->

<link rel="stylesheet" href="//pokemonshowdown.com/style/global.css?0.023195364461161105" />
<link rel="stylesheet" href="//play.pokemonshowdown.com/style/font-awesome.css?0.13261647063804238" />
<link rel="stylesheet" href="//play.pokemonshowdown.com/style/battle.css?0.8753245789963631" />
<link rel="stylesheet" href="//play.pokemonshowdown.com/style/utilichart.css?0.8627959624976733" />

<!-- Global site tag (gtag.js) - Google Analytics -->
<script async src="https://www.googletagmanager.com/gtag/js?id=UA-26211653-1"></script>
<script>
  window.dataLayer = window.dataLayer || [];
  function gtag(){dataLayer.push(arguments);}
  gtag('js', new Date());

  gtag('config', 'UA-26211653-1');
</script>
<!-- End Google Analytics -->
<!-- Venatus Ad Manager - Install in <HEAD> of page -->
	<script src="https://hb.vntsm.com/v3/live/ad-manager.min.js" type="text/javascript" data-site-id="642aba63ec9a7b11c3c9c1be" data-mode="scan" async></script>
<!-- / Venatus Ad Manager -->

<style>
	@media (max-width:820px) {
		.battle {
			margin: 0 auto;
		}
		.battle-log {
			margin: 7px auto 0;
			max-width: 640px;
			height: 300px;
			position: static;
		}
	}
	.optgroup {
		display: inline-block;
		line-height: 22px;
		font-size: 10pt;
	}
	.optgroup .button {
		height: 25px;
		padding-top: 0;
		padding-bottom: 0;
	}
	.optgroup button.button {
		padding-left: 12px;
		padding-right: 12px;
	}
	.linklist {
		list-style: none;
		margin: 0.5em 0;
		padding: 0;
	}
	.linklist li {
		padding: 2px 0;
	}
	.sidebar {
		float: left;
		width: 320px;
	}
	.bar-wrapper {
		max-width: 1100px;
		margin: 0 auto;
	}
	.bar-wrapper.has-sidebar {
		max-width: 1430px;
	}
	.mainbar {
		margin: 0;
		padding-right: 1px;
	}
	.mainbar.has-sidebar {
		margin-left: 330px;
	}
	@media (min-width: 1511px) {
		.sidebar {
			width: 400px;
		}
		.bar-wrapper.has-sidebar {
			max-width: 1510px;
		}
		.mainbar.has-sidebar {
			margin-left: 410px;
		}
	}
	.section.first-section {
		margin-top: 9px;
	}
	.blocklink small {
		white-space: normal;
	}
	.button {
		vertical-align: middle;
	}
	.replay-controls {
		padding-top: 10px;
	}
	.replay-controls h1 {
		font-size: 16pt;
		font-weight: normal;
		color: #CCC;
	}
	.pagelink {
		text-align: center;
	}
	.pagelink a {
		width: 150px;
	}
	.textbox, .button {
		font-size: 11pt;
		vertical-align: middle;
	}
	@media (max-width: 450px) {
		.button {
			font-size: 9pt;
		}
	}
</style>

<div>

	<header>
		<div class="nav-wrapper"><ul class="nav">
			<li><a class="button nav-first" href="//pokemonshowdown.com/"><img src="//pokemonshowdown.com/images/pokemonshowdownbeta.png" srcset="//pokemonshowdown.com/images/pokemonshowdownbeta.png 1x, //pokemonshowdown.com/images/pokemonshowdownbeta@2x.png 2x" alt="Pok&eacute;mon Showdown" width="146" height="44" /> Home</a></li>
			<li><a class="button" href="//pokemonshowdown.com/dex/">Pok&eacute;dex</a></li>
			<li><a class="button cur" href="/">Replays</a></li>
			<li><a class="button" href="//pokemonshowdown.com/ladder/">Ladder</a></li>
			<li><a class="button nav-last" href="//pokemonshowdown.com/forums/">Forum</a></li>
			<li><a class="button greenbutton nav-first nav-last" href="//play.pokemonshowdown.com/">Play</a></li>
		</ul></div>
	</header>

	<div class="main" id="main">

		<noscript><section class="section">You need to enable JavaScript to use this page; sorry!</section></noscript>

	</div>

</div>

<script defer nomodule src="//play.pokemonshowdown.com/js/lib/ps-polyfill.js"></script>
<script defer src="//play.pokemonshowdown.com/js/lib/preact.min.js"></script>

<script defer src="//play.pokemonshowdown.com/config/config.js?2bddbc15"></script>
<script defer src="//play.pokemonshowdown.com/js/lib/jquery-1.11.0.min.js"></script>
<script defer src="//play.pokemonshowdown.com/js/lib/html-sanitizer-minified.js"></script>
<script defer src="//play.pokemonshowdown.com/js/battle-sound.js"></script>
<script defer src="//play.pokemonshowdown.com/js/battledata.js?0.7209276989879541"></script>
<script defer src="//play.pokemonshowdown.com/data/pokedex-mini.js?0.6111056340867951"></script>
<script defer src="//play.pokemonshowdown.com/data/pokedex-mini-bw.js?0.3532142036491459"></script>
<script defer src="//play.pokemonshowdown.com/data/graphics.js?0.24223875632456182"></script>
<script defer src="//play.pokemonshowdown.com/data/pokedex.js?0.38839984266356864"></script>
<script defer src="//play.pokemonshowdown.com/data/moves.js?0.21866028504024015"></script>
<script defer src="//play.pokemonshowdown.com/data/abilities.js?0.2005157953846628"></script>
<script defer src="//play.pokemonshowdown.com/data/items.js?0.9894211263848525"></script>
<script defer src="//play.pokemonshowdown.com/data/teambuilder-tables.js?0.6008791140282215"></script>
<script defer src="//play.pokemonshowdown.com/js/battle-tooltips.js?0.7580118955022959"></script>
<script defer src="//play.pokemonshowdown.com/js/battle.js?0.6057722274234274"></script>

<script defer src="js/utils.js?e31f9a17"></script>
<script defer src="js/replays-battle.js?7008c182"></script>

<!-- don't scrape this data! just add .json or .log after the URL!
Full API docs: https://github.com/smogon/pokemon-showdown-client/blob/master/WEB-API.md -->
<script type="text/plain" class="log" id="replaylog-smogtours-gen3ou-803200">
|inactive|Battle timer is ON: inactive players will automatically lose when time's up.
|t:|1730161022
|gametype|singles
|player|p1|Eduardo Carapinga|#splxvraiders|
|player|p2|hey its me riley|169|
|teamsize|p1|6
|teamsize|p2|6
|gen|3
|tier|[Gen 3] OU
|rule|Sleep Clause Mod: Limit one foe put to sleep
|rule|Switch Priority Clause Mod: Faster Pokémon switch first
|rule|Species Clause: Limit one of each Pokémon
|rule|OHKO Clause: OHKO moves are banned
|rule|Evasion Items Clause: Evasion items are banned
|rule|Evasion Moves Clause: Evasion moves are banned
|rule|Endless Battle Clause: Forcing endless battles is banned
|rule|HP Percentage Mod: HP is shown in percentages
|rule|One Boost Passer Clause: Limit one Baton Passer that has a way to boost its stats
|rule|Freeze Clause Mod: Limit one foe frozen
|
|t:|1730161022
|start
|switch|p1a: Thor|Zapdos|100/100
|switch|p2a: Suicune|Suicune|100/100
|turn|1
|
|t:|1730161033
|switch|p2a: Jirachi|Jirachi|100/100
|move|p1a: Thor|Toxic|p2a: Jirachi|[miss]
|-miss|p1a: Thor|p2a: Jirachi
|
|upkeep
|turn|2
|
|t:|1730161039
|move|p2a: Jirachi|Calm Mind|p2a: Jirachi
|-boost|p2a: Jirachi|spa|1
|-boost|p2a: Jirachi|spd|1
|move|p1a: Thor|Thunderbolt|p2a: Jirachi
|-damage|p2a: Jirachi|72/100
|
|-heal|p2a: Jirachi|78/100|[from] item: Leftovers
|upkeep
|turn|3
|
|t:|1730161047
|switch|p1a: Dinamita|Tyranitar, M|100/100
|-weather|Sandstorm|[from] ability: Sand Stream|[of] p1a: Dinamita
|move|p2a: Jirachi|Psychic|p1a: Dinamita
|-immune|p1a: Dinamita
|
|-weather|Sandstorm|[upkeep]
|-heal|p2a: Jirachi|84/100|[from] item: Leftovers
|upkeep
|turn|4
|
|t:|1730161059
|move|p2a: Jirachi|Hidden Power|p1a: Dinamita
|-supereffective|p1a: Dinamita
|-damage|p1a: Dinamita|51/100
|move|p1a: Dinamita|Earthquake|p2a: Jirachi
|-supereffective|p2a: Jirachi
|-damage|p2a: Jirachi|0 fnt
|faint|p2a: Jirachi
|
|t:|1730161064
|switch|p2a: Dugtrio|Dugtrio, F|100/100
|
|-weather|Sandstorm|[upkeep]
|upkeep
|turn|5
|
|t:|1730161067
|move|p2a: Dugtrio|Earthquake|p1a: Dinamita
|-supereffective|p1a: Dinamita
|-damage|p1a: Dinamita|0 fnt
|faint|p1a: Dinamita
|
|t:|1730161070
|switch|p1a: Thor|Zapdos|100/100
|
|-weather|Sandstorm|[upkeep]
|-damage|p1a: Thor|94/100|[from] Sandstorm
|-heal|p1a: Thor|100/100|[from] item: Leftovers
|upkeep
|turn|6
|
|t:|1730161074
|switch|p2a: Celebi|Celebi|100/100
|move|p1a: Thor|Toxic|p2a: Celebi
|-status|p2a: Celebi|tox
|
|-weather|Sandstorm|[upkeep]
|-damage|p2a: Celebi|95/100 tox|[from] Sandstorm
|-damage|p1a: Thor|94/100|[from] Sandstorm
|-heal|p2a: Celebi|100/100 tox|[from] item: Leftovers
|-damage|p2a: Celebi|95/100 tox|[from] psn
|-heal|p1a: Thor|100/100|[from] item: Leftovers
|upkeep
|turn|7
|
|t:|1730161080
|move|p2a: Celebi|Baton Pass|p2a: Celebi
|
|t:|1730161085
|-curestatus|p2a: Celebi|tox|[from] ability: Natural Cure
|switch|p2a: Porygon2|Porygon2|100/100|[from] Baton Pass
|-ability|p2a: Porygon2|Pressure|[from] ability: Trace|[of] p1a: Thor
|move|p1a: Thor|Thunderbolt|p2a: Porygon2
|-damage|p2a: Porygon2|62/100
|
|-weather|Sandstorm|[upkeep]
|-damage|p1a: Thor|94/100|[from] Sandstorm
|-damage|p2a: Porygon2|56/100|[from] Sandstorm
|-heal|p1a: Thor|100/100|[from] item: Leftovers
|-heal|p2a: Porygon2|62/100|[from] item: Leftovers
|upkeep
|turn|8
|
|t:|1730161092
|move|p1a: Thor|Thunderbolt|p2a: Porygon2
|-damage|p2a: Porygon2|25/100
|move|p2a: Porygon2|Toxic|p1a: Thor
|-status|p1a: Thor|tox
|
|-weather|Sandstorm|[upkeep]
|-damage|p1a: Thor|94/100 tox|[from] Sandstorm
|-damage|p2a: Porygon2|19/100|[from] Sandstorm
|-heal|p1a: Thor|100/100 tox|[from] item: Leftovers
|-damage|p1a: Thor|94/100 tox|[from] psn
|-heal|p2a: Porygon2|25/100|[from] item: Leftovers
|upkeep
|turn|9
|
|t:|1730161105
|switch|p2a: Celebi|Celebi|95/100
|move|p1a: Thor|Thunderbolt|p2a: Celebi
|-resisted|p2a: Celebi
|-damage|p2a: Celebi|78/100
|-status|p2a: Celebi|par
|
|-weather|Sandstorm|[upkeep]
|-damage|p1a: Thor|88/100 tox|[from] Sandstorm
|-damage|p2a: Celebi|72/100 par|[from] Sandstorm
|-heal|p1a: Thor|94/100 tox|[from] item: Leftovers
|-damage|p1a: Thor|82/100 tox|[from] psn
|-heal|p2a: Celebi|78/100 par|[from] item: Leftovers
|upkeep
|turn|10
|
|t:|1730161111
|switch|p1a: Imperius|Aerodactyl, F|100/100
|cant|p2a: Celebi|par
|
|-weather|Sandstorm|[upkeep]
|-damage|p2a: Celebi|72/100 par|[from] Sandstorm
|-heal|p2a: Celebi|78/100 par|[from] item: Leftovers
|upkeep
|turn|11
|
|t:|1730161117
|-curestatus|p2a: Celebi|par|[from] ability: Natural Cure
|switch|p2a: Porygon2|Porygon2|25/100
|-ability|p2a: Porygon2|Rock Head|[from] ability: Trace|[of] p1a: Imperius
|move|p1a: Imperius|Hidden Power|p2a: Porygon2
|-damage|p2a: Porygon2|0 fnt
|faint|p2a: Porygon2
|
|t:|1730161125
|switch|p2a: Raikou|Raikou|100/100
|
|-weather|Sandstorm|[upkeep]
|-damage|p2a: Raikou|94/100|[from] Sandstorm
|-heal|p2a: Raikou|100/100|[from] item: Leftovers
|upkeep
|turn|12
|
|t:|1730161132
|switch|p1a: Orion|Dugtrio, M|100/100
|move|p2a: Raikou|Thunderbolt|p1a: Orion
|-immune|p1a: Orion
|
|-weather|Sandstorm|[upkeep]
|-damage|p2a: Raikou|94/100|[from] Sandstorm
|-heal|p2a: Raikou|100/100|[from] item: Leftovers
|upkeep
|turn|13
|
|t:|1730161138
|move|p1a: Orion|Earthquake|p2a: Raikou
|-supereffective|p2a: Raikou
|-damage|p2a: Raikou|0 fnt
|faint|p2a: Raikou
|
|t:|1730161147
|switch|p2a: Suicune|Suicune|100/100
|
|-weather|Sandstorm|[upkeep]
|-damage|p2a: Suicune|94/100|[from] Sandstorm
|-heal|p2a: Suicune|100/100|[from] item: Leftovers
|upkeep
|turn|14
|
|t:|1730161153
|switch|p1a: Thor|Zapdos|82/100 tox
|move|p2a: Suicune|Hydro Pump|p1a: Thor
|-damage|p1a: Thor|43/100 tox
|
|-weather|Sandstorm|[upkeep]
|-damage|p2a: Suicune|94/100|[from] Sandstorm
|-damage|p1a: Thor|37/100 tox|[from] Sandstorm
|-heal|p2a: Suicune|100/100|[from] item: Leftovers
|-heal|p1a: Thor|43/100 tox|[from] item: Leftovers
|-damage|p1a: Thor|37/100 tox|[from] psn
|upkeep
|turn|15
|
|t:|1730161159
|switch|p2a: Celebi|Celebi|78/100
|move|p1a: Thor|Thunderbolt|p2a: Celebi
|-resisted|p2a: Celebi
|-damage|p2a: Celebi|59/100
|
|-weather|Sandstorm|[upkeep]
|-damage|p2a: Celebi|53/100|[from] Sandstorm
|-damage|p1a: Thor|31/100 tox|[from] Sandstorm
|-heal|p2a: Celebi|59/100|[from] item: Leftovers
|-heal|p1a: Thor|37/100 tox|[from] item: Leftovers
|-damage|p1a: Thor|24/100 tox|[from] psn
|upkeep
|turn|16
|
|t:|1730161167
|switch|p1a: Ironface|Metagross|100/100
|move|p2a: Celebi|Giga Drain|p1a: Ironface
|-resisted|p1a: Ironface
|-damage|p1a: Ironface|86/100
|-heal|p2a: Celebi|65/100|[from] drain|[of] p1a: Ironface
|
|-weather|Sandstorm|[upkeep]
|-damage|p2a: Celebi|59/100|[from] Sandstorm
|-heal|p2a: Celebi|65/100|[from] item: Leftovers
|upkeep
|turn|17
|
|t:|1730161179
|move|p2a: Celebi|Hidden Power|p1a: Ironface
|-supereffective|p1a: Ironface
|-damage|p1a: Ironface|43/100
|move|p1a: Ironface|Explosion|p2a: Celebi
|-damage|p2a: Celebi|0 fnt
|faint|p1a: Ironface
|faint|p2a: Celebi
|
|t:|1730161187
|switch|p2a: Suicune|Suicune|100/100
|switch|p1a: Thor|Zapdos|24/100 tox
|
|-weather|Sandstorm|[upkeep]
|-damage|p2a: Suicune|94/100|[from] Sandstorm
|-damage|p1a: Thor|18/100 tox|[from] Sandstorm
|-heal|p2a: Suicune|100/100|[from] item: Leftovers
|-heal|p1a: Thor|24/100 tox|[from] item: Leftovers
|-damage|p1a: Thor|18/100 tox|[from] psn
|upkeep
|turn|18
|
|t:|1730161195
|switch|p2a: Dugtrio|Dugtrio, F|100/100
|move|p1a: Thor|Thunderbolt|p2a: Dugtrio
|-immune|p2a: Dugtrio
|
|-weather|Sandstorm|[upkeep]
|-damage|p1a: Thor|12/100 tox|[from] Sandstorm
|-heal|p1a: Thor|18/100 tox|[from] item: Leftovers
|-damage|p1a: Thor|6/100 tox|[from] psn
|upkeep
|turn|19
|
|t:|1730161201
|switch|p2a: Suicune|Suicune|100/100
|move|p1a: Thor|Rest|p1a: Thor
|-status|p1a: Thor|slp|[from] move: Rest
|-heal|p1a: Thor|100/100 slp|[silent]
|
|-weather|Sandstorm|[upkeep]
|-damage|p2a: Suicune|94/100|[from] Sandstorm
|-damage|p1a: Thor|94/100 slp|[from] Sandstorm
|-heal|p2a: Suicune|100/100|[from] item: Leftovers
|-heal|p1a: Thor|100/100 slp|[from] item: Leftovers
|upkeep
|turn|20
|
|t:|1730161206
|move|p2a: Suicune|Calm Mind|p2a: Suicune
|-boost|p2a: Suicune|spa|1
|-boost|p2a: Suicune|spd|1
|cant|p1a: Thor|slp
|
|-weather|Sandstorm|[upkeep]
|-damage|p2a: Suicune|94/100|[from] Sandstorm
|-damage|p1a: Thor|94/100 slp|[from] Sandstorm
|-heal|p2a: Suicune|100/100|[from] item: Leftovers
|-heal|p1a: Thor|100/100 slp|[from] item: Leftovers
|upkeep
|turn|21
|
|t:|1730161211
|switch|p1a: Lodoso|Swampert, F|100/100
|move|p2a: Suicune|Calm Mind|p2a: Suicune
|-boost|p2a: Suicune|spa|1
|-boost|p2a: Suicune|spd|1
|
|-weather|Sandstorm|[upkeep]
|-damage|p2a: Suicune|94/100|[from] Sandstorm
|-heal|p2a: Suicune|100/100|[from] item: Leftovers
|upkeep
|turn|22
|
|t:|1730161214
|move|p2a: Suicune|Hydro Pump|p1a: Lodoso|[miss]
|-miss|p2a: Suicune|p1a: Lodoso
|move|p1a: Lodoso|Toxic|p2a: Suicune|[miss]
|-miss|p1a: Lodoso|p2a: Suicune
|
|-weather|Sandstorm|[upkeep]
|-damage|p2a: Suicune|94/100|[from] Sandstorm
|-heal|p2a: Suicune|100/100|[from] item: Leftovers
|upkeep
|turn|23
|
|t:|1730161217
|move|p2a: Suicune|Hydro Pump|p1a: Lodoso|[miss]
|-miss|p2a: Suicune|p1a: Lodoso
|move|p1a: Lodoso|Toxic|p2a: Suicune|[miss]
|-miss|p1a: Lodoso|p2a: Suicune
|
|-weather|Sandstorm|[upkeep]
|-damage|p2a: Suicune|94/100|[from] Sandstorm
|-heal|p2a: Suicune|100/100|[from] item: Leftovers
|upkeep
|turn|24
|
|t:|1730161222
|move|p2a: Suicune|Hydro Pump|p1a: Lodoso
|-damage|p1a: Lodoso|2/100
|move|p1a: Lodoso|Toxic|p2a: Suicune
|-status|p2a: Suicune|tox
|
|-weather|Sandstorm|[upkeep]
|-damage|p2a: Suicune|94/100 tox|[from] Sandstorm
|-heal|p2a: Suicune|100/100 tox|[from] item: Leftovers
|-damage|p2a: Suicune|94/100 tox|[from] psn
|-heal|p1a: Lodoso|8/100|[from] item: Leftovers
|upkeep
|turn|25
|
|t:|1730161227
|move|p1a: Lodoso|Protect|p1a: Lodoso
|-singleturn|p1a: Lodoso|Protect
|move|p2a: Suicune|Ice Beam|p1a: Lodoso
|-activate|p1a: Lodoso|Protect
|
|-weather|Sandstorm|[upkeep]
|-damage|p2a: Suicune|88/100 tox|[from] Sandstorm
|-heal|p2a: Suicune|94/100 tox|[from] item: Leftovers
|-damage|p2a: Suicune|82/100 tox|[from] psn
|-heal|p1a: Lodoso|14/100|[from] item: Leftovers
|upkeep
|turn|26
|
|t:|1730161229
|switch|p1a: Thor|Zapdos|100/100 slp
|move|p2a: Suicune|Ice Beam|p1a: Thor
|-supereffective|p1a: Thor
|-damage|p1a: Thor|24/100 slp
|
|-weather|Sandstorm|[upkeep]
|-damage|p2a: Suicune|76/100 tox|[from] Sandstorm
|-damage|p1a: Thor|18/100 slp|[from] Sandstorm
|-heal|p2a: Suicune|82/100 tox|[from] item: Leftovers
|-damage|p2a: Suicune|64/100 tox|[from] psn
|-heal|p1a: Thor|24/100 slp|[from] item: Leftovers
|upkeep
|turn|27
|
|t:|1730161232
|move|p2a: Suicune|Ice Beam|p1a: Thor
|-supereffective|p1a: Thor
|-damage|p1a: Thor|0 fnt
|faint|p1a: Thor
|
|t:|1730161234
|switch|p1a: Lodoso|Swampert, F|14/100
|
|-weather|Sandstorm|[upkeep]
|-damage|p2a: Suicune|58/100 tox|[from] Sandstorm
|-heal|p2a: Suicune|64/100 tox|[from] item: Leftovers
|-damage|p2a: Suicune|40/100 tox|[from] psn
|-heal|p1a: Lodoso|20/100|[from] item: Leftovers
|upkeep
|turn|28
|
|t:|1730161245
|move|p1a: Lodoso|Protect|p1a: Lodoso
|-singleturn|p1a: Lodoso|Protect
|move|p2a: Suicune|Ice Beam|p1a: Lodoso
|-activate|p1a: Lodoso|Protect
|
|-weather|Sandstorm|[upkeep]
|-damage|p2a: Suicune|34/100 tox|[from] Sandstorm
|-heal|p2a: Suicune|40/100 tox|[from] item: Leftovers
|-damage|p2a: Suicune|10/100 tox|[from] psn
|-heal|p1a: Lodoso|26/100|[from] item: Leftovers
|upkeep
|turn|29
|
|t:|1730161251
|move|p1a: Lodoso|Protect|p1a: Lodoso
|-singleturn|p1a: Lodoso|Protect
|move|p2a: Suicune|Ice Beam|p1a: Lodoso
|-activate|p1a: Lodoso|Protect
|
|-weather|Sandstorm|[upkeep]
|-damage|p2a: Suicune|4/100 tox|[from] Sandstorm
|-heal|p2a: Suicune|10/100 tox|[from] item: Leftovers
|-damage|p2a: Suicune|0 fnt|[from] psn
|faint|p2a: Suicune
|-heal|p1a: Lodoso|33/100|[from] item: Leftovers
|upkeep
|
|t:|1730161254
|switch|p2a: Dugtrio|Dugtrio, F|100/100
|turn|30
|
|t:|1730161258
|move|p2a: Dugtrio|Rock Slide|p1a: Lodoso
|-resisted|p1a: Lodoso
|-damage|p1a: Lodoso|22/100
|move|p1a: Lodoso|Surf|p2a: Dugtrio
|-supereffective|p2a: Dugtrio
|-damage|p2a: Dugtrio|0 fnt
|faint|p2a: Dugtrio
|
|win|Eduardo Carapinga
|c|☆hey its me riley|gg
|c|☆Eduardo Carapinga|/log Eduardo Carapinga made the replay of this battle unlisted.

</script>
<script type="application/json" class="data" id="replaydata-smogtours-gen3ou-803200">
{"id":"smogtours-gen3ou-803200","format":"[Gen 3] OU","players":["Eduardo Carapinga","hey its me riley"],"uploadtime":1730161258,"views":85,"formatid":"gen3ou","rating":null,"private":1,"password":null}
</script>

<script defer src="js/replays.js?9d40a366"></script>
