<!DOCTYPE html>
<meta charset="utf-8" />
<meta name="viewport" content="width=device-width" />

<title>[Gen 3] OU: less19chara vs. Dhrabb - Replays - Pok&eacute;mon Showdown!</title>

<meta name="description" content="Watch a replay of a Pok&eacute;mon battle between less19chara and Dhrabb! Format: [Gen 3] OU; Date: Oct 12, 2024" />
<!--

Hey, you! Looking in the source for the replay log?

You can find them in JSON format, just add `.json` at the end of a replay URL.

https://replay.pokemonshowdown.com/gen7randomdoublesbattle-865046831.json

Or, if you only need the log itself, add `.log` instead:

https://replay.pokemonshowdown.com/gen7randomdoublesbattle-865046831.log

-->

<link rel="stylesheet" href="//pokemonshowdown.com/style/global.css?0.023195364461161105" />
<link rel="stylesheet" href="//play.pokemonshowdown.com/style/font-awesome.css?0.13261647063804238" />
<link rel="stylesheet" href="//play.pokemonshowdown.com/style/battle.css?0.8753245789963631" />
<link rel="stylesheet" href="//play.pokemonshowdown.com/style/utilichart.css?0.8627959624976733" />

<!-- Global site tag (gtag.js) - Google Analytics -->
<script async src="https://www.googletagmanager.com/gtag/js?id=UA-26211653-1"></script>
<script>
  window.dataLayer = window.dataLayer || [];
  function gtag(){dataLayer.push(arguments);}
  gtag('js', new Date());

  gtag('config', 'UA-26211653-1');
</script>
<!-- End Google Analytics -->
<!-- Venatus Ad Manager - Install in <HEAD> of page -->
	<script src="https://hb.vntsm.com/v3/live/ad-manager.min.js" type="text/javascript" data-site-id="642aba63ec9a7b11c3c9c1be" data-mode="scan" async></script>
<!-- / Venatus Ad Manager -->

<style>
	@media (max-width:820px) {
		.battle {
			margin: 0 auto;
		}
		.battle-log {
			margin: 7px auto 0;
			max-width: 640px;
			height: 300px;
			position: static;
		}
	}
	.optgroup {
		display: inline-block;
		line-height: 22px;
		font-size: 10pt;
	}
	.optgroup .button {
		height: 25px;
		padding-top: 0;
		padding-bottom: 0;
	}
	.optgroup button.button {
		padding-left: 12px;
		padding-right: 12px;
	}
	.linklist {
		list-style: none;
		margin: 0.5em 0;
		padding: 0;
	}
	.linklist li {
		padding: 2px 0;
	}
	.sidebar {
		float: left;
		width: 320px;
	}
	.bar-wrapper {
		max-width: 1100px;
		margin: 0 auto;
	}
	.bar-wrapper.has-sidebar {
		max-width: 1430px;
	}
	.mainbar {
		margin: 0;
		padding-right: 1px;
	}
	.mainbar.has-sidebar {
		margin-left: 330px;
	}
	@media (min-width: 1511px) {
		.sidebar {
			width: 400px;
		}
		.bar-wrapper.has-sidebar {
			max-width: 1510px;
		}
		.mainbar.has-sidebar {
			margin-left: 410px;
		}
	}
	.section.first-section {
		margin-top: 9px;
	}
	.blocklink small {
		white-space: normal;
	}
	.button {
		vertical-align: middle;
	}
	.replay-controls {
		padding-top: 10px;
	}
	.replay-controls h1 {
		font-size: 16pt;
		font-weight: normal;
		color: #CCC;
	}
	.pagelink {
		text-align: center;
	}
	.pagelink a {
		width: 150px;
	}
	.textbox, .button {
		font-size: 11pt;
		vertical-align: middle;
	}
	@media (max-width: 450px) {
		.button {
			font-size: 9pt;
		}
	}
</style>

<div>

	<header>
		<div class="nav-wrapper"><ul class="nav">
			<li><a class="button nav-first" href="//pokemonshowdown.com/"><img src="//pokemonshowdown.com/images/pokemonshowdownbeta.png" srcset="//pokemonshowdown.com/images/pokemonshowdownbeta.png 1x, //pokemonshowdown.com/images/pokemonshowdownbeta@2x.png 2x" alt="Pok&eacute;mon Showdown" width="146" height="44" /> Home</a></li>
			<li><a class="button" href="//pokemonshowdown.com/dex/">Pok&eacute;dex</a></li>
			<li><a class="button cur" href="/">Replays</a></li>
			<li><a class="button" href="//pokemonshowdown.com/ladder/">Ladder</a></li>
			<li><a class="button nav-last" href="//pokemonshowdown.com/forums/">Forum</a></li>
			<li><a class="button greenbutton nav-first nav-last" href="//play.pokemonshowdown.com/">Play</a></li>
		</ul></div>
	</header>

	<div class="main" id="main">

		<noscript><section class="section">You need to enable JavaScript to use this page; sorry!</section></noscript>

	</div>

</div>

<script defer nomodule src="//play.pokemonshowdown.com/js/lib/ps-polyfill.js"></script>
<script defer src="//play.pokemonshowdown.com/js/lib/preact.min.js"></script>

<script defer src="//play.pokemonshowdown.com/config/config.js?2bddbc15"></script>
<script defer src="//play.pokemonshowdown.com/js/lib/jquery-1.11.0.min.js"></script>
<script defer src="//play.pokemonshowdown.com/js/lib/html-sanitizer-minified.js"></script>
<script defer src="//play.pokemonshowdown.com/js/battle-sound.js"></script>
<script defer src="//play.pokemonshowdown.com/js/battledata.js?0.7209276989879541"></script>
<script defer src="//play.pokemonshowdown.com/data/pokedex-mini.js?0.6111056340867951"></script>
<script defer src="//play.pokemonshowdown.com/data/pokedex-mini-bw.js?0.3532142036491459"></script>
<script defer src="//play.pokemonshowdown.com/data/graphics.js?0.24223875632456182"></script>
<script defer src="//play.pokemonshowdown.com/data/pokedex.js?0.38839984266356864"></script>
<script defer src="//play.pokemonshowdown.com/data/moves.js?0.21866028504024015"></script>
<script defer src="//play.pokemonshowdown.com/data/abilities.js?0.2005157953846628"></script>
<script defer src="//play.pokemonshowdown.com/data/items.js?0.9894211263848525"></script>
<script defer src="//play.pokemonshowdown.com/data/teambuilder-tables.js?0.6008791140282215"></script>
<script defer src="//play.pokemonshowdown.com/js/battle-tooltips.js?0.7580118955022959"></script>
<script defer src="//play.pokemonshowdown.com/js/battle.js?0.6057722274234274"></script>

<script defer src="js/utils.js?e31f9a17"></script>
<script defer src="js/replays-battle.js?7008c182"></script>

<!-- don't scrape this data! just add .json or .log after the URL!
Full API docs: https://github.com/smogon/pokemon-showdown-client/blob/master/WEB-API.md -->
<script type="text/plain" class="log" id="replaylog-smogtours-gen3ou-797554">
|inactive|Battle timer is ON: inactive players will automatically lose when time's up.
|badge|p2|bronze|gen9ou|100-3
|uhtml|medal-msg|<div class="broadcast-blue">Curious what those medals under the avatar are? PS now has Ladder Seasons! For more information, check out the <a href="https://www.smogon.com/forums/threads/3740067/">thread on Smogon.<\/a><\/div>
|t:|1728750959
|gametype|singles
|player|p1|less19chara|policeman-gen4|
|player|p2|Dhrabb|#wcop2024bangladesh|
|teamsize|p1|6
|teamsize|p2|6
|gen|3
|tier|[Gen 3] OU
|rule|Sleep Clause Mod: Limit one foe put to sleep
|rule|Switch Priority Clause Mod: Faster Pokémon switch first
|rule|Species Clause: Limit one of each Pokémon
|rule|OHKO Clause: OHKO moves are banned
|rule|Evasion Items Clause: Evasion items are banned
|rule|Evasion Moves Clause: Evasion moves are banned
|rule|Endless Battle Clause: Forcing endless battles is banned
|rule|HP Percentage Mod: HP is shown in percentages
|rule|One Boost Passer Clause: Limit one Baton Passer that has a way to boost its stats
|rule|Freeze Clause Mod: Limit one foe frozen
|
|t:|1728750959
|start
|switch|p1a: Charizard|Charizard, M|100/100
|switch|p2a: Tyranitar|Tyranitar, M|100/100
|-weather|Sandstorm|[from] ability: Sand Stream|[of] p2a: Tyranitar
|turn|1
|
|t:|1728750972
|move|p1a: Charizard|Substitute|p1a: Charizard
|-start|p1a: Charizard|Substitute
|-damage|p1a: Charizard|76/100
|move|p2a: Tyranitar|Rock Slide|p1a: Charizard
|-supereffective|p1a: Charizard
|-crit|p1a: Charizard
|-end|p1a: Charizard|Substitute
|
|-weather|Sandstorm|[upkeep]
|-damage|p1a: Charizard|70/100|[from] Sandstorm
|-heal|p1a: Charizard|76/100|[from] item: Leftovers
|upkeep
|turn|2
|
|t:|1728750987
|move|p1a: Charizard|Substitute|p1a: Charizard
|-start|p1a: Charizard|Substitute
|-damage|p1a: Charizard|51/100
|move|p2a: Tyranitar|Rock Slide|p1a: Charizard
|-supereffective|p1a: Charizard
|-end|p1a: Charizard|Substitute
|
|-weather|Sandstorm|[upkeep]
|-damage|p1a: Charizard|45/100|[from] Sandstorm
|-heal|p1a: Charizard|51/100|[from] item: Leftovers
|upkeep
|turn|3
|
|t:|1728750993
|switch|p1a: Skarmory|Skarmory, M|100/100
|move|p2a: Tyranitar|Rock Slide|p1a: Skarmory
|-damage|p1a: Skarmory|72/100
|
|-weather|Sandstorm|[upkeep]
|-heal|p1a: Skarmory|78/100|[from] item: Leftovers
|upkeep
|turn|4
|
|t:|1728751002
|switch|p2a: Gengar|Gengar, M|100/100
|move|p1a: Skarmory|Spikes|p2a: Gengar
|-sidestart|p2: Dhrabb|Spikes
|
|-weather|Sandstorm|[upkeep]
|-damage|p2a: Gengar|94/100|[from] Sandstorm
|-heal|p2a: Gengar|100/100|[from] item: Leftovers
|-heal|p1a: Skarmory|84/100|[from] item: Leftovers
|upkeep
|turn|5
|
|t:|1728751009
|switch|p1a: Blissey|Blissey, F|100/100
|move|p2a: Gengar|Thunderbolt|p1a: Blissey
|-damage|p1a: Blissey|87/100
|
|-weather|Sandstorm|[upkeep]
|-damage|p2a: Gengar|94/100|[from] Sandstorm
|-damage|p1a: Blissey|81/100|[from] Sandstorm
|-heal|p2a: Gengar|100/100|[from] item: Leftovers
|-heal|p1a: Blissey|87/100|[from] item: Leftovers
|upkeep
|turn|6
|
|t:|1728751028
|switch|p2a: Skarmory|Skarmory, M|100/100
|move|p1a: Blissey|Thunderbolt|p2a: Skarmory
|-supereffective|p2a: Skarmory
|-damage|p2a: Skarmory|57/100
|
|-weather|Sandstorm|[upkeep]
|-damage|p1a: Blissey|81/100|[from] Sandstorm
|-heal|p2a: Skarmory|63/100|[from] item: Leftovers
|-heal|p1a: Blissey|87/100|[from] item: Leftovers
|upkeep
|turn|7
|
|t:|1728751044
|move|p2a: Skarmory|Spikes|p1a: Blissey
|-sidestart|p1: less19chara|Spikes
|move|p1a: Blissey|Thunderbolt|p2a: Skarmory
|-supereffective|p2a: Skarmory
|-damage|p2a: Skarmory|18/100
|
|-weather|Sandstorm|[upkeep]
|-damage|p1a: Blissey|81/100|[from] Sandstorm
|-heal|p2a: Skarmory|24/100|[from] item: Leftovers
|-heal|p1a: Blissey|87/100|[from] item: Leftovers
|upkeep
|turn|8
|
|t:|1728751052
|switch|p2a: Swampert|Swampert, F|100/100
|-damage|p2a: Swampert|88/100|[from] Spikes
|move|p1a: Blissey|Thunderbolt|p2a: Swampert
|-immune|p2a: Swampert
|
|-weather|Sandstorm|[upkeep]
|-damage|p1a: Blissey|81/100|[from] Sandstorm
|-heal|p2a: Swampert|94/100|[from] item: Leftovers
|-heal|p1a: Blissey|87/100|[from] item: Leftovers
|upkeep
|turn|9
|
|t:|1728751057
|switch|p1a: Skarmory|Skarmory, M|84/100
|move|p2a: Swampert|Toxic|p1a: Skarmory
|-immune|p1a: Skarmory
|
|-weather|Sandstorm|[upkeep]
|-heal|p1a: Skarmory|90/100|[from] item: Leftovers
|-heal|p2a: Swampert|100/100|[from] item: Leftovers
|upkeep
|turn|10
|
|t:|1728751065
|switch|p2a: Skarmory|Skarmory, M|24/100
|move|p1a: Skarmory|Protect||[still]
|-fail|p1a: Skarmory
|
|-weather|Sandstorm|[upkeep]
|-heal|p2a: Skarmory|30/100|[from] item: Leftovers
|-heal|p1a: Skarmory|96/100|[from] item: Leftovers
|upkeep
|turn|11
|
|t:|1728751070
|switch|p1a: Charizard|Charizard, M|51/100
|move|p2a: Skarmory|Spikes|p1a: Charizard
|-sidestart|p1: less19chara|Spikes
|
|-weather|Sandstorm|[upkeep]
|-damage|p1a: Charizard|45/100|[from] Sandstorm
|-heal|p1a: Charizard|51/100|[from] item: Leftovers
|-heal|p2a: Skarmory|36/100|[from] item: Leftovers
|upkeep
|turn|12
|
|t:|1728751090
|switch|p2a: Gengar|Gengar, M|100/100
|move|p1a: Charizard|Substitute|p1a: Charizard
|-start|p1a: Charizard|Substitute
|-damage|p1a: Charizard|26/100
|
|-weather|Sandstorm|[upkeep]
|-damage|p1a: Charizard|20/100|[from] Sandstorm
|-damage|p2a: Gengar|94/100|[from] Sandstorm
|-heal|p1a: Charizard|26/100|[from] item: Leftovers
|-heal|p2a: Gengar|100/100|[from] item: Leftovers
|upkeep
|turn|13
|
|t:|1728751102
|move|p1a: Charizard|Fire Blast|p2a: Gengar
|-damage|p2a: Gengar|2/100
|-status|p2a: Gengar|brn
|move|p2a: Gengar|Thunderbolt|p1a: Charizard
|-supereffective|p1a: Charizard
|-end|p1a: Charizard|Substitute
|
|-weather|Sandstorm|[upkeep]
|-damage|p1a: Charizard|20/100|[from] Sandstorm
|-damage|p2a: Gengar|0 fnt|[from] Sandstorm
|faint|p2a: Gengar
|-heal|p1a: Charizard|26/100|[from] item: Leftovers
|upkeep
|
|t:|1728751109
|switch|p2a: Aerodactyl|Aerodactyl, F|100/100
|turn|14
|
|t:|1728751116
|switch|p1a: Tyranitar|Tyranitar, F|100/100
|-damage|p1a: Tyranitar|84/100|[from] Spikes
|move|p2a: Aerodactyl|Rock Slide|p1a: Tyranitar
|-damage|p1a: Tyranitar|45/100
|
|-weather|Sandstorm|[upkeep]
|-heal|p1a: Tyranitar|51/100|[from] item: Leftovers
|upkeep
|turn|15
|
|t:|1728751123
|switch|p2a: Swampert|Swampert, F|100/100
|-damage|p2a: Swampert|88/100|[from] Spikes
|move|p1a: Tyranitar|Thunder Wave|p2a: Swampert
|-immune|p2a: Swampert
|
|-weather|Sandstorm|[upkeep]
|-heal|p1a: Tyranitar|57/100|[from] item: Leftovers
|-heal|p2a: Swampert|94/100|[from] item: Leftovers
|upkeep
|turn|16
|
|t:|1728751129
|switch|p1a: Skarmory|Skarmory, M|96/100
|move|p2a: Swampert|Surf|p1a: Skarmory
|-damage|p1a: Skarmory|69/100
|
|-weather|Sandstorm|[upkeep]
|-heal|p1a: Skarmory|75/100|[from] item: Leftovers
|-heal|p2a: Swampert|100/100|[from] item: Leftovers
|upkeep
|turn|17
|
|t:|1728751137
|move|p1a: Skarmory|Spikes|p2a: Swampert
|-sidestart|p2: Dhrabb|Spikes
|move|p2a: Swampert|Surf|p1a: Skarmory
|-damage|p1a: Skarmory|50/100
|
|-weather|Sandstorm|[upkeep]
|-heal|p1a: Skarmory|56/100|[from] item: Leftovers
|upkeep
|turn|18
|
|t:|1728751142
|move|p1a: Skarmory|Toxic|p2a: Swampert
|-status|p2a: Swampert|tox
|move|p2a: Swampert|Surf|p1a: Skarmory
|-damage|p1a: Skarmory|30/100
|
|-weather|Sandstorm|[upkeep]
|-heal|p1a: Skarmory|36/100|[from] item: Leftovers
|-damage|p2a: Swampert|94/100 tox|[from] psn
|upkeep
|turn|19
|
|t:|1728751146
|move|p1a: Skarmory|Protect|p1a: Skarmory
|-singleturn|p1a: Skarmory|Protect
|move|p2a: Swampert|Refresh|p2a: Swampert
|-curestatus|p2a: Swampert|tox|[msg]
|
|-weather|Sandstorm|[upkeep]
|-heal|p1a: Skarmory|42/100|[from] item: Leftovers
|-heal|p2a: Swampert|100/100|[from] item: Leftovers
|upkeep
|turn|20
|
|t:|1728751150
|move|p1a: Skarmory|Spikes|p2a: Swampert
|-sidestart|p2: Dhrabb|Spikes
|move|p2a: Swampert|Surf|p1a: Skarmory
|-damage|p1a: Skarmory|18/100
|
|-weather|Sandstorm|[upkeep]
|-heal|p1a: Skarmory|24/100|[from] item: Leftovers
|upkeep
|turn|21
|
|t:|1728751154
|move|p2a: Swampert|Surf|p1a: Skarmory
|-damage|p1a: Skarmory|0 fnt
|faint|p1a: Skarmory
|
|t:|1728751165
|switch|p1a: Celebi|Celebi|100/100
|-damage|p1a: Celebi|84/100|[from] Spikes
|
|-weather|Sandstorm|[upkeep]
|-damage|p1a: Celebi|78/100|[from] Sandstorm
|-heal|p1a: Celebi|84/100|[from] item: Leftovers
|upkeep
|turn|22
|
|t:|1728751175
|switch|p2a: Skarmory|Skarmory, M|36/100
|move|p1a: Celebi|Leech Seed|p2a: Skarmory
|-start|p2a: Skarmory|move: Leech Seed
|
|-weather|Sandstorm|[upkeep]
|-damage|p1a: Celebi|78/100|[from] Sandstorm
|-heal|p1a: Celebi|84/100|[from] item: Leftovers
|-heal|p2a: Skarmory|42/100|[from] item: Leftovers
|-damage|p2a: Skarmory|30/100|[from] Leech Seed|[of] p1a: Celebi
|-heal|p1a: Celebi|94/100|[silent]
|upkeep
|turn|23
|
|t:|1728751184
|switch|p1a: Charizard|Charizard, M|26/100
|switch|p2a: Aerodactyl|Aerodactyl, F|100/100
|
|-weather|Sandstorm|[upkeep]
|-damage|p1a: Charizard|20/100|[from] Sandstorm
|-heal|p1a: Charizard|26/100|[from] item: Leftovers
|upkeep
|turn|24
|
|t:|1728751194
|switch|p1a: Tyranitar|Tyranitar, F|57/100
|-damage|p1a: Tyranitar|40/100|[from] Spikes
|move|p2a: Aerodactyl|Rock Slide|p1a: Tyranitar
|-damage|p1a: Tyranitar|0 fnt
|faint|p1a: Tyranitar
|
|t:|1728751204
|switch|p1a: Celebi|Celebi|94/100
|-damage|p1a: Celebi|77/100|[from] Spikes
|
|-weather|Sandstorm|[upkeep]
|-damage|p1a: Celebi|71/100|[from] Sandstorm
|-heal|p1a: Celebi|77/100|[from] item: Leftovers
|upkeep
|turn|25
|
|t:|1728751216
|switch|p2a: Skarmory|Skarmory, M|30/100
|move|p1a: Celebi|Swords Dance|p1a: Celebi
|-boost|p1a: Celebi|atk|2
|
|-weather|Sandstorm|[upkeep]
|-damage|p1a: Celebi|71/100|[from] Sandstorm
|-heal|p1a: Celebi|77/100|[from] item: Leftovers
|-heal|p2a: Skarmory|36/100|[from] item: Leftovers
|upkeep
|turn|26
|
|t:|1728751220
|move|p1a: Celebi|Leech Seed|p2a: Skarmory
|-start|p2a: Skarmory|move: Leech Seed
|move|p2a: Skarmory|Roar|p1a: Celebi
|drag|p1a: teasaurus xyz|Aerodactyl, F|100/100
|
|-weather|Sandstorm|[upkeep]
|-heal|p2a: Skarmory|42/100|[from] item: Leftovers
|-damage|p2a: Skarmory|29/100|[from] Leech Seed|[of] p1a: teasaurus xyz
|upkeep
|turn|27
|
|t:|1728751228
|switch|p2a: Swampert|Swampert, F|100/100
|-damage|p2a: Swampert|75/100|[from] Spikes
|move|p1a: teasaurus xyz|Rock Slide|p2a: Swampert|[miss]
|-miss|p1a: teasaurus xyz|p2a: Swampert
|
|-weather|Sandstorm|[upkeep]
|-heal|p2a: Swampert|82/100|[from] item: Leftovers
|upkeep
|turn|28
|
|t:|1728751236
|switch|p1a: Blissey|Blissey, F|87/100
|-damage|p1a: Blissey|71/100|[from] Spikes
|move|p2a: Swampert|Toxic|p1a: Blissey
|-status|p1a: Blissey|tox
|
|-weather|Sandstorm|[upkeep]
|-damage|p1a: Blissey|64/100 tox|[from] Sandstorm
|-heal|p2a: Swampert|88/100|[from] item: Leftovers
|-heal|p1a: Blissey|71/100 tox|[from] item: Leftovers
|-damage|p1a: Blissey|64/100 tox|[from] psn
|upkeep
|turn|29
|
|t:|1728751242
|switch|p2a: Tyranitar|Tyranitar, M|100/100
|-damage|p2a: Tyranitar|75/100|[from] Spikes
|move|p1a: Blissey|Ice Beam|p2a: Tyranitar
|-damage|p2a: Tyranitar|55/100
|
|-weather|Sandstorm|[upkeep]
|-damage|p1a: Blissey|58/100 tox|[from] Sandstorm
|-heal|p2a: Tyranitar|62/100|[from] item: Leftovers
|-heal|p1a: Blissey|64/100 tox|[from] item: Leftovers
|-damage|p1a: Blissey|52/100 tox|[from] psn
|upkeep
|turn|30
|
|t:|1728751247
|move|p2a: Tyranitar|Dragon Dance|p2a: Tyranitar
|-boost|p2a: Tyranitar|atk|1
|-boost|p2a: Tyranitar|spe|1
|move|p1a: Blissey|Ice Beam|p2a: Tyranitar
|-damage|p2a: Tyranitar|40/100
|
|-weather|Sandstorm|[upkeep]
|-damage|p1a: Blissey|46/100 tox|[from] Sandstorm
|-heal|p2a: Tyranitar|47/100|[from] item: Leftovers
|-heal|p1a: Blissey|52/100 tox|[from] item: Leftovers
|-damage|p1a: Blissey|34/100 tox|[from] psn
|upkeep
|turn|31
|
|t:|1728751253
|move|p2a: Tyranitar|Dragon Dance|p2a: Tyranitar
|-boost|p2a: Tyranitar|atk|1
|-boost|p2a: Tyranitar|spe|1
|move|p1a: Blissey|Ice Beam|p2a: Tyranitar
|-damage|p2a: Tyranitar|23/100
|-status|p2a: Tyranitar|frz
|
|-weather|Sandstorm|[upkeep]
|-damage|p1a: Blissey|28/100 tox|[from] Sandstorm
|-heal|p2a: Tyranitar|29/100 frz|[from] item: Leftovers
|-heal|p1a: Blissey|34/100 tox|[from] item: Leftovers
|-damage|p1a: Blissey|9/100 tox|[from] psn
|upkeep
|turn|32
|
|t:|1728751256
|cant|p2a: Tyranitar|frz
|move|p1a: Blissey|Ice Beam|p2a: Tyranitar
|-damage|p2a: Tyranitar|6/100 frz
|
|-weather|Sandstorm|[upkeep]
|-damage|p1a: Blissey|3/100 tox|[from] Sandstorm
|-heal|p2a: Tyranitar|12/100 frz|[from] item: Leftovers
|-heal|p1a: Blissey|9/100 tox|[from] item: Leftovers
|-damage|p1a: Blissey|0 fnt|[from] psn
|faint|p1a: Blissey
|upkeep
|
|t:|1728751274
|switch|p1a: teasaurus xyz|Aerodactyl, F|100/100
|turn|33
|
|t:|1728751285
|cant|p2a: Tyranitar|frz
|move|p1a: teasaurus xyz|Rock Slide|p2a: Tyranitar
|-damage|p2a: Tyranitar|0 fnt
|faint|p2a: Tyranitar
|
|t:|1728751288
|switch|p2a: Swampert|Swampert, F|88/100
|-damage|p2a: Swampert|63/100|[from] Spikes
|
|-weather|Sandstorm|[upkeep]
|-heal|p2a: Swampert|69/100|[from] item: Leftovers
|upkeep
|turn|34
|
|t:|1728751298
|switch|p1a: Celebi|Celebi|77/100
|-damage|p1a: Celebi|61/100|[from] Spikes
|move|p2a: Swampert|Toxic|p1a: Celebi
|-status|p1a: Celebi|tox
|
|-weather|Sandstorm|[upkeep]
|-damage|p1a: Celebi|54/100 tox|[from] Sandstorm
|-heal|p1a: Celebi|61/100 tox|[from] item: Leftovers
|-damage|p1a: Celebi|54/100 tox|[from] psn
|-heal|p2a: Swampert|75/100|[from] item: Leftovers
|upkeep
|turn|35
|
|t:|1728751302
|move|p2a: Swampert|Protect|p2a: Swampert
|-singleturn|p2a: Swampert|Protect
|move|p1a: Celebi|Leech Seed|p2a: Swampert
|-activate|p2a: Swampert|Protect
|
|-weather|Sandstorm|[upkeep]
|-damage|p1a: Celebi|48/100 tox|[from] Sandstorm
|-heal|p1a: Celebi|54/100 tox|[from] item: Leftovers
|-damage|p1a: Celebi|42/100 tox|[from] psn
|-heal|p2a: Swampert|81/100|[from] item: Leftovers
|upkeep
|turn|36
|
|t:|1728751306
|switch|p2a: Skarmory|Skarmory, M|29/100
|move|p1a: Celebi|Recover|p1a: Celebi
|-heal|p1a: Celebi|92/100 tox
|
|-weather|Sandstorm|[upkeep]
|-damage|p1a: Celebi|86/100 tox|[from] Sandstorm
|-heal|p1a: Celebi|92/100 tox|[from] item: Leftovers
|-damage|p1a: Celebi|73/100 tox|[from] psn
|-heal|p2a: Skarmory|35/100|[from] item: Leftovers
|upkeep
|turn|37
|
|t:|1728751310
|move|p1a: Celebi|Leech Seed|p2a: Skarmory
|-start|p2a: Skarmory|move: Leech Seed
|move|p2a: Skarmory|Drill Peck|p1a: Celebi
|-supereffective|p1a: Celebi
|-damage|p1a: Celebi|44/100 tox
|
|-weather|Sandstorm|[upkeep]
|-damage|p1a: Celebi|38/100 tox|[from] Sandstorm
|-heal|p1a: Celebi|44/100 tox|[from] item: Leftovers
|-damage|p1a: Celebi|19/100 tox|[from] psn
|-heal|p2a: Skarmory|41/100|[from] item: Leftovers
|-damage|p2a: Skarmory|29/100|[from] Leech Seed|[of] p1a: Celebi
|-heal|p1a: Celebi|30/100 tox|[silent]
|upkeep
|turn|38
|
|t:|1728751318
|-curestatus|p1a: Celebi|tox|[from] ability: Natural Cure
|switch|p1a: teasaurus xyz|Aerodactyl, F|100/100
|switch|p2a: Aerodactyl|Aerodactyl, F|100/100
|
|-weather|Sandstorm|[upkeep]
|upkeep
|turn|39
|
|t:|1728751327
|switch|p2a: Swampert|Swampert, F|81/100
|-damage|p2a: Swampert|56/100|[from] Spikes
|move|p1a: teasaurus xyz|Rock Slide|p2a: Swampert
|-resisted|p2a: Swampert
|-damage|p2a: Swampert|45/100
|
|-weather|Sandstorm|[upkeep]
|-heal|p2a: Swampert|51/100|[from] item: Leftovers
|upkeep
|turn|40
|
|t:|1728751346
|move|p1a: teasaurus xyz|Substitute|p1a: teasaurus xyz
|-start|p1a: teasaurus xyz|Substitute
|-damage|p1a: teasaurus xyz|76/100
|move|p2a: Swampert|Surf|p1a: teasaurus xyz
|-supereffective|p1a: teasaurus xyz
|-end|p1a: teasaurus xyz|Substitute
|
|-weather|Sandstorm|[upkeep]
|-heal|p1a: teasaurus xyz|82/100|[from] item: Leftovers
|-heal|p2a: Swampert|57/100|[from] item: Leftovers
|upkeep
|turn|41
|
|t:|1728751353
|switch|p1a: Celebi|Celebi|30/100
|-damage|p1a: Celebi|13/100|[from] Spikes
|move|p2a: Swampert|Surf|p1a: Celebi
|-resisted|p1a: Celebi
|-damage|p1a: Celebi|2/100
|
|-weather|Sandstorm|[upkeep]
|-damage|p1a: Celebi|0 fnt|[from] Sandstorm
|faint|p1a: Celebi
|-heal|p2a: Swampert|64/100|[from] item: Leftovers
|upkeep
|
|t:|1728751357
|switch|p1a: Charizard|Charizard, M|26/100
|turn|42
|
|t:|1728751362
|switch|p2a: Zapdos|Zapdos|100/100
|move|p1a: Charizard|Hidden Power|p2a: Zapdos
|-resisted|p2a: Zapdos
|-damage|p2a: Zapdos|90/100
|
|-weather|Sandstorm|[upkeep]
|-damage|p1a: Charizard|20/100|[from] Sandstorm
|-damage|p2a: Zapdos|84/100|[from] Sandstorm
|-heal|p1a: Charizard|26/100|[from] item: Leftovers
|-heal|p2a: Zapdos|90/100|[from] item: Leftovers
|upkeep
|turn|43
|
|t:|1728751370
|move|p1a: Charizard|Fire Blast|p2a: Zapdos|[miss]
|-miss|p1a: Charizard|p2a: Zapdos
|move|p2a: Zapdos|Thunderbolt|p1a: Charizard
|-supereffective|p1a: Charizard
|-damage|p1a: Charizard|0 fnt
|faint|p1a: Charizard
|
|t:|1728751377
|switch|p1a: teasaurus xyz|Aerodactyl, F|82/100
|
|-weather|Sandstorm|[upkeep]
|-damage|p2a: Zapdos|84/100|[from] Sandstorm
|-heal|p1a: teasaurus xyz|88/100|[from] item: Leftovers
|-heal|p2a: Zapdos|90/100|[from] item: Leftovers
|upkeep
|turn|44
|
|t:|1728751383
|move|p1a: teasaurus xyz|Rock Slide|p2a: Zapdos
|-supereffective|p2a: Zapdos
|-damage|p2a: Zapdos|27/100
|cant|p2a: Zapdos|flinch
|
|-weather|Sandstorm|[upkeep]
|-damage|p2a: Zapdos|21/100|[from] Sandstorm
|-heal|p1a: teasaurus xyz|94/100|[from] item: Leftovers
|-heal|p2a: Zapdos|27/100|[from] item: Leftovers
|upkeep
|turn|45
|
|t:|1728751390
|move|p1a: teasaurus xyz|Rock Slide|p2a: Zapdos
|-supereffective|p2a: Zapdos
|-damage|p2a: Zapdos|0 fnt
|faint|p2a: Zapdos
|
|t:|1728751397
|switch|p2a: Swampert|Swampert, F|64/100
|-damage|p2a: Swampert|39/100|[from] Spikes
|
|-weather|Sandstorm|[upkeep]
|-heal|p1a: teasaurus xyz|99/100|[from] item: Leftovers
|-heal|p2a: Swampert|45/100|[from] item: Leftovers
|upkeep
|turn|46
|
|t:|1728751409
|move|p1a: teasaurus xyz|Double-Edge|p2a: Swampert
|-damage|p2a: Swampert|19/100
|move|p2a: Swampert|Surf|p1a: teasaurus xyz
|-supereffective|p1a: teasaurus xyz
|-damage|p1a: teasaurus xyz|0 fnt
|faint|p1a: teasaurus xyz
|
|win|Dhrabb
|c|☆Dhrabb|gg
|c|☆less19chara|gg

</script>
<script type="application/json" class="data" id="replaydata-smogtours-gen3ou-797554">
{"id":"smogtours-gen3ou-797554","format":"[Gen 3] OU","players":["less19chara","Dhrabb"],"uploadtime":1728751409,"views":93,"formatid":"gen3ou","rating":null,"private":0,"password":null}
</script>

<script defer src="js/replays.js?9d40a366"></script>
