<!DOCTYPE html>
<meta charset="utf-8" />
<meta name="viewport" content="width=device-width" />

<title>[Gen 3] OU: xDeacon vs. COB 8 - Replays - Pok&eacute;mon Showdown!</title>

<meta name="description" content="Watch a replay of a Pok&eacute;mon battle between xDeacon and COB 8! Format: [Gen 3] OU; Date: Oct 12, 2024" />
<!--

Hey, you! Looking in the source for the replay log?

You can find them in JSON format, just add `.json` at the end of a replay URL.

https://replay.pokemonshowdown.com/gen7randomdoublesbattle-865046831.json

Or, if you only need the log itself, add `.log` instead:

https://replay.pokemonshowdown.com/gen7randomdoublesbattle-865046831.log

-->

<link rel="stylesheet" href="//pokemonshowdown.com/style/global.css?0.023195364461161105" />
<link rel="stylesheet" href="//play.pokemonshowdown.com/style/font-awesome.css?0.13261647063804238" />
<link rel="stylesheet" href="//play.pokemonshowdown.com/style/battle.css?0.8753245789963631" />
<link rel="stylesheet" href="//play.pokemonshowdown.com/style/utilichart.css?0.8627959624976733" />

<!-- Global site tag (gtag.js) - Google Analytics -->
<script async src="https://www.googletagmanager.com/gtag/js?id=UA-26211653-1"></script>
<script>
  window.dataLayer = window.dataLayer || [];
  function gtag(){dataLayer.push(arguments);}
  gtag('js', new Date());

  gtag('config', 'UA-26211653-1');
</script>
<!-- End Google Analytics -->
<!-- Venatus Ad Manager - Install in <HEAD> of page -->
	<script src="https://hb.vntsm.com/v3/live/ad-manager.min.js" type="text/javascript" data-site-id="642aba63ec9a7b11c3c9c1be" data-mode="scan" async></script>
<!-- / Venatus Ad Manager -->

<style>
	@media (max-width:820px) {
		.battle {
			margin: 0 auto;
		}
		.battle-log {
			margin: 7px auto 0;
			max-width: 640px;
			height: 300px;
			position: static;
		}
	}
	.optgroup {
		display: inline-block;
		line-height: 22px;
		font-size: 10pt;
	}
	.optgroup .button {
		height: 25px;
		padding-top: 0;
		padding-bottom: 0;
	}
	.optgroup button.button {
		padding-left: 12px;
		padding-right: 12px;
	}
	.linklist {
		list-style: none;
		margin: 0.5em 0;
		padding: 0;
	}
	.linklist li {
		padding: 2px 0;
	}
	.sidebar {
		float: left;
		width: 320px;
	}
	.bar-wrapper {
		max-width: 1100px;
		margin: 0 auto;
	}
	.bar-wrapper.has-sidebar {
		max-width: 1430px;
	}
	.mainbar {
		margin: 0;
		padding-right: 1px;
	}
	.mainbar.has-sidebar {
		margin-left: 330px;
	}
	@media (min-width: 1511px) {
		.sidebar {
			width: 400px;
		}
		.bar-wrapper.has-sidebar {
			max-width: 1510px;
		}
		.mainbar.has-sidebar {
			margin-left: 410px;
		}
	}
	.section.first-section {
		margin-top: 9px;
	}
	.blocklink small {
		white-space: normal;
	}
	.button {
		vertical-align: middle;
	}
	.replay-controls {
		padding-top: 10px;
	}
	.replay-controls h1 {
		font-size: 16pt;
		font-weight: normal;
		color: #CCC;
	}
	.pagelink {
		text-align: center;
	}
	.pagelink a {
		width: 150px;
	}
	.textbox, .button {
		font-size: 11pt;
		vertical-align: middle;
	}
	@media (max-width: 450px) {
		.button {
			font-size: 9pt;
		}
	}
</style>

<div>

	<header>
		<div class="nav-wrapper"><ul class="nav">
			<li><a class="button nav-first" href="//pokemonshowdown.com/"><img src="//pokemonshowdown.com/images/pokemonshowdownbeta.png" srcset="//pokemonshowdown.com/images/pokemonshowdownbeta.png 1x, //pokemonshowdown.com/images/pokemonshowdownbeta@2x.png 2x" alt="Pok&eacute;mon Showdown" width="146" height="44" /> Home</a></li>
			<li><a class="button" href="//pokemonshowdown.com/dex/">Pok&eacute;dex</a></li>
			<li><a class="button cur" href="/">Replays</a></li>
			<li><a class="button" href="//pokemonshowdown.com/ladder/">Ladder</a></li>
			<li><a class="button nav-last" href="//pokemonshowdown.com/forums/">Forum</a></li>
			<li><a class="button greenbutton nav-first nav-last" href="//play.pokemonshowdown.com/">Play</a></li>
		</ul></div>
	</header>

	<div class="main" id="main">

		<noscript><section class="section">You need to enable JavaScript to use this page; sorry!</section></noscript>

	</div>

</div>

<script defer nomodule src="//play.pokemonshowdown.com/js/lib/ps-polyfill.js"></script>
<script defer src="//play.pokemonshowdown.com/js/lib/preact.min.js"></script>

<script defer src="//play.pokemonshowdown.com/config/config.js?2bddbc15"></script>
<script defer src="//play.pokemonshowdown.com/js/lib/jquery-1.11.0.min.js"></script>
<script defer src="//play.pokemonshowdown.com/js/lib/html-sanitizer-minified.js"></script>
<script defer src="//play.pokemonshowdown.com/js/battle-sound.js"></script>
<script defer src="//play.pokemonshowdown.com/js/battledata.js?0.7209276989879541"></script>
<script defer src="//play.pokemonshowdown.com/data/pokedex-mini.js?0.6111056340867951"></script>
<script defer src="//play.pokemonshowdown.com/data/pokedex-mini-bw.js?0.3532142036491459"></script>
<script defer src="//play.pokemonshowdown.com/data/graphics.js?0.24223875632456182"></script>
<script defer src="//play.pokemonshowdown.com/data/pokedex.js?0.38839984266356864"></script>
<script defer src="//play.pokemonshowdown.com/data/moves.js?0.21866028504024015"></script>
<script defer src="//play.pokemonshowdown.com/data/abilities.js?0.2005157953846628"></script>
<script defer src="//play.pokemonshowdown.com/data/items.js?0.9894211263848525"></script>
<script defer src="//play.pokemonshowdown.com/data/teambuilder-tables.js?0.6008791140282215"></script>
<script defer src="//play.pokemonshowdown.com/js/battle-tooltips.js?0.7580118955022959"></script>
<script defer src="//play.pokemonshowdown.com/js/battle.js?0.6057722274234274"></script>

<script defer src="js/utils.js?e31f9a17"></script>
<script defer src="js/replays-battle.js?7008c182"></script>

<!-- don't scrape this data! just add .json or .log after the URL!
Full API docs: https://github.com/smogon/pokemon-showdown-client/blob/master/WEB-API.md -->
<script type="text/plain" class="log" id="replaylog-smogtours-gen3ou-797844">
|inactive|Battle timer is ON: inactive players will automatically lose when time's up.
|t:|1728770468
|gametype|singles
|player|p1|xDeacon|2|
|player|p2|COB 8|miku-water|
|teamsize|p1|6
|teamsize|p2|6
|gen|3
|tier|[Gen 3] OU
|rule|Sleep Clause Mod: Limit one foe put to sleep
|rule|Switch Priority Clause Mod: Faster Pokémon switch first
|rule|Species Clause: Limit one of each Pokémon
|rule|OHKO Clause: OHKO moves are banned
|rule|Evasion Items Clause: Evasion items are banned
|rule|Evasion Moves Clause: Evasion moves are banned
|rule|Endless Battle Clause: Forcing endless battles is banned
|rule|HP Percentage Mod: HP is shown in percentages
|rule|One Boost Passer Clause: Limit one Baton Passer that has a way to boost its stats
|rule|Freeze Clause Mod: Limit one foe frozen
|
|t:|1728770468
|start
|switch|p1a: Salamence|Salamence, F|100/100
|switch|p2a: Suicune|Suicune|100/100
|-ability|p1a: Salamence|Intimidate|boost
|-unboost|p2a: Suicune|atk|1
|turn|1
|
|t:|1728770480
|switch|p1a: Blissey|Blissey, F|100/100
|move|p2a: Suicune|Calm Mind|p2a: Suicune
|-boost|p2a: Suicune|spa|1
|-boost|p2a: Suicune|spd|1
|
|upkeep
|turn|2
|
|t:|1728770490
|switch|p2a: Snorlax|Snorlax, M|100/100
|move|p1a: Blissey|Seismic Toss|p2a: Snorlax
|-damage|p2a: Snorlax|79/100
|
|-heal|p2a: Snorlax|85/100|[from] item: Leftovers
|upkeep
|turn|3
|
|t:|1728770515
|switch|p1a: Forretress|Forretress, F|100/100
|move|p2a: Snorlax|Body Slam|p1a: Forretress
|-resisted|p1a: Forretress
|-damage|p1a: Forretress|84/100
|-status|p1a: Forretress|par
|
|-heal|p2a: Snorlax|91/100|[from] item: Leftovers
|-heal|p1a: Forretress|91/100 par|[from] item: Leftovers
|upkeep
|turn|4
|
|t:|1728770534
|switch|p2a: Salamence|Salamence, F|100/100
|-ability|p2a: Salamence|Intimidate|boost
|-unboost|p1a: Forretress|atk|1
|switch|p1a: Salamence|Salamence, F|100/100
|-ability|p1a: Salamence|Intimidate|boost
|-unboost|p2a: Salamence|atk|1
|
|upkeep
|turn|5
|inactive|xDeacon has 270 seconds left.
|
|t:|1728770551
|switch|p2a: Suicune|Suicune|100/100
|switch|p1a: Blissey|Blissey, F|100/100
|
|upkeep
|turn|6
|
|t:|1728770556
|move|p1a: Blissey|Thunder Wave|p2a: Suicune
|-status|p2a: Suicune|par
|move|p2a: Suicune|Roar|p1a: Blissey
|drag|p1a: Jirachi|Jirachi|100/100
|
|upkeep
|turn|7
|
|t:|1728770566
|switch|p1a: Blissey|Blissey, F|100/100
|switch|p2a: Snorlax|Snorlax, M|91/100
|
|-heal|p2a: Snorlax|98/100|[from] item: Leftovers
|upkeep
|turn|8
|
|t:|1728770587
|switch|p1a: Forretress|Forretress, F|91/100 par
|move|p2a: Snorlax|Body Slam|p1a: Forretress
|-resisted|p1a: Forretress
|-damage|p1a: Forretress|75/100 par
|
|-heal|p2a: Snorlax|100/100|[from] item: Leftovers
|-heal|p1a: Forretress|82/100 par|[from] item: Leftovers
|upkeep
|turn|9
|
|t:|1728770597
|switch|p2a: Magneton|Magneton|100/100
|move|p1a: Forretress|Spikes|p2a: Magneton
|-sidestart|p2: COB 8|Spikes
|
|-heal|p1a: Forretress|88/100 par|[from] item: Leftovers
|upkeep
|turn|10
|
|t:|1728770606
|move|p2a: Magneton|Hidden Power|p1a: Forretress
|-supereffective|p1a: Forretress
|-damage|p1a: Forretress|5/100 par
|move|p1a: Forretress|Spikes|p2a: Magneton
|-sidestart|p2: COB 8|Spikes
|
|-heal|p1a: Forretress|12/100 par|[from] item: Leftovers
|upkeep
|turn|11
|
|t:|1728770613
|move|p2a: Magneton|Hidden Power|p1a: Forretress
|-supereffective|p1a: Forretress
|-damage|p1a: Forretress|0 fnt
|faint|p1a: Forretress
|
|t:|1728770633
|switch|p1a: Salamence|Salamence, F|100/100
|-ability|p1a: Salamence|Intimidate|boost
|-unboost|p2a: Magneton|atk|1
|
|upkeep
|turn|12
|
|t:|1728770640
|move|p1a: Salamence|Fire Blast|p2a: Magneton
|-supereffective|p2a: Magneton
|-damage|p2a: Magneton|0 fnt
|faint|p2a: Magneton
|
|t:|1728770643
|switch|p2a: Suicune|Suicune|100/100 par
|-damage|p2a: Suicune|84/100 par|[from] Spikes
|
|-heal|p2a: Suicune|90/100 par|[from] item: Leftovers
|upkeep
|turn|13
|
|t:|1728770654
|switch|p1a: Blissey|Blissey, F|100/100
|switch|p2a: Metagross|Metagross|100/100
|-damage|p2a: Metagross|84/100|[from] Spikes
|
|upkeep
|turn|14
|
|t:|1728770662
|switch|p1a: Jirachi|Jirachi|100/100
|move|p2a: Metagross|Earthquake|p1a: Jirachi
|-supereffective|p1a: Jirachi
|-damage|p1a: Jirachi|32/100
|
|-heal|p1a: Jirachi|39/100|[from] item: Leftovers
|upkeep
|turn|15
|
|t:|1728770673
|switch|p2a: Suicune|Suicune|90/100 par
|-damage|p2a: Suicune|73/100 par|[from] Spikes
|move|p1a: Jirachi|Protect||[still]
|-fail|p1a: Jirachi
|
|-heal|p1a: Jirachi|45/100|[from] item: Leftovers
|-heal|p2a: Suicune|79/100 par|[from] item: Leftovers
|upkeep
|turn|16
|
|t:|1728770689
|move|p1a: Jirachi|Protect|p1a: Jirachi
|-singleturn|p1a: Jirachi|Protect
|cant|p2a: Suicune|par
|
|-heal|p1a: Jirachi|51/100|[from] item: Leftovers
|-heal|p2a: Suicune|85/100 par|[from] item: Leftovers
|upkeep
|turn|17
|
|t:|1728770694
|switch|p1a: Blissey|Blissey, F|100/100
|move|p2a: Suicune|Roar|p1a: Blissey
|drag|p1a: Aerodactyl|Aerodactyl, M|100/100
|
|-heal|p2a: Suicune|91/100 par|[from] item: Leftovers
|upkeep
|turn|18
|
|t:|1728770712
|switch|p1a: Blissey|Blissey, F|100/100
|cant|p2a: Suicune|par
|
|-heal|p2a: Suicune|97/100 par|[from] item: Leftovers
|upkeep
|turn|19
|
|t:|1728770719
|move|p1a: Blissey|Seismic Toss|p2a: Suicune
|-damage|p2a: Suicune|70/100 par
|cant|p2a: Suicune|par
|
|-heal|p2a: Suicune|76/100 par|[from] item: Leftovers
|upkeep
|turn|20
|
|t:|1728770733
|switch|p2a: Snorlax|Snorlax, M|100/100
|-damage|p2a: Snorlax|84/100|[from] Spikes
|move|p1a: Blissey|Seismic Toss|p2a: Snorlax
|-damage|p2a: Snorlax|62/100
|
|-heal|p2a: Snorlax|69/100|[from] item: Leftovers
|upkeep
|turn|21
|
|t:|1728770742
|move|p2a: Snorlax|Body Slam|p1a: Blissey
|-damage|p1a: Blissey|66/100
|move|p1a: Blissey|Counter|p2a: Snorlax
|-damage|p2a: Snorlax|0 fnt
|faint|p2a: Snorlax
|
|t:|1728770752
|switch|p2a: Metagross|Metagross|84/100
|-damage|p2a: Metagross|67/100|[from] Spikes
|
|-heal|p1a: Blissey|72/100|[from] item: Leftovers
|upkeep
|turn|22
|
|t:|1728770773
|switch|p1a: Jirachi|Jirachi|51/100
|move|p2a: Metagross|Meteor Mash|p1a: Jirachi
|-resisted|p1a: Jirachi
|-damage|p1a: Jirachi|22/100
|-boost|p2a: Metagross|atk|1
|
|-heal|p1a: Jirachi|28/100|[from] item: Leftovers
|upkeep
|turn|23
|
|t:|1728770781
|move|p1a: Jirachi|Protect|p1a: Jirachi
|-singleturn|p1a: Jirachi|Protect
|move|p2a: Metagross|Meteor Mash|p1a: Jirachi|[miss]
|-miss|p2a: Metagross|p1a: Jirachi
|
|-heal|p1a: Jirachi|34/100|[from] item: Leftovers
|upkeep
|turn|24
|
|t:|1728770792
|move|p1a: Jirachi|Wish|p1a: Jirachi
|move|p2a: Metagross|Meteor Mash|p1a: Jirachi|[miss]
|-miss|p2a: Metagross|p1a: Jirachi
|
|-heal|p1a: Jirachi|41/100|[from] item: Leftovers
|upkeep
|turn|25
|
|t:|1728770802
|move|p1a: Jirachi|Protect|p1a: Jirachi
|-singleturn|p1a: Jirachi|Protect
|move|p2a: Metagross|Meteor Mash|p1a: Jirachi
|-activate|p1a: Jirachi|Protect
|
|-heal|p1a: Jirachi|91/100|[from] move: Wish|[wisher] Jirachi
|-heal|p1a: Jirachi|97/100|[from] item: Leftovers
|upkeep
|turn|26
|
|t:|1728770811
|move|p1a: Jirachi|Wish|p1a: Jirachi
|move|p2a: Metagross|Meteor Mash|p1a: Jirachi
|-resisted|p1a: Jirachi
|-damage|p1a: Jirachi|58/100
|
|-heal|p1a: Jirachi|64/100|[from] item: Leftovers
|upkeep
|turn|27
|
|t:|1728770816
|switch|p2a: Salamence|Salamence, F|100/100
|-ability|p2a: Salamence|Intimidate|boost
|-unboost|p1a: Jirachi|atk|1
|move|p1a: Jirachi|Fire Punch|p2a: Salamence
|-resisted|p2a: Salamence
|-damage|p2a: Salamence|89/100
|
|-heal|p1a: Jirachi|100/100|[from] move: Wish|[wisher] Jirachi
|-heal|p2a: Salamence|95/100|[from] item: Leftovers
|upkeep
|turn|28
|
|t:|1728770840
|switch|p1a: Tyranitar|Tyranitar, F|100/100
|-weather|Sandstorm|[from] ability: Sand Stream|[of] p1a: Tyranitar
|move|p2a: Salamence|Fire Blast|p1a: Tyranitar
|-resisted|p1a: Tyranitar
|-damage|p1a: Tyranitar|82/100
|-status|p1a: Tyranitar|brn
|
|-weather|Sandstorm|[upkeep]
|-damage|p2a: Salamence|89/100|[from] Sandstorm
|-heal|p2a: Salamence|95/100|[from] item: Leftovers
|-heal|p1a: Tyranitar|88/100 brn|[from] item: Leftovers
|-damage|p1a: Tyranitar|76/100 brn|[from] brn
|upkeep
|turn|29
|inactive|xDeacon has 270 seconds left.
|
|t:|1728770867
|move|p2a: Salamence|Brick Break|p1a: Tyranitar
|-supereffective|p1a: Tyranitar
|-damage|p1a: Tyranitar|4/100 brn
|move|p1a: Tyranitar|Counter|p2a: Salamence
|-damage|p2a: Salamence|0 fnt
|faint|p2a: Salamence
|
|t:|1728770875
|switch|p2a: Suicune|Suicune|76/100 par
|-damage|p2a: Suicune|59/100 par|[from] Spikes
|
|-weather|Sandstorm|[upkeep]
|-damage|p2a: Suicune|53/100 par|[from] Sandstorm
|-heal|p1a: Tyranitar|10/100 brn|[from] item: Leftovers
|-damage|p1a: Tyranitar|0 fnt|[from] brn
|faint|p1a: Tyranitar
|-heal|p2a: Suicune|59/100 par|[from] item: Leftovers
|upkeep
|inactive|xDeacon has 270 seconds left.
|
|t:|1728770884
|switch|p1a: Blissey|Blissey, F|72/100
|turn|30
|inactive|xDeacon has 270 seconds left.
|
|t:|1728770909
|move|p1a: Blissey|Thunder Wave|p2a: Suicune
|-fail|p2a: Suicune|par
|move|p2a: Suicune|Calm Mind|p2a: Suicune
|-boost|p2a: Suicune|spa|1
|-boost|p2a: Suicune|spd|1
|
|-weather|Sandstorm|[upkeep]
|-damage|p1a: Blissey|66/100|[from] Sandstorm
|-damage|p2a: Suicune|53/100 par|[from] Sandstorm
|-heal|p1a: Blissey|72/100|[from] item: Leftovers
|-heal|p2a: Suicune|59/100 par|[from] item: Leftovers
|upkeep
|turn|31
|
|t:|1728770918
|move|p1a: Blissey|Seismic Toss|p2a: Suicune
|-damage|p2a: Suicune|32/100 par
|move|p2a: Suicune|Hydro Pump|p1a: Blissey
|-damage|p1a: Blissey|41/100
|
|-weather|Sandstorm|[upkeep]
|-damage|p1a: Blissey|35/100|[from] Sandstorm
|-damage|p2a: Suicune|26/100 par|[from] Sandstorm
|-heal|p1a: Blissey|41/100|[from] item: Leftovers
|-heal|p2a: Suicune|32/100 par|[from] item: Leftovers
|upkeep
|turn|32
|
|t:|1728770923
|move|p1a: Blissey|Soft-Boiled|p1a: Blissey
|-heal|p1a: Blissey|91/100
|move|p2a: Suicune|Hydro Pump|p1a: Blissey
|-damage|p1a: Blissey|61/100
|
|-weather|Sandstorm|[upkeep]
|-damage|p1a: Blissey|55/100|[from] Sandstorm
|-damage|p2a: Suicune|26/100 par|[from] Sandstorm
|-heal|p1a: Blissey|61/100|[from] item: Leftovers
|-heal|p2a: Suicune|32/100 par|[from] item: Leftovers
|upkeep
|turn|33
|
|t:|1728770928
|move|p1a: Blissey|Soft-Boiled|p1a: Blissey
|-heal|p1a: Blissey|100/100
|cant|p2a: Suicune|par
|
|-weather|Sandstorm|[upkeep]
|-damage|p1a: Blissey|94/100|[from] Sandstorm
|-damage|p2a: Suicune|26/100 par|[from] Sandstorm
|-heal|p1a: Blissey|100/100|[from] item: Leftovers
|-heal|p2a: Suicune|32/100 par|[from] item: Leftovers
|upkeep
|turn|34
|
|t:|1728770929
|move|p1a: Blissey|Seismic Toss|p2a: Suicune
|-damage|p2a: Suicune|5/100 par
|move|p2a: Suicune|Hydro Pump|p1a: Blissey
|-damage|p1a: Blissey|72/100
|
|-weather|Sandstorm|[upkeep]
|-damage|p1a: Blissey|66/100|[from] Sandstorm
|-damage|p2a: Suicune|0 fnt|[from] Sandstorm
|faint|p2a: Suicune
|-heal|p1a: Blissey|72/100|[from] item: Leftovers
|upkeep
|
|t:|1728770959
|switch|p2a: Metagross|Metagross|67/100
|-damage|p2a: Metagross|50/100|[from] Spikes
|turn|35
|
|t:|1728770969
|move|p2a: Metagross|Explosion|p1a: Blissey
|-damage|p1a: Blissey|0 fnt
|faint|p2a: Metagross
|faint|p1a: Blissey
|
|t:|1728770972
|switch|p2a: Heracross|Heracross, M|100/100
|switch|p1a: Aerodactyl|Aerodactyl, M|100/100
|-damage|p2a: Heracross|84/100|[from] Spikes
|
|-weather|Sandstorm|[upkeep]
|-damage|p2a: Heracross|78/100|[from] Sandstorm
|upkeep
|turn|36
|c|☆COB 8|gg
|
|t:|1728770977
|move|p1a: Aerodactyl|Hidden Power|p2a: Heracross
|-supereffective|p2a: Heracross
|-damage|p2a: Heracross|0 fnt
|faint|p2a: Heracross
|
|win|xDeacon
|c|☆xDeacon|gg

</script>
<script type="application/json" class="data" id="replaydata-smogtours-gen3ou-797844">
{"id":"smogtours-gen3ou-797844","format":"[Gen 3] OU","players":["xDeacon","COB 8"],"uploadtime":1728770977,"views":80,"formatid":"gen3ou","rating":null,"private":0,"password":null}
</script>

<script defer src="js/replays.js?9d40a366"></script>
