<!DOCTYPE html>
<meta charset="utf-8" />
<meta name="viewport" content="width=device-width" />

<title>[Gen 3] OU: Melee Minion vs. Dit Dus - Replays - Pok&eacute;mon Showdown!</title>

<meta name="description" content="Watch a replay of a Pok&eacute;mon battle between Melee Minion and Dit Dus! Format: [Gen 3] OU; Date: Oct 14, 2024" />
<!--

Hey, you! Looking in the source for the replay log?

You can find them in JSON format, just add `.json` at the end of a replay URL.

https://replay.pokemonshowdown.com/gen7randomdoublesbattle-865046831.json

Or, if you only need the log itself, add `.log` instead:

https://replay.pokemonshowdown.com/gen7randomdoublesbattle-865046831.log

-->

<link rel="stylesheet" href="//pokemonshowdown.com/style/global.css?0.023195364461161105" />
<link rel="stylesheet" href="//play.pokemonshowdown.com/style/font-awesome.css?0.13261647063804238" />
<link rel="stylesheet" href="//play.pokemonshowdown.com/style/battle.css?0.8753245789963631" />
<link rel="stylesheet" href="//play.pokemonshowdown.com/style/utilichart.css?0.8627959624976733" />

<!-- Global site tag (gtag.js) - Google Analytics -->
<script async src="https://www.googletagmanager.com/gtag/js?id=UA-26211653-1"></script>
<script>
  window.dataLayer = window.dataLayer || [];
  function gtag(){dataLayer.push(arguments);}
  gtag('js', new Date());

  gtag('config', 'UA-26211653-1');
</script>
<!-- End Google Analytics -->
<!-- Venatus Ad Manager - Install in <HEAD> of page -->
	<script src="https://hb.vntsm.com/v3/live/ad-manager.min.js" type="text/javascript" data-site-id="642aba63ec9a7b11c3c9c1be" data-mode="scan" async></script>
<!-- / Venatus Ad Manager -->

<style>
	@media (max-width:820px) {
		.battle {
			margin: 0 auto;
		}
		.battle-log {
			margin: 7px auto 0;
			max-width: 640px;
			height: 300px;
			position: static;
		}
	}
	.optgroup {
		display: inline-block;
		line-height: 22px;
		font-size: 10pt;
	}
	.optgroup .button {
		height: 25px;
		padding-top: 0;
		padding-bottom: 0;
	}
	.optgroup button.button {
		padding-left: 12px;
		padding-right: 12px;
	}
	.linklist {
		list-style: none;
		margin: 0.5em 0;
		padding: 0;
	}
	.linklist li {
		padding: 2px 0;
	}
	.sidebar {
		float: left;
		width: 320px;
	}
	.bar-wrapper {
		max-width: 1100px;
		margin: 0 auto;
	}
	.bar-wrapper.has-sidebar {
		max-width: 1430px;
	}
	.mainbar {
		margin: 0;
		padding-right: 1px;
	}
	.mainbar.has-sidebar {
		margin-left: 330px;
	}
	@media (min-width: 1511px) {
		.sidebar {
			width: 400px;
		}
		.bar-wrapper.has-sidebar {
			max-width: 1510px;
		}
		.mainbar.has-sidebar {
			margin-left: 410px;
		}
	}
	.section.first-section {
		margin-top: 9px;
	}
	.blocklink small {
		white-space: normal;
	}
	.button {
		vertical-align: middle;
	}
	.replay-controls {
		padding-top: 10px;
	}
	.replay-controls h1 {
		font-size: 16pt;
		font-weight: normal;
		color: #CCC;
	}
	.pagelink {
		text-align: center;
	}
	.pagelink a {
		width: 150px;
	}
	.textbox, .button {
		font-size: 11pt;
		vertical-align: middle;
	}
	@media (max-width: 450px) {
		.button {
			font-size: 9pt;
		}
	}
</style>

<div>

	<header>
		<div class="nav-wrapper"><ul class="nav">
			<li><a class="button nav-first" href="//pokemonshowdown.com/"><img src="//pokemonshowdown.com/images/pokemonshowdownbeta.png" srcset="//pokemonshowdown.com/images/pokemonshowdownbeta.png 1x, //pokemonshowdown.com/images/pokemonshowdownbeta@2x.png 2x" alt="Pok&eacute;mon Showdown" width="146" height="44" /> Home</a></li>
			<li><a class="button" href="//pokemonshowdown.com/dex/">Pok&eacute;dex</a></li>
			<li><a class="button cur" href="/">Replays</a></li>
			<li><a class="button" href="//pokemonshowdown.com/ladder/">Ladder</a></li>
			<li><a class="button nav-last" href="//pokemonshowdown.com/forums/">Forum</a></li>
			<li><a class="button greenbutton nav-first nav-last" href="//play.pokemonshowdown.com/">Play</a></li>
		</ul></div>
	</header>

	<div class="main" id="main">

		<noscript><section class="section">You need to enable JavaScript to use this page; sorry!</section></noscript>

	</div>

</div>

<script defer nomodule src="//play.pokemonshowdown.com/js/lib/ps-polyfill.js"></script>
<script defer src="//play.pokemonshowdown.com/js/lib/preact.min.js"></script>

<script defer src="//play.pokemonshowdown.com/config/config.js?2bddbc15"></script>
<script defer src="//play.pokemonshowdown.com/js/lib/jquery-1.11.0.min.js"></script>
<script defer src="//play.pokemonshowdown.com/js/lib/html-sanitizer-minified.js"></script>
<script defer src="//play.pokemonshowdown.com/js/battle-sound.js"></script>
<script defer src="//play.pokemonshowdown.com/js/battledata.js?0.7209276989879541"></script>
<script defer src="//play.pokemonshowdown.com/data/pokedex-mini.js?0.6111056340867951"></script>
<script defer src="//play.pokemonshowdown.com/data/pokedex-mini-bw.js?0.3532142036491459"></script>
<script defer src="//play.pokemonshowdown.com/data/graphics.js?0.24223875632456182"></script>
<script defer src="//play.pokemonshowdown.com/data/pokedex.js?0.38839984266356864"></script>
<script defer src="//play.pokemonshowdown.com/data/moves.js?0.21866028504024015"></script>
<script defer src="//play.pokemonshowdown.com/data/abilities.js?0.2005157953846628"></script>
<script defer src="//play.pokemonshowdown.com/data/items.js?0.9894211263848525"></script>
<script defer src="//play.pokemonshowdown.com/data/teambuilder-tables.js?0.6008791140282215"></script>
<script defer src="//play.pokemonshowdown.com/js/battle-tooltips.js?0.7580118955022959"></script>
<script defer src="//play.pokemonshowdown.com/js/battle.js?0.6057722274234274"></script>

<script defer src="js/utils.js?e31f9a17"></script>
<script defer src="js/replays-battle.js?7008c182"></script>

<!-- don't scrape this data! just add .json or .log after the URL!
Full API docs: https://github.com/smogon/pokemon-showdown-client/blob/master/WEB-API.md -->
<script type="text/plain" class="log" id="replaylog-smogtours-gen3ou-798652">
|inactive|Battle timer is ON: inactive players will automatically lose when time's up.
|t:|1728923611
|gametype|singles
|player|p1|Melee Minion|266|
|player|p2|Dit Dus|102|
|teamsize|p1|6
|teamsize|p2|6
|gen|3
|tier|[Gen 3] OU
|rule|Sleep Clause Mod: Limit one foe put to sleep
|rule|Switch Priority Clause Mod: Faster Pokémon switch first
|rule|Species Clause: Limit one of each Pokémon
|rule|OHKO Clause: OHKO moves are banned
|rule|Evasion Items Clause: Evasion items are banned
|rule|Evasion Moves Clause: Evasion moves are banned
|rule|Endless Battle Clause: Forcing endless battles is banned
|rule|HP Percentage Mod: HP is shown in percentages
|rule|One Boost Passer Clause: Limit one Baton Passer that has a way to boost its stats
|rule|Freeze Clause Mod: Limit one foe frozen
|
|t:|1728923611
|start
|switch|p1a: Owe me a Soda|Jynx, F|100/100
|switch|p2a: Tyranitar|Tyranitar, M|100/100
|-weather|Sandstorm|[from] ability: Sand Stream|[of] p2a: Tyranitar
|turn|1
|
|t:|1728923632
|move|p1a: Owe me a Soda|Substitute|p1a: Owe me a Soda
|-start|p1a: Owe me a Soda|Substitute
|-damage|p1a: Owe me a Soda|76/100
|move|p2a: Tyranitar|Rock Slide|p1a: Owe me a Soda
|-supereffective|p1a: Owe me a Soda
|-end|p1a: Owe me a Soda|Substitute
|
|-weather|Sandstorm|[upkeep]
|-damage|p1a: Owe me a Soda|70/100|[from] Sandstorm
|-heal|p1a: Owe me a Soda|76/100|[from] item: Leftovers
|upkeep
|turn|2
|
|t:|1728923643
|move|p1a: Owe me a Soda|Ice Beam|p2a: Tyranitar
|-damage|p2a: Tyranitar|64/100
|move|p2a: Tyranitar|Rock Slide|p1a: Owe me a Soda
|-supereffective|p1a: Owe me a Soda
|-damage|p1a: Owe me a Soda|0 fnt
|faint|p1a: Owe me a Soda
|
|t:|1728923647
|switch|p1a: Thugtrio|Dugtrio, M|100/100
|
|-weather|Sandstorm|[upkeep]
|-heal|p2a: Tyranitar|71/100|[from] item: Leftovers
|upkeep
|turn|3
|
|t:|1728923655
|move|p1a: Thugtrio|Earthquake|p2a: Tyranitar
|-supereffective|p2a: Tyranitar
|-damage|p2a: Tyranitar|0 fnt
|faint|p2a: Tyranitar
|
|t:|1728923660
|switch|p2a: Skarmory|Skarmory, F|100/100
|
|-weather|Sandstorm|[upkeep]
|upkeep
|turn|4
|
|t:|1728923664
|switch|p1a: Cthulhu Barbie|Claydol|100/100
|move|p2a: Skarmory|Spikes|p1a: Cthulhu Barbie
|-sidestart|p1: Melee Minion|Spikes
|
|-weather|Sandstorm|[upkeep]
|upkeep
|turn|5
|
|t:|1728923682
|switch|p2a: Swampert|Swampert, F|100/100
|move|p1a: Cthulhu Barbie|Rain Dance|p1a: Cthulhu Barbie
|-weather|RainDance
|
|-weather|RainDance|[upkeep]
|upkeep
|turn|6
|
|t:|1728923689
|switch|p1a: Snoreo|Snorlax, M|100/100
|-damage|p1a: Snoreo|88/100|[from] Spikes
|move|p2a: Swampert|Hydro Pump|p1a: Snoreo
|-damage|p1a: Snoreo|46/100
|
|-weather|RainDance|[upkeep]
|-heal|p1a: Snoreo|52/100|[from] item: Leftovers
|upkeep
|turn|7
|
|t:|1728923706
|switch|p2a: Gengar|Gengar, F|100/100
|move|p1a: Snoreo|Body Slam|p2a: Gengar
|-immune|p2a: Gengar
|
|-weather|RainDance|[upkeep]
|-heal|p1a: Snoreo|58/100|[from] item: Leftovers
|upkeep
|turn|8
|
|t:|1728923716
|move|p2a: Gengar|Will-O-Wisp|p1a: Snoreo|[miss]
|-miss|p2a: Gengar|p1a: Snoreo
|move|p1a: Snoreo|Shadow Ball|p2a: Gengar
|-supereffective|p2a: Gengar
|-crit|p2a: Gengar
|-damage|p2a: Gengar|0 fnt
|faint|p2a: Gengar
|
|t:|1728923732
|switch|p2a: Aerodactyl|Aerodactyl, F|100/100
|
|-weather|RainDance|[upkeep]
|-heal|p1a: Snoreo|64/100|[from] item: Leftovers
|upkeep
|turn|9
|
|t:|1728923743
|move|p2a: Aerodactyl|Double-Edge|p1a: Snoreo
|-damage|p1a: Snoreo|23/100
|move|p1a: Snoreo|Body Slam|p2a: Aerodactyl
|-resisted|p2a: Aerodactyl
|-damage|p2a: Aerodactyl|72/100
|
|-weather|none
|-heal|p1a: Snoreo|29/100|[from] item: Leftovers
|upkeep
|turn|10
|
|t:|1728923751
|switch|p1a: Salamence|Salamence, F|100/100
|-ability|p1a: Salamence|Intimidate|boost
|-unboost|p2a: Aerodactyl|atk|1
|move|p2a: Aerodactyl|Double-Edge|p1a: Salamence
|-damage|p1a: Salamence|57/100
|
|-heal|p1a: Salamence|63/100|[from] item: Leftovers
|upkeep
|turn|11
|
|t:|1728923771
|switch|p2a: Swampert|Swampert, F|100/100
|switch|p1a: Tyranocifn't|Suicune|100/100
|-damage|p1a: Tyranocifn't|88/100|[from] Spikes
|
|-heal|p1a: Tyranocifn't|94/100|[from] item: Leftovers
|upkeep
|turn|12
|
|t:|1728923780
|switch|p2a: Celebi|Celebi|100/100
|move|p1a: Tyranocifn't|Surf|p2a: Celebi
|-resisted|p2a: Celebi
|-damage|p2a: Celebi|84/100
|
|-heal|p2a: Celebi|90/100|[from] item: Leftovers
|-heal|p1a: Tyranocifn't|100/100|[from] item: Leftovers
|upkeep
|turn|13
|
|t:|1728923791
|move|p2a: Celebi|Leech Seed|p1a: Tyranocifn't
|-start|p1a: Tyranocifn't|move: Leech Seed
|move|p1a: Tyranocifn't|Ice Beam|p2a: Celebi
|-supereffective|p2a: Celebi
|-damage|p2a: Celebi|40/100
|
|-heal|p2a: Celebi|46/100|[from] item: Leftovers
|-damage|p1a: Tyranocifn't|88/100|[from] Leech Seed|[of] p2a: Celebi
|-heal|p2a: Celebi|59/100|[silent]
|upkeep
|turn|14
|
|t:|1728923804
|switch|p1a: Cthulhu Barbie|Claydol|100/100
|move|p2a: Celebi|Giga Drain|p1a: Cthulhu Barbie
|-supereffective|p1a: Cthulhu Barbie
|-damage|p1a: Cthulhu Barbie|46/100
|-heal|p2a: Celebi|81/100|[from] drain|[of] p1a: Cthulhu Barbie
|
|-heal|p2a: Celebi|87/100|[from] item: Leftovers
|-heal|p1a: Cthulhu Barbie|52/100|[from] item: Leftovers
|upkeep
|turn|15
|
|t:|1728923823
|switch|p1a: Salamence|Salamence, F|63/100
|-ability|p1a: Salamence|Intimidate|boost
|-unboost|p2a: Celebi|atk|1
|move|p2a: Celebi|Psychic|p1a: Salamence
|-damage|p1a: Salamence|10/100
|
|-heal|p1a: Salamence|16/100|[from] item: Leftovers
|-heal|p2a: Celebi|93/100|[from] item: Leftovers
|upkeep
|turn|16
|
|t:|1728923845
|move|p1a: Salamence|Hidden Power|p2a: Celebi
|-supereffective|p2a: Celebi
|-damage|p2a: Celebi|23/100
|move|p2a: Celebi|Psychic|p1a: Salamence
|-damage|p1a: Salamence|0 fnt
|faint|p1a: Salamence
|
|t:|1728923849
|switch|p1a: Thugtrio|Dugtrio, M|100/100
|-damage|p1a: Thugtrio|88/100|[from] Spikes
|
|-heal|p2a: Celebi|29/100|[from] item: Leftovers
|upkeep
|turn|17
|
|t:|1728923859
|move|p1a: Thugtrio|Hidden Power|p2a: Celebi
|-supereffective|p2a: Celebi
|-damage|p2a: Celebi|0 fnt
|faint|p2a: Celebi
|inactive|Dit Dus has 270 seconds left.
|
|t:|1728923888
|switch|p2a: Aerodactyl|Aerodactyl, F|72/100
|
|upkeep
|turn|18
|
|t:|1728923895
|move|p2a: Aerodactyl|Double-Edge|p1a: Thugtrio
|-damage|p1a: Thugtrio|0 fnt
|faint|p1a: Thugtrio
|
|t:|1728923899
|switch|p1a: Tyranocifn't|Suicune|88/100
|-damage|p1a: Tyranocifn't|76/100|[from] Spikes
|
|-heal|p1a: Tyranocifn't|82/100|[from] item: Leftovers
|upkeep
|turn|19
|
|t:|1728923905
|move|p2a: Aerodactyl|Double-Edge|p1a: Tyranocifn't
|-damage|p1a: Tyranocifn't|38/100
|move|p1a: Tyranocifn't|Surf|p2a: Aerodactyl
|-supereffective|p2a: Aerodactyl
|-damage|p2a: Aerodactyl|0 fnt
|faint|p2a: Aerodactyl
|
|t:|1728923918
|switch|p2a: Skarmory|Skarmory, F|100/100
|
|-heal|p1a: Tyranocifn't|44/100|[from] item: Leftovers
|upkeep
|turn|20
|
|t:|1728923923
|move|p1a: Tyranocifn't|Calm Mind|p1a: Tyranocifn't
|-boost|p1a: Tyranocifn't|spa|1
|-boost|p1a: Tyranocifn't|spd|1
|move|p2a: Skarmory|Drill Peck|p1a: Tyranocifn't
|-damage|p1a: Tyranocifn't|27/100
|
|-heal|p1a: Tyranocifn't|33/100|[from] item: Leftovers
|upkeep
|turn|21
|
|t:|1728923936
|move|p1a: Tyranocifn't|Surf|p2a: Skarmory
|-damage|p2a: Skarmory|40/100
|move|p2a: Skarmory|Roar|p1a: Tyranocifn't
|drag|p1a: Cthulhu Barbie|Claydol|52/100
|
|-heal|p1a: Cthulhu Barbie|58/100|[from] item: Leftovers
|-heal|p2a: Skarmory|46/100|[from] item: Leftovers
|upkeep
|turn|22
|
|t:|1728923946
|move|p1a: Cthulhu Barbie|Rapid Spin|p2a: Skarmory
|-resisted|p2a: Skarmory
|-damage|p2a: Skarmory|45/100
|-sideend|p1: Melee Minion|Spikes|[from] move: Rapid Spin|[of] p1a: Cthulhu Barbie
|move|p2a: Skarmory|Drill Peck|p1a: Cthulhu Barbie
|-damage|p1a: Cthulhu Barbie|39/100
|
|-heal|p1a: Cthulhu Barbie|45/100|[from] item: Leftovers
|-heal|p2a: Skarmory|51/100|[from] item: Leftovers
|upkeep
|turn|23
|
|t:|1728923954
|switch|p1a: Tyranocifn't|Suicune|33/100
|move|p2a: Skarmory|Spikes|p1a: Tyranocifn't
|-sidestart|p1: Melee Minion|Spikes
|
|-heal|p1a: Tyranocifn't|40/100|[from] item: Leftovers
|-heal|p2a: Skarmory|57/100|[from] item: Leftovers
|upkeep
|turn|24
|
|t:|1728923962
|move|p1a: Tyranocifn't|Rest|p1a: Tyranocifn't
|-status|p1a: Tyranocifn't|slp|[from] move: Rest
|-heal|p1a: Tyranocifn't|100/100 slp|[silent]
|move|p2a: Skarmory|Drill Peck|p1a: Tyranocifn't
|-damage|p1a: Tyranocifn't|83/100 slp
|
|-heal|p1a: Tyranocifn't|90/100 slp|[from] item: Leftovers
|-heal|p2a: Skarmory|63/100|[from] item: Leftovers
|upkeep
|turn|25
|
|t:|1728923973
|switch|p2a: Swampert|Swampert, F|100/100
|cant|p1a: Tyranocifn't|slp
|
|-heal|p1a: Tyranocifn't|96/100 slp|[from] item: Leftovers
|upkeep
|turn|26
|
|t:|1728923983
|cant|p1a: Tyranocifn't|slp
|move|p2a: Swampert|Curse|p2a: Swampert
|-unboost|p2a: Swampert|spe|1
|-boost|p2a: Swampert|atk|1
|-boost|p2a: Swampert|def|1
|
|-heal|p1a: Tyranocifn't|100/100 slp|[from] item: Leftovers
|upkeep
|turn|27
|
|t:|1728923995
|-curestatus|p1a: Tyranocifn't|slp|[msg]
|move|p1a: Tyranocifn't|Surf|p2a: Swampert
|-damage|p2a: Swampert|60/100
|move|p2a: Swampert|Curse|p2a: Swampert
|-unboost|p2a: Swampert|spe|1
|-boost|p2a: Swampert|atk|1
|-boost|p2a: Swampert|def|1
|
|-heal|p2a: Swampert|66/100|[from] item: Leftovers
|upkeep
|turn|28
|
|t:|1728924005
|move|p1a: Tyranocifn't|Surf|p2a: Swampert
|-damage|p2a: Swampert|28/100
|move|p2a: Swampert|Earthquake|p1a: Tyranocifn't
|-damage|p1a: Tyranocifn't|48/100
|
|-heal|p1a: Tyranocifn't|54/100|[from] item: Leftovers
|-heal|p2a: Swampert|34/100|[from] item: Leftovers
|upkeep
|turn|29
|
|t:|1728924015
|switch|p1a: Cthulhu Barbie|Claydol|45/100
|move|p2a: Swampert|Earthquake|p1a: Cthulhu Barbie
|-immune|p1a: Cthulhu Barbie
|
|-heal|p1a: Cthulhu Barbie|51/100|[from] item: Leftovers
|-heal|p2a: Swampert|40/100|[from] item: Leftovers
|upkeep
|turn|30
|inactive|Dit Dus has 270 seconds left.
|
|t:|1728924047
|switch|p2a: Skarmory|Skarmory, F|63/100
|move|p1a: Cthulhu Barbie|Explosion|p2a: Skarmory
|-resisted|p2a: Skarmory
|-damage|p2a: Skarmory|23/100
|faint|p1a: Cthulhu Barbie
|
|t:|1728924053
|switch|p1a: Tyranocifn't|Suicune|54/100
|-damage|p1a: Tyranocifn't|41/100|[from] Spikes
|
|-heal|p1a: Tyranocifn't|48/100|[from] item: Leftovers
|-heal|p2a: Skarmory|29/100|[from] item: Leftovers
|upkeep
|turn|31
|
|t:|1728924067
|move|p1a: Tyranocifn't|Surf|p2a: Skarmory
|-damage|p2a: Skarmory|0 fnt
|faint|p2a: Skarmory
|
|t:|1728924072
|switch|p2a: Swampert|Swampert, F|40/100
|
|-heal|p1a: Tyranocifn't|54/100|[from] item: Leftovers
|-heal|p2a: Swampert|46/100|[from] item: Leftovers
|upkeep
|turn|32
|
|t:|1728924078
|move|p1a: Tyranocifn't|Surf|p2a: Swampert
|-damage|p2a: Swampert|10/100
|move|p2a: Swampert|Earthquake|p1a: Tyranocifn't
|-damage|p1a: Tyranocifn't|23/100
|
|-heal|p1a: Tyranocifn't|29/100|[from] item: Leftovers
|-heal|p2a: Swampert|16/100|[from] item: Leftovers
|upkeep
|turn|33
|inactive|Dit Dus has 270 seconds left.
|
|t:|1728924105
|move|p1a: Tyranocifn't|Surf|p2a: Swampert
|-crit|p2a: Swampert
|-damage|p2a: Swampert|0 fnt
|faint|p2a: Swampert
|
|win|Melee Minion
|c|☆Dit Dus|gg
|c|☆Melee Minion|gg
|player|p1|

</script>
<script type="application/json" class="data" id="replaydata-smogtours-gen3ou-798652">
{"id":"smogtours-gen3ou-798652","format":"[Gen 3] OU","players":["Melee Minion","Dit Dus"],"uploadtime":1728924105,"views":80,"formatid":"gen3ou","rating":null,"private":0,"password":null}
</script>

<script defer src="js/replays.js?9d40a366"></script>
