<!DOCTYPE html>
<meta charset="utf-8" />
<meta name="viewport" content="width=device-width" />

<title>[Gen 3] OU: SANKE CARP vs. Xenocles - Replays - Pok&eacute;mon Showdown!</title>

<meta name="description" content="Watch a replay of a Pok&eacute;mon battle between SANKE CARP and Xenocles! Format: [Gen 3] OU; Date: Oct 14, 2024" />
<!--

Hey, you! Looking in the source for the replay log?

You can find them in JSON format, just add `.json` at the end of a replay URL.

https://replay.pokemonshowdown.com/gen7randomdoublesbattle-865046831.json

Or, if you only need the log itself, add `.log` instead:

https://replay.pokemonshowdown.com/gen7randomdoublesbattle-865046831.log

-->

<link rel="stylesheet" href="//pokemonshowdown.com/style/global.css?0.023195364461161105" />
<link rel="stylesheet" href="//play.pokemonshowdown.com/style/font-awesome.css?0.13261647063804238" />
<link rel="stylesheet" href="//play.pokemonshowdown.com/style/battle.css?0.8753245789963631" />
<link rel="stylesheet" href="//play.pokemonshowdown.com/style/utilichart.css?0.8627959624976733" />

<!-- Global site tag (gtag.js) - Google Analytics -->
<script async src="https://www.googletagmanager.com/gtag/js?id=UA-26211653-1"></script>
<script>
  window.dataLayer = window.dataLayer || [];
  function gtag(){dataLayer.push(arguments);}
  gtag('js', new Date());

  gtag('config', 'UA-26211653-1');
</script>
<!-- End Google Analytics -->
<!-- Venatus Ad Manager - Install in <HEAD> of page -->
	<script src="https://hb.vntsm.com/v3/live/ad-manager.min.js" type="text/javascript" data-site-id="642aba63ec9a7b11c3c9c1be" data-mode="scan" async></script>
<!-- / Venatus Ad Manager -->

<style>
	@media (max-width:820px) {
		.battle {
			margin: 0 auto;
		}
		.battle-log {
			margin: 7px auto 0;
			max-width: 640px;
			height: 300px;
			position: static;
		}
	}
	.optgroup {
		display: inline-block;
		line-height: 22px;
		font-size: 10pt;
	}
	.optgroup .button {
		height: 25px;
		padding-top: 0;
		padding-bottom: 0;
	}
	.optgroup button.button {
		padding-left: 12px;
		padding-right: 12px;
	}
	.linklist {
		list-style: none;
		margin: 0.5em 0;
		padding: 0;
	}
	.linklist li {
		padding: 2px 0;
	}
	.sidebar {
		float: left;
		width: 320px;
	}
	.bar-wrapper {
		max-width: 1100px;
		margin: 0 auto;
	}
	.bar-wrapper.has-sidebar {
		max-width: 1430px;
	}
	.mainbar {
		margin: 0;
		padding-right: 1px;
	}
	.mainbar.has-sidebar {
		margin-left: 330px;
	}
	@media (min-width: 1511px) {
		.sidebar {
			width: 400px;
		}
		.bar-wrapper.has-sidebar {
			max-width: 1510px;
		}
		.mainbar.has-sidebar {
			margin-left: 410px;
		}
	}
	.section.first-section {
		margin-top: 9px;
	}
	.blocklink small {
		white-space: normal;
	}
	.button {
		vertical-align: middle;
	}
	.replay-controls {
		padding-top: 10px;
	}
	.replay-controls h1 {
		font-size: 16pt;
		font-weight: normal;
		color: #CCC;
	}
	.pagelink {
		text-align: center;
	}
	.pagelink a {
		width: 150px;
	}
	.textbox, .button {
		font-size: 11pt;
		vertical-align: middle;
	}
	@media (max-width: 450px) {
		.button {
			font-size: 9pt;
		}
	}
</style>

<div>

	<header>
		<div class="nav-wrapper"><ul class="nav">
			<li><a class="button nav-first" href="//pokemonshowdown.com/"><img src="//pokemonshowdown.com/images/pokemonshowdownbeta.png" srcset="//pokemonshowdown.com/images/pokemonshowdownbeta.png 1x, //pokemonshowdown.com/images/pokemonshowdownbeta@2x.png 2x" alt="Pok&eacute;mon Showdown" width="146" height="44" /> Home</a></li>
			<li><a class="button" href="//pokemonshowdown.com/dex/">Pok&eacute;dex</a></li>
			<li><a class="button cur" href="/">Replays</a></li>
			<li><a class="button" href="//pokemonshowdown.com/ladder/">Ladder</a></li>
			<li><a class="button nav-last" href="//pokemonshowdown.com/forums/">Forum</a></li>
			<li><a class="button greenbutton nav-first nav-last" href="//play.pokemonshowdown.com/">Play</a></li>
		</ul></div>
	</header>

	<div class="main" id="main">

		<noscript><section class="section">You need to enable JavaScript to use this page; sorry!</section></noscript>

	</div>

</div>

<script defer nomodule src="//play.pokemonshowdown.com/js/lib/ps-polyfill.js"></script>
<script defer src="//play.pokemonshowdown.com/js/lib/preact.min.js"></script>

<script defer src="//play.pokemonshowdown.com/config/config.js?2bddbc15"></script>
<script defer src="//play.pokemonshowdown.com/js/lib/jquery-1.11.0.min.js"></script>
<script defer src="//play.pokemonshowdown.com/js/lib/html-sanitizer-minified.js"></script>
<script defer src="//play.pokemonshowdown.com/js/battle-sound.js"></script>
<script defer src="//play.pokemonshowdown.com/js/battledata.js?0.7209276989879541"></script>
<script defer src="//play.pokemonshowdown.com/data/pokedex-mini.js?0.6111056340867951"></script>
<script defer src="//play.pokemonshowdown.com/data/pokedex-mini-bw.js?0.3532142036491459"></script>
<script defer src="//play.pokemonshowdown.com/data/graphics.js?0.24223875632456182"></script>
<script defer src="//play.pokemonshowdown.com/data/pokedex.js?0.38839984266356864"></script>
<script defer src="//play.pokemonshowdown.com/data/moves.js?0.21866028504024015"></script>
<script defer src="//play.pokemonshowdown.com/data/abilities.js?0.2005157953846628"></script>
<script defer src="//play.pokemonshowdown.com/data/items.js?0.9894211263848525"></script>
<script defer src="//play.pokemonshowdown.com/data/teambuilder-tables.js?0.6008791140282215"></script>
<script defer src="//play.pokemonshowdown.com/js/battle-tooltips.js?0.7580118955022959"></script>
<script defer src="//play.pokemonshowdown.com/js/battle.js?0.6057722274234274"></script>

<script defer src="js/utils.js?e31f9a17"></script>
<script defer src="js/replays-battle.js?7008c182"></script>

<!-- don't scrape this data! just add .json or .log after the URL!
Full API docs: https://github.com/smogon/pokemon-showdown-client/blob/master/WEB-API.md -->
<script type="text/plain" class="log" id="replaylog-smogtours-gen3ou-798783">
|inactive|Battle timer is ON: inactive players will automatically lose when time's up.
|t:|1728941745
|gametype|singles
|player|p1|SANKE CARP|officer-gen2|
|player|p2|Xenocles|burglar|
|teamsize|p1|6
|teamsize|p2|6
|gen|3
|tier|[Gen 3] OU
|rule|Sleep Clause Mod: Limit one foe put to sleep
|rule|Switch Priority Clause Mod: Faster Pokémon switch first
|rule|Species Clause: Limit one of each Pokémon
|rule|OHKO Clause: OHKO moves are banned
|rule|Evasion Items Clause: Evasion items are banned
|rule|Evasion Moves Clause: Evasion moves are banned
|rule|Endless Battle Clause: Forcing endless battles is banned
|rule|HP Percentage Mod: HP is shown in percentages
|rule|One Boost Passer Clause: Limit one Baton Passer that has a way to boost its stats
|rule|Freeze Clause Mod: Limit one foe frozen
|
|t:|1728941745
|start
|switch|p1a: Tyranitar|Tyranitar, M|100/100
|switch|p2a: Zapdos|Zapdos|100/100
|-weather|Sandstorm|[from] ability: Sand Stream|[of] p1a: Tyranitar
|turn|1
|inactive|Xenocles also wants the timer to be on.
|c|☆SANKE CARP|Gl
|c|☆Xenocles|u2
|inactive|Xenocles has 270 seconds left.
|
|t:|1728941784
|-singleturn|p1a: Tyranitar|move: Focus Punch
|move|p2a: Zapdos|Baton Pass|p2a: Zapdos
|
|t:|1728941791
|switch|p2a: Celebi|Celebi|100/100|[from] Baton Pass
|move|p1a: Tyranitar|Focus Punch|p2a: Celebi
|-resisted|p2a: Celebi
|-damage|p2a: Celebi|75/100
|
|-weather|Sandstorm|[upkeep]
|-damage|p2a: Celebi|69/100|[from] Sandstorm
|-heal|p2a: Celebi|75/100|[from] item: Leftovers
|upkeep
|turn|2
|inactive|Xenocles has 270 seconds left.
|
|t:|1728941824
|switch|p2a: Skarmory|Skarmory, F|100/100
|move|p1a: Tyranitar|Hidden Power|p2a: Skarmory
|-resisted|p2a: Skarmory
|-damage|p2a: Skarmory|95/100
|
|-weather|Sandstorm|[upkeep]
|-heal|p2a: Skarmory|100/100|[from] item: Leftovers
|upkeep
|turn|3
|
|t:|1728941841
|-singleturn|p1a: Tyranitar|move: Focus Punch
|move|p2a: Skarmory|Spikes|p1a: Tyranitar
|-sidestart|p1: SANKE CARP|Spikes
|move|p1a: Tyranitar|Focus Punch|p2a: Skarmory
|-damage|p2a: Skarmory|56/100
|
|-weather|Sandstorm|[upkeep]
|-heal|p2a: Skarmory|62/100|[from] item: Leftovers
|upkeep
|turn|4
|
|t:|1728941848
|move|p2a: Skarmory|Drill Peck|p1a: Tyranitar
|-resisted|p1a: Tyranitar
|-damage|p1a: Tyranitar|91/100
|move|p1a: Tyranitar|Rock Slide|p2a: Skarmory
|-crit|p2a: Skarmory
|-damage|p2a: Skarmory|0 fnt
|faint|p2a: Skarmory
|
|t:|1728941857
|switch|p2a: Swampert|Swampert, M|100/100
|
|-weather|Sandstorm|[upkeep]
|-heal|p1a: Tyranitar|98/100|[from] item: Leftovers
|upkeep
|turn|5
|
|t:|1728941872
|switch|p1a: Zapdos|Zapdos|100/100
|move|p2a: Swampert|Hydro Pump|p1a: Zapdos|[miss]
|-miss|p2a: Swampert|p1a: Zapdos
|
|-weather|Sandstorm|[upkeep]
|-damage|p1a: Zapdos|94/100|[from] Sandstorm
|-heal|p1a: Zapdos|100/100|[from] item: Leftovers
|upkeep
|turn|6
|
|t:|1728941901
|switch|p1a: Forretress|Forretress, M|100/100
|-damage|p1a: Forretress|88/100|[from] Spikes
|move|p2a: Swampert|Ice Beam|p1a: Forretress
|-resisted|p1a: Forretress
|-damage|p1a: Forretress|79/100
|
|-weather|Sandstorm|[upkeep]
|-heal|p1a: Forretress|85/100|[from] item: Leftovers
|upkeep
|turn|7
|
|t:|1728941916
|move|p2a: Swampert|Hydro Pump|p1a: Forretress
|-damage|p1a: Forretress|52/100
|move|p1a: Forretress|Spikes|p2a: Swampert
|-sidestart|p2: Xenocles|Spikes
|
|-weather|Sandstorm|[upkeep]
|-heal|p1a: Forretress|58/100|[from] item: Leftovers
|upkeep
|turn|8
|
|t:|1728941928
|move|p2a: Swampert|Earthquake|p1a: Forretress
|-damage|p1a: Forretress|30/100
|move|p1a: Forretress|Spikes|p2a: Swampert
|-sidestart|p2: Xenocles|Spikes
|
|-weather|Sandstorm|[upkeep]
|-heal|p1a: Forretress|36/100|[from] item: Leftovers
|upkeep
|turn|9
|
|t:|1728941934
|move|p2a: Swampert|Hydro Pump|p1a: Forretress
|-crit|p1a: Forretress
|-damage|p1a: Forretress|0 fnt
|faint|p1a: Forretress
|inactive|SANKE CARP has 270 seconds left.
|
|t:|1728941959
|switch|p1a: Zapdos|Zapdos|100/100
|
|-weather|Sandstorm|[upkeep]
|-damage|p1a: Zapdos|94/100|[from] Sandstorm
|-heal|p1a: Zapdos|100/100|[from] item: Leftovers
|upkeep
|turn|10
|inactive|SANKE CARP has 270 seconds left.
|
|t:|1728941968
|switch|p2a: Celebi|Celebi|75/100
|-damage|p2a: Celebi|59/100|[from] Spikes
|move|p1a: Zapdos|Hidden Power|p2a: Celebi
|-resisted|p2a: Celebi
|-damage|p2a: Celebi|51/100
|
|-weather|Sandstorm|[upkeep]
|-damage|p1a: Zapdos|94/100|[from] Sandstorm
|-damage|p2a: Celebi|45/100|[from] Sandstorm
|-heal|p1a: Zapdos|100/100|[from] item: Leftovers
|-heal|p2a: Celebi|51/100|[from] item: Leftovers
|upkeep
|turn|11
|
|t:|1728941976
|move|p2a: Celebi|Psychic|p1a: Zapdos
|-damage|p1a: Zapdos|69/100
|move|p1a: Zapdos|Roar|p2a: Celebi
|drag|p2a: Zapdos|Zapdos|100/100
|
|-weather|Sandstorm|[upkeep]
|-damage|p1a: Zapdos|63/100|[from] Sandstorm
|-damage|p2a: Zapdos|94/100|[from] Sandstorm
|-heal|p1a: Zapdos|69/100|[from] item: Leftovers
|-heal|p2a: Zapdos|100/100|[from] item: Leftovers
|upkeep
|turn|12
|
|t:|1728941988
|switch|p1a: Claydol|Claydol|100/100
|move|p2a: Zapdos|Thunderbolt|p1a: Claydol
|-immune|p1a: Claydol
|
|-weather|Sandstorm|[upkeep]
|-damage|p2a: Zapdos|94/100|[from] Sandstorm
|-heal|p2a: Zapdos|100/100|[from] item: Leftovers
|upkeep
|turn|13
|
|t:|1728942003
|move|p2a: Zapdos|Hidden Power|p1a: Claydol
|-supereffective|p1a: Claydol
|-damage|p1a: Claydol|54/100
|move|p1a: Claydol|Rapid Spin|p2a: Zapdos
|-damage|p2a: Zapdos|95/100
|-sideend|p1: SANKE CARP|Spikes|[from] move: Rapid Spin|[of] p1a: Claydol
|
|-weather|Sandstorm|[upkeep]
|-damage|p2a: Zapdos|89/100|[from] Sandstorm
|-heal|p2a: Zapdos|95/100|[from] item: Leftovers
|-heal|p1a: Claydol|60/100|[from] item: Leftovers
|upkeep
|turn|14
|
|t:|1728942029
|switch|p1a: Jirachi|Jirachi|100/100
|move|p2a: Zapdos|Baton Pass|p2a: Zapdos
|
|t:|1728942031
|switch|p2a: Celebi|Celebi|51/100|[from] Baton Pass
|-damage|p2a: Celebi|34/100|[from] Spikes
|
|-weather|Sandstorm|[upkeep]
|-damage|p2a: Celebi|28/100|[from] Sandstorm
|-heal|p2a: Celebi|34/100|[from] item: Leftovers
|upkeep
|turn|15
|
|t:|1728942059
|move|p1a: Jirachi|Toxic|p2a: Celebi|[miss]
|-miss|p1a: Jirachi|p2a: Celebi
|move|p2a: Celebi|Leech Seed|p1a: Jirachi
|-start|p1a: Jirachi|move: Leech Seed
|
|-weather|Sandstorm|[upkeep]
|-damage|p2a: Celebi|28/100|[from] Sandstorm
|-heal|p2a: Celebi|34/100|[from] item: Leftovers
|-damage|p1a: Jirachi|88/100|[from] Leech Seed|[of] p2a: Celebi
|-heal|p2a: Celebi|47/100|[silent]
|upkeep
|turn|16
|
|t:|1728942075
|move|p1a: Jirachi|Wish|p1a: Jirachi
|move|p2a: Celebi|Hidden Power|p1a: Jirachi
|-supereffective|p1a: Jirachi
|-damage|p1a: Jirachi|58/100
|
|-weather|Sandstorm|[upkeep]
|-damage|p2a: Celebi|41/100|[from] Sandstorm
|-heal|p1a: Jirachi|64/100|[from] item: Leftovers
|-heal|p2a: Celebi|47/100|[from] item: Leftovers
|-damage|p1a: Jirachi|52/100|[from] Leech Seed|[of] p2a: Celebi
|-heal|p2a: Celebi|60/100|[silent]
|upkeep
|turn|17
|
|t:|1728942081
|move|p1a: Jirachi|Protect|p1a: Jirachi
|-singleturn|p1a: Jirachi|Protect
|move|p2a: Celebi|Hidden Power|p1a: Jirachi
|-activate|p1a: Jirachi|Protect
|
|-heal|p1a: Jirachi|100/100|[from] move: Wish|[wisher] Jirachi
|-weather|Sandstorm|[upkeep]
|-damage|p2a: Celebi|54/100|[from] Sandstorm
|-heal|p2a: Celebi|60/100|[from] item: Leftovers
|-damage|p1a: Jirachi|88/100|[from] Leech Seed|[of] p2a: Celebi
|-heal|p2a: Celebi|72/100|[silent]
|upkeep
|turn|18
|
|t:|1728942092
|switch|p1a: Aerodactyl|Aerodactyl, F|100/100
|move|p2a: Celebi|Leech Seed|p1a: Aerodactyl
|-start|p1a: Aerodactyl|move: Leech Seed
|
|-weather|Sandstorm|[upkeep]
|-damage|p2a: Celebi|66/100|[from] Sandstorm
|-damage|p1a: Aerodactyl|88/100|[from] Leech Seed|[of] p2a: Celebi
|-heal|p2a: Celebi|76/100|[silent]
|-heal|p2a: Celebi|82/100|[from] item: Leftovers
|upkeep
|turn|19
|inactive|Xenocles has 270 seconds left.
|
|t:|1728942135
|switch|p2a: Swampert|Swampert, M|100/100
|-damage|p2a: Swampert|84/100|[from] Spikes
|move|p1a: Aerodactyl|Rock Slide|p2a: Swampert
|-resisted|p2a: Swampert
|-damage|p2a: Swampert|66/100
|
|-weather|Sandstorm|[upkeep]
|-damage|p1a: Aerodactyl|75/100|[from] Leech Seed|[of] p2a: Swampert
|-heal|p2a: Swampert|76/100|[silent]
|-heal|p2a: Swampert|82/100|[from] item: Leftovers
|upkeep
|turn|20
|inactive|SANKE CARP has 270 seconds left.
|
|t:|1728942157
|switch|p1a: Jirachi|Jirachi|88/100
|move|p2a: Swampert|Ice Beam|p1a: Jirachi
|-resisted|p1a: Jirachi
|-damage|p1a: Jirachi|81/100
|-status|p1a: Jirachi|frz
|
|-weather|Sandstorm|[upkeep]
|-heal|p1a: Jirachi|87/100 frz|[from] item: Leftovers
|-heal|p2a: Swampert|88/100|[from] item: Leftovers
|upkeep
|turn|21
|inactive|Xenocles has 270 seconds left.
|
|t:|1728942175
|cant|p1a: Jirachi|frz
|move|p2a: Swampert|Earthquake|p1a: Jirachi
|-supereffective|p1a: Jirachi
|-damage|p1a: Jirachi|36/100 frz
|
|-weather|Sandstorm|[upkeep]
|-heal|p1a: Jirachi|42/100 frz|[from] item: Leftovers
|-heal|p2a: Swampert|94/100|[from] item: Leftovers
|upkeep
|turn|22
|c|☆SANKE CARP|Lol
|inactive|SANKE CARP has 270 seconds left.
|
|t:|1728942190
|cant|p1a: Jirachi|frz
|move|p2a: Swampert|Earthquake|p1a: Jirachi
|-supereffective|p1a: Jirachi
|-damage|p1a: Jirachi|0 fnt
|faint|p1a: Jirachi
|
|t:|1728942194
|switch|p1a: Zapdos|Zapdos|69/100
|
|-weather|Sandstorm|[upkeep]
|-damage|p1a: Zapdos|63/100|[from] Sandstorm
|-heal|p1a: Zapdos|69/100|[from] item: Leftovers
|-heal|p2a: Swampert|100/100|[from] item: Leftovers
|upkeep
|turn|23
|
|t:|1728942198
|switch|p2a: Celebi|Celebi|82/100
|-damage|p2a: Celebi|66/100|[from] Spikes
|move|p1a: Zapdos|Hidden Power|p2a: Celebi
|-resisted|p2a: Celebi
|-crit|p2a: Celebi
|-damage|p2a: Celebi|52/100
|
|-weather|Sandstorm|[upkeep]
|-damage|p1a: Zapdos|63/100|[from] Sandstorm
|-damage|p2a: Celebi|45/100|[from] Sandstorm
|-heal|p1a: Zapdos|69/100|[from] item: Leftovers
|-heal|p2a: Celebi|52/100|[from] item: Leftovers
|upkeep
|turn|24
|
|t:|1728942209
|switch|p1a: Tyranitar|Tyranitar, M|98/100
|move|p2a: Celebi|Leech Seed|p1a: Tyranitar|[miss]
|-miss|p2a: Celebi|p1a: Tyranitar
|
|-weather|Sandstorm|[upkeep]
|-damage|p2a: Celebi|45/100|[from] Sandstorm
|-heal|p2a: Celebi|52/100|[from] item: Leftovers
|-heal|p1a: Tyranitar|100/100|[from] item: Leftovers
|upkeep
|turn|25
|inactive|Xenocles has 270 seconds left.
|
|t:|1728942247
|move|p2a: Celebi|Giga Drain|p1a: Tyranitar
|-supereffective|p1a: Tyranitar
|-damage|p1a: Tyranitar|55/100
|-heal|p2a: Celebi|75/100|[from] drain|[of] p1a: Tyranitar
|move|p1a: Tyranitar|Hidden Power|p2a: Celebi
|-supereffective|p2a: Celebi
|-damage|p2a: Celebi|0 fnt
|faint|p2a: Celebi
|
|t:|1728942250
|switch|p2a: Swampert|Swampert, M|100/100
|-damage|p2a: Swampert|84/100|[from] Spikes
|
|-weather|Sandstorm|[upkeep]
|-heal|p1a: Tyranitar|61/100|[from] item: Leftovers
|-heal|p2a: Swampert|90/100|[from] item: Leftovers
|upkeep
|turn|26
|inactive|SANKE CARP has 270 seconds left.
|
|t:|1728942275
|switch|p1a: Claydol|Claydol|60/100
|move|p2a: Swampert|Hydro Pump|p1a: Claydol|[miss]
|-miss|p2a: Swampert|p1a: Claydol
|
|-weather|Sandstorm|[upkeep]
|-heal|p1a: Claydol|66/100|[from] item: Leftovers
|-heal|p2a: Swampert|96/100|[from] item: Leftovers
|upkeep
|turn|27
|inactive|SANKE CARP has 270 seconds left.
|inactive|Xenocles has 270 seconds left.
|
|t:|1728942306
|switch|p1a: Zapdos|Zapdos|69/100
|move|p2a: Swampert|Protect||[still]
|-fail|p2a: Swampert
|
|-weather|Sandstorm|[upkeep]
|-damage|p1a: Zapdos|63/100|[from] Sandstorm
|-heal|p1a: Zapdos|69/100|[from] item: Leftovers
|-heal|p2a: Swampert|100/100|[from] item: Leftovers
|upkeep
|turn|28
|inactive|SANKE CARP has 240 seconds left.
|inactive|Xenocles has 270 seconds left.
|
|t:|1728942335
|switch|p2a: Zapdos|Zapdos|95/100
|move|p1a: Zapdos|Hidden Power|p2a: Zapdos
|-resisted|p2a: Zapdos
|-damage|p2a: Zapdos|84/100
|
|-weather|Sandstorm|[upkeep]
|-damage|p1a: Zapdos|63/100|[from] Sandstorm
|-damage|p2a: Zapdos|78/100|[from] Sandstorm
|-heal|p1a: Zapdos|69/100|[from] item: Leftovers
|-heal|p2a: Zapdos|84/100|[from] item: Leftovers
|upkeep
|turn|29
|inactive|SANKE CARP has 240 seconds left.
|inactive|SANKE CARP has 210 seconds left.
|inactive|Xenocles has 270 seconds left.
|
|t:|1728942377
|move|p1a: Zapdos|Thunderbolt|p2a: Zapdos
|-damage|p2a: Zapdos|35/100
|move|p2a: Zapdos|Thunderbolt|p1a: Zapdos
|-damage|p1a: Zapdos|30/100
|-status|p1a: Zapdos|par
|
|-weather|Sandstorm|[upkeep]
|-damage|p2a: Zapdos|29/100|[from] Sandstorm
|-damage|p1a: Zapdos|24/100 par|[from] Sandstorm
|-heal|p2a: Zapdos|35/100|[from] item: Leftovers
|-heal|p1a: Zapdos|30/100 par|[from] item: Leftovers
|upkeep
|turn|30
|inactive|SANKE CARP has 210 seconds left.
|inactive|Xenocles has 270 seconds left.
|c|☆SANKE CARP|Fuck off
|
|t:|1728942410
|move|p2a: Zapdos|Thunderbolt|p1a: Zapdos
|-damage|p1a: Zapdos|0 fnt
|faint|p1a: Zapdos
|
|t:|1728942418
|switch|p1a: Aerodactyl|Aerodactyl, F|75/100
|
|-weather|Sandstorm|[upkeep]
|-damage|p2a: Zapdos|29/100|[from] Sandstorm
|-heal|p2a: Zapdos|35/100|[from] item: Leftovers
|upkeep
|turn|31
|
|t:|1728942425
|move|p1a: Aerodactyl|Double-Edge|p2a: Zapdos
|-damage|p2a: Zapdos|0 fnt
|faint|p2a: Zapdos
|
|t:|1728942432
|switch|p2a: Tyranitar|Tyranitar, F|100/100
|-damage|p2a: Tyranitar|84/100|[from] Spikes
|
|-weather|Sandstorm|[upkeep]
|upkeep
|turn|32
|
|t:|1728942440
|switch|p1a: Claydol|Claydol|66/100
|move|p2a: Tyranitar|Dragon Dance|p2a: Tyranitar
|-boost|p2a: Tyranitar|atk|1
|-boost|p2a: Tyranitar|spe|1
|
|-weather|Sandstorm|[upkeep]
|-heal|p1a: Claydol|72/100|[from] item: Leftovers
|upkeep
|turn|33
|inactive|Xenocles has 270 seconds left.
|
|t:|1728942491
|move|p2a: Tyranitar|Dragon Dance|p2a: Tyranitar
|-boost|p2a: Tyranitar|atk|1
|-boost|p2a: Tyranitar|spe|1
|move|p1a: Claydol|Earthquake|p2a: Tyranitar
|-supereffective|p2a: Tyranitar
|-damage|p2a: Tyranitar|38/100
|
|-weather|Sandstorm|[upkeep]
|-heal|p1a: Claydol|79/100|[from] item: Leftovers
|upkeep
|turn|34
|inactive|SANKE CARP has 210 seconds left.
|inactive|SANKE CARP has 180 seconds left.
|
|t:|1728942535
|switch|p1a: Tyranitar|Tyranitar, M|61/100
|move|p2a: Tyranitar|Hidden Power|p1a: Tyranitar
|-supereffective|p1a: Tyranitar
|-damage|p1a: Tyranitar|0 fnt
|faint|p1a: Tyranitar
|
|t:|1728942541
|switch|p1a: Claydol|Claydol|79/100
|
|-weather|Sandstorm|[upkeep]
|-heal|p1a: Claydol|85/100|[from] item: Leftovers
|upkeep
|turn|35
|inactive|SANKE CARP has 180 seconds left.
|
|t:|1728942547
|move|p2a: Tyranitar|Hidden Power|p1a: Claydol
|-supereffective|p1a: Claydol
|-damage|p1a: Claydol|3/100
|move|p1a: Claydol|Earthquake|p2a: Tyranitar
|-supereffective|p2a: Tyranitar
|-crit|p2a: Tyranitar
|-damage|p2a: Tyranitar|0 fnt
|faint|p2a: Tyranitar
|
|t:|1728942552
|switch|p2a: Aerodactyl|Aerodactyl, M|100/100
|
|-weather|Sandstorm|[upkeep]
|-heal|p1a: Claydol|9/100|[from] item: Leftovers
|upkeep
|turn|36
|inactive|SANKE CARP has 180 seconds left.
|
|t:|1728942567
|switch|p1a: Aerodactyl|Aerodactyl, F|75/100
|move|p2a: Aerodactyl|Double-Edge|p1a: Aerodactyl
|-resisted|p1a: Aerodactyl
|-damage|p1a: Aerodactyl|33/100
|
|-weather|Sandstorm|[upkeep]
|upkeep
|turn|37
|inactive|Xenocles has 270 seconds left.
|inactive|Xenocles has 240 seconds left.
|
|t:|1728942626
|move|p2a: Aerodactyl|Double-Edge|p1a: Aerodactyl
|-resisted|p1a: Aerodactyl
|-damage|p1a: Aerodactyl|0 fnt
|faint|p1a: Aerodactyl
|c|☆SANKE CARP|Lol
|c|☆SANKE CARP|alr
|inactive|SANKE CARP has 180 seconds left.
|-message|SANKE CARP forfeited.
|
|win|Xenocles
|player|p1|
|c|☆Xenocles|gg

</script>
<script type="application/json" class="data" id="replaydata-smogtours-gen3ou-798783">
{"id":"smogtours-gen3ou-798783","format":"[Gen 3] OU","players":["SANKE CARP","Xenocles"],"uploadtime":1728942640,"views":100,"formatid":"gen3ou","rating":null,"private":0,"password":null}
</script>

<script defer src="js/replays.js?9d40a366"></script>
