<!DOCTYPE html>
<meta charset="utf-8" />
<meta name="viewport" content="width=device-width" />

<title>[Gen 3] OU: lt. pickles vs. B.B.H00D - Replays - Pok&eacute;mon Showdown!</title>

<meta name="description" content="Watch a replay of a Pok&eacute;mon battle between lt. pickles and B.B.H00D! Format: [Gen 3] OU; Date: Oct 12, 2024" />
<!--

Hey, you! Looking in the source for the replay log?

You can find them in JSON format, just add `.json` at the end of a replay URL.

https://replay.pokemonshowdown.com/gen7randomdoublesbattle-865046831.json

Or, if you only need the log itself, add `.log` instead:

https://replay.pokemonshowdown.com/gen7randomdoublesbattle-865046831.log

-->

<link rel="stylesheet" href="//pokemonshowdown.com/style/global.css?0.023195364461161105" />
<link rel="stylesheet" href="//play.pokemonshowdown.com/style/font-awesome.css?0.13261647063804238" />
<link rel="stylesheet" href="//play.pokemonshowdown.com/style/battle.css?0.8753245789963631" />
<link rel="stylesheet" href="//play.pokemonshowdown.com/style/utilichart.css?0.8627959624976733" />

<!-- Global site tag (gtag.js) - Google Analytics -->
<script async src="https://www.googletagmanager.com/gtag/js?id=UA-26211653-1"></script>
<script>
  window.dataLayer = window.dataLayer || [];
  function gtag(){dataLayer.push(arguments);}
  gtag('js', new Date());

  gtag('config', 'UA-26211653-1');
</script>
<!-- End Google Analytics -->
<!-- Venatus Ad Manager - Install in <HEAD> of page -->
	<script src="https://hb.vntsm.com/v3/live/ad-manager.min.js" type="text/javascript" data-site-id="642aba63ec9a7b11c3c9c1be" data-mode="scan" async></script>
<!-- / Venatus Ad Manager -->

<style>
	@media (max-width:820px) {
		.battle {
			margin: 0 auto;
		}
		.battle-log {
			margin: 7px auto 0;
			max-width: 640px;
			height: 300px;
			position: static;
		}
	}
	.optgroup {
		display: inline-block;
		line-height: 22px;
		font-size: 10pt;
	}
	.optgroup .button {
		height: 25px;
		padding-top: 0;
		padding-bottom: 0;
	}
	.optgroup button.button {
		padding-left: 12px;
		padding-right: 12px;
	}
	.linklist {
		list-style: none;
		margin: 0.5em 0;
		padding: 0;
	}
	.linklist li {
		padding: 2px 0;
	}
	.sidebar {
		float: left;
		width: 320px;
	}
	.bar-wrapper {
		max-width: 1100px;
		margin: 0 auto;
	}
	.bar-wrapper.has-sidebar {
		max-width: 1430px;
	}
	.mainbar {
		margin: 0;
		padding-right: 1px;
	}
	.mainbar.has-sidebar {
		margin-left: 330px;
	}
	@media (min-width: 1511px) {
		.sidebar {
			width: 400px;
		}
		.bar-wrapper.has-sidebar {
			max-width: 1510px;
		}
		.mainbar.has-sidebar {
			margin-left: 410px;
		}
	}
	.section.first-section {
		margin-top: 9px;
	}
	.blocklink small {
		white-space: normal;
	}
	.button {
		vertical-align: middle;
	}
	.replay-controls {
		padding-top: 10px;
	}
	.replay-controls h1 {
		font-size: 16pt;
		font-weight: normal;
		color: #CCC;
	}
	.pagelink {
		text-align: center;
	}
	.pagelink a {
		width: 150px;
	}
	.textbox, .button {
		font-size: 11pt;
		vertical-align: middle;
	}
	@media (max-width: 450px) {
		.button {
			font-size: 9pt;
		}
	}
</style>

<div>

	<header>
		<div class="nav-wrapper"><ul class="nav">
			<li><a class="button nav-first" href="//pokemonshowdown.com/"><img src="//pokemonshowdown.com/images/pokemonshowdownbeta.png" srcset="//pokemonshowdown.com/images/pokemonshowdownbeta.png 1x, //pokemonshowdown.com/images/pokemonshowdownbeta@2x.png 2x" alt="Pok&eacute;mon Showdown" width="146" height="44" /> Home</a></li>
			<li><a class="button" href="//pokemonshowdown.com/dex/">Pok&eacute;dex</a></li>
			<li><a class="button cur" href="/">Replays</a></li>
			<li><a class="button" href="//pokemonshowdown.com/ladder/">Ladder</a></li>
			<li><a class="button nav-last" href="//pokemonshowdown.com/forums/">Forum</a></li>
			<li><a class="button greenbutton nav-first nav-last" href="//play.pokemonshowdown.com/">Play</a></li>
		</ul></div>
	</header>

	<div class="main" id="main">

		<noscript><section class="section">You need to enable JavaScript to use this page; sorry!</section></noscript>

	</div>

</div>

<script defer nomodule src="//play.pokemonshowdown.com/js/lib/ps-polyfill.js"></script>
<script defer src="//play.pokemonshowdown.com/js/lib/preact.min.js"></script>

<script defer src="//play.pokemonshowdown.com/config/config.js?2bddbc15"></script>
<script defer src="//play.pokemonshowdown.com/js/lib/jquery-1.11.0.min.js"></script>
<script defer src="//play.pokemonshowdown.com/js/lib/html-sanitizer-minified.js"></script>
<script defer src="//play.pokemonshowdown.com/js/battle-sound.js"></script>
<script defer src="//play.pokemonshowdown.com/js/battledata.js?0.7209276989879541"></script>
<script defer src="//play.pokemonshowdown.com/data/pokedex-mini.js?0.6111056340867951"></script>
<script defer src="//play.pokemonshowdown.com/data/pokedex-mini-bw.js?0.3532142036491459"></script>
<script defer src="//play.pokemonshowdown.com/data/graphics.js?0.24223875632456182"></script>
<script defer src="//play.pokemonshowdown.com/data/pokedex.js?0.38839984266356864"></script>
<script defer src="//play.pokemonshowdown.com/data/moves.js?0.21866028504024015"></script>
<script defer src="//play.pokemonshowdown.com/data/abilities.js?0.2005157953846628"></script>
<script defer src="//play.pokemonshowdown.com/data/items.js?0.9894211263848525"></script>
<script defer src="//play.pokemonshowdown.com/data/teambuilder-tables.js?0.6008791140282215"></script>
<script defer src="//play.pokemonshowdown.com/js/battle-tooltips.js?0.7580118955022959"></script>
<script defer src="//play.pokemonshowdown.com/js/battle.js?0.6057722274234274"></script>

<script defer src="js/utils.js?e31f9a17"></script>
<script defer src="js/replays-battle.js?7008c182"></script>

<!-- don't scrape this data! just add .json or .log after the URL!
Full API docs: https://github.com/smogon/pokemon-showdown-client/blob/master/WEB-API.md -->
<script type="text/plain" class="log" id="replaylog-smogtours-gen3ou-797635">
|inactive|Battle timer is ON: inactive players will automatically lose when time's up.
|t:|1728756207
|gametype|singles
|player|p1|lt. pickles|ltsurge|
|player|p2|B.B.H00D|channeler-gen1rb|
|teamsize|p1|6
|teamsize|p2|6
|gen|3
|tier|[Gen 3] OU
|rule|Sleep Clause Mod: Limit one foe put to sleep
|rule|Switch Priority Clause Mod: Faster Pokémon switch first
|rule|Species Clause: Limit one of each Pokémon
|rule|OHKO Clause: OHKO moves are banned
|rule|Evasion Items Clause: Evasion items are banned
|rule|Evasion Moves Clause: Evasion moves are banned
|rule|Endless Battle Clause: Forcing endless battles is banned
|rule|HP Percentage Mod: HP is shown in percentages
|rule|One Boost Passer Clause: Limit one Baton Passer that has a way to boost its stats
|rule|Freeze Clause Mod: Limit one foe frozen
|
|t:|1728756207
|start
|switch|p1a: Tyranitar|Tyranitar, M|100/100
|switch|p2a: Heracross|Heracross, F|100/100
|-weather|Sandstorm|[from] ability: Sand Stream|[of] p1a: Tyranitar
|turn|1
|c|☆B.B.H00D|gl
|c|☆lt. pickles|glhf
|inactive|lt. pickles has 270 seconds left.
|
|t:|1728756247
|switch|p1a: Gengar|Gengar, M|100/100
|move|p2a: Heracross|Brick Break|p1a: Gengar
|-immune|p1a: Gengar
|
|-weather|Sandstorm|[upkeep]
|-damage|p1a: Gengar|94/100|[from] Sandstorm
|-damage|p2a: Heracross|95/100|[from] Sandstorm
|-heal|p1a: Gengar|100/100|[from] item: Leftovers
|upkeep
|turn|2
|
|t:|1728756263
|switch|p2a: Tyranitar|Tyranitar, M|100/100
|move|p1a: Gengar|Thunderbolt|p2a: Tyranitar
|-damage|p2a: Tyranitar|74/100
|
|-weather|Sandstorm|[upkeep]
|-damage|p1a: Gengar|94/100|[from] Sandstorm
|-heal|p1a: Gengar|100/100|[from] item: Leftovers
|-heal|p2a: Tyranitar|80/100|[from] item: Leftovers
|upkeep
|turn|3
|inactive|lt. pickles has 270 seconds left.
|
|t:|1728756296
|-activate|p1a: Gengar|move: Pursuit
|move|p2a: Tyranitar|Pursuit|p1a: Gengar|[from]Pursuit
|-supereffective|p1a: Gengar
|-damage|p1a: Gengar|17/100
|switch|p1a: Swampert|Swampert, M|100/100
|
|-weather|Sandstorm|[upkeep]
|-heal|p2a: Tyranitar|86/100|[from] item: Leftovers
|upkeep
|turn|4
|inactive|lt. pickles has 270 seconds left.
|inactive|B.B.H00D has 270 seconds left.
|
|t:|1728756328
|switch|p2a: Miltank|Miltank, F|100/100
|move|p1a: Swampert|Toxic|p2a: Miltank
|-status|p2a: Miltank|tox
|
|-weather|Sandstorm|[upkeep]
|-damage|p2a: Miltank|94/100 tox|[from] Sandstorm
|-heal|p2a: Miltank|100/100 tox|[from] item: Leftovers
|-damage|p2a: Miltank|94/100 tox|[from] psn
|upkeep
|turn|5
|inactive|lt. pickles has 270 seconds left.
|inactive|lt. pickles has 240 seconds left.
|
|t:|1728756385
|move|p2a: Miltank|Heal Bell|p2a: Miltank
|-activate|p2a: Miltank|move: Heal Bell
|-curestatus|p2a: Miltank|tox|[silent]
|move|p1a: Swampert|Surf|p2a: Miltank
|-damage|p2a: Miltank|72/100
|
|-weather|Sandstorm|[upkeep]
|-damage|p2a: Miltank|65/100|[from] Sandstorm
|-heal|p2a: Miltank|72/100|[from] item: Leftovers
|upkeep
|turn|6
|
|t:|1728756402
|move|p1a: Swampert|Protect|p1a: Swampert
|-singleturn|p1a: Swampert|Protect
|move|p2a: Miltank|Body Slam|p1a: Swampert
|-activate|p1a: Swampert|Protect
|
|-weather|Sandstorm|[upkeep]
|-damage|p2a: Miltank|65/100|[from] Sandstorm
|-heal|p2a: Miltank|72/100|[from] item: Leftovers
|upkeep
|turn|7
|inactive|lt. pickles has 210 seconds left.
|
|t:|1728756419
|move|p2a: Miltank|Curse|p2a: Miltank
|-unboost|p2a: Miltank|spe|1
|-boost|p2a: Miltank|atk|1
|-boost|p2a: Miltank|def|1
|move|p1a: Swampert|Toxic|p2a: Miltank|[miss]
|-miss|p1a: Swampert|p2a: Miltank
|
|-weather|Sandstorm|[upkeep]
|-damage|p2a: Miltank|65/100|[from] Sandstorm
|-heal|p2a: Miltank|72/100|[from] item: Leftovers
|upkeep
|turn|8
|inactive|lt. pickles has 210 seconds left.
|
|t:|1728756447
|switch|p1a: Gengar|Gengar, M|17/100
|move|p2a: Miltank|Milk Drink|p2a: Miltank
|-heal|p2a: Miltank|100/100
|
|-weather|Sandstorm|[upkeep]
|-damage|p1a: Gengar|10/100|[from] Sandstorm
|-damage|p2a: Miltank|94/100|[from] Sandstorm
|-heal|p1a: Gengar|17/100|[from] item: Leftovers
|-heal|p2a: Miltank|100/100|[from] item: Leftovers
|upkeep
|turn|9
|
|t:|1728756461
|move|p1a: Gengar|Giga Drain|p2a: Miltank
|-damage|p2a: Miltank|85/100
|-heal|p1a: Gengar|27/100|[from] drain|[of] p2a: Miltank
|move|p2a: Miltank|Curse|p2a: Miltank
|-unboost|p2a: Miltank|spe|1
|-boost|p2a: Miltank|atk|1
|-boost|p2a: Miltank|def|1
|
|-weather|Sandstorm|[upkeep]
|-damage|p1a: Gengar|21/100|[from] Sandstorm
|-damage|p2a: Miltank|79/100|[from] Sandstorm
|-heal|p1a: Gengar|27/100|[from] item: Leftovers
|-heal|p2a: Miltank|85/100|[from] item: Leftovers
|upkeep
|turn|10
|inactive|lt. pickles has 180 seconds left.
|
|t:|1728756488
|switch|p2a: Tyranitar|Tyranitar, M|86/100
|move|p1a: Gengar|Giga Drain|p2a: Tyranitar
|-supereffective|p2a: Tyranitar
|-damage|p2a: Tyranitar|52/100
|-heal|p1a: Gengar|51/100|[from] drain|[of] p2a: Tyranitar
|
|-weather|Sandstorm|[upkeep]
|-damage|p1a: Gengar|45/100|[from] Sandstorm
|-heal|p1a: Gengar|51/100|[from] item: Leftovers
|-heal|p2a: Tyranitar|59/100|[from] item: Leftovers
|upkeep
|turn|11
|inactive|lt. pickles has 180 seconds left.
|
|t:|1728756506
|move|p1a: Gengar|Giga Drain|p2a: Tyranitar
|-supereffective|p2a: Tyranitar
|-damage|p2a: Tyranitar|25/100
|-heal|p1a: Gengar|75/100|[from] drain|[of] p2a: Tyranitar
|move|p2a: Tyranitar|Pursuit|p1a: Gengar
|-supereffective|p1a: Gengar
|-damage|p1a: Gengar|31/100
|
|-weather|Sandstorm|[upkeep]
|-damage|p1a: Gengar|25/100|[from] Sandstorm
|-heal|p1a: Gengar|31/100|[from] item: Leftovers
|-heal|p2a: Tyranitar|31/100|[from] item: Leftovers
|upkeep
|turn|12
|inactive|lt. pickles has 180 seconds left.
|
|t:|1728756527
|switch|p2a: Heracross|Heracross, F|95/100
|move|p1a: Gengar|Giga Drain|p2a: Heracross
|-resisted|p2a: Heracross
|-damage|p2a: Heracross|83/100
|-heal|p1a: Gengar|37/100|[from] drain|[of] p2a: Heracross
|
|-weather|Sandstorm|[upkeep]
|-damage|p1a: Gengar|31/100|[from] Sandstorm
|-damage|p2a: Heracross|77/100|[from] Sandstorm
|-heal|p1a: Gengar|37/100|[from] item: Leftovers
|upkeep
|turn|13
|inactive|lt. pickles has 180 seconds left.
|
|t:|1728756545
|switch|p1a: Skarmory|Skarmory, M|100/100
|move|p2a: Heracross|Megahorn|p1a: Skarmory
|-resisted|p1a: Skarmory
|-damage|p1a: Skarmory|83/100
|
|-weather|Sandstorm|[upkeep]
|-damage|p2a: Heracross|71/100|[from] Sandstorm
|-heal|p1a: Skarmory|89/100|[from] item: Leftovers
|upkeep
|turn|14
|
|t:|1728756569
|switch|p2a: Magneton|Magneton|100/100
|move|p1a: Skarmory|Spikes|p2a: Magneton
|-sidestart|p2: B.B.H00D|Spikes
|
|-weather|Sandstorm|[upkeep]
|-heal|p1a: Skarmory|95/100|[from] item: Leftovers
|upkeep
|turn|15
|
|t:|1728756576
|move|p1a: Skarmory|Protect|p1a: Skarmory
|-singleturn|p1a: Skarmory|Protect
|move|p2a: Magneton|Thunderbolt|p1a: Skarmory
|-activate|p1a: Skarmory|Protect
|
|-weather|Sandstorm|[upkeep]
|-heal|p1a: Skarmory|100/100|[from] item: Leftovers
|upkeep
|turn|16
|
|t:|1728756585
|move|p2a: Magneton|Thunderbolt|p1a: Skarmory
|-supereffective|p1a: Skarmory
|-damage|p1a: Skarmory|0 fnt
|faint|p1a: Skarmory
|
|t:|1728756604
|switch|p1a: Aerodactyl|Aerodactyl, M|100/100
|
|-weather|Sandstorm|[upkeep]
|upkeep
|turn|17
|
|t:|1728756614
|move|p2a: Magneton|Protect|p2a: Magneton
|-singleturn|p2a: Magneton|Protect
|move|p1a: Aerodactyl|Earthquake|p2a: Magneton
|-activate|p2a: Magneton|Protect
|
|-weather|Sandstorm|[upkeep]
|upkeep
|turn|18
|
|t:|1728756624
|switch|p2a: Salamence|Salamence, M|100/100
|-ability|p2a: Salamence|Intimidate|boost
|-unboost|p1a: Aerodactyl|atk|1
|move|p1a: Aerodactyl|Earthquake|p2a: Salamence
|-immune|p2a: Salamence
|
|-weather|Sandstorm|[upkeep]
|-damage|p2a: Salamence|94/100|[from] Sandstorm
|-heal|p2a: Salamence|100/100|[from] item: Leftovers
|upkeep
|turn|19
|
|t:|1728756643
|switch|p1a: Swampert|Swampert, M|100/100
|switch|p2a: Metagross|Metagross|100/100
|-damage|p2a: Metagross|88/100|[from] Spikes
|
|-weather|Sandstorm|[upkeep]
|-heal|p2a: Metagross|94/100|[from] item: Leftovers
|upkeep
|turn|20
|
|t:|1728756666
|move|p1a: Swampert|Protect|p1a: Swampert
|-singleturn|p1a: Swampert|Protect
|move|p2a: Metagross|Earthquake|p1a: Swampert
|-activate|p1a: Swampert|Protect
|
|-weather|Sandstorm|[upkeep]
|-heal|p2a: Metagross|100/100|[from] item: Leftovers
|upkeep
|turn|21
|inactive|lt. pickles has 150 seconds left.
|
|t:|1728756709
|move|p2a: Metagross|Meteor Mash|p1a: Swampert
|-resisted|p1a: Swampert
|-damage|p1a: Swampert|78/100
|move|p1a: Swampert|Surf|p2a: Metagross
|-crit|p2a: Metagross
|-damage|p2a: Metagross|34/100
|
|-weather|Sandstorm|[upkeep]
|-heal|p2a: Metagross|40/100|[from] item: Leftovers
|-heal|p1a: Swampert|85/100|[from] item: Leftovers
|upkeep
|turn|22
|inactive|lt. pickles has 120 seconds left.
|
|t:|1728756727
|move|p2a: Metagross|Earthquake|p1a: Swampert
|-damage|p1a: Swampert|59/100
|move|p1a: Swampert|Surf|p2a: Metagross
|-damage|p2a: Metagross|7/100
|
|-weather|Sandstorm|[upkeep]
|-heal|p2a: Metagross|14/100|[from] item: Leftovers
|-heal|p1a: Swampert|65/100|[from] item: Leftovers
|upkeep
|turn|23
|inactive|lt. pickles has 120 seconds left.
|
|t:|1728756753
|switch|p1a: Gengar|Gengar, M|37/100
|move|p2a: Metagross|Hidden Power|p1a: Gengar
|-resisted|p1a: Gengar
|-damage|p1a: Gengar|28/100
|
|-weather|Sandstorm|[upkeep]
|-damage|p1a: Gengar|22/100|[from] Sandstorm
|-heal|p1a: Gengar|28/100|[from] item: Leftovers
|-heal|p2a: Metagross|20/100|[from] item: Leftovers
|upkeep
|turn|24
|
|t:|1728756770
|switch|p2a: Magneton|Magneton|100/100
|-damage|p2a: Magneton|88/100|[from] Spikes
|move|p1a: Gengar|Thunderbolt|p2a: Magneton
|-resisted|p2a: Magneton
|-damage|p2a: Magneton|60/100
|
|-weather|Sandstorm|[upkeep]
|-damage|p1a: Gengar|22/100|[from] Sandstorm
|-heal|p1a: Gengar|28/100|[from] item: Leftovers
|upkeep
|turn|25
|inactive|lt. pickles has 90 seconds left.
|
|t:|1728756794
|switch|p1a: Swampert|Swampert, M|65/100
|move|p2a: Magneton|Thunderbolt|p1a: Swampert
|-immune|p1a: Swampert
|
|-weather|Sandstorm|[upkeep]
|-heal|p1a: Swampert|71/100|[from] item: Leftovers
|upkeep
|turn|26
|
|t:|1728756802
|move|p1a: Swampert|Protect|p1a: Swampert
|-singleturn|p1a: Swampert|Protect
|move|p2a: Magneton|Toxic|p1a: Swampert
|-activate|p1a: Swampert|Protect
|
|-weather|Sandstorm|[upkeep]
|-heal|p1a: Swampert|77/100|[from] item: Leftovers
|upkeep
|turn|27
|
|t:|1728756811
|move|p2a: Magneton|Toxic|p1a: Swampert
|-status|p1a: Swampert|tox
|move|p1a: Swampert|Surf|p2a: Magneton
|-damage|p2a: Magneton|10/100
|
|-weather|Sandstorm|[upkeep]
|-heal|p1a: Swampert|83/100 tox|[from] item: Leftovers
|-damage|p1a: Swampert|77/100 tox|[from] psn
|upkeep
|turn|28
|
|t:|1728756822
|switch|p2a: Metagross|Metagross|20/100
|-damage|p2a: Metagross|7/100|[from] Spikes
|move|p1a: Swampert|Refresh|p1a: Swampert
|-curestatus|p1a: Swampert|tox|[msg]
|
|-weather|Sandstorm|[upkeep]
|-heal|p2a: Metagross|14/100|[from] item: Leftovers
|-heal|p1a: Swampert|83/100|[from] item: Leftovers
|upkeep
|turn|29
|
|t:|1728756839
|move|p2a: Metagross|Hidden Power|p1a: Swampert
|-supereffective|p1a: Swampert
|-damage|p1a: Swampert|35/100
|move|p1a: Swampert|Surf|p2a: Metagross
|-damage|p2a: Metagross|0 fnt
|faint|p2a: Metagross
|
|t:|1728756846
|switch|p2a: Heracross|Heracross, F|71/100
|-damage|p2a: Heracross|59/100|[from] Spikes
|
|-weather|Sandstorm|[upkeep]
|-damage|p2a: Heracross|53/100|[from] Sandstorm
|-heal|p1a: Swampert|41/100|[from] item: Leftovers
|upkeep
|turn|30
|inactive|lt. pickles has 90 seconds left.
|
|t:|1728756885
|switch|p1a: Aerodactyl|Aerodactyl, M|100/100
|move|p2a: Heracross|Megahorn|p1a: Aerodactyl
|-resisted|p1a: Aerodactyl
|-damage|p1a: Aerodactyl|32/100
|
|-weather|Sandstorm|[upkeep]
|-damage|p2a: Heracross|47/100|[from] Sandstorm
|upkeep
|turn|31
|
|t:|1728756915
|switch|p2a: Magneton|Magneton|10/100
|-damage|p2a: Magneton|0 fnt|[from] Spikes
|faint|p2a: Magneton
|
|t:|1728756924
|switch|p2a: Miltank|Miltank, F|85/100
|-damage|p2a: Miltank|73/100|[from] Spikes
|
|-weather|Sandstorm|[upkeep]
|-damage|p2a: Miltank|66/100|[from] Sandstorm
|-heal|p2a: Miltank|73/100|[from] item: Leftovers
|upkeep
|turn|32
|inactive|lt. pickles has 60 seconds left.
|inactive|B.B.H00D has 270 seconds left.
|
|t:|1728756964
|move|p1a: Aerodactyl|Double-Edge|p2a: Miltank
|-damage|p2a: Miltank|29/100
|move|p2a: Miltank|Milk Drink|p2a: Miltank
|-heal|p2a: Miltank|79/100
|
|-weather|Sandstorm|[upkeep]
|-damage|p2a: Miltank|73/100|[from] Sandstorm
|-heal|p2a: Miltank|79/100|[from] item: Leftovers
|upkeep
|turn|33
|inactive|B.B.H00D has 270 seconds left.
|
|t:|1728756976
|move|p1a: Aerodactyl|Double-Edge|p2a: Miltank
|-damage|p2a: Miltank|38/100
|move|p2a: Miltank|Curse|p2a: Miltank
|-unboost|p2a: Miltank|spe|1
|-boost|p2a: Miltank|atk|1
|-boost|p2a: Miltank|def|1
|
|-weather|Sandstorm|[upkeep]
|-damage|p2a: Miltank|32/100|[from] Sandstorm
|-heal|p2a: Miltank|38/100|[from] item: Leftovers
|upkeep
|turn|34
|
|t:|1728756988
|switch|p1a: Gengar|Gengar, M|28/100
|move|p2a: Miltank|Milk Drink|p2a: Miltank
|-heal|p2a: Miltank|88/100
|
|-weather|Sandstorm|[upkeep]
|-damage|p1a: Gengar|22/100|[from] Sandstorm
|-damage|p2a: Miltank|82/100|[from] Sandstorm
|-heal|p1a: Gengar|28/100|[from] item: Leftovers
|-heal|p2a: Miltank|88/100|[from] item: Leftovers
|upkeep
|turn|35
|
|t:|1728757000
|move|p1a: Gengar|Will-O-Wisp|p2a: Miltank
|-status|p2a: Miltank|brn
|move|p2a: Miltank|Curse|p2a: Miltank
|-unboost|p2a: Miltank|spe|1
|-boost|p2a: Miltank|atk|1
|-boost|p2a: Miltank|def|1
|
|-weather|Sandstorm|[upkeep]
|-damage|p1a: Gengar|22/100|[from] Sandstorm
|-damage|p2a: Miltank|82/100 brn|[from] Sandstorm
|-heal|p1a: Gengar|28/100|[from] item: Leftovers
|-heal|p2a: Miltank|88/100 brn|[from] item: Leftovers
|-damage|p2a: Miltank|76/100 brn|[from] brn
|upkeep
|turn|36
|
|t:|1728757012
|move|p1a: Gengar|Taunt|p2a: Miltank
|-start|p2a: Miltank|move: Taunt
|cant|p2a: Miltank|move: Taunt|Heal Bell
|
|-weather|Sandstorm|[upkeep]
|-damage|p1a: Gengar|22/100|[from] Sandstorm
|-damage|p2a: Miltank|70/100 brn|[from] Sandstorm
|-heal|p1a: Gengar|28/100|[from] item: Leftovers
|-heal|p2a: Miltank|76/100 brn|[from] item: Leftovers
|-damage|p2a: Miltank|63/100 brn|[from] brn
|upkeep
|turn|37
|
|t:|1728757034
|switch|p2a: Tyranitar|Tyranitar, M|31/100
|-damage|p2a: Tyranitar|19/100|[from] Spikes
|move|p1a: Gengar|Will-O-Wisp|p2a: Tyranitar
|-status|p2a: Tyranitar|brn
|
|-weather|Sandstorm|[upkeep]
|-damage|p1a: Gengar|22/100|[from] Sandstorm
|-heal|p1a: Gengar|28/100|[from] item: Leftovers
|-heal|p2a: Tyranitar|25/100 brn|[from] item: Leftovers
|-damage|p2a: Tyranitar|13/100 brn|[from] brn
|upkeep
|turn|38
|inactive|lt. pickles has 30 seconds left.
|
|t:|1728757064
|move|p1a: Gengar|Giga Drain|p2a: Tyranitar
|-supereffective|p2a: Tyranitar
|-damage|p2a: Tyranitar|0 fnt
|-heal|p1a: Gengar|37/100|[from] drain|[of] p2a: Tyranitar
|faint|p2a: Tyranitar
|
|t:|1728757072
|switch|p2a: Salamence|Salamence, M|100/100
|-ability|p2a: Salamence|Intimidate|boost
|-unboost|p1a: Gengar|atk|1
|
|-weather|Sandstorm|[upkeep]
|-damage|p1a: Gengar|31/100|[from] Sandstorm
|-damage|p2a: Salamence|94/100|[from] Sandstorm
|-heal|p1a: Gengar|37/100|[from] item: Leftovers
|-heal|p2a: Salamence|100/100|[from] item: Leftovers
|upkeep
|turn|39
|inactive|lt. pickles has 30 seconds left.
|inactive|lt. pickles has 20 seconds left.
|
|t:|1728757102
|move|p1a: Gengar|Will-O-Wisp|p2a: Salamence|[miss]
|-miss|p1a: Gengar|p2a: Salamence
|move|p2a: Salamence|Dragon Dance|p2a: Salamence
|-boost|p2a: Salamence|atk|1
|-boost|p2a: Salamence|spe|1
|
|-weather|Sandstorm|[upkeep]
|-damage|p2a: Salamence|94/100|[from] Sandstorm
|-damage|p1a: Gengar|31/100|[from] Sandstorm
|-heal|p2a: Salamence|100/100|[from] item: Leftovers
|-heal|p1a: Gengar|37/100|[from] item: Leftovers
|upkeep
|turn|40
|inactive|lt. pickles has 30 seconds left this turn.
|inactive|lt. pickles has 20 seconds left.
|
|t:|1728757115
|move|p2a: Salamence|Hidden Power|p1a: Gengar
|-damage|p1a: Gengar|0 fnt
|faint|p1a: Gengar
|inactive|lt. pickles has 25 seconds left this turn.
|
|t:|1728757119
|switch|p1a: Zapdos|Zapdos|100/100
|
|-weather|Sandstorm|[upkeep]
|-damage|p2a: Salamence|94/100|[from] Sandstorm
|-damage|p1a: Zapdos|94/100|[from] Sandstorm
|-heal|p2a: Salamence|100/100|[from] item: Leftovers
|-heal|p1a: Zapdos|100/100|[from] item: Leftovers
|upkeep
|turn|41
|inactive|lt. pickles has 30 seconds left.
|
|t:|1728757128
|move|p2a: Salamence|Rock Slide|p1a: Zapdos
|-supereffective|p1a: Zapdos
|-damage|p1a: Zapdos|13/100
|move|p1a: Zapdos|Hidden Power|p2a: Salamence
|-supereffective|p2a: Salamence
|-damage|p2a: Salamence|17/100
|
|-weather|Sandstorm|[upkeep]
|-damage|p2a: Salamence|10/100|[from] Sandstorm
|-damage|p1a: Zapdos|6/100|[from] Sandstorm
|-heal|p2a: Salamence|17/100|[from] item: Leftovers
|-heal|p1a: Zapdos|13/100|[from] item: Leftovers
|upkeep
|turn|42
|inactive|lt. pickles has 30 seconds left.
|
|t:|1728757140
|move|p2a: Salamence|Hidden Power|p1a: Zapdos
|-resisted|p1a: Zapdos
|-damage|p1a: Zapdos|0 fnt
|faint|p1a: Zapdos
|inactive|lt. pickles has 30 seconds left.
|
|t:|1728757146
|switch|p1a: Tyranitar|Tyranitar, M|100/100
|
|-weather|Sandstorm|[upkeep]
|-damage|p2a: Salamence|10/100|[from] Sandstorm
|-heal|p2a: Salamence|17/100|[from] item: Leftovers
|upkeep
|turn|43
|inactive|lt. pickles has 30 seconds left.
|
|t:|1728757158
|move|p2a: Salamence|Earthquake|p1a: Tyranitar
|-supereffective|p1a: Tyranitar
|-damage|p1a: Tyranitar|14/100
|move|p1a: Tyranitar|Rock Slide|p2a: Salamence
|-supereffective|p2a: Salamence
|-damage|p2a: Salamence|0 fnt
|faint|p2a: Salamence
|
|t:|1728757173
|switch|p2a: Miltank|Miltank, F|63/100 brn
|-damage|p2a: Miltank|51/100 brn|[from] Spikes
|
|-weather|Sandstorm|[upkeep]
|-damage|p2a: Miltank|45/100 brn|[from] Sandstorm
|-heal|p2a: Miltank|51/100 brn|[from] item: Leftovers
|-damage|p2a: Miltank|39/100 brn|[from] brn
|-heal|p1a: Tyranitar|20/100|[from] item: Leftovers
|upkeep
|turn|44
|
|t:|1728757182
|move|p2a: Miltank|Milk Drink|p2a: Miltank
|-heal|p2a: Miltank|89/100 brn
|move|p1a: Tyranitar|Dragon Dance|p1a: Tyranitar
|-boost|p1a: Tyranitar|atk|1
|-boost|p1a: Tyranitar|spe|1
|
|-weather|Sandstorm|[upkeep]
|-damage|p2a: Miltank|83/100 brn|[from] Sandstorm
|-heal|p1a: Tyranitar|26/100|[from] item: Leftovers
|-heal|p2a: Miltank|89/100 brn|[from] item: Leftovers
|-damage|p2a: Miltank|76/100 brn|[from] brn
|upkeep
|turn|45
|inactive|lt. pickles has 30 seconds left.
|
|t:|1728757204
|move|p1a: Tyranitar|Dragon Dance|p1a: Tyranitar
|-boost|p1a: Tyranitar|atk|1
|-boost|p1a: Tyranitar|spe|1
|move|p2a: Miltank|Body Slam|p1a: Tyranitar
|-resisted|p1a: Tyranitar
|-damage|p1a: Tyranitar|22/100
|
|-weather|Sandstorm|[upkeep]
|-damage|p2a: Miltank|70/100 brn|[from] Sandstorm
|-heal|p1a: Tyranitar|28/100|[from] item: Leftovers
|-heal|p2a: Miltank|76/100 brn|[from] item: Leftovers
|-damage|p2a: Miltank|64/100 brn|[from] brn
|upkeep
|turn|46
|inactive|lt. pickles has 30 seconds left.
|
|t:|1728757216
|move|p1a: Tyranitar|Earthquake|p2a: Miltank
|-damage|p2a: Miltank|4/100 brn
|move|p2a: Miltank|Body Slam|p1a: Tyranitar
|-resisted|p1a: Tyranitar
|-crit|p1a: Tyranitar
|-damage|p1a: Tyranitar|19/100
|
|-weather|Sandstorm|[upkeep]
|-damage|p2a: Miltank|0 fnt|[from] Sandstorm
|faint|p2a: Miltank
|-heal|p1a: Tyranitar|25/100|[from] item: Leftovers
|upkeep
|c|☆B.B.H00D|gg
|-message|B.B.H00D forfeited.
|
|win|lt. pickles
|player|p2|
|c|☆lt. pickles|ggs

</script>
<script type="application/json" class="data" id="replaydata-smogtours-gen3ou-797635">
{"id":"smogtours-gen3ou-797635","format":"[Gen 3] OU","players":["lt. pickles","B.B.H00D"],"uploadtime":1728757223,"views":92,"formatid":"gen3ou","rating":null,"private":0,"password":null}
</script>

<script defer src="js/replays.js?9d40a366"></script>
