<!DOCTYPE html>
<meta charset="utf-8" />
<meta name="viewport" content="width=device-width" />

<title>[Gen 3] OU: SBMalus vs. TreinerOrenge - Replays - Pok&eacute;mon Showdown!</title>

<meta name="description" content="Watch a replay of a Pok&eacute;mon battle between SBMalus and TreinerOrenge! Format: [Gen 3] OU; Date: Oct 23, 2024" />
<!--

Hey, you! Looking in the source for the replay log?

You can find them in JSON format, just add `.json` at the end of a replay URL.

https://replay.pokemonshowdown.com/gen7randomdoublesbattle-865046831.json

Or, if you only need the log itself, add `.log` instead:

https://replay.pokemonshowdown.com/gen7randomdoublesbattle-865046831.log

-->

<link rel="stylesheet" href="//pokemonshowdown.com/style/global.css?0.023195364461161105" />
<link rel="stylesheet" href="//play.pokemonshowdown.com/style/font-awesome.css?0.13261647063804238" />
<link rel="stylesheet" href="//play.pokemonshowdown.com/style/battle.css?0.8753245789963631" />
<link rel="stylesheet" href="//play.pokemonshowdown.com/style/utilichart.css?0.8627959624976733" />

<!-- Global site tag (gtag.js) - Google Analytics -->
<script async src="https://www.googletagmanager.com/gtag/js?id=UA-26211653-1"></script>
<script>
  window.dataLayer = window.dataLayer || [];
  function gtag(){dataLayer.push(arguments);}
  gtag('js', new Date());

  gtag('config', 'UA-26211653-1');
</script>
<!-- End Google Analytics -->
<!-- Venatus Ad Manager - Install in <HEAD> of page -->
	<script src="https://hb.vntsm.com/v3/live/ad-manager.min.js" type="text/javascript" data-site-id="642aba63ec9a7b11c3c9c1be" data-mode="scan" async></script>
<!-- / Venatus Ad Manager -->

<style>
	@media (max-width:820px) {
		.battle {
			margin: 0 auto;
		}
		.battle-log {
			margin: 7px auto 0;
			max-width: 640px;
			height: 300px;
			position: static;
		}
	}
	.optgroup {
		display: inline-block;
		line-height: 22px;
		font-size: 10pt;
	}
	.optgroup .button {
		height: 25px;
		padding-top: 0;
		padding-bottom: 0;
	}
	.optgroup button.button {
		padding-left: 12px;
		padding-right: 12px;
	}
	.linklist {
		list-style: none;
		margin: 0.5em 0;
		padding: 0;
	}
	.linklist li {
		padding: 2px 0;
	}
	.sidebar {
		float: left;
		width: 320px;
	}
	.bar-wrapper {
		max-width: 1100px;
		margin: 0 auto;
	}
	.bar-wrapper.has-sidebar {
		max-width: 1430px;
	}
	.mainbar {
		margin: 0;
		padding-right: 1px;
	}
	.mainbar.has-sidebar {
		margin-left: 330px;
	}
	@media (min-width: 1511px) {
		.sidebar {
			width: 400px;
		}
		.bar-wrapper.has-sidebar {
			max-width: 1510px;
		}
		.mainbar.has-sidebar {
			margin-left: 410px;
		}
	}
	.section.first-section {
		margin-top: 9px;
	}
	.blocklink small {
		white-space: normal;
	}
	.button {
		vertical-align: middle;
	}
	.replay-controls {
		padding-top: 10px;
	}
	.replay-controls h1 {
		font-size: 16pt;
		font-weight: normal;
		color: #CCC;
	}
	.pagelink {
		text-align: center;
	}
	.pagelink a {
		width: 150px;
	}
	.textbox, .button {
		font-size: 11pt;
		vertical-align: middle;
	}
	@media (max-width: 450px) {
		.button {
			font-size: 9pt;
		}
	}
</style>

<div>

	<header>
		<div class="nav-wrapper"><ul class="nav">
			<li><a class="button nav-first" href="//pokemonshowdown.com/"><img src="//pokemonshowdown.com/images/pokemonshowdownbeta.png" srcset="//pokemonshowdown.com/images/pokemonshowdownbeta.png 1x, //pokemonshowdown.com/images/pokemonshowdownbeta@2x.png 2x" alt="Pok&eacute;mon Showdown" width="146" height="44" /> Home</a></li>
			<li><a class="button" href="//pokemonshowdown.com/dex/">Pok&eacute;dex</a></li>
			<li><a class="button cur" href="/">Replays</a></li>
			<li><a class="button" href="//pokemonshowdown.com/ladder/">Ladder</a></li>
			<li><a class="button nav-last" href="//pokemonshowdown.com/forums/">Forum</a></li>
			<li><a class="button greenbutton nav-first nav-last" href="//play.pokemonshowdown.com/">Play</a></li>
		</ul></div>
	</header>

	<div class="main" id="main">

		<noscript><section class="section">You need to enable JavaScript to use this page; sorry!</section></noscript>

	</div>

</div>

<script defer nomodule src="//play.pokemonshowdown.com/js/lib/ps-polyfill.js"></script>
<script defer src="//play.pokemonshowdown.com/js/lib/preact.min.js"></script>

<script defer src="//play.pokemonshowdown.com/config/config.js?2bddbc15"></script>
<script defer src="//play.pokemonshowdown.com/js/lib/jquery-1.11.0.min.js"></script>
<script defer src="//play.pokemonshowdown.com/js/lib/html-sanitizer-minified.js"></script>
<script defer src="//play.pokemonshowdown.com/js/battle-sound.js"></script>
<script defer src="//play.pokemonshowdown.com/js/battledata.js?0.7209276989879541"></script>
<script defer src="//play.pokemonshowdown.com/data/pokedex-mini.js?0.6111056340867951"></script>
<script defer src="//play.pokemonshowdown.com/data/pokedex-mini-bw.js?0.3532142036491459"></script>
<script defer src="//play.pokemonshowdown.com/data/graphics.js?0.24223875632456182"></script>
<script defer src="//play.pokemonshowdown.com/data/pokedex.js?0.38839984266356864"></script>
<script defer src="//play.pokemonshowdown.com/data/moves.js?0.21866028504024015"></script>
<script defer src="//play.pokemonshowdown.com/data/abilities.js?0.2005157953846628"></script>
<script defer src="//play.pokemonshowdown.com/data/items.js?0.9894211263848525"></script>
<script defer src="//play.pokemonshowdown.com/data/teambuilder-tables.js?0.6008791140282215"></script>
<script defer src="//play.pokemonshowdown.com/js/battle-tooltips.js?0.7580118955022959"></script>
<script defer src="//play.pokemonshowdown.com/js/battle.js?0.6057722274234274"></script>

<script defer src="js/utils.js?e31f9a17"></script>
<script defer src="js/replays-battle.js?7008c182"></script>

<!-- don't scrape this data! just add .json or .log after the URL!
Full API docs: https://github.com/smogon/pokemon-showdown-client/blob/master/WEB-API.md -->
<script type="text/plain" class="log" id="replaylog-smogtours-gen3ou-801321">
|inactive|Battle timer is ON: inactive players will automatically lose when time's up.
|t:|1729645167
|gametype|singles
|player|p1|SBMalus|170|
|player|p2|TreinerOrenge|#dpppliii|
|teamsize|p1|6
|teamsize|p2|6
|gen|3
|tier|[Gen 3] OU
|rule|Sleep Clause Mod: Limit one foe put to sleep
|rule|Switch Priority Clause Mod: Faster Pokémon switch first
|rule|Species Clause: Limit one of each Pokémon
|rule|OHKO Clause: OHKO moves are banned
|rule|Evasion Items Clause: Evasion items are banned
|rule|Evasion Moves Clause: Evasion moves are banned
|rule|Endless Battle Clause: Forcing endless battles is banned
|rule|HP Percentage Mod: HP is shown in percentages
|rule|One Boost Passer Clause: Limit one Baton Passer that has a way to boost its stats
|rule|Freeze Clause Mod: Limit one foe frozen
|
|t:|1729645167
|start
|switch|p1a: Salamence|Salamence, M|100/100
|switch|p2a: Salamence|Salamence, M|100/100
|-ability|p1a: Salamence|Intimidate|boost
|-unboost|p2a: Salamence|atk|1
|-ability|p2a: Salamence|Intimidate|boost
|-unboost|p1a: Salamence|atk|1
|turn|1
|
|t:|1729645190
|switch|p1a: Snorlax|Snorlax, M, shiny|100/100
|switch|p2a: Starmie|Starmie|100/100
|
|upkeep
|turn|2
|
|t:|1729645195
|switch|p2a: Skarmory|Skarmory, M|100/100
|move|p1a: Snorlax|Body Slam|p2a: Skarmory
|-resisted|p2a: Skarmory
|-damage|p2a: Skarmory|85/100
|-status|p2a: Skarmory|par
|
|-heal|p2a: Skarmory|91/100 par|[from] item: Leftovers
|upkeep
|turn|3
|
|t:|1729645201
|switch|p1a: Zapdos|Zapdos|100/100
|move|p2a: Skarmory|Spikes|p1a: Zapdos
|-sidestart|p1: SBMalus|Spikes
|
|-heal|p2a: Skarmory|97/100 par|[from] item: Leftovers
|upkeep
|turn|4
|
|t:|1729645204
|switch|p2a: Blissey|Blissey, F|100/100
|move|p1a: Zapdos|Baton Pass|p1a: Zapdos
|
|t:|1729645208
|switch|p1a: Snorlax|Snorlax, M, shiny|100/100|[from] Baton Pass
|-damage|p1a: Snorlax|88/100|[from] Spikes
|
|-heal|p1a: Snorlax|94/100|[from] item: Leftovers
|upkeep
|turn|5
|
|t:|1729645212
|-singleturn|p1a: Snorlax|move: Focus Punch
|switch|p2a: Skarmory|Skarmory, M|97/100 par
|move|p1a: Snorlax|Focus Punch|p2a: Skarmory
|-damage|p2a: Skarmory|62/100 par
|
|-heal|p1a: Snorlax|100/100|[from] item: Leftovers
|-heal|p2a: Skarmory|68/100 par|[from] item: Leftovers
|upkeep
|turn|6
|
|t:|1729645219
|switch|p1a: Charizard|Charizard, M, shiny|100/100
|cant|p2a: Skarmory|par
|
|-heal|p2a: Skarmory|74/100 par|[from] item: Leftovers
|upkeep
|turn|7
|
|t:|1729645222
|switch|p2a: Starmie|Starmie|100/100
|move|p1a: Charizard|Substitute|p1a: Charizard
|-start|p1a: Charizard|Substitute
|-damage|p1a: Charizard|76/100
|
|-heal|p1a: Charizard|82/100|[from] item: Leftovers
|upkeep
|turn|8
|
|t:|1729645225
|move|p2a: Starmie|Surf|p1a: Charizard
|-supereffective|p1a: Charizard
|-end|p1a: Charizard|Substitute
|move|p1a: Charizard|Hidden Power|p2a: Starmie
|-supereffective|p2a: Starmie
|-damage|p2a: Starmie|49/100
|
|-heal|p2a: Starmie|55/100|[from] item: Leftovers
|-heal|p1a: Charizard|88/100|[from] item: Leftovers
|upkeep
|turn|9
|
|t:|1729645230
|switch|p1a: Snorlax|Snorlax, M, shiny|100/100
|-damage|p1a: Snorlax|88/100|[from] Spikes
|move|p2a: Starmie|Recover|p2a: Starmie
|-heal|p2a: Starmie|100/100
|
|-heal|p1a: Snorlax|94/100|[from] item: Leftovers
|upkeep
|turn|10
|
|t:|1729645237
|move|p2a: Starmie|Thunder Wave|p1a: Snorlax
|-status|p1a: Snorlax|par
|cant|p1a: Snorlax|par
|
|-heal|p1a: Snorlax|100/100 par|[from] item: Leftovers
|upkeep
|turn|11
|
|t:|1729645241
|switch|p2a: Skarmory|Skarmory, M|74/100 par
|move|p1a: Snorlax|Self-Destruct|p2a: Skarmory
|-resisted|p2a: Skarmory
|-crit|p2a: Skarmory
|-damage|p2a: Skarmory|0 fnt
|faint|p1a: Snorlax
|faint|p2a: Skarmory
|
|t:|1729645248
|switch|p2a: Blissey|Blissey, F|100/100
|switch|p1a: Salamence|Salamence, M|100/100
|-ability|p1a: Salamence|Intimidate|boost
|-unboost|p2a: Blissey|atk|1
|
|upkeep
|turn|12
|
|t:|1729645254
|switch|p1a: Swampert|Swampert, M|100/100
|-damage|p1a: Swampert|88/100|[from] Spikes
|move|p2a: Blissey|Ice Beam|p1a: Swampert
|-damage|p1a: Swampert|68/100
|
|-heal|p1a: Swampert|74/100|[from] item: Leftovers
|upkeep
|turn|13
|
|t:|1729645257
|switch|p2a: Celebi|Celebi|100/100
|move|p1a: Swampert|Toxic|p2a: Celebi
|-status|p2a: Celebi|tox
|
|-damage|p2a: Celebi|94/100 tox|[from] psn
|-heal|p1a: Swampert|80/100|[from] item: Leftovers
|upkeep
|turn|14
|
|t:|1729645264
|switch|p1a: Tyranitar|Tyranitar, M, shiny|100/100
|-damage|p1a: Tyranitar|88/100|[from] Spikes
|-weather|Sandstorm|[from] ability: Sand Stream|[of] p1a: Tyranitar
|move|p2a: Celebi|Leech Seed|p1a: Tyranitar
|-start|p1a: Tyranitar|move: Leech Seed
|
|-weather|Sandstorm|[upkeep]
|-damage|p2a: Celebi|88/100 tox|[from] Sandstorm
|-heal|p2a: Celebi|94/100 tox|[from] item: Leftovers
|-damage|p2a: Celebi|82/100 tox|[from] psn
|-heal|p1a: Tyranitar|94/100|[from] item: Leftovers
|-damage|p1a: Tyranitar|82/100|[from] Leech Seed|[of] p2a: Celebi
|-heal|p2a: Celebi|94/100 tox|[silent]
|upkeep
|turn|15
|
|t:|1729645268
|-curestatus|p2a: Celebi|tox|[from] ability: Natural Cure
|switch|p2a: Metagross|Metagross|100/100
|switch|p1a: Charizard|Charizard, M, shiny|88/100
|
|-weather|Sandstorm|[upkeep]
|-damage|p1a: Charizard|82/100|[from] Sandstorm
|-heal|p1a: Charizard|88/100|[from] item: Leftovers
|upkeep
|turn|16
|
|t:|1729645275
|-singleturn|p1a: Charizard|move: Focus Punch
|switch|p2a: Starmie|Starmie|100/100
|move|p1a: Charizard|Focus Punch|p2a: Starmie
|-resisted|p2a: Starmie
|-damage|p2a: Starmie|84/100
|
|-weather|Sandstorm|[upkeep]
|-damage|p2a: Starmie|78/100|[from] Sandstorm
|-damage|p1a: Charizard|82/100|[from] Sandstorm
|-heal|p2a: Starmie|84/100|[from] item: Leftovers
|-heal|p1a: Charizard|88/100|[from] item: Leftovers
|upkeep
|turn|17
|
|t:|1729645287
|switch|p1a: Zapdos|Zapdos|100/100
|move|p2a: Starmie|Thunder Wave|p1a: Zapdos
|-status|p1a: Zapdos|par
|
|-weather|Sandstorm|[upkeep]
|-damage|p2a: Starmie|78/100|[from] Sandstorm
|-damage|p1a: Zapdos|94/100 par|[from] Sandstorm
|-heal|p2a: Starmie|84/100|[from] item: Leftovers
|-heal|p1a: Zapdos|100/100 par|[from] item: Leftovers
|upkeep
|turn|18
|
|t:|1729645294
|switch|p2a: Blissey|Blissey, F|100/100
|move|p1a: Zapdos|Baton Pass|p1a: Zapdos
|
|t:|1729645302
|switch|p1a: Swampert|Swampert, M|80/100|[from] Baton Pass
|-damage|p1a: Swampert|68/100|[from] Spikes
|
|-weather|Sandstorm|[upkeep]
|-damage|p2a: Blissey|94/100|[from] Sandstorm
|-heal|p1a: Swampert|74/100|[from] item: Leftovers
|-heal|p2a: Blissey|100/100|[from] item: Leftovers
|upkeep
|turn|19
|
|t:|1729645311
|switch|p2a: Celebi|Celebi|94/100
|move|p1a: Swampert|Toxic|p2a: Celebi
|-status|p2a: Celebi|tox
|
|-weather|Sandstorm|[upkeep]
|-damage|p2a: Celebi|88/100 tox|[from] Sandstorm
|-heal|p2a: Celebi|94/100 tox|[from] item: Leftovers
|-damage|p2a: Celebi|88/100 tox|[from] psn
|-heal|p1a: Swampert|80/100|[from] item: Leftovers
|upkeep
|turn|20
|
|t:|1729645315
|move|p1a: Swampert|Protect|p1a: Swampert
|-singleturn|p1a: Swampert|Protect
|move|p2a: Celebi|Leech Seed|p1a: Swampert|[miss]
|-miss|p2a: Celebi|p1a: Swampert
|
|-weather|Sandstorm|[upkeep]
|-damage|p2a: Celebi|82/100 tox|[from] Sandstorm
|-heal|p2a: Celebi|88/100 tox|[from] item: Leftovers
|-damage|p2a: Celebi|76/100 tox|[from] psn
|-heal|p1a: Swampert|86/100|[from] item: Leftovers
|upkeep
|turn|21
|
|t:|1729645322
|-curestatus|p2a: Celebi|tox|[from] ability: Natural Cure
|switch|p2a: Metagross|Metagross|100/100
|switch|p1a: Charizard|Charizard, M, shiny|88/100
|
|-weather|Sandstorm|[upkeep]
|-damage|p1a: Charizard|82/100|[from] Sandstorm
|-heal|p1a: Charizard|88/100|[from] item: Leftovers
|upkeep
|turn|22
|
|t:|1729645329
|switch|p2a: Blissey|Blissey, F|100/100
|move|p1a: Charizard|Fire Blast|p2a: Blissey
|-damage|p2a: Blissey|78/100
|
|-weather|Sandstorm|[upkeep]
|-damage|p1a: Charizard|82/100|[from] Sandstorm
|-damage|p2a: Blissey|72/100|[from] Sandstorm
|-heal|p1a: Charizard|88/100|[from] item: Leftovers
|-heal|p2a: Blissey|78/100|[from] item: Leftovers
|upkeep
|turn|23
|
|t:|1729645337
|move|p1a: Charizard|Substitute|p1a: Charizard
|-start|p1a: Charizard|Substitute
|-damage|p1a: Charizard|63/100
|move|p2a: Blissey|Thunderbolt|p1a: Charizard
|-supereffective|p1a: Charizard
|-end|p1a: Charizard|Substitute
|
|-weather|Sandstorm|[upkeep]
|-damage|p1a: Charizard|57/100|[from] Sandstorm
|-damage|p2a: Blissey|72/100|[from] Sandstorm
|-heal|p1a: Charizard|63/100|[from] item: Leftovers
|-heal|p2a: Blissey|78/100|[from] item: Leftovers
|upkeep
|turn|24
|
|t:|1729645343
|switch|p1a: Swampert|Swampert, M|86/100
|-damage|p1a: Swampert|74/100|[from] Spikes
|move|p2a: Blissey|Thunderbolt|p1a: Swampert
|-immune|p1a: Swampert
|
|-weather|Sandstorm|[upkeep]
|-damage|p2a: Blissey|72/100|[from] Sandstorm
|-heal|p1a: Swampert|80/100|[from] item: Leftovers
|-heal|p2a: Blissey|78/100|[from] item: Leftovers
|upkeep
|turn|25
|
|t:|1729645352
|switch|p1a: Salamence|Salamence, M|100/100
|-ability|p1a: Salamence|Intimidate|boost
|-unboost|p2a: Blissey|atk|1
|move|p2a: Blissey|Ice Beam|p1a: Salamence
|-supereffective|p1a: Salamence
|-crit|p1a: Salamence
|-damage|p1a: Salamence|0 fnt
|faint|p1a: Salamence
|
|t:|1729645356
|switch|p1a: Tyranitar|Tyranitar, M, shiny|82/100
|-damage|p1a: Tyranitar|69/100|[from] Spikes
|
|-weather|Sandstorm|[upkeep]
|-damage|p2a: Blissey|72/100|[from] Sandstorm
|-heal|p1a: Tyranitar|76/100|[from] item: Leftovers
|-heal|p2a: Blissey|78/100|[from] item: Leftovers
|upkeep
|turn|26
|
|t:|1729645359
|switch|p2a: Metagross|Metagross|100/100
|move|p1a: Tyranitar|Dragon Dance|p1a: Tyranitar
|-boost|p1a: Tyranitar|atk|1
|-boost|p1a: Tyranitar|spe|1
|
|-weather|Sandstorm|[upkeep]
|-heal|p1a: Tyranitar|82/100|[from] item: Leftovers
|upkeep
|turn|27
|
|t:|1729645366
|switch|p1a: Charizard|Charizard, M, shiny|63/100
|move|p2a: Metagross|Meteor Mash|p1a: Charizard
|-resisted|p1a: Charizard
|-damage|p1a: Charizard|31/100
|
|-weather|Sandstorm|[upkeep]
|-damage|p1a: Charizard|25/100|[from] Sandstorm
|-heal|p1a: Charizard|31/100|[from] item: Leftovers
|upkeep
|turn|28
|
|t:|1729645370
|switch|p2a: Starmie|Starmie|84/100
|move|p1a: Charizard|Fire Blast|p2a: Starmie
|-resisted|p2a: Starmie
|-damage|p2a: Starmie|31/100
|
|-weather|Sandstorm|[upkeep]
|-damage|p2a: Starmie|25/100|[from] Sandstorm
|-damage|p1a: Charizard|25/100|[from] Sandstorm
|-heal|p2a: Starmie|31/100|[from] item: Leftovers
|-heal|p1a: Charizard|31/100|[from] item: Leftovers
|upkeep
|turn|29
|
|t:|1729645375
|switch|p1a: Zapdos|Zapdos|100/100 par
|move|p2a: Starmie|Surf|p1a: Zapdos
|-damage|p1a: Zapdos|63/100 par
|
|-weather|Sandstorm|[upkeep]
|-damage|p2a: Starmie|25/100|[from] Sandstorm
|-damage|p1a: Zapdos|56/100 par|[from] Sandstorm
|-heal|p2a: Starmie|31/100|[from] item: Leftovers
|-heal|p1a: Zapdos|63/100 par|[from] item: Leftovers
|upkeep
|turn|30
|
|t:|1729645384
|switch|p2a: Celebi|Celebi|76/100
|move|p1a: Zapdos|Baton Pass|p1a: Zapdos
|
|t:|1729645386
|switch|p1a: Charizard|Charizard, M, shiny|31/100|[from] Baton Pass
|
|-weather|Sandstorm|[upkeep]
|-damage|p1a: Charizard|25/100|[from] Sandstorm
|-damage|p2a: Celebi|70/100|[from] Sandstorm
|-heal|p1a: Charizard|31/100|[from] item: Leftovers
|-heal|p2a: Celebi|76/100|[from] item: Leftovers
|upkeep
|turn|31
|
|t:|1729645405
|switch|p2a: Blissey|Blissey, F|78/100
|move|p1a: Charizard|Fire Blast|p2a: Blissey
|-damage|p2a: Blissey|44/100
|
|-weather|Sandstorm|[upkeep]
|-damage|p1a: Charizard|25/100|[from] Sandstorm
|-damage|p2a: Blissey|38/100|[from] Sandstorm
|-heal|p1a: Charizard|31/100|[from] item: Leftovers
|-heal|p2a: Blissey|44/100|[from] item: Leftovers
|upkeep
|turn|32
|
|t:|1729645411
|move|p1a: Charizard|Fire Blast|p2a: Blissey
|-damage|p2a: Blissey|7/100
|move|p2a: Blissey|Ice Beam|p1a: Charizard
|-damage|p1a: Charizard|0 fnt
|faint|p1a: Charizard
|
|t:|1729645415
|switch|p1a: Tyranitar|Tyranitar, M, shiny|82/100
|-damage|p1a: Tyranitar|69/100|[from] Spikes
|
|-weather|Sandstorm|[upkeep]
|-damage|p2a: Blissey|1/100|[from] Sandstorm
|-heal|p1a: Tyranitar|76/100|[from] item: Leftovers
|-heal|p2a: Blissey|7/100|[from] item: Leftovers
|upkeep
|turn|33
|
|t:|1729645422
|switch|p2a: Metagross|Metagross|100/100
|move|p1a: Tyranitar|Earthquake|p2a: Metagross
|-supereffective|p2a: Metagross
|-damage|p2a: Metagross|60/100
|
|-weather|Sandstorm|[upkeep]
|-heal|p1a: Tyranitar|82/100|[from] item: Leftovers
|-heal|p2a: Metagross|66/100|[from] item: Leftovers
|upkeep
|turn|34
|
|t:|1729645426
|switch|p1a: Zapdos|Zapdos|63/100 par
|move|p2a: Metagross|Earthquake|p1a: Zapdos
|-immune|p1a: Zapdos
|
|-weather|Sandstorm|[upkeep]
|-damage|p1a: Zapdos|56/100 par|[from] Sandstorm
|-heal|p2a: Metagross|72/100|[from] item: Leftovers
|-heal|p1a: Zapdos|63/100 par|[from] item: Leftovers
|upkeep
|turn|35
|
|t:|1729645428
|move|p2a: Metagross|Protect|p2a: Metagross
|-singleturn|p2a: Metagross|Protect
|move|p1a: Zapdos|Thunder Wave|p2a: Metagross
|-activate|p2a: Metagross|Protect
|
|-weather|Sandstorm|[upkeep]
|-damage|p1a: Zapdos|56/100 par|[from] Sandstorm
|-heal|p2a: Metagross|79/100|[from] item: Leftovers
|-heal|p1a: Zapdos|63/100 par|[from] item: Leftovers
|upkeep
|turn|36
|
|t:|1729645434
|move|p2a: Metagross|Explosion|p1a: Zapdos
|-damage|p1a: Zapdos|0 fnt
|faint|p2a: Metagross
|faint|p1a: Zapdos
|
|t:|1729645437
|switch|p1a: Swampert|Swampert, M|80/100
|switch|p2a: Salamence|Salamence, M|100/100
|-ability|p2a: Salamence|Intimidate|boost
|-unboost|p1a: Swampert|atk|1
|-damage|p1a: Swampert|68/100|[from] Spikes
|
|-weather|Sandstorm|[upkeep]
|-damage|p2a: Salamence|94/100|[from] Sandstorm
|-heal|p2a: Salamence|100/100|[from] item: Leftovers
|-heal|p1a: Swampert|74/100|[from] item: Leftovers
|upkeep
|turn|37
|
|t:|1729645440
|move|p1a: Swampert|Protect|p1a: Swampert
|-singleturn|p1a: Swampert|Protect
|move|p2a: Salamence|Hidden Power|p1a: Swampert
|-activate|p1a: Swampert|Protect
|
|-weather|Sandstorm|[upkeep]
|-damage|p2a: Salamence|94/100|[from] Sandstorm
|-heal|p2a: Salamence|100/100|[from] item: Leftovers
|-heal|p1a: Swampert|80/100|[from] item: Leftovers
|upkeep
|turn|38
|
|t:|1729645441
|move|p2a: Salamence|Hidden Power|p1a: Swampert
|-supereffective|p1a: Swampert
|-damage|p1a: Swampert|0 fnt
|faint|p1a: Swampert
|
|t:|1729645443
|switch|p1a: Tyranitar|Tyranitar, M, shiny|82/100
|-damage|p1a: Tyranitar|69/100|[from] Spikes
|
|-weather|Sandstorm|[upkeep]
|-damage|p2a: Salamence|94/100|[from] Sandstorm
|-heal|p2a: Salamence|100/100|[from] item: Leftovers
|-heal|p1a: Tyranitar|76/100|[from] item: Leftovers
|upkeep
|turn|39
|
|t:|1729645446
|move|p2a: Salamence|Brick Break|p1a: Tyranitar
|-supereffective|p1a: Tyranitar
|-damage|p1a: Tyranitar|8/100
|move|p1a: Tyranitar|Dragon Dance|p1a: Tyranitar
|-boost|p1a: Tyranitar|atk|1
|-boost|p1a: Tyranitar|spe|1
|
|-weather|Sandstorm|[upkeep]
|-damage|p2a: Salamence|94/100|[from] Sandstorm
|-heal|p1a: Tyranitar|14/100|[from] item: Leftovers
|-heal|p2a: Salamence|100/100|[from] item: Leftovers
|upkeep
|turn|40
|
|t:|1729645451
|switch|p2a: Starmie|Starmie|31/100
|move|p1a: Tyranitar|Rock Slide|p2a: Starmie
|-damage|p2a: Starmie|0 fnt
|faint|p2a: Starmie
|
|t:|1729645453
|switch|p2a: Salamence|Salamence, M|100/100
|-ability|p2a: Salamence|Intimidate|boost
|-unboost|p1a: Tyranitar|atk|1
|
|-weather|Sandstorm|[upkeep]
|-damage|p2a: Salamence|94/100|[from] Sandstorm
|-heal|p1a: Tyranitar|20/100|[from] item: Leftovers
|-heal|p2a: Salamence|100/100|[from] item: Leftovers
|upkeep
|turn|41
|
|t:|1729645459
|move|p1a: Tyranitar|Rock Slide|p2a: Salamence
|-supereffective|p2a: Salamence
|-damage|p2a: Salamence|18/100
|move|p2a: Salamence|Brick Break|p1a: Tyranitar
|-supereffective|p1a: Tyranitar
|-damage|p1a: Tyranitar|0 fnt
|faint|p1a: Tyranitar
|
|win|TreinerOrenge
|c|☆TreinerOrenge|gg
|c|☆SBMalus|darn gg
|player|p1|
|player|p2|

</script>
<script type="application/json" class="data" id="replaydata-smogtours-gen3ou-801321">
{"id":"smogtours-gen3ou-801321","format":"[Gen 3] OU","players":["SBMalus","TreinerOrenge"],"uploadtime":1729645459,"views":129,"formatid":"gen3ou","rating":null,"private":0,"password":null}
</script>

<script defer src="js/replays.js?9d40a366"></script>
