<!DOCTYPE html>
<meta charset="utf-8" />
<meta name="viewport" content="width=device-width" />

<title>[Gen 3] OU: GSC_Lover_Boy vs. WalterFartwelWhite - Replays - Pok&eacute;mon Showdown!</title>

<meta name="description" content="Watch a replay of a Pok&eacute;mon battle between GSC_Lover_Boy and WalterFartwelWhite! Format: [Gen 3] OU; Date: Oct 24, 2024" />
<!--

Hey, you! Looking in the source for the replay log?

You can find them in JSON format, just add `.json` at the end of a replay URL.

https://replay.pokemonshowdown.com/gen7randomdoublesbattle-865046831.json

Or, if you only need the log itself, add `.log` instead:

https://replay.pokemonshowdown.com/gen7randomdoublesbattle-865046831.log

-->

<link rel="stylesheet" href="//pokemonshowdown.com/style/global.css?0.767286132409787" />
<link rel="stylesheet" href="//play.pokemonshowdown.com/style/font-awesome.css?0.9266228007934947" />
<link rel="stylesheet" href="//play.pokemonshowdown.com/style/battle.css?0.7924700842790926" />
<link rel="stylesheet" href="//play.pokemonshowdown.com/style/utilichart.css?0.8777417872839479" />

<!-- Global site tag (gtag.js) - Google Analytics -->
<script async src="https://www.googletagmanager.com/gtag/js?id=UA-26211653-1"></script>
<script>
  window.dataLayer = window.dataLayer || [];
  function gtag(){dataLayer.push(arguments);}
  gtag('js', new Date());

  gtag('config', 'UA-26211653-1');
</script>
<!-- End Google Analytics -->
<!-- Venatus Ad Manager - Install in <HEAD> of page -->
	<script src="https://hb.vntsm.com/v3/live/ad-manager.min.js" type="text/javascript" data-site-id="642aba63ec9a7b11c3c9c1be" data-mode="scan" async></script>
<!-- / Venatus Ad Manager -->

<style>
	@media (max-width:820px) {
		.battle {
			margin: 0 auto;
		}
		.battle-log {
			margin: 7px auto 0;
			max-width: 640px;
			height: 300px;
			position: static;
		}
	}
	.optgroup {
		display: inline-block;
		line-height: 22px;
		font-size: 10pt;
	}
	.optgroup .button {
		height: 25px;
		padding-top: 0;
		padding-bottom: 0;
	}
	.optgroup button.button {
		padding-left: 12px;
		padding-right: 12px;
	}
	.linklist {
		list-style: none;
		margin: 0.5em 0;
		padding: 0;
	}
	.linklist li {
		padding: 2px 0;
	}
	.sidebar {
		float: left;
		width: 320px;
	}
	.bar-wrapper {
		max-width: 1100px;
		margin: 0 auto;
	}
	.bar-wrapper.has-sidebar {
		max-width: 1430px;
	}
	.mainbar {
		margin: 0;
		padding-right: 1px;
	}
	.mainbar.has-sidebar {
		margin-left: 330px;
	}
	@media (min-width: 1511px) {
		.sidebar {
			width: 400px;
		}
		.bar-wrapper.has-sidebar {
			max-width: 1510px;
		}
		.mainbar.has-sidebar {
			margin-left: 410px;
		}
	}
	.section.first-section {
		margin-top: 9px;
	}
	.blocklink small {
		white-space: normal;
	}
	.button {
		vertical-align: middle;
	}
	.replay-controls {
		padding-top: 10px;
	}
	.replay-controls h1 {
		font-size: 16pt;
		font-weight: normal;
		color: #CCC;
	}
	.pagelink {
		text-align: center;
	}
	.pagelink a {
		width: 150px;
	}
	.textbox, .button {
		font-size: 11pt;
		vertical-align: middle;
	}
	@media (max-width: 450px) {
		.button {
			font-size: 9pt;
		}
	}
</style>

<div>

	<header>
		<div class="nav-wrapper"><ul class="nav">
			<li><a class="button nav-first" href="//pokemonshowdown.com/"><img src="//pokemonshowdown.com/images/pokemonshowdownbeta.png" srcset="//pokemonshowdown.com/images/pokemonshowdownbeta.png 1x, //pokemonshowdown.com/images/pokemonshowdownbeta@2x.png 2x" alt="Pok&eacute;mon Showdown" width="146" height="44" /> Home</a></li>
			<li><a class="button" href="//pokemonshowdown.com/dex/">Pok&eacute;dex</a></li>
			<li><a class="button cur" href="/">Replays</a></li>
			<li><a class="button" href="//pokemonshowdown.com/ladder/">Ladder</a></li>
			<li><a class="button nav-last" href="//pokemonshowdown.com/forums/">Forum</a></li>
			<li><a class="button greenbutton nav-first nav-last" href="//play.pokemonshowdown.com/">Play</a></li>
		</ul></div>
	</header>

	<div class="main" id="main">

		<noscript><section class="section">You need to enable JavaScript to use this page; sorry!</section></noscript>

	</div>

</div>

<script defer nomodule src="//play.pokemonshowdown.com/js/lib/ps-polyfill.js"></script>
<script defer src="//play.pokemonshowdown.com/js/lib/preact.min.js"></script>

<script defer src="//play.pokemonshowdown.com/config/config.js?6dec07f6"></script>
<script defer src="//play.pokemonshowdown.com/js/lib/jquery-1.11.0.min.js"></script>
<script defer src="//play.pokemonshowdown.com/js/lib/html-sanitizer-minified.js"></script>
<script defer src="//play.pokemonshowdown.com/js/battle-sound.js"></script>
<script defer src="//play.pokemonshowdown.com/js/battledata.js?0.6315294753075389"></script>
<script defer src="//play.pokemonshowdown.com/data/pokedex-mini.js?0.7603743185311358"></script>
<script defer src="//play.pokemonshowdown.com/data/pokedex-mini-bw.js?0.030888842834281283"></script>
<script defer src="//play.pokemonshowdown.com/data/graphics.js?0.05593094747507488"></script>
<script defer src="//play.pokemonshowdown.com/data/pokedex.js?0.47064822249611904"></script>
<script defer src="//play.pokemonshowdown.com/data/moves.js?0.8583693120512459"></script>
<script defer src="//play.pokemonshowdown.com/data/abilities.js?0.16017181182386842"></script>
<script defer src="//play.pokemonshowdown.com/data/items.js?0.4163379185673943"></script>
<script defer src="//play.pokemonshowdown.com/data/teambuilder-tables.js?0.31075597372830477"></script>
<script defer src="//play.pokemonshowdown.com/js/battle-tooltips.js?0.6536193500708172"></script>
<script defer src="//play.pokemonshowdown.com/js/battle.js?0.1916591943277901"></script>

<script defer src="js/utils.js?e31f9a17"></script>
<script defer src="js/replays-battle.js?7008c182"></script>

<!-- don't scrape this data! just add .json or .log after the URL!
Full API docs: https://github.com/smogon/pokemon-showdown-client/blob/master/WEB-API.md -->
<script type="text/plain" class="log" id="replaylog-smogtours-gen3ou-801524">
|inactive|Battle timer is ON: inactive players will automatically lose when time's up.
|t:|1729748679
|gametype|singles
|player|p1|GSC_Lover_Boy|101|
|player|p2|WalterFartwelWhite|blaine|
|teamsize|p1|6
|teamsize|p2|6
|gen|3
|tier|[Gen 3] OU
|rule|Sleep Clause Mod: Limit one foe put to sleep
|rule|Switch Priority Clause Mod: Faster Pokémon switch first
|rule|Species Clause: Limit one of each Pokémon
|rule|OHKO Clause: OHKO moves are banned
|rule|Evasion Items Clause: Evasion items are banned
|rule|Evasion Moves Clause: Evasion moves are banned
|rule|Endless Battle Clause: Forcing endless battles is banned
|rule|HP Percentage Mod: HP is shown in percentages
|rule|One Boost Passer Clause: Limit one Baton Passer that has a way to boost its stats
|rule|Freeze Clause Mod: Limit one foe frozen
|
|t:|1729748679
|start
|switch|p1a: Zapdos|Zapdos|100/100
|switch|p2a: Zapdos|Zapdos|100/100
|turn|1
|c|☆WalterFartwelWhite|gl
|c|☆GSC_Lover_Boy|u2, and have fun
|inactive|GSC_Lover_Boy has 270 seconds left.
|
|t:|1729748710
|move|p1a: Zapdos|Thunderbolt|p2a: Zapdos
|-damage|p2a: Zapdos|66/100
|move|p2a: Zapdos|Toxic|p1a: Zapdos|[miss]
|-miss|p2a: Zapdos|p1a: Zapdos
|
|-heal|p2a: Zapdos|72/100|[from] item: Leftovers
|upkeep
|turn|2
|c|☆WalterFartwelWhite|I'm not having fun so far this game LOL
|c|☆GSC_Lover_Boy|sorry man, I feel that
|inactive|GSC_Lover_Boy has 270 seconds left.
|
|t:|1729748753
|switch|p1a: Metagross|Metagross|100/100
|move|p2a: Zapdos|Toxic|p1a: Metagross|[miss]
|-miss|p2a: Zapdos|p1a: Metagross
|
|-heal|p2a: Zapdos|78/100|[from] item: Leftovers
|upkeep
|turn|3
|
|t:|1729748766
|switch|p2a: Registeel|Registeel, shiny|100/100
|move|p1a: Metagross|Rock Slide|p2a: Registeel
|-resisted|p2a: Registeel
|-damage|p2a: Registeel|89/100
|
|-heal|p2a: Registeel|95/100|[from] item: Leftovers
|upkeep
|turn|4
|inactive|GSC_Lover_Boy has 270 seconds left.
|c|☆WalterFartwelWhite|np
|
|t:|1729748793
|switch|p1a: Cloyster|Cloyster, M|100/100
|move|p2a: Registeel|Thunder Wave|p1a: Cloyster
|-status|p1a: Cloyster|par
|
|-heal|p2a: Registeel|100/100|[from] item: Leftovers
|upkeep
|turn|5
|
|t:|1729748803
|switch|p2a: Zapdos|Zapdos|78/100
|move|p1a: Cloyster|Spikes|p2a: Zapdos
|-sidestart|p2: WalterFartwelWhite|Spikes
|
|-heal|p2a: Zapdos|85/100|[from] item: Leftovers
|upkeep
|turn|6
|
|t:|1729748821
|switch|p1a: Zapdos|Zapdos|100/100
|move|p2a: Zapdos|Thunderbolt|p1a: Zapdos
|-crit|p1a: Zapdos
|-damage|p1a: Zapdos|1/100
|
|-heal|p1a: Zapdos|7/100|[from] item: Leftovers
|-heal|p2a: Zapdos|91/100|[from] item: Leftovers
|upkeep
|turn|7
|
|t:|1729748837
|move|p1a: Zapdos|Thunderbolt|p2a: Zapdos
|-damage|p2a: Zapdos|53/100
|move|p2a: Zapdos|Thunderbolt|p1a: Zapdos
|-damage|p1a: Zapdos|0 fnt
|faint|p1a: Zapdos
|inactive|GSC_Lover_Boy has 240 seconds left.
|
|t:|1729748871
|switch|p1a: Gengar|Gengar, M|100/100
|
|-heal|p2a: Zapdos|60/100|[from] item: Leftovers
|upkeep
|turn|8
|
|t:|1729748897
|switch|p2a: Registeel|Registeel, shiny|100/100
|-damage|p2a: Registeel|88/100|[from] Spikes
|move|p1a: Gengar|Ice Punch|p2a: Registeel
|-resisted|p2a: Registeel
|-damage|p2a: Registeel|80/100
|
|-heal|p2a: Registeel|86/100|[from] item: Leftovers
|upkeep
|turn|9
|
|t:|1729748908
|switch|p1a: Cloyster|Cloyster, M|100/100 par
|move|p2a: Registeel|Thunder Wave|p1a: Cloyster
|-fail|p1a: Cloyster|par
|
|-heal|p2a: Registeel|92/100|[from] item: Leftovers
|upkeep
|turn|10
|
|t:|1729748919
|switch|p2a: Zapdos|Zapdos|60/100
|move|p1a: Cloyster|Ice Beam|p2a: Zapdos
|-supereffective|p2a: Zapdos
|-damage|p2a: Zapdos|15/100
|
|-heal|p2a: Zapdos|22/100|[from] item: Leftovers
|upkeep
|turn|11
|inactive|GSC_Lover_Boy has 240 seconds left.
|
|t:|1729748929
|switch|p1a: Gengar|Gengar, M|100/100
|move|p2a: Zapdos|Rest|p2a: Zapdos
|-status|p2a: Zapdos|slp|[from] move: Rest
|-heal|p2a: Zapdos|100/100 slp|[silent]
|
|upkeep
|turn|12
|inactive|GSC_Lover_Boy has 240 seconds left.
|inactive|WalterFartwelWhite has 270 seconds left.
|inactive|GSC_Lover_Boy has 210 seconds left.
|
|t:|1729748982
|move|p1a: Gengar|Thunderbolt|p2a: Zapdos
|-damage|p2a: Zapdos|79/100 slp
|cant|p2a: Zapdos|slp
|
|-heal|p2a: Zapdos|85/100 slp|[from] item: Leftovers
|upkeep
|turn|13
|inactive|GSC_Lover_Boy has 210 seconds left.
|
|t:|1729748988
|move|p1a: Gengar|Ice Punch|p2a: Zapdos
|-supereffective|p2a: Zapdos
|-damage|p2a: Zapdos|47/100 slp
|cant|p2a: Zapdos|slp
|
|-heal|p2a: Zapdos|53/100 slp|[from] item: Leftovers
|upkeep
|turn|14
|
|t:|1729748997
|switch|p2a: Registeel|Registeel, shiny|92/100
|-damage|p2a: Registeel|80/100|[from] Spikes
|move|p1a: Gengar|Ice Punch|p2a: Registeel
|-resisted|p2a: Registeel
|-damage|p2a: Registeel|72/100
|
|-heal|p2a: Registeel|79/100|[from] item: Leftovers
|upkeep
|turn|15
|inactive|GSC_Lover_Boy has 210 seconds left.
|inactive|GSC_Lover_Boy has 180 seconds left.
|inactive|WalterFartwelWhite has 270 seconds left.
|
|t:|1729749045
|switch|p2a: Zapdos|Zapdos|53/100 slp
|move|p1a: Gengar|Ice Punch|p2a: Zapdos
|-supereffective|p2a: Zapdos
|-damage|p2a: Zapdos|16/100 slp
|
|-heal|p2a: Zapdos|22/100 slp|[from] item: Leftovers
|upkeep
|turn|16
|inactive|WalterFartwelWhite has 270 seconds left.
|
|t:|1729749056
|switch|p1a: Charizard|Charizard, F|100/100
|switch|p2a: Registeel|Registeel, shiny|79/100
|-damage|p2a: Registeel|66/100|[from] Spikes
|
|-heal|p2a: Registeel|72/100|[from] item: Leftovers
|upkeep
|turn|17
|
|t:|1729749065
|switch|p2a: Milotic|Milotic, F, shiny|100/100
|-damage|p2a: Milotic|88/100|[from] Spikes
|move|p1a: Charizard|Flamethrower|p2a: Milotic
|-resisted|p2a: Milotic
|-damage|p2a: Milotic|71/100
|
|-heal|p2a: Milotic|77/100|[from] item: Leftovers
|upkeep
|turn|18
|inactive|WalterFartwelWhite has 270 seconds left.
|
|t:|1729749091
|switch|p1a: Cloyster|Cloyster, M|100/100 par
|switch|p2a: Zapdos|Zapdos|22/100 slp
|
|-heal|p2a: Zapdos|28/100 slp|[from] item: Leftovers
|upkeep
|turn|19
|inactive|WalterFartwelWhite has 270 seconds left.
|
|t:|1729749102
|-curestatus|p2a: Zapdos|slp|[msg]
|move|p2a: Zapdos|Thunderbolt|p1a: Cloyster
|-supereffective|p1a: Cloyster
|-damage|p1a: Cloyster|0 fnt
|faint|p1a: Cloyster
|
|t:|1729749116
|switch|p1a: Metagross|Metagross|100/100
|
|-heal|p2a: Zapdos|34/100|[from] item: Leftovers
|upkeep
|turn|20
|
|t:|1729749121
|switch|p2a: Forretress|Forretress, M, shiny|100/100
|-damage|p2a: Forretress|88/100|[from] Spikes
|move|p1a: Metagross|Meteor Mash|p2a: Forretress
|-resisted|p2a: Forretress
|-damage|p2a: Forretress|56/100
|
|-heal|p2a: Forretress|62/100|[from] item: Leftovers
|upkeep
|turn|21
|inactive|WalterFartwelWhite has 270 seconds left.
|
|t:|1729749152
|switch|p1a: Gengar|Gengar, M|100/100
|move|p2a: Forretress|Spikes|p1a: Gengar
|-sidestart|p1: GSC_Lover_Boy|Spikes
|
|-heal|p2a: Forretress|69/100|[from] item: Leftovers
|upkeep
|turn|22
|
|t:|1729749165
|switch|p1a: Charizard|Charizard, F|100/100
|switch|p2a: Armaldo|Armaldo, M, shiny|100/100
|-damage|p2a: Armaldo|88/100|[from] Spikes
|
|-heal|p2a: Armaldo|94/100|[from] item: Leftovers
|upkeep
|turn|23
|
|t:|1729749193
|switch|p1a: Metagross|Metagross|100/100
|-damage|p1a: Metagross|88/100|[from] Spikes
|move|p2a: Armaldo|Seismic Toss|p1a: Metagross
|-damage|p1a: Metagross|58/100
|
|-heal|p2a: Armaldo|100/100|[from] item: Leftovers
|upkeep
|turn|24
|inactive|GSC_Lover_Boy has 180 seconds left.
|inactive|WalterFartwelWhite has 240 seconds left.
|
|t:|1729749235
|move|p2a: Armaldo|Protect|p2a: Armaldo
|-singleturn|p2a: Armaldo|Protect
|move|p1a: Metagross|Meteor Mash|p2a: Armaldo|[miss]
|-miss|p1a: Metagross|p2a: Armaldo
|
|upkeep
|turn|25
|
|t:|1729749248
|switch|p2a: Milotic|Milotic, F, shiny|77/100
|-damage|p2a: Milotic|65/100|[from] Spikes
|move|p1a: Metagross|Meteor Mash|p2a: Milotic
|-resisted|p2a: Milotic
|-damage|p2a: Milotic|36/100
|-boost|p1a: Metagross|atk|1
|
|-heal|p2a: Milotic|42/100|[from] item: Leftovers
|upkeep
|turn|26
|c|☆GSC_Lover_Boy|I'm gonna be honest, I haven't felt more cooked than facing BIG STALL like this
|
|t:|1729749258
|move|p1a: Metagross|Meteor Mash|p2a: Milotic
|-resisted|p2a: Milotic
|-damage|p2a: Milotic|0 fnt
|faint|p2a: Milotic
|
|t:|1729749270
|switch|p2a: Forretress|Forretress, M, shiny|69/100
|-damage|p2a: Forretress|56/100|[from] Spikes
|
|-heal|p2a: Forretress|62/100|[from] item: Leftovers
|upkeep
|turn|27
|c|☆WalterFartwelWhite|I fucked up
|
|t:|1729749290
|move|p1a: Metagross|Meteor Mash|p2a: Forretress
|-resisted|p2a: Forretress
|-damage|p2a: Forretress|19/100
|move|p2a: Forretress|Zap Cannon|p1a: Metagross
|-damage|p1a: Metagross|42/100
|-status|p1a: Metagross|par
|
|-heal|p2a: Forretress|25/100|[from] item: Leftovers
|upkeep
|turn|28
|
|t:|1729749310
|move|p2a: Forretress|Earthquake|p1a: Metagross
|-supereffective|p1a: Metagross
|-damage|p1a: Metagross|6/100 par
|cant|p1a: Metagross|par
|
|-heal|p2a: Forretress|31/100|[from] item: Leftovers
|upkeep
|turn|29
|
|t:|1729749319
|move|p2a: Forretress|Earthquake|p1a: Metagross
|-supereffective|p1a: Metagross
|-damage|p1a: Metagross|0 fnt
|faint|p1a: Metagross
|
|t:|1729749326
|switch|p1a: Charizard|Charizard, F|100/100
|
|-heal|p2a: Forretress|38/100|[from] item: Leftovers
|upkeep
|turn|30
|
|t:|1729749336
|move|p1a: Charizard|Flamethrower|p2a: Forretress
|-supereffective|p2a: Forretress
|-damage|p2a: Forretress|0 fnt
|faint|p2a: Forretress
|
|t:|1729749340
|switch|p2a: Zapdos|Zapdos|34/100
|
|-heal|p2a: Zapdos|41/100|[from] item: Leftovers
|upkeep
|turn|31
|inactive|GSC_Lover_Boy has 210 seconds left.
|
|t:|1729749362
|switch|p1a: Gengar|Gengar, M|100/100
|move|p2a: Zapdos|Rest|p2a: Zapdos
|-status|p2a: Zapdos|slp|[from] move: Rest
|-heal|p2a: Zapdos|100/100 slp|[silent]
|
|upkeep
|turn|32
|inactive|GSC_Lover_Boy has 210 seconds left.
|
|t:|1729749374
|move|p1a: Gengar|Ice Punch|p2a: Zapdos
|-supereffective|p2a: Zapdos
|-damage|p2a: Zapdos|60/100 slp
|cant|p2a: Zapdos|slp
|
|-heal|p2a: Zapdos|67/100 slp|[from] item: Leftovers
|upkeep
|turn|33
|inactive|GSC_Lover_Boy has 210 seconds left.
|
|t:|1729749390
|switch|p1a: Charizard|Charizard, F|100/100
|switch|p2a: Registeel|Registeel, shiny|72/100
|-damage|p2a: Registeel|60/100|[from] Spikes
|
|-heal|p2a: Registeel|66/100|[from] item: Leftovers
|upkeep
|turn|34
|
|t:|1729749400
|move|p1a: Charizard|Flamethrower|p2a: Registeel
|-supereffective|p2a: Registeel
|-damage|p2a: Registeel|8/100
|move|p2a: Registeel|Thunder Wave|p1a: Charizard
|-status|p1a: Charizard|par
|
|-heal|p2a: Registeel|14/100|[from] item: Leftovers
|upkeep
|turn|35
|inactive|WalterFartwelWhite has 240 seconds left.
|
|t:|1729749409
|move|p2a: Registeel|Rest|p2a: Registeel
|-status|p2a: Registeel|slp|[from] move: Rest
|-heal|p2a: Registeel|100/100 slp|[silent]
|move|p1a: Charizard|Flamethrower|p2a: Registeel
|-supereffective|p2a: Registeel
|-damage|p2a: Registeel|45/100 slp
|
|-heal|p2a: Registeel|51/100 slp|[from] item: Leftovers
|upkeep
|turn|36
|inactive|GSC_Lover_Boy has 210 seconds left.
|
|t:|1729749418
|switch|p2a: Armaldo|Armaldo, M, shiny|100/100
|-damage|p2a: Armaldo|88/100|[from] Spikes
|cant|p1a: Charizard|par
|
|-heal|p2a: Armaldo|94/100|[from] item: Leftovers
|upkeep
|turn|37
|inactive|GSC_Lover_Boy has 210 seconds left.
|
|t:|1729749434
|move|p2a: Armaldo|Seismic Toss|p1a: Charizard
|-damage|p1a: Charizard|67/100 par
|move|p1a: Charizard|Flamethrower|p2a: Armaldo
|-damage|p2a: Armaldo|57/100
|
|-heal|p2a: Armaldo|63/100|[from] item: Leftovers
|upkeep
|turn|38
|inactive|GSC_Lover_Boy has 210 seconds left.
|
|t:|1729749441
|move|p2a: Armaldo|Protect|p2a: Armaldo
|-singleturn|p2a: Armaldo|Protect
|cant|p1a: Charizard|par
|
|-heal|p2a: Armaldo|70/100|[from] item: Leftovers
|upkeep
|turn|39
|
|t:|1729749447
|move|p2a: Armaldo|Seismic Toss|p1a: Charizard
|-damage|p1a: Charizard|33/100 par
|cant|p1a: Charizard|par
|
|-heal|p2a: Armaldo|76/100|[from] item: Leftovers
|upkeep
|turn|40
|inactive|WalterFartwelWhite has 270 seconds left.
|inactive|GSC_Lover_Boy has 210 seconds left.
|
|t:|1729749475
|move|p2a: Armaldo|Seismic Toss|p1a: Charizard
|-damage|p1a: Charizard|0 fnt
|faint|p1a: Charizard
|
|t:|1729749483
|switch|p1a: Gengar|Gengar, M|100/100
|
|-heal|p2a: Armaldo|82/100|[from] item: Leftovers
|upkeep
|turn|41
|
|t:|1729749493
|move|p2a: Armaldo|Protect|p2a: Armaldo
|-singleturn|p2a: Armaldo|Protect
|move|p1a: Gengar|Thunderbolt|p2a: Armaldo
|-activate|p2a: Armaldo|Protect
|
|-heal|p2a: Armaldo|88/100|[from] item: Leftovers
|upkeep
|turn|42
|
|t:|1729749501
|move|p1a: Gengar|Ice Punch|p2a: Armaldo
|-damage|p2a: Armaldo|67/100
|move|p2a: Armaldo|Knock Off|p1a: Gengar
|-supereffective|p1a: Gengar
|-damage|p1a: Gengar|88/100
|-enditem|p1a: Gengar|Leftovers|[from] move: Knock Off|[of] p2a: Armaldo
|-hint|In Gens 3-4, Knock Off only makes the target's item unusable; it cannot obtain a new item.
|
|-heal|p2a: Armaldo|73/100|[from] item: Leftovers
|upkeep
|turn|43
|inactive|GSC_Lover_Boy has 210 seconds left.
|
|t:|1729749520
|move|p1a: Gengar|Thunderbolt|p2a: Armaldo
|-damage|p2a: Armaldo|47/100
|move|p2a: Armaldo|Knock Off|p1a: Gengar
|-supereffective|p1a: Gengar
|-damage|p1a: Gengar|77/100
|
|-heal|p2a: Armaldo|53/100|[from] item: Leftovers
|upkeep
|turn|44
|inactive|GSC_Lover_Boy has 210 seconds left.
|
|t:|1729749527
|move|p2a: Armaldo|Protect|p2a: Armaldo
|-singleturn|p2a: Armaldo|Protect
|move|p1a: Gengar|Ice Punch|p2a: Armaldo
|-activate|p2a: Armaldo|Protect
|
|-heal|p2a: Armaldo|59/100|[from] item: Leftovers
|upkeep
|turn|45
|inactive|GSC_Lover_Boy has 210 seconds left.
|
|t:|1729749540
|switch|p2a: Registeel|Registeel, shiny|51/100 slp
|-damage|p2a: Registeel|39/100 slp|[from] Spikes
|move|p1a: Gengar|Ice Punch|p2a: Registeel
|-resisted|p2a: Registeel
|-damage|p2a: Registeel|31/100 slp
|
|-heal|p2a: Registeel|37/100 slp|[from] item: Leftovers
|upkeep
|turn|46
|
|t:|1729749548
|move|p1a: Gengar|Thunderbolt|p2a: Registeel
|-damage|p2a: Registeel|19/100 slp
|cant|p2a: Registeel|slp
|
|-heal|p2a: Registeel|25/100 slp|[from] item: Leftovers
|upkeep
|turn|47
|
|t:|1729749565
|switch|p1a: Dugtrio|Dugtrio, F|100/100
|-damage|p1a: Dugtrio|88/100|[from] Spikes
|switch|p2a: Claydol|Claydol|100/100
|
|upkeep
|turn|48
|
|t:|1729749582
|move|p1a: Dugtrio|Hidden Power|p2a: Claydol
|-supereffective|p2a: Claydol
|-damage|p2a: Claydol|59/100
|move|p2a: Claydol|Psychic|p1a: Dugtrio
|-damage|p1a: Dugtrio|38/100
|-unboost|p1a: Dugtrio|spd|1
|
|-heal|p2a: Claydol|65/100|[from] item: Leftovers
|upkeep
|turn|49
|
|t:|1729749593
|switch|p2a: Zapdos|Zapdos|67/100 slp
|move|p1a: Dugtrio|Hidden Power|p2a: Zapdos
|-resisted|p2a: Zapdos
|-damage|p2a: Zapdos|52/100 slp
|
|-heal|p2a: Zapdos|59/100 slp|[from] item: Leftovers
|upkeep
|turn|50
|
|t:|1729749600
|switch|p1a: Gengar|Gengar, M|77/100
|cant|p2a: Zapdos|slp
|
|-heal|p2a: Zapdos|65/100 slp|[from] item: Leftovers
|upkeep
|turn|51
|
|t:|1729749606
|move|p1a: Gengar|Ice Punch|p2a: Zapdos
|-supereffective|p2a: Zapdos
|-damage|p2a: Zapdos|30/100 slp
|-curestatus|p2a: Zapdos|slp|[msg]
|move|p2a: Zapdos|Thunderbolt|p1a: Gengar
|-damage|p1a: Gengar|5/100
|
|-heal|p2a: Zapdos|36/100|[from] item: Leftovers
|upkeep
|turn|52
|
|t:|1729749621
|switch|p2a: Registeel|Registeel, shiny|25/100 slp
|-damage|p2a: Registeel|13/100 slp|[from] Spikes
|move|p1a: Gengar|Ice Punch|p2a: Registeel
|-resisted|p2a: Registeel
|-damage|p2a: Registeel|5/100 slp
|
|-heal|p2a: Registeel|11/100 slp|[from] item: Leftovers
|upkeep
|turn|53
|inactive|GSC_Lover_Boy has 240 seconds left.
|
|t:|1729749651
|move|p1a: Gengar|Thunderbolt|p2a: Registeel
|-damage|p2a: Registeel|0 fnt
|faint|p2a: Registeel
|
|t:|1729749657
|switch|p2a: Armaldo|Armaldo, M, shiny|59/100
|-damage|p2a: Armaldo|47/100|[from] Spikes
|
|-heal|p2a: Armaldo|53/100|[from] item: Leftovers
|upkeep
|turn|54
|
|t:|1729749666
|move|p1a: Gengar|Ice Punch|p2a: Armaldo
|-damage|p2a: Armaldo|34/100
|move|p2a: Armaldo|Knock Off|p1a: Gengar
|-supereffective|p1a: Gengar
|-damage|p1a: Gengar|0 fnt
|faint|p1a: Gengar
|
|t:|1729749673
|switch|p1a: Dugtrio|Dugtrio, F|38/100
|-damage|p1a: Dugtrio|26/100|[from] Spikes
|
|-heal|p2a: Armaldo|40/100|[from] item: Leftovers
|upkeep
|turn|55
|c|☆GSC_Lover_Boy|gg
|
|t:|1729749679
|move|p2a: Armaldo|Protect|p2a: Armaldo
|-singleturn|p2a: Armaldo|Protect
|move|p1a: Dugtrio|Rock Slide|p2a: Armaldo
|-activate|p2a: Armaldo|Protect
|
|-heal|p2a: Armaldo|46/100|[from] item: Leftovers
|upkeep
|turn|56
|inactive|GSC_Lover_Boy has 240 seconds left.
|c|☆WalterFartwelWhite|gg sorry have to play it safe
|
|t:|1729749689
|move|p1a: Dugtrio|Rock Slide|p2a: Armaldo
|-supereffective|p2a: Armaldo
|-damage|p2a: Armaldo|0 fnt
|faint|p2a: Armaldo
|c|☆GSC_Lover_Boy|understood
|
|t:|1729749695
|switch|p2a: Claydol|Claydol|65/100
|
|-heal|p2a: Claydol|71/100|[from] item: Leftovers
|upkeep
|turn|57
|
|t:|1729749699
|switch|p2a: Zapdos|Zapdos|36/100
|move|p1a: Dugtrio|Rock Slide|p2a: Zapdos
|-supereffective|p2a: Zapdos
|-damage|p2a: Zapdos|0 fnt
|faint|p2a: Zapdos
|
|t:|1729749702
|switch|p2a: Claydol|Claydol|71/100
|
|-heal|p2a: Claydol|78/100|[from] item: Leftovers
|upkeep
|turn|58
|
|t:|1729749708
|move|p1a: Dugtrio|Rock Slide|p2a: Claydol|[miss]
|-miss|p1a: Dugtrio|p2a: Claydol
|move|p2a: Claydol|Earthquake|p1a: Dugtrio
|-damage|p1a: Dugtrio|0 fnt
|faint|p1a: Dugtrio
|
|win|WalterFartwelWhite
|c|☆WalterFartwelWhite|I fucked up bigly losing milo
|c|☆WalterFartwelWhite|it was closer than it may have seemed to you
|c|☆WalterFartwelWhite|at that time
|c|☆GSC_Lover_Boy|Yeah I think I oculd have brought it back
|c|☆GSC_Lover_Boy|but when you brought in Claydol on my dug it was over
|c|☆WalterFartwelWhite|you needed zard to not get twaved
|c|☆GSC_Lover_Boy|that too yeah, I was hoping for a switch or a crit tbh
|c|☆GSC_Lover_Boy|ggs
|c|☆WalterFartwelWhite|ggs

</script>
<script type="application/json" class="data" id="replaydata-smogtours-gen3ou-801524">
{"id":"smogtours-gen3ou-801524","format":"[Gen 3] OU","players":["GSC_Lover_Boy","WalterFartwelWhite"],"uploadtime":1729749708,"views":80,"formatid":"gen3ou","rating":null,"private":0,"password":null}
</script>

<script defer src="js/replays.js?9d40a366"></script>
