<!DOCTYPE html>
<meta charset="utf-8" />
<meta name="viewport" content="width=device-width" />

<title>[Gen 3] OU: witgiz vs. tempokin - Replays - Pok&eacute;mon Showdown!</title>

<meta name="description" content="Watch a replay of a Pok&eacute;mon battle between witgiz and tempokin! Format: [Gen 3] OU; Date: Oct 26, 2024" />
<!--

Hey, you! Looking in the source for the replay log?

You can find them in JSON format, just add `.json` at the end of a replay URL.

https://replay.pokemonshowdown.com/gen7randomdoublesbattle-865046831.json

Or, if you only need the log itself, add `.log` instead:

https://replay.pokemonshowdown.com/gen7randomdoublesbattle-865046831.log

-->

<link rel="stylesheet" href="//pokemonshowdown.com/style/global.css?0.023195364461161105" />
<link rel="stylesheet" href="//play.pokemonshowdown.com/style/font-awesome.css?0.13261647063804238" />
<link rel="stylesheet" href="//play.pokemonshowdown.com/style/battle.css?0.8753245789963631" />
<link rel="stylesheet" href="//play.pokemonshowdown.com/style/utilichart.css?0.8627959624976733" />

<!-- Global site tag (gtag.js) - Google Analytics -->
<script async src="https://www.googletagmanager.com/gtag/js?id=UA-26211653-1"></script>
<script>
  window.dataLayer = window.dataLayer || [];
  function gtag(){dataLayer.push(arguments);}
  gtag('js', new Date());

  gtag('config', 'UA-26211653-1');
</script>
<!-- End Google Analytics -->
<!-- Venatus Ad Manager - Install in <HEAD> of page -->
	<script src="https://hb.vntsm.com/v3/live/ad-manager.min.js" type="text/javascript" data-site-id="642aba63ec9a7b11c3c9c1be" data-mode="scan" async></script>
<!-- / Venatus Ad Manager -->

<style>
	@media (max-width:820px) {
		.battle {
			margin: 0 auto;
		}
		.battle-log {
			margin: 7px auto 0;
			max-width: 640px;
			height: 300px;
			position: static;
		}
	}
	.optgroup {
		display: inline-block;
		line-height: 22px;
		font-size: 10pt;
	}
	.optgroup .button {
		height: 25px;
		padding-top: 0;
		padding-bottom: 0;
	}
	.optgroup button.button {
		padding-left: 12px;
		padding-right: 12px;
	}
	.linklist {
		list-style: none;
		margin: 0.5em 0;
		padding: 0;
	}
	.linklist li {
		padding: 2px 0;
	}
	.sidebar {
		float: left;
		width: 320px;
	}
	.bar-wrapper {
		max-width: 1100px;
		margin: 0 auto;
	}
	.bar-wrapper.has-sidebar {
		max-width: 1430px;
	}
	.mainbar {
		margin: 0;
		padding-right: 1px;
	}
	.mainbar.has-sidebar {
		margin-left: 330px;
	}
	@media (min-width: 1511px) {
		.sidebar {
			width: 400px;
		}
		.bar-wrapper.has-sidebar {
			max-width: 1510px;
		}
		.mainbar.has-sidebar {
			margin-left: 410px;
		}
	}
	.section.first-section {
		margin-top: 9px;
	}
	.blocklink small {
		white-space: normal;
	}
	.button {
		vertical-align: middle;
	}
	.replay-controls {
		padding-top: 10px;
	}
	.replay-controls h1 {
		font-size: 16pt;
		font-weight: normal;
		color: #CCC;
	}
	.pagelink {
		text-align: center;
	}
	.pagelink a {
		width: 150px;
	}
	.textbox, .button {
		font-size: 11pt;
		vertical-align: middle;
	}
	@media (max-width: 450px) {
		.button {
			font-size: 9pt;
		}
	}
</style>

<div>

	<header>
		<div class="nav-wrapper"><ul class="nav">
			<li><a class="button nav-first" href="//pokemonshowdown.com/"><img src="//pokemonshowdown.com/images/pokemonshowdownbeta.png" srcset="//pokemonshowdown.com/images/pokemonshowdownbeta.png 1x, //pokemonshowdown.com/images/pokemonshowdownbeta@2x.png 2x" alt="Pok&eacute;mon Showdown" width="146" height="44" /> Home</a></li>
			<li><a class="button" href="//pokemonshowdown.com/dex/">Pok&eacute;dex</a></li>
			<li><a class="button cur" href="/">Replays</a></li>
			<li><a class="button" href="//pokemonshowdown.com/ladder/">Ladder</a></li>
			<li><a class="button nav-last" href="//pokemonshowdown.com/forums/">Forum</a></li>
			<li><a class="button greenbutton nav-first nav-last" href="//play.pokemonshowdown.com/">Play</a></li>
		</ul></div>
	</header>

	<div class="main" id="main">

		<noscript><section class="section">You need to enable JavaScript to use this page; sorry!</section></noscript>

	</div>

</div>

<script defer nomodule src="//play.pokemonshowdown.com/js/lib/ps-polyfill.js"></script>
<script defer src="//play.pokemonshowdown.com/js/lib/preact.min.js"></script>

<script defer src="//play.pokemonshowdown.com/config/config.js?2bddbc15"></script>
<script defer src="//play.pokemonshowdown.com/js/lib/jquery-1.11.0.min.js"></script>
<script defer src="//play.pokemonshowdown.com/js/lib/html-sanitizer-minified.js"></script>
<script defer src="//play.pokemonshowdown.com/js/battle-sound.js"></script>
<script defer src="//play.pokemonshowdown.com/js/battledata.js?0.7209276989879541"></script>
<script defer src="//play.pokemonshowdown.com/data/pokedex-mini.js?0.6111056340867951"></script>
<script defer src="//play.pokemonshowdown.com/data/pokedex-mini-bw.js?0.3532142036491459"></script>
<script defer src="//play.pokemonshowdown.com/data/graphics.js?0.24223875632456182"></script>
<script defer src="//play.pokemonshowdown.com/data/pokedex.js?0.38839984266356864"></script>
<script defer src="//play.pokemonshowdown.com/data/moves.js?0.21866028504024015"></script>
<script defer src="//play.pokemonshowdown.com/data/abilities.js?0.2005157953846628"></script>
<script defer src="//play.pokemonshowdown.com/data/items.js?0.9894211263848525"></script>
<script defer src="//play.pokemonshowdown.com/data/teambuilder-tables.js?0.6008791140282215"></script>
<script defer src="//play.pokemonshowdown.com/js/battle-tooltips.js?0.7580118955022959"></script>
<script defer src="//play.pokemonshowdown.com/js/battle.js?0.6057722274234274"></script>

<script defer src="js/utils.js?e31f9a17"></script>
<script defer src="js/replays-battle.js?7008c182"></script>

<!-- don't scrape this data! just add .json or .log after the URL!
Full API docs: https://github.com/smogon/pokemon-showdown-client/blob/master/WEB-API.md -->
<script type="text/plain" class="log" id="replaylog-smogtours-gen3ou-802316">
|inactive|Battle timer is ON: inactive players will automatically lose when time's up.
|t:|1729976948
|gametype|singles
|player|p1|witgiz|linebacker|
|player|p2|tempokin|steven-masters|
|teamsize|p1|6
|teamsize|p2|6
|gen|3
|tier|[Gen 3] OU
|rule|Sleep Clause Mod: Limit one foe put to sleep
|rule|Switch Priority Clause Mod: Faster Pokémon switch first
|rule|Species Clause: Limit one of each Pokémon
|rule|OHKO Clause: OHKO moves are banned
|rule|Evasion Items Clause: Evasion items are banned
|rule|Evasion Moves Clause: Evasion moves are banned
|rule|Endless Battle Clause: Forcing endless battles is banned
|rule|HP Percentage Mod: HP is shown in percentages
|rule|One Boost Passer Clause: Limit one Baton Passer that has a way to boost its stats
|rule|Freeze Clause Mod: Limit one foe frozen
|
|t:|1729976948
|start
|switch|p1a: zoazo|Tyranitar, M|100/100
|switch|p2a: Zapdos|Zapdos|100/100
|-weather|Sandstorm|[from] ability: Sand Stream|[of] p1a: zoazo
|turn|1
|inactive|witgiz has 270 seconds left.
|
|t:|1729976979
|move|p2a: Zapdos|Substitute|p2a: Zapdos
|-start|p2a: Zapdos|Substitute
|-damage|p2a: Zapdos|76/100
|move|p1a: zoazo|Ice Beam|p2a: Zapdos
|-supereffective|p2a: Zapdos
|-end|p2a: Zapdos|Substitute
|
|-weather|Sandstorm|[upkeep]
|-damage|p2a: Zapdos|69/100|[from] Sandstorm
|-heal|p2a: Zapdos|76/100|[from] item: Leftovers
|upkeep
|turn|2
|
|t:|1729976985
|switch|p2a: Suicune|Suicune|100/100
|move|p1a: zoazo|Crunch|p2a: Suicune
|-damage|p2a: Suicune|70/100
|-unboost|p2a: Suicune|spd|1
|
|-weather|Sandstorm|[upkeep]
|-damage|p2a: Suicune|64/100|[from] Sandstorm
|-heal|p2a: Suicune|70/100|[from] item: Leftovers
|upkeep
|turn|3
|
|t:|1729976995
|switch|p1a: YellowOrder|Jirachi|100/100
|move|p2a: Suicune|Surf|p1a: YellowOrder
|-damage|p1a: YellowOrder|77/100
|
|-weather|Sandstorm|[upkeep]
|-damage|p2a: Suicune|64/100|[from] Sandstorm
|-heal|p2a: Suicune|70/100|[from] item: Leftovers
|-heal|p1a: YellowOrder|83/100|[from] item: Leftovers
|upkeep
|turn|4
|
|t:|1729977002
|switch|p2a: Dugtrio|Dugtrio, M|100/100
|move|p1a: YellowOrder|Body Slam|p2a: Dugtrio
|-damage|p2a: Dugtrio|46/100
|
|-weather|Sandstorm|[upkeep]
|-heal|p1a: YellowOrder|89/100|[from] item: Leftovers
|upkeep
|turn|5
|
|t:|1729977006
|move|p1a: YellowOrder|Protect|p1a: YellowOrder
|-singleturn|p1a: YellowOrder|Protect
|move|p2a: Dugtrio|Earthquake|p1a: YellowOrder
|-activate|p1a: YellowOrder|Protect
|
|-weather|Sandstorm|[upkeep]
|-heal|p1a: YellowOrder|96/100|[from] item: Leftovers
|upkeep
|turn|6
|
|t:|1729977014
|move|p2a: Dugtrio|Earthquake|p1a: YellowOrder
|-supereffective|p1a: YellowOrder
|-damage|p1a: YellowOrder|10/100
|move|p1a: YellowOrder|Body Slam|p2a: Dugtrio
|-damage|p2a: Dugtrio|0 fnt
|faint|p2a: Dugtrio
|
|t:|1729977024
|switch|p2a: Zapdos|Zapdos|76/100
|
|-weather|Sandstorm|[upkeep]
|-damage|p2a: Zapdos|69/100|[from] Sandstorm
|-heal|p2a: Zapdos|76/100|[from] item: Leftovers
|-heal|p1a: YellowOrder|16/100|[from] item: Leftovers
|upkeep
|turn|7
|
|t:|1729977053
|switch|p1a: zoazo|Tyranitar, M|100/100
|move|p2a: Zapdos|Thunderbolt|p1a: zoazo
|-damage|p1a: zoazo|59/100
|
|-weather|Sandstorm|[upkeep]
|-damage|p2a: Zapdos|69/100|[from] Sandstorm
|-heal|p2a: Zapdos|76/100|[from] item: Leftovers
|-heal|p1a: zoazo|65/100|[from] item: Leftovers
|upkeep
|turn|8
|
|t:|1729977064
|move|p2a: Zapdos|Baton Pass|p2a: Zapdos
|
|t:|1729977067
|switch|p2a: Metagross|Metagross|100/100|[from] Baton Pass
|move|p1a: zoazo|Crunch|p2a: Metagross
|-damage|p2a: Metagross|63/100
|
|-weather|Sandstorm|[upkeep]
|-heal|p1a: zoazo|71/100|[from] item: Leftovers
|upkeep
|turn|9
|
|t:|1729977078
|switch|p1a: rocketslay_1|Moltres|100/100
|move|p2a: Metagross|Agility|p2a: Metagross
|-boost|p2a: Metagross|spe|2
|
|-weather|Sandstorm|[upkeep]
|-damage|p1a: rocketslay_1|94/100|[from] Sandstorm
|-heal|p1a: rocketslay_1|100/100|[from] item: Leftovers
|upkeep
|turn|10
|
|t:|1729977090
|move|p1a: rocketslay_1|Protect|p1a: rocketslay_1
|-singleturn|p1a: rocketslay_1|Protect
|move|p2a: Metagross|Explosion|p1a: rocketslay_1
|-activate|p1a: rocketslay_1|Protect
|faint|p2a: Metagross
|
|t:|1729977108
|switch|p2a: Zapdos|Zapdos|76/100
|
|-weather|Sandstorm|[upkeep]
|-damage|p1a: rocketslay_1|94/100|[from] Sandstorm
|-damage|p2a: Zapdos|69/100|[from] Sandstorm
|-heal|p1a: rocketslay_1|100/100|[from] item: Leftovers
|-heal|p2a: Zapdos|76/100|[from] item: Leftovers
|upkeep
|turn|11
|
|t:|1729977116
|switch|p1a: zoazo|Tyranitar, M|71/100
|move|p2a: Zapdos|Thunderbolt|p1a: zoazo
|-damage|p1a: zoazo|25/100
|
|-weather|Sandstorm|[upkeep]
|-damage|p2a: Zapdos|69/100|[from] Sandstorm
|-heal|p2a: Zapdos|76/100|[from] item: Leftovers
|-heal|p1a: zoazo|31/100|[from] item: Leftovers
|upkeep
|turn|12
|
|t:|1729977121
|move|p2a: Zapdos|Thunderbolt|p1a: zoazo
|-damage|p1a: zoazo|0 fnt
|faint|p1a: zoazo
|
|t:|1729977126
|switch|p1a: mahnemsjef|Gengar, M|100/100
|
|-weather|Sandstorm|[upkeep]
|-damage|p1a: mahnemsjef|94/100|[from] Sandstorm
|-damage|p2a: Zapdos|69/100|[from] Sandstorm
|-heal|p1a: mahnemsjef|100/100|[from] item: Leftovers
|-heal|p2a: Zapdos|76/100|[from] item: Leftovers
|upkeep
|turn|13
|
|t:|1729977132
|switch|p2a: Suicune|Suicune|70/100
|move|p1a: mahnemsjef|Ice Punch|p2a: Suicune
|-resisted|p2a: Suicune
|-damage|p2a: Suicune|62/100
|
|-weather|Sandstorm|[upkeep]
|-damage|p1a: mahnemsjef|94/100|[from] Sandstorm
|-damage|p2a: Suicune|55/100|[from] Sandstorm
|-heal|p1a: mahnemsjef|100/100|[from] item: Leftovers
|-heal|p2a: Suicune|62/100|[from] item: Leftovers
|upkeep
|turn|14
|
|t:|1729977136
|move|p1a: mahnemsjef|Thunderbolt|p2a: Suicune
|-supereffective|p2a: Suicune
|-damage|p2a: Suicune|20/100
|move|p2a: Suicune|Calm Mind|p2a: Suicune
|-boost|p2a: Suicune|spa|1
|-boost|p2a: Suicune|spd|1
|
|-weather|Sandstorm|[upkeep]
|-damage|p1a: mahnemsjef|94/100|[from] Sandstorm
|-damage|p2a: Suicune|14/100|[from] Sandstorm
|-heal|p1a: mahnemsjef|100/100|[from] item: Leftovers
|-heal|p2a: Suicune|20/100|[from] item: Leftovers
|upkeep
|turn|15
|
|t:|1729977140
|move|p1a: mahnemsjef|Thunderbolt|p2a: Suicune
|-supereffective|p2a: Suicune
|-damage|p2a: Suicune|0 fnt
|faint|p2a: Suicune
|
|t:|1729977149
|switch|p2a: Raikou|Raikou|100/100
|
|-weather|Sandstorm|[upkeep]
|-damage|p2a: Raikou|94/100|[from] Sandstorm
|-damage|p1a: mahnemsjef|94/100|[from] Sandstorm
|-heal|p1a: mahnemsjef|100/100|[from] item: Leftovers
|upkeep
|turn|16
|
|t:|1729977165
|switch|p1a: josukecrazydia|Flygon, M|100/100
|move|p2a: Raikou|Calm Mind|p2a: Raikou
|-boost|p2a: Raikou|spa|1
|-boost|p2a: Raikou|spd|1
|
|-weather|Sandstorm|[upkeep]
|-damage|p2a: Raikou|88/100|[from] Sandstorm
|upkeep
|turn|17
|
|t:|1729977173
|switch|p2a: Zapdos|Zapdos|76/100
|move|p1a: josukecrazydia|Earthquake|p2a: Zapdos
|-immune|p2a: Zapdos
|
|-weather|Sandstorm|[upkeep]
|-damage|p2a: Zapdos|69/100|[from] Sandstorm
|-heal|p2a: Zapdos|76/100|[from] item: Leftovers
|upkeep
|turn|18
|
|t:|1729977192
|switch|p1a: mahnemsjef|Gengar, M|100/100
|move|p2a: Zapdos|Substitute|p2a: Zapdos
|-start|p2a: Zapdos|Substitute
|-damage|p2a: Zapdos|51/100
|
|-weather|Sandstorm|[upkeep]
|-damage|p1a: mahnemsjef|94/100|[from] Sandstorm
|-damage|p2a: Zapdos|44/100|[from] Sandstorm
|-heal|p1a: mahnemsjef|100/100|[from] item: Leftovers
|-heal|p2a: Zapdos|51/100|[from] item: Leftovers
|upkeep
|turn|19
|
|t:|1729977197
|move|p1a: mahnemsjef|Ice Punch|p2a: Zapdos
|-supereffective|p2a: Zapdos
|-end|p2a: Zapdos|Substitute
|move|p2a: Zapdos|Thunderbolt|p1a: mahnemsjef
|-damage|p1a: mahnemsjef|38/100
|
|-weather|Sandstorm|[upkeep]
|-damage|p1a: mahnemsjef|31/100|[from] Sandstorm
|-damage|p2a: Zapdos|44/100|[from] Sandstorm
|-heal|p1a: mahnemsjef|38/100|[from] item: Leftovers
|-heal|p2a: Zapdos|51/100|[from] item: Leftovers
|upkeep
|turn|20
|
|t:|1729977200
|switch|p2a: Gengar|Gengar, F|100/100
|move|p1a: mahnemsjef|Ice Punch|p2a: Gengar
|-damage|p2a: Gengar|71/100
|
|-weather|Sandstorm|[upkeep]
|-damage|p2a: Gengar|65/100|[from] Sandstorm
|-damage|p1a: mahnemsjef|31/100|[from] Sandstorm
|-heal|p2a: Gengar|71/100|[from] item: Leftovers
|-heal|p1a: mahnemsjef|38/100|[from] item: Leftovers
|upkeep
|turn|21
|inactive|witgiz has 270 seconds left.
|c|☆tempokin|hi xtina
|inactive|witgiz has 240 seconds left.
|inactive|tempokin has 270 seconds left.
|
|t:|1729977290
|switch|p1a: YellowOrder|Jirachi|16/100
|move|p2a: Gengar|Thunderbolt|p1a: YellowOrder
|-damage|p1a: YellowOrder|0 fnt
|faint|p1a: YellowOrder
|
|t:|1729977294
|switch|p1a: rocketslay_1|Moltres|100/100
|
|-weather|Sandstorm|[upkeep]
|-damage|p2a: Gengar|65/100|[from] Sandstorm
|-damage|p1a: rocketslay_1|94/100|[from] Sandstorm
|-heal|p2a: Gengar|71/100|[from] item: Leftovers
|-heal|p1a: rocketslay_1|100/100|[from] item: Leftovers
|upkeep
|turn|22
|c|+xtina xendrix|🫃
|inactive|tempokin has 270 seconds left.
|
|t:|1729977318
|move|p2a: Gengar|Thunderbolt|p1a: rocketslay_1
|-supereffective|p1a: rocketslay_1
|-damage|p1a: rocketslay_1|31/100
|move|p1a: rocketslay_1|Fire Blast|p2a: Gengar
|-crit|p2a: Gengar
|-damage|p2a: Gengar|0 fnt
|faint|p2a: Gengar
|
|t:|1729977327
|switch|p2a: Raikou|Raikou|88/100
|
|-weather|Sandstorm|[upkeep]
|-damage|p2a: Raikou|82/100|[from] Sandstorm
|-damage|p1a: rocketslay_1|24/100|[from] Sandstorm
|-heal|p1a: rocketslay_1|31/100|[from] item: Leftovers
|upkeep
|turn|23
|inactive|tempokin has 270 seconds left.
|
|t:|1729977336
|switch|p2a: Zapdos|Zapdos|51/100
|move|p1a: rocketslay_1|Fire Blast|p2a: Zapdos
|-damage|p2a: Zapdos|0 fnt
|faint|p2a: Zapdos
|inactive|tempokin has 270 seconds left.
|
|t:|1729977342
|switch|p2a: Raikou|Raikou|82/100
|
|-weather|Sandstorm|[upkeep]
|-damage|p2a: Raikou|76/100|[from] Sandstorm
|-damage|p1a: rocketslay_1|24/100|[from] Sandstorm
|-heal|p1a: rocketslay_1|31/100|[from] item: Leftovers
|upkeep
|turn|24
|
|t:|1729977346
|move|p2a: Raikou|Calm Mind|p2a: Raikou
|-boost|p2a: Raikou|spa|1
|-boost|p2a: Raikou|spd|1
|move|p1a: rocketslay_1|Fire Blast|p2a: Raikou
|-damage|p2a: Raikou|33/100
|
|-weather|Sandstorm|[upkeep]
|-damage|p2a: Raikou|26/100|[from] Sandstorm
|-damage|p1a: rocketslay_1|24/100|[from] Sandstorm
|-heal|p1a: rocketslay_1|31/100|[from] item: Leftovers
|upkeep
|turn|25
|
|t:|1729977349
|move|p2a: Raikou|Thunderbolt|p1a: rocketslay_1
|-supereffective|p1a: rocketslay_1
|-damage|p1a: rocketslay_1|0 fnt
|faint|p1a: rocketslay_1
|
|t:|1729977350
|switch|p1a: josukecrazydia|Flygon, M|100/100
|
|-weather|Sandstorm|[upkeep]
|-damage|p2a: Raikou|20/100|[from] Sandstorm
|upkeep
|turn|26
|
|t:|1729977352
|move|p2a: Raikou|Hidden Power|p1a: josukecrazydia
|-damage|p1a: josukecrazydia|59/100
|move|p1a: josukecrazydia|Earthquake|p2a: Raikou
|-supereffective|p2a: Raikou
|-damage|p2a: Raikou|0 fnt
|faint|p2a: Raikou
|
|win|witgiz
|c|☆witgiz|gg

</script>
<script type="application/json" class="data" id="replaydata-smogtours-gen3ou-802316">
{"id":"smogtours-gen3ou-802316","format":"[Gen 3] OU","players":["witgiz","tempokin"],"uploadtime":1729977352,"views":123,"formatid":"gen3ou","rating":null,"private":0,"password":null}
</script>

<script defer src="js/replays.js?9d40a366"></script>
