<!DOCTYPE html>
<meta charset="utf-8" />
<meta name="viewport" content="width=device-width" />

<title>[Gen 3] OU: cryolite vs. Mafx - Replays - Pok&eacute;mon Showdown!</title>

<meta name="description" content="Watch a replay of a Pok&eacute;mon battle between cryolite and Mafx! Format: [Gen 3] OU; Date: Oct 17, 2024" />
<!--

Hey, you! Looking in the source for the replay log?

You can find them in JSON format, just add `.json` at the end of a replay URL.

https://replay.pokemonshowdown.com/gen7randomdoublesbattle-865046831.json

Or, if you only need the log itself, add `.log` instead:

https://replay.pokemonshowdown.com/gen7randomdoublesbattle-865046831.log

-->

<link rel="stylesheet" href="//pokemonshowdown.com/style/global.css?0.767286132409787" />
<link rel="stylesheet" href="//play.pokemonshowdown.com/style/font-awesome.css?0.9266228007934947" />
<link rel="stylesheet" href="//play.pokemonshowdown.com/style/battle.css?0.7924700842790926" />
<link rel="stylesheet" href="//play.pokemonshowdown.com/style/utilichart.css?0.8777417872839479" />

<!-- Global site tag (gtag.js) - Google Analytics -->
<script async src="https://www.googletagmanager.com/gtag/js?id=UA-26211653-1"></script>
<script>
  window.dataLayer = window.dataLayer || [];
  function gtag(){dataLayer.push(arguments);}
  gtag('js', new Date());

  gtag('config', 'UA-26211653-1');
</script>
<!-- End Google Analytics -->
<!-- Venatus Ad Manager - Install in <HEAD> of page -->
	<script src="https://hb.vntsm.com/v3/live/ad-manager.min.js" type="text/javascript" data-site-id="642aba63ec9a7b11c3c9c1be" data-mode="scan" async></script>
<!-- / Venatus Ad Manager -->

<style>
	@media (max-width:820px) {
		.battle {
			margin: 0 auto;
		}
		.battle-log {
			margin: 7px auto 0;
			max-width: 640px;
			height: 300px;
			position: static;
		}
	}
	.optgroup {
		display: inline-block;
		line-height: 22px;
		font-size: 10pt;
	}
	.optgroup .button {
		height: 25px;
		padding-top: 0;
		padding-bottom: 0;
	}
	.optgroup button.button {
		padding-left: 12px;
		padding-right: 12px;
	}
	.linklist {
		list-style: none;
		margin: 0.5em 0;
		padding: 0;
	}
	.linklist li {
		padding: 2px 0;
	}
	.sidebar {
		float: left;
		width: 320px;
	}
	.bar-wrapper {
		max-width: 1100px;
		margin: 0 auto;
	}
	.bar-wrapper.has-sidebar {
		max-width: 1430px;
	}
	.mainbar {
		margin: 0;
		padding-right: 1px;
	}
	.mainbar.has-sidebar {
		margin-left: 330px;
	}
	@media (min-width: 1511px) {
		.sidebar {
			width: 400px;
		}
		.bar-wrapper.has-sidebar {
			max-width: 1510px;
		}
		.mainbar.has-sidebar {
			margin-left: 410px;
		}
	}
	.section.first-section {
		margin-top: 9px;
	}
	.blocklink small {
		white-space: normal;
	}
	.button {
		vertical-align: middle;
	}
	.replay-controls {
		padding-top: 10px;
	}
	.replay-controls h1 {
		font-size: 16pt;
		font-weight: normal;
		color: #CCC;
	}
	.pagelink {
		text-align: center;
	}
	.pagelink a {
		width: 150px;
	}
	.textbox, .button {
		font-size: 11pt;
		vertical-align: middle;
	}
	@media (max-width: 450px) {
		.button {
			font-size: 9pt;
		}
	}
</style>

<div>

	<header>
		<div class="nav-wrapper"><ul class="nav">
			<li><a class="button nav-first" href="//pokemonshowdown.com/"><img src="//pokemonshowdown.com/images/pokemonshowdownbeta.png" srcset="//pokemonshowdown.com/images/pokemonshowdownbeta.png 1x, //pokemonshowdown.com/images/pokemonshowdownbeta@2x.png 2x" alt="Pok&eacute;mon Showdown" width="146" height="44" /> Home</a></li>
			<li><a class="button" href="//pokemonshowdown.com/dex/">Pok&eacute;dex</a></li>
			<li><a class="button cur" href="/">Replays</a></li>
			<li><a class="button" href="//pokemonshowdown.com/ladder/">Ladder</a></li>
			<li><a class="button nav-last" href="//pokemonshowdown.com/forums/">Forum</a></li>
			<li><a class="button greenbutton nav-first nav-last" href="//play.pokemonshowdown.com/">Play</a></li>
		</ul></div>
	</header>

	<div class="main" id="main">

		<noscript><section class="section">You need to enable JavaScript to use this page; sorry!</section></noscript>

	</div>

</div>

<script defer nomodule src="//play.pokemonshowdown.com/js/lib/ps-polyfill.js"></script>
<script defer src="//play.pokemonshowdown.com/js/lib/preact.min.js"></script>

<script defer src="//play.pokemonshowdown.com/config/config.js?6dec07f6"></script>
<script defer src="//play.pokemonshowdown.com/js/lib/jquery-1.11.0.min.js"></script>
<script defer src="//play.pokemonshowdown.com/js/lib/html-sanitizer-minified.js"></script>
<script defer src="//play.pokemonshowdown.com/js/battle-sound.js"></script>
<script defer src="//play.pokemonshowdown.com/js/battledata.js?0.6315294753075389"></script>
<script defer src="//play.pokemonshowdown.com/data/pokedex-mini.js?0.7603743185311358"></script>
<script defer src="//play.pokemonshowdown.com/data/pokedex-mini-bw.js?0.030888842834281283"></script>
<script defer src="//play.pokemonshowdown.com/data/graphics.js?0.05593094747507488"></script>
<script defer src="//play.pokemonshowdown.com/data/pokedex.js?0.47064822249611904"></script>
<script defer src="//play.pokemonshowdown.com/data/moves.js?0.8583693120512459"></script>
<script defer src="//play.pokemonshowdown.com/data/abilities.js?0.16017181182386842"></script>
<script defer src="//play.pokemonshowdown.com/data/items.js?0.4163379185673943"></script>
<script defer src="//play.pokemonshowdown.com/data/teambuilder-tables.js?0.31075597372830477"></script>
<script defer src="//play.pokemonshowdown.com/js/battle-tooltips.js?0.6536193500708172"></script>
<script defer src="//play.pokemonshowdown.com/js/battle.js?0.1916591943277901"></script>

<script defer src="js/utils.js?e31f9a17"></script>
<script defer src="js/replays-battle.js?7008c182"></script>

<!-- don't scrape this data! just add .json or .log after the URL!
Full API docs: https://github.com/smogon/pokemon-showdown-client/blob/master/WEB-API.md -->
<script type="text/plain" class="log" id="replaylog-smogtours-gen3ou-799423">
|inactive|Battle timer is ON: inactive players will automatically lose when time's up.
|t:|1729208437
|gametype|singles
|player|p1|cryolite|266|
|player|p2|Mafx|266|
|teamsize|p1|6
|teamsize|p2|6
|gen|3
|tier|[Gen 3] OU
|rule|Sleep Clause Mod: Limit one foe put to sleep
|rule|Switch Priority Clause Mod: Faster Pokémon switch first
|rule|Species Clause: Limit one of each Pokémon
|rule|OHKO Clause: OHKO moves are banned
|rule|Evasion Items Clause: Evasion items are banned
|rule|Evasion Moves Clause: Evasion moves are banned
|rule|Endless Battle Clause: Forcing endless battles is banned
|rule|HP Percentage Mod: HP is shown in percentages
|rule|One Boost Passer Clause: Limit one Baton Passer that has a way to boost its stats
|rule|Freeze Clause Mod: Limit one foe frozen
|
|t:|1729208437
|start
|switch|p1a: Skarmory|Skarmory, F|100/100
|switch|p2a: Araguaney|Zapdos|100/100
|turn|1
|
|t:|1729208443
|switch|p1a: Celebi|Celebi|100/100
|move|p2a: Araguaney|Thunderbolt|p1a: Celebi
|-resisted|p1a: Celebi
|-damage|p1a: Celebi|76/100
|
|-heal|p1a: Celebi|83/100|[from] item: Leftovers
|upkeep
|turn|2
|
|t:|1729208449
|move|p2a: Araguaney|Baton Pass|p2a: Araguaney
|
|t:|1729208459
|switch|p2a: Colita con Leche|Blissey, F|100/100|[from] Baton Pass
|move|p1a: Celebi|Leech Seed|p2a: Colita con Leche
|-start|p2a: Colita con Leche|move: Leech Seed
|
|-heal|p1a: Celebi|89/100|[from] item: Leftovers
|-damage|p2a: Colita con Leche|88/100|[from] Leech Seed|[of] p1a: Celebi
|-heal|p1a: Celebi|100/100|[silent]
|upkeep
|turn|3
|
|t:|1729208469
|move|p1a: Celebi|Giga Drain|p2a: Colita con Leche
|-damage|p2a: Colita con Leche|77/100
|move|p2a: Colita con Leche|Ice Beam|p1a: Celebi
|-supereffective|p1a: Celebi
|-damage|p1a: Celebi|58/100
|
|-heal|p1a: Celebi|64/100|[from] item: Leftovers
|-heal|p2a: Colita con Leche|83/100|[from] item: Leftovers
|-damage|p2a: Colita con Leche|70/100|[from] Leech Seed|[of] p1a: Celebi
|-heal|p1a: Celebi|85/100|[silent]
|upkeep
|turn|4
|
|t:|1729208473
|switch|p1a: Skarmory|Skarmory, F|100/100
|switch|p2a: Cebollin|Celebi|100/100
|
|upkeep
|turn|5
|
|t:|1729208480
|move|p2a: Cebollin|Hidden Power|p1a: Skarmory
|-supereffective|p1a: Skarmory
|-damage|p1a: Skarmory|51/100
|move|p1a: Skarmory|Spikes|p2a: Cebollin
|-sidestart|p2: Mafx|Spikes
|
|-heal|p1a: Skarmory|57/100|[from] item: Leftovers
|upkeep
|turn|6
|
|t:|1729208492
|switch|p1a: Charizard|Charizard, F, shiny|100/100
|move|p2a: Cebollin|Hidden Power|p1a: Charizard
|-resisted|p1a: Charizard
|-damage|p1a: Charizard|87/100
|
|-heal|p1a: Charizard|93/100|[from] item: Leftovers
|upkeep
|turn|7
|
|t:|1729208498
|move|p1a: Charizard|Beat Up|p2a: Cebollin
|-damage|p2a: Cebollin|98/100
|-damage|p2a: Cebollin|96/100
|-damage|p2a: Cebollin|94/100
|-damage|p2a: Cebollin|91/100
|-damage|p2a: Cebollin|89/100
|-damage|p2a: Cebollin|87/100
|-hitcount|p2a: Cebollin|6
|move|p2a: Cebollin|Leech Seed|p1a: Charizard
|-start|p1a: Charizard|move: Leech Seed
|
|-heal|p1a: Charizard|99/100|[from] item: Leftovers
|-damage|p1a: Charizard|86/100|[from] Leech Seed|[of] p2a: Cebollin
|-heal|p2a: Cebollin|96/100|[silent]
|-heal|p2a: Cebollin|100/100|[from] item: Leftovers
|upkeep
|turn|8
|
|t:|1729208512
|switch|p1a: Skarmory|Skarmory, F|57/100
|switch|p2a: Diablo e' Traki|Claydol|100/100
|
|-heal|p1a: Skarmory|63/100|[from] item: Leftovers
|upkeep
|turn|9
|
|t:|1729208518
|move|p1a: Skarmory|Toxic|p2a: Diablo e' Traki
|-status|p2a: Diablo e' Traki|tox
|move|p2a: Diablo e' Traki|Hidden Power|p1a: Skarmory
|-supereffective|p1a: Skarmory
|-damage|p1a: Skarmory|33/100
|
|-heal|p1a: Skarmory|39/100|[from] item: Leftovers
|-damage|p2a: Diablo e' Traki|94/100 tox|[from] psn
|upkeep
|turn|10
|
|t:|1729208521
|move|p1a: Skarmory|Taunt|p2a: Diablo e' Traki
|-start|p2a: Diablo e' Traki|move: Taunt
|move|p2a: Diablo e' Traki|Rapid Spin|p1a: Skarmory
|-resisted|p1a: Skarmory
|-damage|p1a: Skarmory|37/100
|-sideend|p2: Mafx|Spikes|[from] move: Rapid Spin|[of] p2a: Diablo e' Traki
|
|-heal|p1a: Skarmory|43/100|[from] item: Leftovers
|-heal|p2a: Diablo e' Traki|100/100 tox|[from] item: Leftovers
|-damage|p2a: Diablo e' Traki|88/100 tox|[from] psn
|upkeep
|turn|11
|
|t:|1729208531
|switch|p2a: Araguaney|Zapdos|100/100
|move|p1a: Skarmory|Spikes|p2a: Araguaney
|-sidestart|p2: Mafx|Spikes
|
|-heal|p1a: Skarmory|49/100|[from] item: Leftovers
|upkeep
|turn|12
|
|t:|1729208537
|switch|p1a: Celebi|Celebi|85/100
|move|p2a: Araguaney|Substitute|p2a: Araguaney
|-start|p2a: Araguaney|Substitute
|-damage|p2a: Araguaney|76/100
|
|-heal|p2a: Araguaney|82/100|[from] item: Leftovers
|-heal|p1a: Celebi|91/100|[from] item: Leftovers
|upkeep
|turn|13
|
|t:|1729208541
|move|p2a: Araguaney|Baton Pass|p2a: Araguaney
|
|t:|1729208551
|switch|p2a: Colita con Leche|Blissey, F|70/100|[from] Baton Pass
|-damage|p2a: Colita con Leche|58/100|[from] Spikes
|move|p1a: Celebi|Psychic|p2a: Colita con Leche
|-crit|p2a: Colita con Leche
|-end|p2a: Colita con Leche|Substitute
|
|-heal|p1a: Celebi|97/100|[from] item: Leftovers
|-heal|p2a: Colita con Leche|64/100|[from] item: Leftovers
|upkeep
|turn|14
|
|t:|1729208556
|move|p1a: Celebi|Leech Seed|p2a: Colita con Leche
|-start|p2a: Colita con Leche|move: Leech Seed
|move|p2a: Colita con Leche|Ice Beam|p1a: Celebi
|-supereffective|p1a: Celebi
|-damage|p1a: Celebi|51/100
|
|-heal|p1a: Celebi|57/100|[from] item: Leftovers
|-heal|p2a: Colita con Leche|70/100|[from] item: Leftovers
|-damage|p2a: Colita con Leche|58/100|[from] Leech Seed|[of] p1a: Celebi
|-heal|p1a: Celebi|78/100|[silent]
|upkeep
|turn|15
|
|t:|1729208569
|switch|p1a: Charizard|Charizard, F, shiny|86/100
|switch|p2a: Cebollin|Celebi|100/100
|-damage|p2a: Cebollin|88/100|[from] Spikes
|
|-heal|p1a: Charizard|92/100|[from] item: Leftovers
|-heal|p2a: Cebollin|94/100|[from] item: Leftovers
|upkeep
|turn|16
|
|t:|1729208578
|switch|p2a: Colita con Leche|Blissey, F|58/100
|-damage|p2a: Colita con Leche|45/100|[from] Spikes
|move|p1a: Charizard|Flamethrower|p2a: Colita con Leche
|-damage|p2a: Colita con Leche|24/100
|
|-heal|p1a: Charizard|98/100|[from] item: Leftovers
|-heal|p2a: Colita con Leche|30/100|[from] item: Leftovers
|upkeep
|turn|17
|
|t:|1729208586
|move|p1a: Charizard|Beat Up|p2a: Colita con Leche
|-damage|p2a: Colita con Leche|19/100
|-damage|p2a: Colita con Leche|7/100
|-damage|p2a: Colita con Leche|0 fnt
|-hitcount|p2a: Colita con Leche|3
|faint|p2a: Colita con Leche
|
|t:|1729208591
|switch|p2a: Araguaney|Zapdos|82/100
|
|-heal|p1a: Charizard|100/100|[from] item: Leftovers
|-heal|p2a: Araguaney|88/100|[from] item: Leftovers
|upkeep
|turn|18
|
|t:|1729208594
|switch|p1a: Celebi|Celebi|78/100
|move|p2a: Araguaney|Thunderbolt|p1a: Celebi
|-resisted|p1a: Celebi
|-damage|p1a: Celebi|53/100
|
|-heal|p2a: Araguaney|94/100|[from] item: Leftovers
|-heal|p1a: Celebi|59/100|[from] item: Leftovers
|upkeep
|turn|19
|
|t:|1729208605
|switch|p2a: Cebollin|Celebi|94/100
|-damage|p2a: Cebollin|82/100|[from] Spikes
|move|p1a: Celebi|Leech Seed|p2a: Cebollin
|-immune|p2a: Cebollin
|
|-heal|p1a: Celebi|66/100|[from] item: Leftovers
|-heal|p2a: Cebollin|88/100|[from] item: Leftovers
|upkeep
|turn|20
|
|t:|1729208614
|switch|p1a: Charizard|Charizard, F, shiny|100/100
|move|p2a: Cebollin|Hidden Power|p1a: Charizard
|-resisted|p1a: Charizard
|-crit|p1a: Charizard
|-damage|p1a: Charizard|73/100
|
|-heal|p1a: Charizard|79/100|[from] item: Leftovers
|-heal|p2a: Cebollin|94/100|[from] item: Leftovers
|upkeep
|turn|21
|
|t:|1729208620
|switch|p2a: Diablo e' Traki|Claydol|88/100 tox
|move|p1a: Charizard|Flamethrower|p2a: Diablo e' Traki
|-damage|p2a: Diablo e' Traki|41/100 tox
|
|-heal|p1a: Charizard|85/100|[from] item: Leftovers
|-heal|p2a: Diablo e' Traki|47/100 tox|[from] item: Leftovers
|-damage|p2a: Diablo e' Traki|41/100 tox|[from] psn
|upkeep
|turn|22
|
|t:|1729208633
|switch|p2a: Orinoco|Swampert, M|100/100
|-damage|p2a: Orinoco|88/100|[from] Spikes
|move|p1a: Charizard|Flamethrower|p2a: Orinoco
|-resisted|p2a: Orinoco
|-damage|p2a: Orinoco|68/100
|
|-heal|p1a: Charizard|91/100|[from] item: Leftovers
|-heal|p2a: Orinoco|74/100|[from] item: Leftovers
|upkeep
|turn|23
|
|t:|1729208638
|move|p2a: Orinoco|Protect|p2a: Orinoco
|-singleturn|p2a: Orinoco|Protect
|move|p1a: Charizard|Hidden Power|p2a: Orinoco
|-activate|p2a: Orinoco|Protect
|
|-heal|p1a: Charizard|97/100|[from] item: Leftovers
|-heal|p2a: Orinoco|80/100|[from] item: Leftovers
|upkeep
|turn|24
|
|t:|1729208647
|switch|p1a: Celebi|Celebi|66/100
|switch|p2a: Araguaney|Zapdos|94/100
|
|-heal|p2a: Araguaney|100/100|[from] item: Leftovers
|-heal|p1a: Celebi|72/100|[from] item: Leftovers
|upkeep
|turn|25
|
|t:|1729208653
|move|p2a: Araguaney|Thunderbolt|p1a: Celebi
|-resisted|p1a: Celebi
|-damage|p1a: Celebi|48/100
|-status|p1a: Celebi|par
|cant|p1a: Celebi|par
|
|-heal|p1a: Celebi|54/100 par|[from] item: Leftovers
|upkeep
|turn|26
|
|t:|1729208661
|move|p2a: Araguaney|Baton Pass|p2a: Araguaney
|inactive|Mafx has 270 seconds left.
|
|t:|1729208712
|switch|p2a: Conviasa|Aerodactyl, M|100/100|[from] Baton Pass
|move|p1a: Celebi|Psychic|p2a: Conviasa
|-damage|p2a: Conviasa|35/100
|-unboost|p2a: Conviasa|spd|1
|
|-heal|p1a: Celebi|60/100 par|[from] item: Leftovers
|upkeep
|turn|27
|
|t:|1729208720
|-curestatus|p1a: Celebi|par|[from] ability: Natural Cure
|switch|p1a: Swampert|Swampert, M|100/100
|move|p2a: Conviasa|Double-Edge|p1a: Swampert
|-crit|p1a: Swampert
|-damage|p1a: Swampert|0 fnt
|faint|p1a: Swampert
|
|t:|1729208724
|switch|p1a: Aerodactyl|Aerodactyl, M|100/100
|
|upkeep
|turn|28
|
|t:|1729208732
|switch|p2a: Orinoco|Swampert, M|80/100
|-damage|p2a: Orinoco|68/100|[from] Spikes
|move|p1a: Aerodactyl|Double-Edge|p2a: Orinoco
|-damage|p2a: Orinoco|34/100
|
|-heal|p2a: Orinoco|40/100|[from] item: Leftovers
|upkeep
|turn|29
|inactive|Mafx has 270 seconds left.
|
|t:|1729208738
|switch|p1a: Celebi|Celebi|60/100
|move|p2a: Orinoco|Protect||[still]
|-fail|p2a: Orinoco
|
|-heal|p1a: Celebi|67/100|[from] item: Leftovers
|-heal|p2a: Orinoco|46/100|[from] item: Leftovers
|upkeep
|turn|30
|
|t:|1729208745
|switch|p2a: Cebollin|Celebi|94/100
|-damage|p2a: Cebollin|82/100|[from] Spikes
|move|p1a: Celebi|Giga Drain|p2a: Cebollin
|-resisted|p2a: Cebollin
|-damage|p2a: Cebollin|69/100
|-heal|p1a: Celebi|73/100|[from] drain|[of] p2a: Cebollin
|
|-heal|p1a: Celebi|79/100|[from] item: Leftovers
|-heal|p2a: Cebollin|75/100|[from] item: Leftovers
|upkeep
|turn|31
|
|t:|1729208751
|move|p1a: Celebi|Hidden Power|p2a: Cebollin
|-supereffective|p2a: Cebollin
|-damage|p2a: Cebollin|35/100
|move|p2a: Cebollin|Psychic|p1a: Celebi
|-resisted|p1a: Celebi
|-damage|p1a: Celebi|61/100
|
|-heal|p1a: Celebi|67/100|[from] item: Leftovers
|-heal|p2a: Cebollin|41/100|[from] item: Leftovers
|upkeep
|turn|32
|
|t:|1729208762
|move|p1a: Celebi|Giga Drain|p2a: Cebollin
|-resisted|p2a: Cebollin
|-damage|p2a: Cebollin|29/100
|-heal|p1a: Celebi|73/100|[from] drain|[of] p2a: Cebollin
|move|p2a: Cebollin|Psychic|p1a: Celebi
|-resisted|p1a: Celebi
|-damage|p1a: Celebi|53/100
|
|-heal|p1a: Celebi|59/100|[from] item: Leftovers
|-heal|p2a: Cebollin|35/100|[from] item: Leftovers
|upkeep
|turn|33
|
|t:|1729208766
|move|p1a: Celebi|Hidden Power|p2a: Cebollin
|-supereffective|p2a: Cebollin
|-damage|p2a: Cebollin|0 fnt
|faint|p2a: Cebollin
|
|t:|1729208781
|switch|p2a: Conviasa|Aerodactyl, M|35/100
|
|-heal|p1a: Celebi|65/100|[from] item: Leftovers
|upkeep
|turn|34
|
|t:|1729208787
|switch|p1a: Skarmory|Skarmory, F|49/100
|move|p2a: Conviasa|Double-Edge|p1a: Skarmory
|-resisted|p1a: Skarmory
|-damage|p1a: Skarmory|28/100
|
|-heal|p1a: Skarmory|34/100|[from] item: Leftovers
|upkeep
|turn|35
|
|t:|1729208793
|switch|p2a: Araguaney|Zapdos|100/100
|move|p1a: Skarmory|Toxic|p2a: Araguaney
|-status|p2a: Araguaney|tox
|
|-damage|p2a: Araguaney|94/100 tox|[from] psn
|-heal|p1a: Skarmory|40/100|[from] item: Leftovers
|upkeep
|turn|36
|
|t:|1729208801
|switch|p1a: Celebi|Celebi|65/100
|move|p2a: Araguaney|Thunderbolt|p1a: Celebi
|-resisted|p1a: Celebi
|-damage|p1a: Celebi|43/100
|
|-heal|p2a: Araguaney|100/100 tox|[from] item: Leftovers
|-damage|p2a: Araguaney|88/100 tox|[from] psn
|-heal|p1a: Celebi|49/100|[from] item: Leftovers
|upkeep
|turn|37
|
|t:|1729208813
|move|p2a: Araguaney|Thunderbolt|p1a: Celebi
|-resisted|p1a: Celebi
|-crit|p1a: Celebi
|-damage|p1a: Celebi|4/100
|move|p1a: Celebi|Leech Seed|p2a: Araguaney
|-start|p2a: Araguaney|move: Leech Seed
|
|-heal|p2a: Araguaney|94/100 tox|[from] item: Leftovers
|-damage|p2a: Araguaney|82/100 tox|[from] Leech Seed|[of] p1a: Celebi
|-heal|p1a: Celebi|14/100|[silent]
|-damage|p2a: Araguaney|63/100 tox|[from] psn
|-heal|p1a: Celebi|21/100|[from] item: Leftovers
|upkeep
|turn|38
|
|t:|1729208827
|switch|p2a: Diablo e' Traki|Claydol|41/100 tox
|switch|p1a: Tyranitar|Tyranitar, F|100/100
|-weather|Sandstorm|[from] ability: Sand Stream|[of] p1a: Tyranitar
|
|-weather|Sandstorm|[upkeep]
|-heal|p2a: Diablo e' Traki|47/100 tox|[from] item: Leftovers
|-damage|p2a: Diablo e' Traki|41/100 tox|[from] psn
|upkeep
|turn|39
|
|t:|1729208830
|move|p2a: Diablo e' Traki|Earthquake|p1a: Tyranitar
|-supereffective|p1a: Tyranitar
|-damage|p1a: Tyranitar|41/100
|move|p1a: Tyranitar|Hidden Power|p2a: Diablo e' Traki
|-supereffective|p2a: Diablo e' Traki
|-damage|p2a: Diablo e' Traki|0 fnt
|faint|p2a: Diablo e' Traki
|
|t:|1729208838
|switch|p2a: Orinoco|Swampert, M|46/100
|-damage|p2a: Orinoco|34/100|[from] Spikes
|
|-weather|Sandstorm|[upkeep]
|-heal|p1a: Tyranitar|47/100|[from] item: Leftovers
|-heal|p2a: Orinoco|40/100|[from] item: Leftovers
|upkeep
|turn|40
|
|t:|1729208846
|move|p1a: Tyranitar|Earthquake|p2a: Orinoco
|-damage|p2a: Orinoco|15/100
|move|p2a: Orinoco|Ice Beam|p1a: Tyranitar
|-damage|p1a: Tyranitar|30/100
|
|-weather|Sandstorm|[upkeep]
|-heal|p1a: Tyranitar|36/100|[from] item: Leftovers
|-heal|p2a: Orinoco|21/100|[from] item: Leftovers
|upkeep
|turn|41
|
|t:|1729208850
|move|p2a: Orinoco|Protect|p2a: Orinoco
|-singleturn|p2a: Orinoco|Protect
|move|p1a: Tyranitar|Earthquake|p2a: Orinoco
|-activate|p2a: Orinoco|Protect
|
|-weather|Sandstorm|[upkeep]
|-heal|p1a: Tyranitar|43/100|[from] item: Leftovers
|-heal|p2a: Orinoco|27/100|[from] item: Leftovers
|upkeep
|turn|42
|
|t:|1729208854
|move|p1a: Tyranitar|Earthquake|p2a: Orinoco
|-damage|p2a: Orinoco|2/100
|move|p2a: Orinoco|Earthquake|p1a: Tyranitar
|-supereffective|p1a: Tyranitar
|-damage|p1a: Tyranitar|0 fnt
|faint|p1a: Tyranitar
|
|t:|1729208858
|switch|p1a: Aerodactyl|Aerodactyl, M|100/100
|
|-weather|Sandstorm|[upkeep]
|-heal|p2a: Orinoco|8/100|[from] item: Leftovers
|upkeep
|turn|43
|
|t:|1729208861
|move|p2a: Orinoco|Protect|p2a: Orinoco
|-singleturn|p2a: Orinoco|Protect
|move|p1a: Aerodactyl|Double-Edge|p2a: Orinoco
|-activate|p2a: Orinoco|Protect
|
|-weather|Sandstorm|[upkeep]
|-heal|p2a: Orinoco|14/100|[from] item: Leftovers
|upkeep
|turn|44
|
|t:|1729208869
|move|p1a: Aerodactyl|Double-Edge|p2a: Orinoco
|-damage|p2a: Orinoco|0 fnt
|faint|p2a: Orinoco
|
|t:|1729208873
|switch|p2a: Conviasa|Aerodactyl, M|35/100
|
|-weather|Sandstorm|[upkeep]
|upkeep
|turn|45
|
|t:|1729208881
|switch|p1a: Celebi|Celebi|21/100
|move|p2a: Conviasa|Rock Slide|p1a: Celebi
|-damage|p1a: Celebi|0 fnt
|faint|p1a: Celebi
|
|t:|1729208886
|switch|p1a: Skarmory|Skarmory, F|40/100
|
|-weather|Sandstorm|[upkeep]
|-heal|p1a: Skarmory|46/100|[from] item: Leftovers
|upkeep
|turn|46
|
|t:|1729208891
|move|p2a: Conviasa|Rock Slide|p1a: Skarmory
|-damage|p1a: Skarmory|4/100
|move|p1a: Skarmory|Toxic|p2a: Conviasa
|-status|p2a: Conviasa|tox
|
|-weather|Sandstorm|[upkeep]
|-damage|p2a: Conviasa|29/100 tox|[from] psn
|-heal|p1a: Skarmory|10/100|[from] item: Leftovers
|upkeep
|turn|47
|
|t:|1729208897
|switch|p2a: Araguaney|Zapdos|63/100 tox
|move|p1a: Skarmory|Taunt|p2a: Araguaney
|-start|p2a: Araguaney|move: Taunt
|
|-weather|Sandstorm|[upkeep]
|-damage|p2a: Araguaney|57/100 tox|[from] Sandstorm
|-heal|p2a: Araguaney|63/100 tox|[from] item: Leftovers
|-damage|p2a: Araguaney|57/100 tox|[from] psn
|-heal|p1a: Skarmory|16/100|[from] item: Leftovers
|upkeep
|turn|48
|
|t:|1729208903
|move|p2a: Araguaney|Thunderbolt|p1a: Skarmory
|-supereffective|p1a: Skarmory
|-damage|p1a: Skarmory|0 fnt
|faint|p1a: Skarmory
|
|t:|1729208904
|switch|p1a: Aerodactyl|Aerodactyl, M|100/100
|
|-weather|Sandstorm|[upkeep]
|-damage|p2a: Araguaney|51/100 tox|[from] Sandstorm
|-heal|p2a: Araguaney|57/100 tox|[from] item: Leftovers
|-damage|p2a: Araguaney|44/100 tox|[from] psn
|-end|p2a: Araguaney|move: Taunt|[silent]
|upkeep
|turn|49
|
|t:|1729208909
|move|p1a: Aerodactyl|Double-Edge|p2a: Araguaney
|-damage|p2a: Araguaney|0 fnt
|faint|p2a: Araguaney
|
|t:|1729208912
|switch|p2a: Conviasa|Aerodactyl, M|29/100 tox
|
|-weather|Sandstorm|[upkeep]
|-damage|p2a: Conviasa|23/100 tox|[from] psn
|upkeep
|turn|50
|
|t:|1729208917
|move|p1a: Aerodactyl|Double-Edge|p2a: Conviasa
|-resisted|p2a: Conviasa
|-crit|p2a: Conviasa
|-damage|p2a: Conviasa|0 fnt
|faint|p2a: Conviasa
|
|win|cryolite
|c|☆cryolite|ggs
|c|☆Mafx|gg
|c|☆Mafx|359 spd?
|c|☆cryolite|on aero?
|c|☆cryolite|29
|c|☆Mafx|yea
|c|☆cryolite|394
|c|☆Mafx|damn, mine was adamant, was betting on the coinflip
|c|☆cryolite|max jolly, cant risk ties with aero with my paper thin swampert
|c|☆cryolite|that edge crit made it so hard
|c|☆Mafx|Yea, if it wasn't for that i would have lost much much earlier
|c|☆Mafx|anyways, ggs and good luck in your next matches
|c|☆cryolite|thanks, u2

</script>
<script type="application/json" class="data" id="replaydata-smogtours-gen3ou-799423">
{"id":"smogtours-gen3ou-799423","format":"[Gen 3] OU","players":["cryolite","Mafx"],"uploadtime":1729208917,"views":91,"formatid":"gen3ou","rating":null,"private":0,"password":null}
</script>

<script defer src="js/replays.js?9d40a366"></script>
