<!DOCTYPE html>
<meta charset="utf-8" />
<meta name="viewport" content="width=device-width" />

<title>[Gen 3] OU: ojr vs. Gulchittious Boi - Replays - Pok&eacute;mon Showdown!</title>

<meta name="description" content="Watch a replay of a Pok&eacute;mon battle between ojr and Gulchittious Boi! Format: [Gen 3] OU; Date: Oct 20, 2024" />
<!--

Hey, you! Looking in the source for the replay log?

You can find them in JSON format, just add `.json` at the end of a replay URL.

https://replay.pokemonshowdown.com/gen7randomdoublesbattle-865046831.json

Or, if you only need the log itself, add `.log` instead:

https://replay.pokemonshowdown.com/gen7randomdoublesbattle-865046831.log

-->

<link rel="stylesheet" href="//pokemonshowdown.com/style/global.css?0.023195364461161105" />
<link rel="stylesheet" href="//play.pokemonshowdown.com/style/font-awesome.css?0.13261647063804238" />
<link rel="stylesheet" href="//play.pokemonshowdown.com/style/battle.css?0.8753245789963631" />
<link rel="stylesheet" href="//play.pokemonshowdown.com/style/utilichart.css?0.8627959624976733" />

<!-- Global site tag (gtag.js) - Google Analytics -->
<script async src="https://www.googletagmanager.com/gtag/js?id=UA-26211653-1"></script>
<script>
  window.dataLayer = window.dataLayer || [];
  function gtag(){dataLayer.push(arguments);}
  gtag('js', new Date());

  gtag('config', 'UA-26211653-1');
</script>
<!-- End Google Analytics -->
<!-- Venatus Ad Manager - Install in <HEAD> of page -->
	<script src="https://hb.vntsm.com/v3/live/ad-manager.min.js" type="text/javascript" data-site-id="642aba63ec9a7b11c3c9c1be" data-mode="scan" async></script>
<!-- / Venatus Ad Manager -->

<style>
	@media (max-width:820px) {
		.battle {
			margin: 0 auto;
		}
		.battle-log {
			margin: 7px auto 0;
			max-width: 640px;
			height: 300px;
			position: static;
		}
	}
	.optgroup {
		display: inline-block;
		line-height: 22px;
		font-size: 10pt;
	}
	.optgroup .button {
		height: 25px;
		padding-top: 0;
		padding-bottom: 0;
	}
	.optgroup button.button {
		padding-left: 12px;
		padding-right: 12px;
	}
	.linklist {
		list-style: none;
		margin: 0.5em 0;
		padding: 0;
	}
	.linklist li {
		padding: 2px 0;
	}
	.sidebar {
		float: left;
		width: 320px;
	}
	.bar-wrapper {
		max-width: 1100px;
		margin: 0 auto;
	}
	.bar-wrapper.has-sidebar {
		max-width: 1430px;
	}
	.mainbar {
		margin: 0;
		padding-right: 1px;
	}
	.mainbar.has-sidebar {
		margin-left: 330px;
	}
	@media (min-width: 1511px) {
		.sidebar {
			width: 400px;
		}
		.bar-wrapper.has-sidebar {
			max-width: 1510px;
		}
		.mainbar.has-sidebar {
			margin-left: 410px;
		}
	}
	.section.first-section {
		margin-top: 9px;
	}
	.blocklink small {
		white-space: normal;
	}
	.button {
		vertical-align: middle;
	}
	.replay-controls {
		padding-top: 10px;
	}
	.replay-controls h1 {
		font-size: 16pt;
		font-weight: normal;
		color: #CCC;
	}
	.pagelink {
		text-align: center;
	}
	.pagelink a {
		width: 150px;
	}
	.textbox, .button {
		font-size: 11pt;
		vertical-align: middle;
	}
	@media (max-width: 450px) {
		.button {
			font-size: 9pt;
		}
	}
</style>

<div>

	<header>
		<div class="nav-wrapper"><ul class="nav">
			<li><a class="button nav-first" href="//pokemonshowdown.com/"><img src="//pokemonshowdown.com/images/pokemonshowdownbeta.png" srcset="//pokemonshowdown.com/images/pokemonshowdownbeta.png 1x, //pokemonshowdown.com/images/pokemonshowdownbeta@2x.png 2x" alt="Pok&eacute;mon Showdown" width="146" height="44" /> Home</a></li>
			<li><a class="button" href="//pokemonshowdown.com/dex/">Pok&eacute;dex</a></li>
			<li><a class="button cur" href="/">Replays</a></li>
			<li><a class="button" href="//pokemonshowdown.com/ladder/">Ladder</a></li>
			<li><a class="button nav-last" href="//pokemonshowdown.com/forums/">Forum</a></li>
			<li><a class="button greenbutton nav-first nav-last" href="//play.pokemonshowdown.com/">Play</a></li>
		</ul></div>
	</header>

	<div class="main" id="main">

		<noscript><section class="section">You need to enable JavaScript to use this page; sorry!</section></noscript>

	</div>

</div>

<script defer nomodule src="//play.pokemonshowdown.com/js/lib/ps-polyfill.js"></script>
<script defer src="//play.pokemonshowdown.com/js/lib/preact.min.js"></script>

<script defer src="//play.pokemonshowdown.com/config/config.js?2bddbc15"></script>
<script defer src="//play.pokemonshowdown.com/js/lib/jquery-1.11.0.min.js"></script>
<script defer src="//play.pokemonshowdown.com/js/lib/html-sanitizer-minified.js"></script>
<script defer src="//play.pokemonshowdown.com/js/battle-sound.js"></script>
<script defer src="//play.pokemonshowdown.com/js/battledata.js?0.7209276989879541"></script>
<script defer src="//play.pokemonshowdown.com/data/pokedex-mini.js?0.6111056340867951"></script>
<script defer src="//play.pokemonshowdown.com/data/pokedex-mini-bw.js?0.3532142036491459"></script>
<script defer src="//play.pokemonshowdown.com/data/graphics.js?0.24223875632456182"></script>
<script defer src="//play.pokemonshowdown.com/data/pokedex.js?0.38839984266356864"></script>
<script defer src="//play.pokemonshowdown.com/data/moves.js?0.21866028504024015"></script>
<script defer src="//play.pokemonshowdown.com/data/abilities.js?0.2005157953846628"></script>
<script defer src="//play.pokemonshowdown.com/data/items.js?0.9894211263848525"></script>
<script defer src="//play.pokemonshowdown.com/data/teambuilder-tables.js?0.6008791140282215"></script>
<script defer src="//play.pokemonshowdown.com/js/battle-tooltips.js?0.7580118955022959"></script>
<script defer src="//play.pokemonshowdown.com/js/battle.js?0.6057722274234274"></script>

<script defer src="js/utils.js?e31f9a17"></script>
<script defer src="js/replays-battle.js?7008c182"></script>

<!-- don't scrape this data! just add .json or .log after the URL!
Full API docs: https://github.com/smogon/pokemon-showdown-client/blob/master/WEB-API.md -->
<script type="text/plain" class="log" id="replaylog-smogtours-gen3ou-800790">
|inactive|Battle timer is ON: inactive players will automatically lose when time's up.
|t:|1729456597
|gametype|singles
|player|p1|ojr|#ptplvjirachis|
|player|p2|Gulchittious Boi|scientist-gen4dp|
|teamsize|p1|6
|teamsize|p2|6
|gen|3
|tier|[Gen 3] OU
|rule|Sleep Clause Mod: Limit one foe put to sleep
|rule|Switch Priority Clause Mod: Faster Pokémon switch first
|rule|Species Clause: Limit one of each Pokémon
|rule|OHKO Clause: OHKO moves are banned
|rule|Evasion Items Clause: Evasion items are banned
|rule|Evasion Moves Clause: Evasion moves are banned
|rule|Endless Battle Clause: Forcing endless battles is banned
|rule|HP Percentage Mod: HP is shown in percentages
|rule|One Boost Passer Clause: Limit one Baton Passer that has a way to boost its stats
|rule|Freeze Clause Mod: Limit one foe frozen
|
|t:|1729456597
|start
|switch|p1a: Desert Ruins|Regirock, shiny|100/100
|switch|p2a: Jolteon|Jolteon, F|100/100
|turn|1
|c|☆ojr|hf
|
|t:|1729456622
|switch|p2a: Swampert|Swampert, F|100/100
|move|p1a: Desert Ruins|Thunder Wave|p2a: Swampert
|-immune|p2a: Swampert
|
|upkeep
|turn|2
|
|t:|1729456631
|switch|p1a: The Under|Suicune, shiny|100/100
|move|p2a: Swampert|Surf|p1a: The Under
|-resisted|p1a: The Under
|-crit|p1a: The Under
|-damage|p1a: The Under|69/100
|
|-heal|p1a: The Under|76/100|[from] item: Leftovers
|upkeep
|turn|3
|
|t:|1729456639
|switch|p2a: Cloyster|Cloyster, F|100/100
|move|p1a: The Under|Surf|p2a: Cloyster
|-resisted|p2a: Cloyster
|-damage|p2a: Cloyster|65/100
|
|-heal|p2a: Cloyster|71/100|[from] item: Leftovers
|-heal|p1a: The Under|82/100|[from] item: Leftovers
|upkeep
|turn|4
|
|t:|1729456656
|move|p2a: Cloyster|Spikes|p1a: The Under
|-sidestart|p1: ojr|Spikes
|move|p1a: The Under|Surf|p2a: Cloyster
|-resisted|p2a: Cloyster
|-damage|p2a: Cloyster|38/100
|
|-heal|p2a: Cloyster|44/100|[from] item: Leftovers
|-heal|p1a: The Under|88/100|[from] item: Leftovers
|upkeep
|turn|5
|
|t:|1729456669
|switch|p2a: Jolteon|Jolteon, F|100/100
|switch|p1a: Ancient Tomb|Registeel, shiny|100/100
|-damage|p1a: Ancient Tomb|88/100|[from] Spikes
|
|-heal|p1a: Ancient Tomb|94/100|[from] item: Leftovers
|upkeep
|turn|6
|
|t:|1729456684
|move|p2a: Jolteon|Thunder Wave|p1a: Ancient Tomb
|-status|p1a: Ancient Tomb|par
|move|p1a: Ancient Tomb|Thunder Wave|p2a: Jolteon
|-status|p2a: Jolteon|par
|
|-heal|p1a: Ancient Tomb|99/100 par|[from] item: Leftovers
|upkeep
|turn|7
|
|t:|1729456700
|move|p1a: Ancient Tomb|Seismic Toss|p2a: Jolteon
|-damage|p2a: Jolteon|66/100 par
|move|p2a: Jolteon|Roar|p1a: Ancient Tomb
|drag|p1a: Sky Pillar|Claydol|100/100
|
|-heal|p2a: Jolteon|72/100 par|[from] item: Leftovers
|upkeep
|turn|8
|
|t:|1729456710
|switch|p2a: Gengar|Gengar, M|100/100
|move|p1a: Sky Pillar|Psychic|p2a: Gengar
|-supereffective|p2a: Gengar
|-damage|p2a: Gengar|26/100
|
|-heal|p2a: Gengar|32/100|[from] item: Leftovers
|upkeep
|turn|9
|
|t:|1729456716
|switch|p2a: Metagross|Metagross|100/100
|move|p1a: Sky Pillar|Psychic|p2a: Metagross
|-resisted|p2a: Metagross
|-damage|p2a: Metagross|95/100
|
|upkeep
|turn|10
|
|t:|1729456741
|switch|p1a: The Under|Suicune, shiny|88/100
|-damage|p1a: The Under|76/100|[from] Spikes
|switch|p2a: Gengar|Gengar, M|32/100
|
|-heal|p2a: Gengar|38/100|[from] item: Leftovers
|-heal|p1a: The Under|82/100|[from] item: Leftovers
|upkeep
|turn|11
|
|t:|1729456753
|move|p2a: Gengar|Giga Drain|p1a: The Under
|-supereffective|p1a: The Under
|-damage|p1a: The Under|50/100
|-heal|p2a: Gengar|62/100|[from] drain|[of] p1a: The Under
|move|p1a: The Under|Surf|p2a: Gengar
|-damage|p2a: Gengar|0 fnt
|faint|p2a: Gengar
|
|t:|1729456767
|switch|p2a: Cloyster|Cloyster, F|44/100
|
|-heal|p2a: Cloyster|50/100|[from] item: Leftovers
|-heal|p1a: The Under|56/100|[from] item: Leftovers
|upkeep
|turn|12
|
|t:|1729456784
|move|p2a: Cloyster|Spikes|p1a: The Under
|-sidestart|p1: ojr|Spikes
|move|p1a: The Under|Surf|p2a: Cloyster
|-resisted|p2a: Cloyster
|-damage|p2a: Cloyster|18/100
|
|-heal|p2a: Cloyster|24/100|[from] item: Leftovers
|-heal|p1a: The Under|63/100|[from] item: Leftovers
|upkeep
|turn|13
|inactive|ojr has 270 seconds left.
|
|t:|1729456816
|switch|p1a: Ancient Tomb|Registeel, shiny|99/100 par
|-damage|p1a: Ancient Tomb|84/100 par|[from] Spikes
|move|p2a: Cloyster|Spikes|p1a: Ancient Tomb
|-sidestart|p1: ojr|Spikes
|
|-heal|p2a: Cloyster|30/100|[from] item: Leftovers
|-heal|p1a: Ancient Tomb|90/100 par|[from] item: Leftovers
|upkeep
|turn|14
|
|t:|1729456824
|switch|p2a: Swampert|Swampert, F|100/100
|cant|p1a: Ancient Tomb|par
|
|-heal|p1a: Ancient Tomb|96/100 par|[from] item: Leftovers
|upkeep
|turn|15
|
|t:|1729456848
|move|p2a: Swampert|Surf|p1a: Ancient Tomb
|-damage|p1a: Ancient Tomb|69/100 par
|cant|p1a: Ancient Tomb|par
|
|-heal|p1a: Ancient Tomb|75/100 par|[from] item: Leftovers
|upkeep
|turn|16
|
|t:|1729456856
|switch|p1a: Power Plant|Zapdos, shiny|100/100
|move|p2a: Swampert|Earthquake|p1a: Power Plant
|-immune|p1a: Power Plant
|
|upkeep
|turn|17
|
|t:|1729456865
|switch|p2a: Jolteon|Jolteon, F|72/100 par
|move|p1a: Power Plant|Hidden Power|p2a: Jolteon
|-damage|p2a: Jolteon|42/100 par
|
|-heal|p2a: Jolteon|48/100 par|[from] item: Leftovers
|upkeep
|turn|18
|
|t:|1729456878
|switch|p1a: Sky Pillar|Claydol|100/100
|cant|p2a: Jolteon|par
|
|-heal|p2a: Jolteon|55/100 par|[from] item: Leftovers
|upkeep
|turn|19
|
|t:|1729456883
|move|p1a: Sky Pillar|Rapid Spin|p2a: Jolteon
|-damage|p2a: Jolteon|45/100 par
|-sideend|p1: ojr|Spikes|[from] move: Rapid Spin|[of] p1a: Sky Pillar
|move|p2a: Jolteon|Hidden Power|p1a: Sky Pillar
|-supereffective|p1a: Sky Pillar
|-damage|p1a: Sky Pillar|62/100
|
|-heal|p1a: Sky Pillar|68/100|[from] item: Leftovers
|-heal|p2a: Jolteon|51/100 par|[from] item: Leftovers
|upkeep
|turn|20
|
|t:|1729456895
|switch|p2a: Swampert|Swampert, F|100/100
|move|p1a: Sky Pillar|Earthquake|p2a: Swampert
|-damage|p2a: Swampert|65/100
|
|-heal|p1a: Sky Pillar|74/100|[from] item: Leftovers
|-heal|p2a: Swampert|71/100|[from] item: Leftovers
|upkeep
|turn|21
|
|t:|1729456902
|switch|p1a: The Under|Suicune, shiny|63/100
|move|p2a: Swampert|Ice Beam|p1a: The Under
|-resisted|p1a: The Under
|-damage|p1a: The Under|53/100
|-status|p1a: The Under|frz
|
|-heal|p1a: The Under|59/100 frz|[from] item: Leftovers
|-heal|p2a: Swampert|77/100|[from] item: Leftovers
|upkeep
|turn|22
|
|t:|1729456917
|switch|p1a: Pattern Bush|Heracross, M|100/100
|move|p2a: Swampert|Ice Beam|p1a: Pattern Bush
|-damage|p1a: Pattern Bush|68/100
|
|-heal|p1a: Pattern Bush|74/100|[from] item: Leftovers
|-heal|p2a: Swampert|83/100|[from] item: Leftovers
|upkeep
|turn|23
|
|t:|1729456925
|move|p1a: Pattern Bush|Megahorn|p2a: Swampert
|-damage|p2a: Swampert|27/100
|move|p2a: Swampert|Surf|p1a: Pattern Bush
|-damage|p1a: Pattern Bush|2/100
|
|-heal|p1a: Pattern Bush|8/100|[from] item: Leftovers
|-heal|p2a: Swampert|33/100|[from] item: Leftovers
|upkeep
|turn|24
|
|t:|1729456940
|switch|p2a: Jolteon|Jolteon, F|51/100 par
|move|p1a: Pattern Bush|Megahorn|p2a: Jolteon
|-damage|p2a: Jolteon|0 fnt
|faint|p2a: Jolteon
|
|t:|1729456941
|switch|p2a: Metagross|Metagross|95/100
|
|-heal|p1a: Pattern Bush|14/100|[from] item: Leftovers
|upkeep
|turn|25
|
|t:|1729456949
|switch|p1a: The Under|Suicune, shiny|59/100 frz
|move|p2a: Metagross|Meteor Mash|p1a: The Under|[miss]
|-miss|p2a: Metagross|p1a: The Under
|
|-heal|p1a: The Under|65/100 frz|[from] item: Leftovers
|upkeep
|turn|26
|
|t:|1729456959
|switch|p2a: Cloyster|Cloyster, F|30/100
|cant|p1a: The Under|frz
|
|-heal|p2a: Cloyster|36/100|[from] item: Leftovers
|-heal|p1a: The Under|72/100 frz|[from] item: Leftovers
|upkeep
|turn|27
|
|t:|1729456967
|switch|p1a: Power Plant|Zapdos, shiny|100/100
|move|p2a: Cloyster|Spikes|p1a: Power Plant
|-sidestart|p1: ojr|Spikes
|
|-heal|p2a: Cloyster|43/100|[from] item: Leftovers
|upkeep
|turn|28
|
|t:|1729456973
|switch|p2a: Metagross|Metagross|95/100
|move|p1a: Power Plant|Thunderbolt|p2a: Metagross
|-damage|p2a: Metagross|40/100
|
|upkeep
|turn|29
|
|t:|1729456980
|move|p1a: Power Plant|Thunderbolt|p2a: Metagross
|-damage|p2a: Metagross|0 fnt
|faint|p2a: Metagross
|
|t:|1729456982
|switch|p2a: Tyranitar|Tyranitar, M|100/100
|-weather|Sandstorm|[from] ability: Sand Stream|[of] p2a: Tyranitar
|
|-weather|Sandstorm|[upkeep]
|-damage|p1a: Power Plant|94/100|[from] Sandstorm
|-heal|p1a: Power Plant|100/100|[from] item: Leftovers
|upkeep
|turn|30
|
|t:|1729456994
|switch|p1a: Desert Ruins|Regirock, shiny|100/100
|-damage|p1a: Desert Ruins|88/100|[from] Spikes
|move|p2a: Tyranitar|Dragon Dance|p2a: Tyranitar
|-boost|p2a: Tyranitar|atk|1
|-boost|p2a: Tyranitar|spe|1
|
|-weather|Sandstorm|[upkeep]
|-heal|p1a: Desert Ruins|94/100|[from] item: Leftovers
|upkeep
|turn|31
|
|t:|1729456998
|switch|p2a: Swampert|Swampert, F|33/100
|move|p1a: Desert Ruins|Superpower|p2a: Swampert
|-crit|p2a: Swampert
|-damage|p2a: Swampert|0 fnt
|-unboost|p1a: Desert Ruins|atk|1
|-unboost|p1a: Desert Ruins|def|1
|faint|p2a: Swampert
|
|t:|1729457001
|switch|p2a: Cloyster|Cloyster, F|43/100
|
|-weather|Sandstorm|[upkeep]
|-damage|p2a: Cloyster|36/100|[from] Sandstorm
|-heal|p2a: Cloyster|43/100|[from] item: Leftovers
|-heal|p1a: Desert Ruins|99/100|[from] item: Leftovers
|upkeep
|turn|32
|
|t:|1729457013
|switch|p1a: Power Plant|Zapdos, shiny|100/100
|move|p2a: Cloyster|Spikes|p1a: Power Plant
|-sidestart|p1: ojr|Spikes
|
|-weather|Sandstorm|[upkeep]
|-damage|p1a: Power Plant|94/100|[from] Sandstorm
|-damage|p2a: Cloyster|36/100|[from] Sandstorm
|-heal|p1a: Power Plant|100/100|[from] item: Leftovers
|-heal|p2a: Cloyster|43/100|[from] item: Leftovers
|upkeep
|turn|33
|
|t:|1729457018
|move|p1a: Power Plant|Thunderbolt|p2a: Cloyster
|-supereffective|p2a: Cloyster
|-damage|p2a: Cloyster|0 fnt
|faint|p2a: Cloyster
|
|t:|1729457020
|switch|p2a: Tyranitar|Tyranitar, M|100/100
|
|-weather|Sandstorm|[upkeep]
|-damage|p1a: Power Plant|94/100|[from] Sandstorm
|-heal|p1a: Power Plant|100/100|[from] item: Leftovers
|upkeep
|turn|34
|
|t:|1729457025
|switch|p1a: Pattern Bush|Heracross, M|14/100
|-damage|p1a: Pattern Bush|0 fnt|[from] Spikes
|faint|p1a: Pattern Bush
|
|t:|1729457029
|switch|p1a: Desert Ruins|Regirock, shiny|99/100
|-damage|p1a: Desert Ruins|84/100|[from] Spikes
|
|-weather|Sandstorm|[upkeep]
|-heal|p1a: Desert Ruins|90/100|[from] item: Leftovers
|upkeep
|turn|35
|
|t:|1729457035
|move|p2a: Tyranitar|Earthquake|p1a: Desert Ruins
|-supereffective|p1a: Desert Ruins
|-damage|p1a: Desert Ruins|56/100
|move|p1a: Desert Ruins|Superpower|p2a: Tyranitar
|-supereffective|p2a: Tyranitar
|-damage|p2a: Tyranitar|0 fnt
|-unboost|p1a: Desert Ruins|atk|1
|-unboost|p1a: Desert Ruins|def|1
|faint|p2a: Tyranitar
|
|win|ojr
|c|☆ojr|ggs
|player|p2|

</script>
<script type="application/json" class="data" id="replaydata-smogtours-gen3ou-800790">
{"id":"smogtours-gen3ou-800790","format":"[Gen 3] OU","players":["ojr","Gulchittious Boi"],"uploadtime":1729457035,"views":150,"formatid":"gen3ou","rating":null,"private":0,"password":null}
</script>

<script defer src="js/replays.js?9d40a366"></script>
