<!DOCTYPE html>
<meta charset="utf-8" />
<meta name="viewport" content="width=device-width" />

<title>[Gen 3] OU: DanteADV vs. TryOut2001 - Replays - Pok&eacute;mon Showdown!</title>

<meta name="description" content="Watch a replay of a Pok&eacute;mon battle between DanteADV and TryOut2001! Format: [Gen 3] OU; Date: Oct 3, 2024" />
<!--

Hey, you! Looking in the source for the replay log?

You can find them in JSON format, just add `.json` at the end of a replay URL.

https://replay.pokemonshowdown.com/gen7randomdoublesbattle-865046831.json

Or, if you only need the log itself, add `.log` instead:

https://replay.pokemonshowdown.com/gen7randomdoublesbattle-865046831.log

-->

<link rel="stylesheet" href="//pokemonshowdown.com/style/global.css?0.023195364461161105" />
<link rel="stylesheet" href="//play.pokemonshowdown.com/style/font-awesome.css?0.13261647063804238" />
<link rel="stylesheet" href="//play.pokemonshowdown.com/style/battle.css?0.8753245789963631" />
<link rel="stylesheet" href="//play.pokemonshowdown.com/style/utilichart.css?0.8627959624976733" />

<!-- Global site tag (gtag.js) - Google Analytics -->
<script async src="https://www.googletagmanager.com/gtag/js?id=UA-26211653-1"></script>
<script>
  window.dataLayer = window.dataLayer || [];
  function gtag(){dataLayer.push(arguments);}
  gtag('js', new Date());

  gtag('config', 'UA-26211653-1');
</script>
<!-- End Google Analytics -->
<!-- Venatus Ad Manager - Install in <HEAD> of page -->
	<script src="https://hb.vntsm.com/v3/live/ad-manager.min.js" type="text/javascript" data-site-id="642aba63ec9a7b11c3c9c1be" data-mode="scan" async></script>
<!-- / Venatus Ad Manager -->

<style>
	@media (max-width:820px) {
		.battle {
			margin: 0 auto;
		}
		.battle-log {
			margin: 7px auto 0;
			max-width: 640px;
			height: 300px;
			position: static;
		}
	}
	.optgroup {
		display: inline-block;
		line-height: 22px;
		font-size: 10pt;
	}
	.optgroup .button {
		height: 25px;
		padding-top: 0;
		padding-bottom: 0;
	}
	.optgroup button.button {
		padding-left: 12px;
		padding-right: 12px;
	}
	.linklist {
		list-style: none;
		margin: 0.5em 0;
		padding: 0;
	}
	.linklist li {
		padding: 2px 0;
	}
	.sidebar {
		float: left;
		width: 320px;
	}
	.bar-wrapper {
		max-width: 1100px;
		margin: 0 auto;
	}
	.bar-wrapper.has-sidebar {
		max-width: 1430px;
	}
	.mainbar {
		margin: 0;
		padding-right: 1px;
	}
	.mainbar.has-sidebar {
		margin-left: 330px;
	}
	@media (min-width: 1511px) {
		.sidebar {
			width: 400px;
		}
		.bar-wrapper.has-sidebar {
			max-width: 1510px;
		}
		.mainbar.has-sidebar {
			margin-left: 410px;
		}
	}
	.section.first-section {
		margin-top: 9px;
	}
	.blocklink small {
		white-space: normal;
	}
	.button {
		vertical-align: middle;
	}
	.replay-controls {
		padding-top: 10px;
	}
	.replay-controls h1 {
		font-size: 16pt;
		font-weight: normal;
		color: #CCC;
	}
	.pagelink {
		text-align: center;
	}
	.pagelink a {
		width: 150px;
	}
	.textbox, .button {
		font-size: 11pt;
		vertical-align: middle;
	}
	@media (max-width: 450px) {
		.button {
			font-size: 9pt;
		}
	}
</style>

<div>

	<header>
		<div class="nav-wrapper"><ul class="nav">
			<li><a class="button nav-first" href="//pokemonshowdown.com/"><img src="//pokemonshowdown.com/images/pokemonshowdownbeta.png" srcset="//pokemonshowdown.com/images/pokemonshowdownbeta.png 1x, //pokemonshowdown.com/images/pokemonshowdownbeta@2x.png 2x" alt="Pok&eacute;mon Showdown" width="146" height="44" /> Home</a></li>
			<li><a class="button" href="//pokemonshowdown.com/dex/">Pok&eacute;dex</a></li>
			<li><a class="button cur" href="/">Replays</a></li>
			<li><a class="button" href="//pokemonshowdown.com/ladder/">Ladder</a></li>
			<li><a class="button nav-last" href="//pokemonshowdown.com/forums/">Forum</a></li>
			<li><a class="button greenbutton nav-first nav-last" href="//play.pokemonshowdown.com/">Play</a></li>
		</ul></div>
	</header>

	<div class="main" id="main">

		<noscript><section class="section">You need to enable JavaScript to use this page; sorry!</section></noscript>

	</div>

</div>

<script defer nomodule src="//play.pokemonshowdown.com/js/lib/ps-polyfill.js"></script>
<script defer src="//play.pokemonshowdown.com/js/lib/preact.min.js"></script>

<script defer src="//play.pokemonshowdown.com/config/config.js?2bddbc15"></script>
<script defer src="//play.pokemonshowdown.com/js/lib/jquery-1.11.0.min.js"></script>
<script defer src="//play.pokemonshowdown.com/js/lib/html-sanitizer-minified.js"></script>
<script defer src="//play.pokemonshowdown.com/js/battle-sound.js"></script>
<script defer src="//play.pokemonshowdown.com/js/battledata.js?0.7209276989879541"></script>
<script defer src="//play.pokemonshowdown.com/data/pokedex-mini.js?0.6111056340867951"></script>
<script defer src="//play.pokemonshowdown.com/data/pokedex-mini-bw.js?0.3532142036491459"></script>
<script defer src="//play.pokemonshowdown.com/data/graphics.js?0.24223875632456182"></script>
<script defer src="//play.pokemonshowdown.com/data/pokedex.js?0.38839984266356864"></script>
<script defer src="//play.pokemonshowdown.com/data/moves.js?0.21866028504024015"></script>
<script defer src="//play.pokemonshowdown.com/data/abilities.js?0.2005157953846628"></script>
<script defer src="//play.pokemonshowdown.com/data/items.js?0.9894211263848525"></script>
<script defer src="//play.pokemonshowdown.com/data/teambuilder-tables.js?0.6008791140282215"></script>
<script defer src="//play.pokemonshowdown.com/js/battle-tooltips.js?0.7580118955022959"></script>
<script defer src="//play.pokemonshowdown.com/js/battle.js?0.6057722274234274"></script>

<script defer src="js/utils.js?e31f9a17"></script>
<script defer src="js/replays-battle.js?7008c182"></script>

<!-- don't scrape this data! just add .json or .log after the URL!
Full API docs: https://github.com/smogon/pokemon-showdown-client/blob/master/WEB-API.md -->
<script type="text/plain" class="log" id="replaylog-smogtours-gen3ou-794290">
|inactive|Battle timer is ON: inactive players will automatically lose when time's up.
|t:|1727979331
|gametype|singles
|player|p1|DanteADV|102|
|player|p2|TryOut2001|hugh|
|teamsize|p1|6
|teamsize|p2|6
|gen|3
|tier|[Gen 3] OU
|rule|Sleep Clause Mod: Limit one foe put to sleep
|rule|Switch Priority Clause Mod: Faster Pokémon switch first
|rule|Species Clause: Limit one of each Pokémon
|rule|OHKO Clause: OHKO moves are banned
|rule|Evasion Items Clause: Evasion items are banned
|rule|Evasion Moves Clause: Evasion moves are banned
|rule|Endless Battle Clause: Forcing endless battles is banned
|rule|HP Percentage Mod: HP is shown in percentages
|rule|One Boost Passer Clause: Limit one Baton Passer that has a way to boost its stats
|rule|Freeze Clause Mod: Limit one foe frozen
|
|t:|1727979331
|start
|switch|p1a: Skarmory|Skarmory, F|100/100
|switch|p2a: Salamence|Salamence, M|100/100
|-ability|p2a: Salamence|Intimidate|boost
|-unboost|p1a: Skarmory|atk|1
|turn|1
|
|t:|1727979357
|switch|p2a: Skarmory|Skarmory, M|100/100
|move|p1a: Skarmory|Spikes|p2a: Skarmory
|-sidestart|p2: TryOut2001|Spikes
|
|upkeep
|turn|2
|
|t:|1727979376
|switch|p1a: Venusaur|Venusaur, M|100/100
|move|p2a: Skarmory|Spikes|p1a: Venusaur
|-sidestart|p1: DanteADV|Spikes
|
|upkeep
|turn|3
|
|t:|1727979383
|move|p2a: Skarmory|Protect|p2a: Skarmory
|-singleturn|p2a: Skarmory|Protect
|move|p1a: Venusaur|Sleep Powder|p2a: Skarmory|[miss]
|-miss|p1a: Venusaur|p2a: Skarmory
|
|upkeep
|turn|4
|
|t:|1727979392
|switch|p2a: Blissey|Blissey, F|100/100
|-damage|p2a: Blissey|88/100|[from] Spikes
|move|p1a: Venusaur|Sleep Powder|p2a: Blissey|[miss]
|-miss|p1a: Venusaur|p2a: Blissey
|
|-heal|p2a: Blissey|94/100|[from] item: Leftovers
|upkeep
|turn|5
|
|t:|1727979401
|move|p1a: Venusaur|Leech Seed|p2a: Blissey
|-start|p2a: Blissey|move: Leech Seed
|move|p2a: Blissey|Seismic Toss|p1a: Venusaur
|-damage|p1a: Venusaur|70/100
|
|-heal|p1a: Venusaur|76/100|[from] item: Leftovers
|-heal|p2a: Blissey|99/100|[from] item: Leftovers
|-damage|p2a: Blissey|88/100|[from] Leech Seed|[of] p1a: Venusaur
|-heal|p1a: Venusaur|100/100|[silent]
|upkeep
|turn|6
|
|t:|1727979412
|switch|p2a: Charizard|Charizard, M|100/100
|move|p1a: Venusaur|Sleep Powder|p2a: Charizard
|-status|p2a: Charizard|slp|[from] move: Sleep Powder
|
|upkeep
|turn|7
|
|t:|1727979435
|switch|p1a: Tyranitar|Tyranitar, M|100/100
|-damage|p1a: Tyranitar|88/100|[from] Spikes
|-weather|Sandstorm|[from] ability: Sand Stream|[of] p1a: Tyranitar
|cant|p2a: Charizard|slp
|
|-weather|Sandstorm|[upkeep]
|-damage|p2a: Charizard|94/100 slp|[from] Sandstorm
|-heal|p2a: Charizard|100/100 slp|[from] item: Leftovers
|-heal|p1a: Tyranitar|94/100|[from] item: Leftovers
|upkeep
|turn|8
|
|t:|1727979449
|switch|p2a: Skarmory|Skarmory, M|100/100
|switch|p1a: Skarmory|Skarmory, F|100/100
|
|-weather|Sandstorm|[upkeep]
|upkeep
|turn|9
|
|t:|1727979455
|move|p2a: Skarmory|Taunt|p1a: Skarmory
|-start|p1a: Skarmory|move: Taunt
|cant|p1a: Skarmory|move: Taunt|Spikes
|
|-weather|Sandstorm|[upkeep]
|upkeep
|turn|10
|
|t:|1727979465
|switch|p1a: Zapdos|Zapdos|100/100
|move|p2a: Skarmory|Spikes|p1a: Zapdos
|-sidestart|p1: DanteADV|Spikes
|
|-weather|Sandstorm|[upkeep]
|-damage|p1a: Zapdos|94/100|[from] Sandstorm
|-heal|p1a: Zapdos|100/100|[from] item: Leftovers
|upkeep
|turn|11
|
|t:|1727979477
|switch|p2a: Celebi|Celebi|100/100
|-damage|p2a: Celebi|88/100|[from] Spikes
|move|p1a: Zapdos|Roar|p2a: Celebi
|drag|p2a: Registeel|Registeel|100/100
|-damage|p2a: Registeel|88/100|[from] Spikes
|
|-weather|Sandstorm|[upkeep]
|-damage|p1a: Zapdos|94/100|[from] Sandstorm
|-heal|p1a: Zapdos|100/100|[from] item: Leftovers
|-heal|p2a: Registeel|94/100|[from] item: Leftovers
|upkeep
|turn|12
|
|t:|1727979491
|switch|p1a: Skarmory|Skarmory, F|100/100
|move|p2a: Registeel|Thunder Wave|p1a: Skarmory
|-status|p1a: Skarmory|par
|
|-weather|Sandstorm|[upkeep]
|-heal|p2a: Registeel|99/100|[from] item: Leftovers
|upkeep
|turn|13
|
|t:|1727979499
|switch|p2a: Charizard|Charizard, M|100/100 slp
|cant|p1a: Skarmory|par
|
|-weather|Sandstorm|[upkeep]
|-damage|p2a: Charizard|94/100 slp|[from] Sandstorm
|-heal|p2a: Charizard|100/100 slp|[from] item: Leftovers
|upkeep
|turn|14
|
|t:|1727979512
|switch|p1a: Zapdos|Zapdos|100/100
|cant|p2a: Charizard|slp
|
|-weather|Sandstorm|[upkeep]
|-damage|p2a: Charizard|94/100 slp|[from] Sandstorm
|-damage|p1a: Zapdos|94/100|[from] Sandstorm
|-heal|p2a: Charizard|100/100 slp|[from] item: Leftovers
|-heal|p1a: Zapdos|100/100|[from] item: Leftovers
|upkeep
|turn|15
|
|t:|1727979521
|switch|p2a: Blissey|Blissey, F|88/100
|-damage|p2a: Blissey|75/100|[from] Spikes
|move|p1a: Zapdos|Thunderbolt|p2a: Blissey
|-damage|p2a: Blissey|62/100
|
|-weather|Sandstorm|[upkeep]
|-damage|p1a: Zapdos|94/100|[from] Sandstorm
|-damage|p2a: Blissey|56/100|[from] Sandstorm
|-heal|p1a: Zapdos|100/100|[from] item: Leftovers
|-heal|p2a: Blissey|62/100|[from] item: Leftovers
|upkeep
|turn|16
|
|t:|1727979532
|switch|p1a: Skarmory|Skarmory, F|100/100 par
|move|p2a: Blissey|Soft-Boiled|p2a: Blissey
|-heal|p2a: Blissey|100/100
|
|-weather|Sandstorm|[upkeep]
|-damage|p2a: Blissey|94/100|[from] Sandstorm
|-heal|p2a: Blissey|100/100|[from] item: Leftovers
|upkeep
|turn|17
|
|t:|1727979540
|switch|p2a: Charizard|Charizard, M|100/100 slp
|move|p1a: Skarmory|Spikes|p2a: Charizard
|-sidestart|p2: TryOut2001|Spikes
|
|-weather|Sandstorm|[upkeep]
|-damage|p2a: Charizard|94/100 slp|[from] Sandstorm
|-heal|p2a: Charizard|100/100 slp|[from] item: Leftovers
|upkeep
|turn|18
|
|t:|1727979552
|switch|p1a: Zapdos|Zapdos|100/100
|cant|p2a: Charizard|slp
|
|-weather|Sandstorm|[upkeep]
|-damage|p2a: Charizard|94/100 slp|[from] Sandstorm
|-damage|p1a: Zapdos|94/100|[from] Sandstorm
|-heal|p2a: Charizard|100/100 slp|[from] item: Leftovers
|-heal|p1a: Zapdos|100/100|[from] item: Leftovers
|upkeep
|turn|19
|
|t:|1727979561
|switch|p2a: Blissey|Blissey, F|100/100
|-damage|p2a: Blissey|84/100|[from] Spikes
|move|p1a: Zapdos|Roar|p2a: Blissey
|drag|p2a: Registeel|Registeel|99/100
|-damage|p2a: Registeel|84/100|[from] Spikes
|
|-weather|Sandstorm|[upkeep]
|-damage|p1a: Zapdos|94/100|[from] Sandstorm
|-heal|p1a: Zapdos|100/100|[from] item: Leftovers
|-heal|p2a: Registeel|90/100|[from] item: Leftovers
|upkeep
|turn|20
|
|t:|1727979572
|switch|p1a: Skarmory|Skarmory, F|100/100 par
|move|p2a: Registeel|Seismic Toss|p1a: Skarmory
|-damage|p1a: Skarmory|71/100 par
|
|-weather|Sandstorm|[upkeep]
|-heal|p2a: Registeel|96/100|[from] item: Leftovers
|-heal|p1a: Skarmory|77/100 par|[from] item: Leftovers
|upkeep
|turn|21
|
|t:|1727979580
|switch|p2a: Skarmory|Skarmory, M|100/100
|move|p1a: Skarmory|Spikes|p2a: Skarmory
|-sidestart|p2: TryOut2001|Spikes
|
|-weather|Sandstorm|[upkeep]
|-heal|p1a: Skarmory|83/100 par|[from] item: Leftovers
|upkeep
|turn|22
|
|t:|1727979598
|switch|p1a: Zapdos|Zapdos|100/100
|move|p2a: Skarmory|Spikes|p1a: Zapdos
|-sidestart|p1: DanteADV|Spikes
|
|-weather|Sandstorm|[upkeep]
|-damage|p1a: Zapdos|94/100|[from] Sandstorm
|-heal|p1a: Zapdos|100/100|[from] item: Leftovers
|upkeep
|turn|23
|
|t:|1727979606
|move|p2a: Skarmory|Protect|p2a: Skarmory
|-singleturn|p2a: Skarmory|Protect
|move|p1a: Zapdos|Thunderbolt|p2a: Skarmory
|-activate|p2a: Skarmory|Protect
|
|-weather|Sandstorm|[upkeep]
|-damage|p1a: Zapdos|94/100|[from] Sandstorm
|-heal|p1a: Zapdos|100/100|[from] item: Leftovers
|upkeep
|turn|24
|
|t:|1727979621
|switch|p2a: Blissey|Blissey, F|84/100
|-damage|p2a: Blissey|59/100|[from] Spikes
|move|p1a: Zapdos|Thunderbolt|p2a: Blissey
|-damage|p2a: Blissey|44/100
|
|-weather|Sandstorm|[upkeep]
|-damage|p1a: Zapdos|94/100|[from] Sandstorm
|-damage|p2a: Blissey|38/100|[from] Sandstorm
|-heal|p1a: Zapdos|100/100|[from] item: Leftovers
|-heal|p2a: Blissey|44/100|[from] item: Leftovers
|upkeep
|turn|25
|
|t:|1727979641
|move|p2a: Blissey|Soft-Boiled|p2a: Blissey
|-heal|p2a: Blissey|94/100
|move|p1a: Zapdos|Roar|p2a: Blissey
|drag|p2a: Registeel|Registeel|96/100
|-damage|p2a: Registeel|71/100|[from] Spikes
|
|-weather|Sandstorm|[upkeep]
|-damage|p1a: Zapdos|94/100|[from] Sandstorm
|-heal|p1a: Zapdos|100/100|[from] item: Leftovers
|-heal|p2a: Registeel|77/100|[from] item: Leftovers
|upkeep
|turn|26
|
|t:|1727979656
|switch|p1a: Swampert|Swampert, M|100/100
|-damage|p1a: Swampert|76/100|[from] Spikes
|move|p2a: Registeel|Thunder Wave|p1a: Swampert
|-immune|p1a: Swampert
|
|-weather|Sandstorm|[upkeep]
|-heal|p1a: Swampert|82/100|[from] item: Leftovers
|-heal|p2a: Registeel|83/100|[from] item: Leftovers
|upkeep
|turn|27
|
|t:|1727979670
|move|p2a: Registeel|Protect|p2a: Registeel
|-singleturn|p2a: Registeel|Protect
|move|p1a: Swampert|Hydro Pump|p2a: Registeel
|-activate|p2a: Registeel|Protect
|
|-weather|Sandstorm|[upkeep]
|-heal|p1a: Swampert|88/100|[from] item: Leftovers
|-heal|p2a: Registeel|89/100|[from] item: Leftovers
|upkeep
|turn|28
|
|t:|1727979678
|switch|p2a: Celebi|Celebi|88/100
|-damage|p2a: Celebi|63/100|[from] Spikes
|move|p1a: Swampert|Ice Beam|p2a: Celebi
|-supereffective|p2a: Celebi
|-damage|p2a: Celebi|31/100
|
|-weather|Sandstorm|[upkeep]
|-damage|p2a: Celebi|25/100|[from] Sandstorm
|-heal|p2a: Celebi|31/100|[from] item: Leftovers
|-heal|p1a: Swampert|94/100|[from] item: Leftovers
|upkeep
|turn|29
|
|t:|1727979692
|move|p2a: Celebi|Recover|p2a: Celebi
|-heal|p2a: Celebi|81/100
|move|p1a: Swampert|Ice Beam|p2a: Celebi
|-supereffective|p2a: Celebi
|-damage|p2a: Celebi|49/100
|
|-weather|Sandstorm|[upkeep]
|-damage|p2a: Celebi|43/100|[from] Sandstorm
|-heal|p2a: Celebi|49/100|[from] item: Leftovers
|-heal|p1a: Swampert|100/100|[from] item: Leftovers
|upkeep
|turn|30
|
|t:|1727979707
|switch|p1a: Aerodactyl|Aerodactyl, M|100/100
|move|p2a: Celebi|Recover|p2a: Celebi
|-heal|p2a: Celebi|99/100
|
|-weather|Sandstorm|[upkeep]
|-damage|p2a: Celebi|93/100|[from] Sandstorm
|-heal|p2a: Celebi|99/100|[from] item: Leftovers
|upkeep
|turn|31
|
|t:|1727979718
|switch|p2a: Skarmory|Skarmory, M|100/100
|move|p1a: Aerodactyl|Rock Slide|p2a: Skarmory
|-damage|p2a: Skarmory|70/100
|
|-weather|Sandstorm|[upkeep]
|-heal|p2a: Skarmory|76/100|[from] item: Leftovers
|upkeep
|turn|32
|
|t:|1727979731
|switch|p1a: Skarmory|Skarmory, F|83/100 par
|move|p2a: Skarmory|Roar|p1a: Skarmory
|drag|p1a: Tyranitar|Tyranitar, M|94/100
|-damage|p1a: Tyranitar|69/100|[from] Spikes
|
|-weather|Sandstorm|[upkeep]
|-heal|p2a: Skarmory|82/100|[from] item: Leftovers
|-heal|p1a: Tyranitar|76/100|[from] item: Leftovers
|upkeep
|turn|33
|
|t:|1727979741
|-singleturn|p1a: Tyranitar|move: Focus Punch
|move|p2a: Skarmory|Protect|p2a: Skarmory
|-singleturn|p2a: Skarmory|Protect
|move|p1a: Tyranitar|Focus Punch|p2a: Skarmory
|-activate|p2a: Skarmory|Protect
|
|-weather|Sandstorm|[upkeep]
|-heal|p2a: Skarmory|88/100|[from] item: Leftovers
|-heal|p1a: Tyranitar|82/100|[from] item: Leftovers
|upkeep
|turn|34
|
|t:|1727979752
|switch|p2a: Salamence|Salamence, M|100/100
|-ability|p2a: Salamence|Intimidate|boost
|-unboost|p1a: Tyranitar|atk|1
|move|p1a: Tyranitar|Rock Slide|p2a: Salamence
|-supereffective|p2a: Salamence
|-damage|p2a: Salamence|33/100
|
|-weather|Sandstorm|[upkeep]
|-damage|p2a: Salamence|27/100|[from] Sandstorm
|-heal|p1a: Tyranitar|88/100|[from] item: Leftovers
|upkeep
|turn|35
|
|t:|1727979765
|switch|p1a: Skarmory|Skarmory, F|83/100 par
|move|p2a: Salamence|Brick Break|p1a: Skarmory
|-damage|p1a: Skarmory|49/100 par
|
|-weather|Sandstorm|[upkeep]
|-damage|p2a: Salamence|20/100|[from] Sandstorm
|-heal|p1a: Skarmory|55/100 par|[from] item: Leftovers
|upkeep
|turn|36
|
|t:|1727979778
|switch|p2a: Blissey|Blissey, F|94/100
|-damage|p2a: Blissey|69/100|[from] Spikes
|move|p1a: Skarmory|Drill Peck|p2a: Blissey
|-damage|p2a: Blissey|50/100
|
|-weather|Sandstorm|[upkeep]
|-damage|p2a: Blissey|44/100|[from] Sandstorm
|-heal|p2a: Blissey|50/100|[from] item: Leftovers
|-heal|p1a: Skarmory|61/100 par|[from] item: Leftovers
|upkeep
|turn|37
|
|t:|1727979799
|move|p2a: Blissey|Wish|p2a: Blissey
|cant|p1a: Skarmory|par
|
|-weather|Sandstorm|[upkeep]
|-damage|p2a: Blissey|44/100|[from] Sandstorm
|-heal|p2a: Blissey|50/100|[from] item: Leftovers
|-heal|p1a: Skarmory|67/100 par|[from] item: Leftovers
|upkeep
|turn|38
|
|t:|1727979807
|move|p2a: Blissey|Soft-Boiled|p2a: Blissey
|-heal|p2a: Blissey|99/100
|move|p1a: Skarmory|Toxic|p2a: Blissey
|-status|p2a: Blissey|tox
|
|-heal|p2a: Blissey|100/100 tox|[from] move: Wish|[wisher] Blissey
|-weather|Sandstorm|[upkeep]
|-damage|p2a: Blissey|94/100 tox|[from] Sandstorm
|-heal|p2a: Blissey|100/100 tox|[from] item: Leftovers
|-damage|p2a: Blissey|94/100 tox|[from] psn
|-heal|p1a: Skarmory|73/100 par|[from] item: Leftovers
|upkeep
|turn|39
|
|t:|1727979822
|switch|p1a: Zapdos|Zapdos|100/100
|move|p2a: Blissey|Wish|p2a: Blissey
|
|-weather|Sandstorm|[upkeep]
|-damage|p1a: Zapdos|94/100|[from] Sandstorm
|-damage|p2a: Blissey|88/100 tox|[from] Sandstorm
|-heal|p1a: Zapdos|100/100|[from] item: Leftovers
|-heal|p2a: Blissey|94/100 tox|[from] item: Leftovers
|-damage|p2a: Blissey|82/100 tox|[from] psn
|upkeep
|turn|40
|inactive|DanteADV has 270 seconds left.
|
|t:|1727979838
|move|p1a: Zapdos|Thunderbolt|p2a: Blissey
|-damage|p2a: Blissey|67/100 tox
|move|p2a: Blissey|Toxic|p1a: Zapdos
|-status|p1a: Zapdos|tox
|
|-heal|p2a: Blissey|100/100 tox|[from] move: Wish|[wisher] Blissey
|-weather|Sandstorm|[upkeep]
|-damage|p1a: Zapdos|94/100 tox|[from] Sandstorm
|-damage|p2a: Blissey|94/100 tox|[from] Sandstorm
|-heal|p1a: Zapdos|100/100 tox|[from] item: Leftovers
|-damage|p1a: Zapdos|94/100 tox|[from] psn
|-heal|p2a: Blissey|100/100 tox|[from] item: Leftovers
|-damage|p2a: Blissey|82/100 tox|[from] psn
|upkeep
|turn|41
|inactive|DanteADV has 270 seconds left.
|
|t:|1727979855
|-curestatus|p2a: Blissey|tox|[from] ability: Natural Cure
|switch|p2a: Celebi|Celebi|99/100
|-damage|p2a: Celebi|74/100|[from] Spikes
|move|p1a: Zapdos|Roar|p2a: Celebi
|drag|p2a: Salamence|Salamence, M|20/100
|-ability|p2a: Salamence|Intimidate|boost
|-unboost|p1a: Zapdos|atk|1
|
|-weather|Sandstorm|[upkeep]
|-damage|p2a: Salamence|14/100|[from] Sandstorm
|-damage|p1a: Zapdos|88/100 tox|[from] Sandstorm
|-heal|p1a: Zapdos|94/100 tox|[from] item: Leftovers
|-damage|p1a: Zapdos|82/100 tox|[from] psn
|upkeep
|turn|42
|inactive|DanteADV has 270 seconds left.
|
|t:|1727979881
|switch|p2a: Blissey|Blissey, F|82/100
|-damage|p2a: Blissey|57/100|[from] Spikes
|switch|p1a: Skarmory|Skarmory, F|73/100 par
|
|-weather|Sandstorm|[upkeep]
|-damage|p2a: Blissey|51/100|[from] Sandstorm
|-heal|p2a: Blissey|57/100|[from] item: Leftovers
|-heal|p1a: Skarmory|79/100 par|[from] item: Leftovers
|upkeep
|turn|43
|inactive|DanteADV has 270 seconds left.
|
|t:|1727979898
|switch|p1a: Zapdos|Zapdos|82/100 tox
|move|p2a: Blissey|Soft-Boiled|p2a: Blissey
|-heal|p2a: Blissey|100/100
|
|-weather|Sandstorm|[upkeep]
|-damage|p1a: Zapdos|76/100 tox|[from] Sandstorm
|-damage|p2a: Blissey|94/100|[from] Sandstorm
|-heal|p1a: Zapdos|82/100 tox|[from] item: Leftovers
|-damage|p1a: Zapdos|76/100 tox|[from] psn
|-heal|p2a: Blissey|100/100|[from] item: Leftovers
|upkeep
|turn|44
|
|t:|1727979924
|move|p1a: Zapdos|Rest|p1a: Zapdos
|-status|p1a: Zapdos|slp|[from] move: Rest
|-heal|p1a: Zapdos|100/100 slp|[silent]
|move|p2a: Blissey|Wish|p2a: Blissey
|
|-weather|Sandstorm|[upkeep]
|-damage|p1a: Zapdos|94/100 slp|[from] Sandstorm
|-damage|p2a: Blissey|94/100|[from] Sandstorm
|-heal|p1a: Zapdos|100/100 slp|[from] item: Leftovers
|-heal|p2a: Blissey|100/100|[from] item: Leftovers
|upkeep
|turn|45
|
|t:|1727979934
|switch|p2a: Salamence|Salamence, M|14/100
|-ability|p2a: Salamence|Intimidate|boost
|-unboost|p1a: Zapdos|atk|1
|cant|p1a: Zapdos|slp
|move|p1a: Zapdos|Sleep Talk|p1a: Zapdos
|move|p1a: Zapdos|Rest|p1a: Zapdos|[from]Sleep Talk
|
|-heal|p2a: Salamence|64/100|[from] move: Wish|[wisher] Blissey
|-weather|Sandstorm|[upkeep]
|-damage|p2a: Salamence|58/100|[from] Sandstorm
|-damage|p1a: Zapdos|94/100 slp|[from] Sandstorm
|-heal|p1a: Zapdos|100/100 slp|[from] item: Leftovers
|upkeep
|turn|46
|
|t:|1727979954
|switch|p1a: Skarmory|Skarmory, F|79/100 par
|move|p2a: Salamence|Rock Slide|p1a: Skarmory
|-damage|p1a: Skarmory|46/100 par
|
|-weather|Sandstorm|[upkeep]
|-damage|p2a: Salamence|52/100|[from] Sandstorm
|-heal|p1a: Skarmory|52/100 par|[from] item: Leftovers
|upkeep
|turn|47
|
|t:|1727979965
|switch|p2a: Charizard|Charizard, M|100/100 slp
|cant|p1a: Skarmory|par
|
|-weather|Sandstorm|[upkeep]
|-damage|p2a: Charizard|94/100 slp|[from] Sandstorm
|-heal|p2a: Charizard|100/100 slp|[from] item: Leftovers
|-heal|p1a: Skarmory|58/100 par|[from] item: Leftovers
|upkeep
|turn|48
|inactive|DanteADV has 240 seconds left.
|
|t:|1727979993
|switch|p1a: Zapdos|Zapdos|100/100 slp
|-curestatus|p2a: Charizard|slp|[msg]
|move|p2a: Charizard|Substitute|p2a: Charizard
|-start|p2a: Charizard|Substitute
|-damage|p2a: Charizard|76/100
|
|-weather|Sandstorm|[upkeep]
|-damage|p2a: Charizard|70/100|[from] Sandstorm
|-damage|p1a: Zapdos|94/100 slp|[from] Sandstorm
|-heal|p2a: Charizard|76/100|[from] item: Leftovers
|-heal|p1a: Zapdos|100/100 slp|[from] item: Leftovers
|upkeep
|turn|49
|
|t:|1727980004
|move|p2a: Charizard|Dragon Claw|p1a: Zapdos
|-damage|p1a: Zapdos|84/100 slp
|cant|p1a: Zapdos|slp
|move|p1a: Zapdos|Sleep Talk|p1a: Zapdos
|move|p1a: Zapdos|Rest|p1a: Zapdos|[from]Sleep Talk
|
|-weather|Sandstorm|[upkeep]
|-damage|p2a: Charizard|70/100|[from] Sandstorm
|-damage|p1a: Zapdos|78/100 slp|[from] Sandstorm
|-heal|p2a: Charizard|76/100|[from] item: Leftovers
|-heal|p1a: Zapdos|84/100 slp|[from] item: Leftovers
|upkeep
|turn|50
|
|t:|1727980015
|move|p2a: Charizard|Fire Blast|p1a: Zapdos|[miss]
|-miss|p2a: Charizard|p1a: Zapdos
|cant|p1a: Zapdos|slp
|move|p1a: Zapdos|Sleep Talk|p1a: Zapdos
|move|p1a: Zapdos|Roar|p2a: Charizard|[from]Sleep Talk
|drag|p2a: Celebi|Celebi|74/100
|-damage|p2a: Celebi|49/100|[from] Spikes
|
|-weather|Sandstorm|[upkeep]
|-damage|p2a: Celebi|43/100|[from] Sandstorm
|-damage|p1a: Zapdos|78/100 slp|[from] Sandstorm
|-heal|p2a: Celebi|49/100|[from] item: Leftovers
|-heal|p1a: Zapdos|84/100 slp|[from] item: Leftovers
|upkeep
|turn|51
|inactive|DanteADV has 240 seconds left.
|
|t:|1727980031
|move|p2a: Celebi|Recover|p2a: Celebi
|-heal|p2a: Celebi|99/100
|-curestatus|p1a: Zapdos|slp|[msg]
|move|p1a: Zapdos|Roar|p2a: Celebi
|drag|p2a: Salamence|Salamence, M|52/100
|-ability|p2a: Salamence|Intimidate|boost
|-unboost|p1a: Zapdos|atk|1
|
|-weather|Sandstorm|[upkeep]
|-damage|p2a: Salamence|46/100|[from] Sandstorm
|-damage|p1a: Zapdos|78/100|[from] Sandstorm
|-heal|p1a: Zapdos|84/100|[from] item: Leftovers
|upkeep
|turn|52
|inactive|DanteADV has 240 seconds left.
|
|t:|1727980043
|switch|p1a: Swampert|Swampert, M|100/100
|-damage|p1a: Swampert|76/100|[from] Spikes
|move|p2a: Salamence|Rock Slide|p1a: Swampert
|-resisted|p1a: Swampert
|-damage|p1a: Swampert|61/100
|
|-weather|Sandstorm|[upkeep]
|-damage|p2a: Salamence|40/100|[from] Sandstorm
|-heal|p1a: Swampert|67/100|[from] item: Leftovers
|upkeep
|turn|53
|inactive|DanteADV has 240 seconds left.
|
|t:|1727980054
|switch|p2a: Celebi|Celebi|99/100
|-damage|p2a: Celebi|74/100|[from] Spikes
|move|p1a: Swampert|Earthquake|p2a: Celebi
|-resisted|p2a: Celebi
|-damage|p2a: Celebi|62/100
|
|-weather|Sandstorm|[upkeep]
|-damage|p2a: Celebi|56/100|[from] Sandstorm
|-heal|p2a: Celebi|62/100|[from] item: Leftovers
|-heal|p1a: Swampert|73/100|[from] item: Leftovers
|upkeep
|turn|54
|inactive|DanteADV has 240 seconds left.
|
|t:|1727980064
|switch|p1a: Aerodactyl|Aerodactyl, M|100/100
|move|p2a: Celebi|Giga Drain|p1a: Aerodactyl
|-damage|p1a: Aerodactyl|73/100
|-heal|p2a: Celebi|72/100|[from] drain|[of] p1a: Aerodactyl
|
|-weather|Sandstorm|[upkeep]
|-damage|p2a: Celebi|66/100|[from] Sandstorm
|-heal|p2a: Celebi|72/100|[from] item: Leftovers
|upkeep
|turn|55
|inactive|DanteADV has 240 seconds left.
|
|t:|1727980077
|switch|p2a: Registeel|Registeel|89/100
|-damage|p2a: Registeel|64/100|[from] Spikes
|move|p1a: Aerodactyl|Earthquake|p2a: Registeel
|-supereffective|p2a: Registeel
|-damage|p2a: Registeel|19/100
|
|-weather|Sandstorm|[upkeep]
|-heal|p2a: Registeel|25/100|[from] item: Leftovers
|upkeep
|turn|56
|inactive|DanteADV has 240 seconds left.
|
|t:|1727980088
|move|p2a: Registeel|Protect|p2a: Registeel
|-singleturn|p2a: Registeel|Protect
|move|p1a: Aerodactyl|Earthquake|p2a: Registeel
|-activate|p2a: Registeel|Protect
|
|-weather|Sandstorm|[upkeep]
|-heal|p2a: Registeel|31/100|[from] item: Leftovers
|upkeep
|turn|57
|
|t:|1727980098
|switch|p1a: Zapdos|Zapdos|84/100
|switch|p2a: Salamence|Salamence, M|40/100
|-ability|p2a: Salamence|Intimidate|boost
|-unboost|p1a: Zapdos|atk|1
|
|-weather|Sandstorm|[upkeep]
|-damage|p2a: Salamence|34/100|[from] Sandstorm
|-damage|p1a: Zapdos|78/100|[from] Sandstorm
|-heal|p1a: Zapdos|84/100|[from] item: Leftovers
|upkeep
|turn|58
|inactive|DanteADV has 240 seconds left.
|
|t:|1727980120
|switch|p1a: Skarmory|Skarmory, F|58/100 par
|move|p2a: Salamence|Hidden Power|p1a: Skarmory
|-resisted|p1a: Skarmory
|-damage|p1a: Skarmory|34/100 par
|
|-weather|Sandstorm|[upkeep]
|-damage|p2a: Salamence|28/100|[from] Sandstorm
|-heal|p1a: Skarmory|40/100 par|[from] item: Leftovers
|upkeep
|turn|59
|inactive|DanteADV has 240 seconds left.
|
|t:|1727980137
|switch|p2a: Registeel|Registeel|31/100
|-damage|p2a: Registeel|6/100|[from] Spikes
|switch|p1a: Zapdos|Zapdos|84/100
|
|-weather|Sandstorm|[upkeep]
|-damage|p1a: Zapdos|78/100|[from] Sandstorm
|-heal|p1a: Zapdos|84/100|[from] item: Leftovers
|-heal|p2a: Registeel|12/100|[from] item: Leftovers
|upkeep
|turn|60
|
|t:|1727980146
|move|p2a: Registeel|Protect|p2a: Registeel
|-singleturn|p2a: Registeel|Protect
|move|p1a: Zapdos|Thunderbolt|p2a: Registeel
|-activate|p2a: Registeel|Protect
|
|-weather|Sandstorm|[upkeep]
|-damage|p1a: Zapdos|78/100|[from] Sandstorm
|-heal|p1a: Zapdos|84/100|[from] item: Leftovers
|-heal|p2a: Registeel|18/100|[from] item: Leftovers
|upkeep
|turn|61
|
|t:|1727980155
|move|p1a: Zapdos|Thunderbolt|p2a: Registeel
|-damage|p2a: Registeel|0 fnt
|faint|p2a: Registeel
|
|t:|1727980159
|switch|p2a: Salamence|Salamence, M|28/100
|-ability|p2a: Salamence|Intimidate|boost
|-unboost|p1a: Zapdos|atk|1
|
|-weather|Sandstorm|[upkeep]
|-damage|p2a: Salamence|22/100|[from] Sandstorm
|-damage|p1a: Zapdos|78/100|[from] Sandstorm
|-heal|p1a: Zapdos|84/100|[from] item: Leftovers
|upkeep
|turn|62
|
|t:|1727980177
|switch|p1a: Skarmory|Skarmory, F|40/100 par
|move|p2a: Salamence|Rock Slide|p1a: Skarmory
|-damage|p1a: Skarmory|8/100 par
|
|-weather|Sandstorm|[upkeep]
|-damage|p2a: Salamence|16/100|[from] Sandstorm
|-heal|p1a: Skarmory|14/100 par|[from] item: Leftovers
|upkeep
|turn|63
|
|t:|1727980189
|move|p2a: Salamence|Rock Slide|p1a: Skarmory
|-damage|p1a: Skarmory|0 fnt
|faint|p1a: Skarmory
|inactive|DanteADV has 240 seconds left.
|
|t:|1727980205
|switch|p1a: Aerodactyl|Aerodactyl, M|73/100
|
|-weather|Sandstorm|[upkeep]
|-damage|p2a: Salamence|10/100|[from] Sandstorm
|upkeep
|turn|64
|inactive|DanteADV has 240 seconds left.
|
|t:|1727980222
|switch|p1a: Venusaur|Venusaur, M|100/100
|-damage|p1a: Venusaur|75/100|[from] Spikes
|switch|p2a: Skarmory|Skarmory, M|88/100
|
|-weather|Sandstorm|[upkeep]
|-damage|p1a: Venusaur|69/100|[from] Sandstorm
|-heal|p1a: Venusaur|75/100|[from] item: Leftovers
|-heal|p2a: Skarmory|94/100|[from] item: Leftovers
|upkeep
|turn|65
|
|t:|1727980237
|move|p1a: Venusaur|Hidden Power|p2a: Skarmory
|-supereffective|p2a: Skarmory
|-damage|p2a: Skarmory|49/100
|move|p2a: Skarmory|Taunt|p1a: Venusaur
|-start|p1a: Venusaur|move: Taunt
|
|-weather|Sandstorm|[upkeep]
|-damage|p1a: Venusaur|69/100|[from] Sandstorm
|-heal|p1a: Venusaur|75/100|[from] item: Leftovers
|-heal|p2a: Skarmory|55/100|[from] item: Leftovers
|upkeep
|turn|66
|
|t:|1727980253
|switch|p2a: Charizard|Charizard, M|76/100
|move|p1a: Venusaur|Hidden Power|p2a: Charizard
|-resisted|p2a: Charizard
|-damage|p2a: Charizard|63/100
|
|-weather|Sandstorm|[upkeep]
|-damage|p2a: Charizard|57/100|[from] Sandstorm
|-damage|p1a: Venusaur|69/100|[from] Sandstorm
|-heal|p2a: Charizard|63/100|[from] item: Leftovers
|-heal|p1a: Venusaur|75/100|[from] item: Leftovers
|-end|p1a: Venusaur|move: Taunt|[silent]
|upkeep
|turn|67
|
|t:|1727980265
|switch|p1a: Zapdos|Zapdos|84/100
|move|p2a: Charizard|Fire Blast|p1a: Zapdos
|-damage|p1a: Zapdos|45/100
|
|-weather|Sandstorm|[upkeep]
|-damage|p2a: Charizard|57/100|[from] Sandstorm
|-damage|p1a: Zapdos|39/100|[from] Sandstorm
|-heal|p2a: Charizard|63/100|[from] item: Leftovers
|-heal|p1a: Zapdos|45/100|[from] item: Leftovers
|upkeep
|turn|68
|inactive|DanteADV has 210 seconds left.
|
|t:|1727980292
|switch|p1a: Aerodactyl|Aerodactyl, M|73/100
|move|p2a: Charizard|Substitute|p2a: Charizard
|-start|p2a: Charizard|Substitute
|-damage|p2a: Charizard|38/100
|
|-weather|Sandstorm|[upkeep]
|-damage|p2a: Charizard|32/100|[from] Sandstorm
|-heal|p2a: Charizard|38/100|[from] item: Leftovers
|upkeep
|turn|69
|
|t:|1727980301
|move|p1a: Aerodactyl|Double-Edge|p2a: Charizard
|-end|p2a: Charizard|Substitute
|move|p2a: Charizard|Dragon Claw|p1a: Aerodactyl
|-damage|p1a: Aerodactyl|40/100
|
|-weather|Sandstorm|[upkeep]
|-damage|p2a: Charizard|32/100|[from] Sandstorm
|-heal|p2a: Charizard|38/100|[from] item: Leftovers
|upkeep
|turn|70
|inactive|DanteADV has 210 seconds left.
|
|t:|1727980317
|switch|p2a: Skarmory|Skarmory, M|55/100
|move|p1a: Aerodactyl|Double-Edge|p2a: Skarmory
|-resisted|p2a: Skarmory
|-damage|p2a: Skarmory|38/100
|
|-weather|Sandstorm|[upkeep]
|-heal|p2a: Skarmory|44/100|[from] item: Leftovers
|upkeep
|turn|71
|inactive|DanteADV has 210 seconds left.
|
|t:|1727980327
|switch|p2a: Charizard|Charizard, M|38/100
|move|p1a: Aerodactyl|Double-Edge|p2a: Charizard
|-damage|p2a: Charizard|0 fnt
|faint|p2a: Charizard
|
|t:|1727980335
|switch|p2a: Celebi|Celebi|72/100
|-damage|p2a: Celebi|47/100|[from] Spikes
|
|-weather|Sandstorm|[upkeep]
|-damage|p2a: Celebi|41/100|[from] Sandstorm
|-heal|p2a: Celebi|47/100|[from] item: Leftovers
|upkeep
|turn|72
|inactive|DanteADV has 210 seconds left.
|c|☆TryOut2001|well gg wp - I lost this game set.^^
|-message|TryOut2001 forfeited.
|
|win|DanteADV
|c|☆DanteADV|gg

</script>
<script type="application/json" class="data" id="replaydata-smogtours-gen3ou-794290">
{"id":"smogtours-gen3ou-794290","format":"[Gen 3] OU","players":["DanteADV","TryOut2001"],"uploadtime":1727980355,"views":76,"formatid":"gen3ou","rating":null,"private":0,"password":null}
</script>

<script defer src="js/replays.js?9d40a366"></script>
