<!DOCTYPE html>
<meta charset="utf-8" />
<meta name="viewport" content="width=device-width" />

<title>[Gen 3] OU: DimmyJean vs. 1998 Mercedes-Benz - Replays - Pok&eacute;mon Showdown!</title>

<meta name="description" content="Watch a replay of a Pok&eacute;mon battle between DimmyJean and 1998 Mercedes-Benz! Format: [Gen 3] OU; Date: Oct 9, 2024" />
<!--

Hey, you! Looking in the source for the replay log?

You can find them in JSON format, just add `.json` at the end of a replay URL.

https://replay.pokemonshowdown.com/gen7randomdoublesbattle-865046831.json

Or, if you only need the log itself, add `.log` instead:

https://replay.pokemonshowdown.com/gen7randomdoublesbattle-865046831.log

-->

<link rel="stylesheet" href="//pokemonshowdown.com/style/global.css?0.767286132409787" />
<link rel="stylesheet" href="//play.pokemonshowdown.com/style/font-awesome.css?0.9266228007934947" />
<link rel="stylesheet" href="//play.pokemonshowdown.com/style/battle.css?0.7924700842790926" />
<link rel="stylesheet" href="//play.pokemonshowdown.com/style/utilichart.css?0.8777417872839479" />

<!-- Global site tag (gtag.js) - Google Analytics -->
<script async src="https://www.googletagmanager.com/gtag/js?id=UA-26211653-1"></script>
<script>
  window.dataLayer = window.dataLayer || [];
  function gtag(){dataLayer.push(arguments);}
  gtag('js', new Date());

  gtag('config', 'UA-26211653-1');
</script>
<!-- End Google Analytics -->
<!-- Venatus Ad Manager - Install in <HEAD> of page -->
	<script src="https://hb.vntsm.com/v3/live/ad-manager.min.js" type="text/javascript" data-site-id="642aba63ec9a7b11c3c9c1be" data-mode="scan" async></script>
<!-- / Venatus Ad Manager -->

<style>
	@media (max-width:820px) {
		.battle {
			margin: 0 auto;
		}
		.battle-log {
			margin: 7px auto 0;
			max-width: 640px;
			height: 300px;
			position: static;
		}
	}
	.optgroup {
		display: inline-block;
		line-height: 22px;
		font-size: 10pt;
	}
	.optgroup .button {
		height: 25px;
		padding-top: 0;
		padding-bottom: 0;
	}
	.optgroup button.button {
		padding-left: 12px;
		padding-right: 12px;
	}
	.linklist {
		list-style: none;
		margin: 0.5em 0;
		padding: 0;
	}
	.linklist li {
		padding: 2px 0;
	}
	.sidebar {
		float: left;
		width: 320px;
	}
	.bar-wrapper {
		max-width: 1100px;
		margin: 0 auto;
	}
	.bar-wrapper.has-sidebar {
		max-width: 1430px;
	}
	.mainbar {
		margin: 0;
		padding-right: 1px;
	}
	.mainbar.has-sidebar {
		margin-left: 330px;
	}
	@media (min-width: 1511px) {
		.sidebar {
			width: 400px;
		}
		.bar-wrapper.has-sidebar {
			max-width: 1510px;
		}
		.mainbar.has-sidebar {
			margin-left: 410px;
		}
	}
	.section.first-section {
		margin-top: 9px;
	}
	.blocklink small {
		white-space: normal;
	}
	.button {
		vertical-align: middle;
	}
	.replay-controls {
		padding-top: 10px;
	}
	.replay-controls h1 {
		font-size: 16pt;
		font-weight: normal;
		color: #CCC;
	}
	.pagelink {
		text-align: center;
	}
	.pagelink a {
		width: 150px;
	}
	.textbox, .button {
		font-size: 11pt;
		vertical-align: middle;
	}
	@media (max-width: 450px) {
		.button {
			font-size: 9pt;
		}
	}
</style>

<div>

	<header>
		<div class="nav-wrapper"><ul class="nav">
			<li><a class="button nav-first" href="//pokemonshowdown.com/"><img src="//pokemonshowdown.com/images/pokemonshowdownbeta.png" srcset="//pokemonshowdown.com/images/pokemonshowdownbeta.png 1x, //pokemonshowdown.com/images/pokemonshowdownbeta@2x.png 2x" alt="Pok&eacute;mon Showdown" width="146" height="44" /> Home</a></li>
			<li><a class="button" href="//pokemonshowdown.com/dex/">Pok&eacute;dex</a></li>
			<li><a class="button cur" href="/">Replays</a></li>
			<li><a class="button" href="//pokemonshowdown.com/ladder/">Ladder</a></li>
			<li><a class="button nav-last" href="//pokemonshowdown.com/forums/">Forum</a></li>
			<li><a class="button greenbutton nav-first nav-last" href="//play.pokemonshowdown.com/">Play</a></li>
		</ul></div>
	</header>

	<div class="main" id="main">

		<noscript><section class="section">You need to enable JavaScript to use this page; sorry!</section></noscript>

	</div>

</div>

<script defer nomodule src="//play.pokemonshowdown.com/js/lib/ps-polyfill.js"></script>
<script defer src="//play.pokemonshowdown.com/js/lib/preact.min.js"></script>

<script defer src="//play.pokemonshowdown.com/config/config.js?6dec07f6"></script>
<script defer src="//play.pokemonshowdown.com/js/lib/jquery-1.11.0.min.js"></script>
<script defer src="//play.pokemonshowdown.com/js/lib/html-sanitizer-minified.js"></script>
<script defer src="//play.pokemonshowdown.com/js/battle-sound.js"></script>
<script defer src="//play.pokemonshowdown.com/js/battledata.js?0.6315294753075389"></script>
<script defer src="//play.pokemonshowdown.com/data/pokedex-mini.js?0.7603743185311358"></script>
<script defer src="//play.pokemonshowdown.com/data/pokedex-mini-bw.js?0.030888842834281283"></script>
<script defer src="//play.pokemonshowdown.com/data/graphics.js?0.05593094747507488"></script>
<script defer src="//play.pokemonshowdown.com/data/pokedex.js?0.47064822249611904"></script>
<script defer src="//play.pokemonshowdown.com/data/moves.js?0.8583693120512459"></script>
<script defer src="//play.pokemonshowdown.com/data/abilities.js?0.16017181182386842"></script>
<script defer src="//play.pokemonshowdown.com/data/items.js?0.4163379185673943"></script>
<script defer src="//play.pokemonshowdown.com/data/teambuilder-tables.js?0.31075597372830477"></script>
<script defer src="//play.pokemonshowdown.com/js/battle-tooltips.js?0.6536193500708172"></script>
<script defer src="//play.pokemonshowdown.com/js/battle.js?0.1916591943277901"></script>

<script defer src="js/utils.js?e31f9a17"></script>
<script defer src="js/replays-battle.js?7008c182"></script>

<!-- don't scrape this data! just add .json or .log after the URL!
Full API docs: https://github.com/smogon/pokemon-showdown-client/blob/master/WEB-API.md -->
<script type="text/plain" class="log" id="replaylog-smogtours-gen3ou-796613">
|inactive|Battle timer is ON: inactive players will automatically lose when time's up.
|t:|1728479081
|gametype|singles
|player|p1|DimmyJean|101|
|player|p2|1998 Mercedes-Benz|emma|
|teamsize|p1|6
|teamsize|p2|6
|gen|3
|tier|[Gen 3] OU
|rule|Sleep Clause Mod: Limit one foe put to sleep
|rule|Switch Priority Clause Mod: Faster Pokémon switch first
|rule|Species Clause: Limit one of each Pokémon
|rule|OHKO Clause: OHKO moves are banned
|rule|Evasion Items Clause: Evasion items are banned
|rule|Evasion Moves Clause: Evasion moves are banned
|rule|Endless Battle Clause: Forcing endless battles is banned
|rule|HP Percentage Mod: HP is shown in percentages
|rule|One Boost Passer Clause: Limit one Baton Passer that has a way to boost its stats
|rule|Freeze Clause Mod: Limit one foe frozen
|
|t:|1728479081
|start
|switch|p1a: Salamence|Salamence, F|100/100
|switch|p2a: No Love|Tyranitar, F|100/100
|-ability|p1a: Salamence|Intimidate|boost
|-unboost|p2a: No Love|atk|1
|-weather|Sandstorm|[from] ability: Sand Stream|[of] p2a: No Love
|turn|1
|inactive|1998 Mercedes-Benz has 270 seconds left.
|inactive|DimmyJean has 270 seconds left.
|
|t:|1728479135
|switch|p2a: Like a Bird|Skarmory, M|100/100
|move|p1a: Salamence|Brick Break|p2a: Like a Bird
|-damage|p2a: Like a Bird|83/100
|
|-weather|Sandstorm|[upkeep]
|-damage|p1a: Salamence|94/100|[from] Sandstorm
|-heal|p1a: Salamence|100/100|[from] item: Leftovers
|-heal|p2a: Like a Bird|89/100|[from] item: Leftovers
|upkeep
|turn|2
|
|t:|1728479144
|switch|p2a: I Dream of You|Salamence, F|100/100
|-ability|p2a: I Dream of You|Intimidate|boost
|-unboost|p1a: Salamence|atk|1
|move|p1a: Salamence|Dragon Claw|p2a: I Dream of You
|-supereffective|p2a: I Dream of You
|-damage|p2a: I Dream of You|8/100
|
|-weather|Sandstorm|[upkeep]
|-damage|p2a: I Dream of You|2/100|[from] Sandstorm
|-damage|p1a: Salamence|94/100|[from] Sandstorm
|-heal|p1a: Salamence|100/100|[from] item: Leftovers
|-heal|p2a: I Dream of You|8/100|[from] item: Leftovers
|upkeep
|turn|3
|
|t:|1728479160
|switch|p1a: Starmie|Starmie|100/100
|move|p2a: I Dream of You|Dragon Claw|p1a: Starmie
|-damage|p1a: Starmie|50/100
|
|-weather|Sandstorm|[upkeep]
|-damage|p1a: Starmie|44/100|[from] Sandstorm
|-damage|p2a: I Dream of You|2/100|[from] Sandstorm
|-heal|p1a: Starmie|50/100|[from] item: Leftovers
|-heal|p2a: I Dream of You|8/100|[from] item: Leftovers
|upkeep
|turn|4
|
|t:|1728479166
|switch|p2a: 一人でいることに慣れる|Blissey, F|100/100
|move|p1a: Starmie|Surf|p2a: 一人でいることに慣れる
|-damage|p2a: 一人でいることに慣れる|88/100
|
|-weather|Sandstorm|[upkeep]
|-damage|p1a: Starmie|44/100|[from] Sandstorm
|-damage|p2a: 一人でいることに慣れる|81/100|[from] Sandstorm
|-heal|p1a: Starmie|50/100|[from] item: Leftovers
|-heal|p2a: 一人でいることに慣れる|88/100|[from] item: Leftovers
|upkeep
|turn|5
|
|t:|1728479173
|switch|p2a: Like a Bird|Skarmory, M|89/100
|move|p1a: Starmie|Recover|p1a: Starmie
|-heal|p1a: Starmie|99/100
|
|-weather|Sandstorm|[upkeep]
|-damage|p1a: Starmie|94/100|[from] Sandstorm
|-heal|p1a: Starmie|99/100|[from] item: Leftovers
|-heal|p2a: Like a Bird|95/100|[from] item: Leftovers
|upkeep
|turn|6
|c|☆1998 Mercedes-Benz|1231aefaetaa
|
|t:|1728479180
|switch|p2a: 一人でいることに慣れる|Blissey, F|88/100
|move|p1a: Starmie|Surf|p2a: 一人でいることに慣れる
|-damage|p2a: 一人でいることに慣れる|73/100
|
|-weather|Sandstorm|[upkeep]
|-damage|p1a: Starmie|94/100|[from] Sandstorm
|-damage|p2a: 一人でいることに慣れる|67/100|[from] Sandstorm
|-heal|p1a: Starmie|99/100|[from] item: Leftovers
|-heal|p2a: 一人でいることに慣れる|73/100|[from] item: Leftovers
|upkeep
|turn|7
|
|t:|1728479186
|switch|p1a: Snorlax|Snorlax, M|100/100
|move|p2a: 一人でいることに慣れる|Thunderbolt|p1a: Snorlax
|-damage|p1a: Snorlax|86/100
|-status|p1a: Snorlax|par
|
|-weather|Sandstorm|[upkeep]
|-damage|p2a: 一人でいることに慣れる|67/100|[from] Sandstorm
|-damage|p1a: Snorlax|80/100 par|[from] Sandstorm
|-heal|p2a: 一人でいることに慣れる|73/100|[from] item: Leftovers
|-heal|p1a: Snorlax|86/100 par|[from] item: Leftovers
|upkeep
|turn|8
|inactive|1998 Mercedes-Benz has 270 seconds left.
|inactive|1998 Mercedes-Benz has 240 seconds left.
|
|t:|1728479265
|-singleturn|p1a: Snorlax|move: Focus Punch
|switch|p2a: Like a Bird|Skarmory, M|95/100
|move|p1a: Snorlax|Focus Punch|p2a: Like a Bird
|-damage|p2a: Like a Bird|63/100
|
|-weather|Sandstorm|[upkeep]
|-damage|p1a: Snorlax|80/100 par|[from] Sandstorm
|-heal|p2a: Like a Bird|69/100|[from] item: Leftovers
|-heal|p1a: Snorlax|86/100 par|[from] item: Leftovers
|upkeep
|turn|9
|
|t:|1728479279
|switch|p1a: Salamence|Salamence, F|100/100
|-ability|p1a: Salamence|Intimidate|boost
|-unboost|p2a: Like a Bird|atk|1
|move|p2a: Like a Bird|Spikes|p1a: Salamence
|-sidestart|p1: DimmyJean|Spikes
|
|-weather|Sandstorm|[upkeep]
|-damage|p1a: Salamence|94/100|[from] Sandstorm
|-heal|p1a: Salamence|100/100|[from] item: Leftovers
|-heal|p2a: Like a Bird|75/100|[from] item: Leftovers
|upkeep
|turn|10
|
|t:|1728479292
|switch|p2a: Standoffish|Aerodactyl, F|100/100
|move|p1a: Salamence|Fire Blast|p2a: Standoffish|[miss]
|-miss|p1a: Salamence|p2a: Standoffish
|
|-weather|Sandstorm|[upkeep]
|-damage|p1a: Salamence|94/100|[from] Sandstorm
|-heal|p1a: Salamence|100/100|[from] item: Leftovers
|upkeep
|turn|11
|
|t:|1728479321
|switch|p1a: Snorlax|Snorlax, M|86/100 par
|-damage|p1a: Snorlax|74/100 par|[from] Spikes
|move|p2a: Standoffish|Rock Slide|p1a: Snorlax
|-damage|p1a: Snorlax|35/100 par
|
|-weather|Sandstorm|[upkeep]
|-damage|p1a: Snorlax|29/100 par|[from] Sandstorm
|-heal|p1a: Snorlax|35/100 par|[from] item: Leftovers
|upkeep
|turn|12
|inactive|1998 Mercedes-Benz has 240 seconds left.
|inactive|DimmyJean has 270 seconds left.
|
|t:|1728479351
|move|p2a: Standoffish|Rock Slide|p1a: Snorlax|[miss]
|-miss|p2a: Standoffish|p1a: Snorlax
|cant|p1a: Snorlax|par
|
|-weather|Sandstorm|[upkeep]
|-damage|p1a: Snorlax|29/100 par|[from] Sandstorm
|-heal|p1a: Snorlax|35/100 par|[from] item: Leftovers
|upkeep
|turn|13
|
|t:|1728479359
|move|p2a: Standoffish|Rock Slide|p1a: Snorlax
|-damage|p1a: Snorlax|0 fnt
|faint|p1a: Snorlax
|c|☆1998 Mercedes-Benz|i almost cried
|
|t:|1728479366
|switch|p1a: Starmie|Starmie|99/100
|-damage|p1a: Starmie|88/100|[from] Spikes
|
|-weather|Sandstorm|[upkeep]
|-damage|p1a: Starmie|82/100|[from] Sandstorm
|-heal|p1a: Starmie|88/100|[from] item: Leftovers
|upkeep
|turn|14
|inactive|DimmyJean has 270 seconds left.
|
|t:|1728479374
|switch|p2a: 一人でいることに慣れる|Blissey, F|73/100
|move|p1a: Starmie|Thunder Wave|p2a: 一人でいることに慣れる
|-status|p2a: 一人でいることに慣れる|par
|
|-weather|Sandstorm|[upkeep]
|-damage|p1a: Starmie|82/100|[from] Sandstorm
|-damage|p2a: 一人でいることに慣れる|67/100 par|[from] Sandstorm
|-heal|p1a: Starmie|88/100|[from] item: Leftovers
|-heal|p2a: 一人でいることに慣れる|73/100 par|[from] item: Leftovers
|upkeep
|turn|15
|inactive|DimmyJean has 270 seconds left.
|
|t:|1728479394
|switch|p1a: Shiftry|Shiftry, F|100/100
|-damage|p1a: Shiftry|88/100|[from] Spikes
|move|p2a: 一人でいることに慣れる|Thunderbolt|p1a: Shiftry
|-resisted|p1a: Shiftry
|-damage|p1a: Shiftry|68/100
|
|-weather|Sandstorm|[upkeep]
|-damage|p1a: Shiftry|62/100|[from] Sandstorm
|-damage|p2a: 一人でいることに慣れる|67/100 par|[from] Sandstorm
|-heal|p1a: Shiftry|68/100|[from] item: Leftovers
|-heal|p2a: 一人でいることに慣れる|73/100 par|[from] item: Leftovers
|upkeep
|turn|16
|inactive|DimmyJean has 270 seconds left.
|inactive|1998 Mercedes-Benz has 270 seconds left.
|c|☆1998 Mercedes-Benz|u rly like this mon
|c|☆DimmyJean|lol
|c|☆1998 Mercedes-Benz|i get it
|inactive|1998 Mercedes-Benz has 240 seconds left.
|
|t:|1728479434
|-curestatus|p2a: 一人でいることに慣れる|par|[from] ability: Natural Cure
|switch|p2a: I Dream of You|Salamence, F|8/100
|-ability|p2a: I Dream of You|Intimidate|boost
|-unboost|p1a: Shiftry|atk|1
|move|p1a: Shiftry|Explosion|p2a: I Dream of You
|-damage|p2a: I Dream of You|0 fnt
|faint|p1a: Shiftry
|faint|p2a: I Dream of You
|inactive|1998 Mercedes-Benz has 240 seconds left.
|c|☆1998 Mercedes-Benz|goat mon
|c|☆DimmyJean|nooo
|
|t:|1728479460
|switch|p2a: Standoffish|Aerodactyl, F|100/100
|switch|p1a: Salamence|Salamence, F|100/100
|-ability|p1a: Salamence|Intimidate|boost
|-unboost|p2a: Standoffish|atk|1
|
|-weather|Sandstorm|[upkeep]
|-damage|p1a: Salamence|94/100|[from] Sandstorm
|-heal|p1a: Salamence|100/100|[from] item: Leftovers
|upkeep
|turn|17
|
|t:|1728479479
|move|p2a: Standoffish|Rock Slide|p1a: Salamence
|-supereffective|p1a: Salamence
|-damage|p1a: Salamence|12/100
|move|p1a: Salamence|Brick Break|p2a: Standoffish
|-damage|p2a: Standoffish|66/100
|
|-weather|Sandstorm|[upkeep]
|-damage|p1a: Salamence|6/100|[from] Sandstorm
|-heal|p1a: Salamence|12/100|[from] item: Leftovers
|upkeep
|turn|18
|inactive|1998 Mercedes-Benz has 240 seconds left.
|inactive|DimmyJean has 240 seconds left.
|
|t:|1728479507
|switch|p1a: Starmie|Starmie|88/100
|-damage|p1a: Starmie|75/100|[from] Spikes
|move|p2a: Standoffish|Rock Slide|p1a: Starmie
|-damage|p1a: Starmie|38/100
|
|-weather|Sandstorm|[upkeep]
|-damage|p1a: Starmie|32/100|[from] Sandstorm
|-heal|p1a: Starmie|38/100|[from] item: Leftovers
|upkeep
|turn|19
|inactive|1998 Mercedes-Benz has 240 seconds left.
|
|t:|1728479539
|switch|p2a: 一人でいることに慣れる|Blissey, F|73/100
|switch|p1a: Heracross|Heracross, F|100/100
|-damage|p1a: Heracross|88/100|[from] Spikes
|
|-weather|Sandstorm|[upkeep]
|-damage|p1a: Heracross|82/100|[from] Sandstorm
|-damage|p2a: 一人でいることに慣れる|67/100|[from] Sandstorm
|-heal|p2a: 一人でいることに慣れる|73/100|[from] item: Leftovers
|upkeep
|turn|20
|
|t:|1728479546
|switch|p1a: Moltres|Moltres|100/100
|switch|p2a: Like a Bird|Skarmory, M|75/100
|
|-weather|Sandstorm|[upkeep]
|-damage|p1a: Moltres|94/100|[from] Sandstorm
|-heal|p1a: Moltres|100/100|[from] item: Leftovers
|-heal|p2a: Like a Bird|81/100|[from] item: Leftovers
|upkeep
|turn|21
|
|t:|1728479558
|switch|p2a: No Love|Tyranitar, F|100/100
|move|p1a: Moltres|Overheat|p2a: No Love|[miss]
|-miss|p1a: Moltres|p2a: No Love
|
|-weather|Sandstorm|[upkeep]
|-damage|p1a: Moltres|94/100|[from] Sandstorm
|-heal|p1a: Moltres|100/100|[from] item: Leftovers
|upkeep
|turn|22
|
|t:|1728479566
|move|p1a: Moltres|Will-O-Wisp|p2a: No Love
|-status|p2a: No Love|brn
|-enditem|p2a: No Love|Lum Berry|[eat]
|-curestatus|p2a: No Love|brn|[msg]
|move|p2a: No Love|Ice Beam|p1a: Moltres
|-damage|p1a: Moltres|70/100
|
|-weather|Sandstorm|[upkeep]
|-damage|p1a: Moltres|64/100|[from] Sandstorm
|-heal|p1a: Moltres|70/100|[from] item: Leftovers
|upkeep
|turn|23
|
|t:|1728479572
|move|p1a: Moltres|Hidden Power|p2a: No Love
|-supereffective|p2a: No Love
|-damage|p2a: No Love|55/100
|move|p2a: No Love|Ice Beam|p1a: Moltres
|-damage|p1a: Moltres|39/100
|
|-weather|Sandstorm|[upkeep]
|-damage|p1a: Moltres|33/100|[from] Sandstorm
|-heal|p1a: Moltres|39/100|[from] item: Leftovers
|upkeep
|turn|24
|
|t:|1728479582
|move|p1a: Moltres|Hidden Power|p2a: No Love
|-supereffective|p2a: No Love
|-damage|p2a: No Love|3/100
|move|p2a: No Love|Ice Beam|p1a: Moltres
|-damage|p1a: Moltres|8/100
|
|-weather|Sandstorm|[upkeep]
|-damage|p1a: Moltres|1/100|[from] Sandstorm
|-heal|p1a: Moltres|8/100|[from] item: Leftovers
|upkeep
|turn|25
|inactive|DimmyJean has 240 seconds left.
|
|t:|1728479588
|move|p1a: Moltres|Hidden Power|p2a: No Love
|-supereffective|p2a: No Love
|-damage|p2a: No Love|0 fnt
|faint|p2a: No Love
|
|t:|1728479591
|switch|p2a: Standoffish|Aerodactyl, F|66/100
|
|-weather|Sandstorm|[upkeep]
|-damage|p1a: Moltres|1/100|[from] Sandstorm
|-heal|p1a: Moltres|8/100|[from] item: Leftovers
|upkeep
|turn|26
|
|t:|1728479604
|switch|p1a: Salamence|Salamence, F|12/100
|-ability|p1a: Salamence|Intimidate|boost
|-unboost|p2a: Standoffish|atk|1
|move|p2a: Standoffish|Double-Edge|p1a: Salamence
|-damage|p1a: Salamence|0 fnt
|faint|p1a: Salamence
|
|t:|1728479614
|switch|p1a: Heracross|Heracross, F|82/100
|-damage|p1a: Heracross|70/100|[from] Spikes
|
|-weather|Sandstorm|[upkeep]
|-damage|p1a: Heracross|64/100|[from] Sandstorm
|upkeep
|turn|27
|
|t:|1728479623
|switch|p2a: Like a Bird|Skarmory, M|81/100
|move|p1a: Heracross|Rock Slide|p2a: Like a Bird
|-damage|p2a: Like a Bird|59/100
|
|-weather|Sandstorm|[upkeep]
|-damage|p1a: Heracross|58/100|[from] Sandstorm
|-heal|p2a: Like a Bird|65/100|[from] item: Leftovers
|upkeep
|turn|28
|
|t:|1728479633
|move|p1a: Heracross|Rock Slide|p2a: Like a Bird
|-damage|p2a: Like a Bird|43/100
|cant|p2a: Like a Bird|flinch
|
|-weather|Sandstorm|[upkeep]
|-damage|p1a: Heracross|52/100|[from] Sandstorm
|-heal|p2a: Like a Bird|49/100|[from] item: Leftovers
|upkeep
|turn|29
|
|t:|1728479642
|move|p1a: Heracross|Rock Slide|p2a: Like a Bird|[miss]
|-miss|p1a: Heracross|p2a: Like a Bird
|move|p2a: Like a Bird|Drill Peck|p1a: Heracross
|-supereffective|p1a: Heracross
|-damage|p1a: Heracross|0 fnt
|faint|p1a: Heracross
|
|t:|1728479648
|switch|p1a: Moltres|Moltres|8/100
|
|-weather|Sandstorm|[upkeep]
|-damage|p1a: Moltres|1/100|[from] Sandstorm
|-heal|p1a: Moltres|8/100|[from] item: Leftovers
|-heal|p2a: Like a Bird|55/100|[from] item: Leftovers
|upkeep
|turn|30
|
|t:|1728479650
|move|p1a: Moltres|Overheat|p2a: Like a Bird
|-supereffective|p2a: Like a Bird
|-crit|p2a: Like a Bird
|-damage|p2a: Like a Bird|0 fnt
|-unboost|p1a: Moltres|spa|2
|faint|p2a: Like a Bird
|
|t:|1728479653
|switch|p2a: Standoffish|Aerodactyl, F|66/100
|
|-weather|Sandstorm|[upkeep]
|-damage|p1a: Moltres|1/100|[from] Sandstorm
|-heal|p1a: Moltres|8/100|[from] item: Leftovers
|upkeep
|turn|31
|
|t:|1728479656
|move|p2a: Standoffish|Double-Edge|p1a: Moltres
|-damage|p1a: Moltres|0 fnt
|faint|p1a: Moltres
|
|t:|1728479659
|switch|p1a: Starmie|Starmie|38/100
|-damage|p1a: Starmie|26/100|[from] Spikes
|
|-weather|Sandstorm|[upkeep]
|-damage|p1a: Starmie|20/100|[from] Sandstorm
|-heal|p1a: Starmie|26/100|[from] item: Leftovers
|upkeep
|turn|32
|c|☆DimmyJean|gg
|c|☆DimmyJean|s
|c|☆1998 Mercedes-Benz|@tahat_t
|
|t:|1728479673
|move|p2a: Standoffish|Double-Edge|p1a: Starmie
|-damage|p1a: Starmie|0 fnt
|faint|p1a: Starmie
|
|win|1998 Mercedes-Benz
|c|☆1998 Mercedes-Benz|ggs

</script>
<script type="application/json" class="data" id="replaydata-smogtours-gen3ou-796613">
{"id":"smogtours-gen3ou-796613","format":"[Gen 3] OU","players":["DimmyJean","1998 Mercedes-Benz"],"uploadtime":1728479673,"views":120,"formatid":"gen3ou","rating":null,"private":0,"password":null}
</script>

<script defer src="js/replays.js?9d40a366"></script>
