<!DOCTYPE html>
<meta charset="utf-8" />
<meta name="viewport" content="width=device-width" />

<title>[Gen 3] OU: theamazingeevee vs. TaviTavi - Replays - Pok&eacute;mon Showdown!</title>

<meta name="description" content="Watch a replay of a Pok&eacute;mon battle between theamazingeevee and TaviTavi! Format: [Gen 3] OU; Date: Oct 10, 2024" />
<!--

Hey, you! Looking in the source for the replay log?

You can find them in JSON format, just add `.json` at the end of a replay URL.

https://replay.pokemonshowdown.com/gen7randomdoublesbattle-865046831.json

Or, if you only need the log itself, add `.log` instead:

https://replay.pokemonshowdown.com/gen7randomdoublesbattle-865046831.log

-->

<link rel="stylesheet" href="//pokemonshowdown.com/style/global.css?0.023195364461161105" />
<link rel="stylesheet" href="//play.pokemonshowdown.com/style/font-awesome.css?0.13261647063804238" />
<link rel="stylesheet" href="//play.pokemonshowdown.com/style/battle.css?0.8753245789963631" />
<link rel="stylesheet" href="//play.pokemonshowdown.com/style/utilichart.css?0.8627959624976733" />

<!-- Global site tag (gtag.js) - Google Analytics -->
<script async src="https://www.googletagmanager.com/gtag/js?id=UA-26211653-1"></script>
<script>
  window.dataLayer = window.dataLayer || [];
  function gtag(){dataLayer.push(arguments);}
  gtag('js', new Date());

  gtag('config', 'UA-26211653-1');
</script>
<!-- End Google Analytics -->
<!-- Venatus Ad Manager - Install in <HEAD> of page -->
	<script src="https://hb.vntsm.com/v3/live/ad-manager.min.js" type="text/javascript" data-site-id="642aba63ec9a7b11c3c9c1be" data-mode="scan" async></script>
<!-- / Venatus Ad Manager -->

<style>
	@media (max-width:820px) {
		.battle {
			margin: 0 auto;
		}
		.battle-log {
			margin: 7px auto 0;
			max-width: 640px;
			height: 300px;
			position: static;
		}
	}
	.optgroup {
		display: inline-block;
		line-height: 22px;
		font-size: 10pt;
	}
	.optgroup .button {
		height: 25px;
		padding-top: 0;
		padding-bottom: 0;
	}
	.optgroup button.button {
		padding-left: 12px;
		padding-right: 12px;
	}
	.linklist {
		list-style: none;
		margin: 0.5em 0;
		padding: 0;
	}
	.linklist li {
		padding: 2px 0;
	}
	.sidebar {
		float: left;
		width: 320px;
	}
	.bar-wrapper {
		max-width: 1100px;
		margin: 0 auto;
	}
	.bar-wrapper.has-sidebar {
		max-width: 1430px;
	}
	.mainbar {
		margin: 0;
		padding-right: 1px;
	}
	.mainbar.has-sidebar {
		margin-left: 330px;
	}
	@media (min-width: 1511px) {
		.sidebar {
			width: 400px;
		}
		.bar-wrapper.has-sidebar {
			max-width: 1510px;
		}
		.mainbar.has-sidebar {
			margin-left: 410px;
		}
	}
	.section.first-section {
		margin-top: 9px;
	}
	.blocklink small {
		white-space: normal;
	}
	.button {
		vertical-align: middle;
	}
	.replay-controls {
		padding-top: 10px;
	}
	.replay-controls h1 {
		font-size: 16pt;
		font-weight: normal;
		color: #CCC;
	}
	.pagelink {
		text-align: center;
	}
	.pagelink a {
		width: 150px;
	}
	.textbox, .button {
		font-size: 11pt;
		vertical-align: middle;
	}
	@media (max-width: 450px) {
		.button {
			font-size: 9pt;
		}
	}
</style>

<div>

	<header>
		<div class="nav-wrapper"><ul class="nav">
			<li><a class="button nav-first" href="//pokemonshowdown.com/"><img src="//pokemonshowdown.com/images/pokemonshowdownbeta.png" srcset="//pokemonshowdown.com/images/pokemonshowdownbeta.png 1x, //pokemonshowdown.com/images/pokemonshowdownbeta@2x.png 2x" alt="Pok&eacute;mon Showdown" width="146" height="44" /> Home</a></li>
			<li><a class="button" href="//pokemonshowdown.com/dex/">Pok&eacute;dex</a></li>
			<li><a class="button cur" href="/">Replays</a></li>
			<li><a class="button" href="//pokemonshowdown.com/ladder/">Ladder</a></li>
			<li><a class="button nav-last" href="//pokemonshowdown.com/forums/">Forum</a></li>
			<li><a class="button greenbutton nav-first nav-last" href="//play.pokemonshowdown.com/">Play</a></li>
		</ul></div>
	</header>

	<div class="main" id="main">

		<noscript><section class="section">You need to enable JavaScript to use this page; sorry!</section></noscript>

	</div>

</div>

<script defer nomodule src="//play.pokemonshowdown.com/js/lib/ps-polyfill.js"></script>
<script defer src="//play.pokemonshowdown.com/js/lib/preact.min.js"></script>

<script defer src="//play.pokemonshowdown.com/config/config.js?2bddbc15"></script>
<script defer src="//play.pokemonshowdown.com/js/lib/jquery-1.11.0.min.js"></script>
<script defer src="//play.pokemonshowdown.com/js/lib/html-sanitizer-minified.js"></script>
<script defer src="//play.pokemonshowdown.com/js/battle-sound.js"></script>
<script defer src="//play.pokemonshowdown.com/js/battledata.js?0.7209276989879541"></script>
<script defer src="//play.pokemonshowdown.com/data/pokedex-mini.js?0.6111056340867951"></script>
<script defer src="//play.pokemonshowdown.com/data/pokedex-mini-bw.js?0.3532142036491459"></script>
<script defer src="//play.pokemonshowdown.com/data/graphics.js?0.24223875632456182"></script>
<script defer src="//play.pokemonshowdown.com/data/pokedex.js?0.38839984266356864"></script>
<script defer src="//play.pokemonshowdown.com/data/moves.js?0.21866028504024015"></script>
<script defer src="//play.pokemonshowdown.com/data/abilities.js?0.2005157953846628"></script>
<script defer src="//play.pokemonshowdown.com/data/items.js?0.9894211263848525"></script>
<script defer src="//play.pokemonshowdown.com/data/teambuilder-tables.js?0.6008791140282215"></script>
<script defer src="//play.pokemonshowdown.com/js/battle-tooltips.js?0.7580118955022959"></script>
<script defer src="//play.pokemonshowdown.com/js/battle.js?0.6057722274234274"></script>

<script defer src="js/utils.js?e31f9a17"></script>
<script defer src="js/replays-battle.js?7008c182"></script>

<!-- don't scrape this data! just add .json or .log after the URL!
Full API docs: https://github.com/smogon/pokemon-showdown-client/blob/master/WEB-API.md -->
<script type="text/plain" class="log" id="replaylog-smogtours-gen3ou-796848">
|inactive|Battle timer is ON: inactive players will automatically lose when time's up.
|t:|1728525892
|gametype|singles
|player|p1|theamazingeevee|elaine|
|player|p2|TaviTavi|101|
|teamsize|p1|6
|teamsize|p2|6
|gen|3
|tier|[Gen 3] OU
|rule|Sleep Clause Mod: Limit one foe put to sleep
|rule|Switch Priority Clause Mod: Faster Pokémon switch first
|rule|Species Clause: Limit one of each Pokémon
|rule|OHKO Clause: OHKO moves are banned
|rule|Evasion Items Clause: Evasion items are banned
|rule|Evasion Moves Clause: Evasion moves are banned
|rule|Endless Battle Clause: Forcing endless battles is banned
|rule|HP Percentage Mod: HP is shown in percentages
|rule|One Boost Passer Clause: Limit one Baton Passer that has a way to boost its stats
|rule|Freeze Clause Mod: Limit one foe frozen
|
|t:|1728525892
|start
|switch|p1a: Blaziken|Blaziken, F|100/100
|switch|p2a: Salamence|Salamence, M|100/100
|-ability|p2a: Salamence|Intimidate|boost
|-unboost|p1a: Blaziken|atk|1
|turn|1
|c|☆TaviTavi|Gl Hf!
|c|☆theamazingeevee|gl
|
|t:|1728525905
|switch|p1a: Zapdos|Zapdos|100/100
|move|p2a: Salamence|Hydro Pump|p1a: Zapdos
|-crit|p1a: Zapdos
|-damage|p1a: Zapdos|5/100
|
|-heal|p1a: Zapdos|12/100|[from] item: Leftovers
|upkeep
|turn|2
|
|t:|1728525918
|switch|p2a: Tyranitar|Tyranitar, F|100/100
|-weather|Sandstorm|[from] ability: Sand Stream|[of] p2a: Tyranitar
|move|p1a: Zapdos|Hidden Power|p2a: Tyranitar
|-damage|p2a: Tyranitar|79/100
|
|-weather|Sandstorm|[upkeep]
|-damage|p1a: Zapdos|5/100|[from] Sandstorm
|-heal|p1a: Zapdos|12/100|[from] item: Leftovers
|-heal|p2a: Tyranitar|86/100|[from] item: Leftovers
|upkeep
|turn|3
|inactive|theamazingeevee has 270 seconds left.
|
|t:|1728525964
|switch|p1a: Swampert|Swampert, F|100/100
|move|p2a: Tyranitar|Rock Slide|p1a: Swampert
|-resisted|p1a: Swampert
|-damage|p1a: Swampert|78/100
|
|-weather|Sandstorm|[upkeep]
|-heal|p2a: Tyranitar|92/100|[from] item: Leftovers
|-heal|p1a: Swampert|84/100|[from] item: Leftovers
|upkeep
|turn|4
|
|t:|1728525972
|switch|p2a: Celebi|Celebi|100/100
|move|p1a: Swampert|Hydro Pump|p2a: Celebi
|-resisted|p2a: Celebi
|-damage|p2a: Celebi|77/100
|
|-weather|Sandstorm|[upkeep]
|-damage|p2a: Celebi|71/100|[from] Sandstorm
|-heal|p2a: Celebi|77/100|[from] item: Leftovers
|-heal|p1a: Swampert|90/100|[from] item: Leftovers
|upkeep
|turn|5
|
|t:|1728525999
|move|p2a: Celebi|Leech Seed|p1a: Swampert
|-start|p1a: Swampert|move: Leech Seed
|move|p1a: Swampert|Ice Beam|p2a: Celebi
|-supereffective|p2a: Celebi
|-damage|p2a: Celebi|29/100
|-status|p2a: Celebi|frz
|
|-weather|Sandstorm|[upkeep]
|-damage|p2a: Celebi|22/100 frz|[from] Sandstorm
|-heal|p2a: Celebi|29/100 frz|[from] item: Leftovers
|-heal|p1a: Swampert|96/100|[from] item: Leftovers
|-damage|p1a: Swampert|84/100|[from] Leech Seed|[of] p2a: Celebi
|-heal|p2a: Celebi|41/100 frz|[silent]
|upkeep
|turn|6
|inactive|theamazingeevee has 240 seconds left.
|
|t:|1728526036
|-curestatus|p2a: Celebi|frz|[from] ability: Natural Cure
|switch|p2a: Swampert|Swampert, F|100/100
|switch|p1a: Blaziken|Blaziken, F|100/100
|
|-weather|Sandstorm|[upkeep]
|-damage|p1a: Blaziken|94/100|[from] Sandstorm
|-heal|p1a: Blaziken|100/100|[from] item: Leftovers
|upkeep
|turn|7
|inactive|TaviTavi has 270 seconds left.
|
|t:|1728526054
|switch|p2a: Salamence|Salamence, M|100/100
|-ability|p2a: Salamence|Intimidate|boost
|-unboost|p1a: Blaziken|atk|1
|move|p1a: Blaziken|Hidden Power|p2a: Salamence
|-resisted|p2a: Salamence
|-damage|p2a: Salamence|93/100
|
|-weather|Sandstorm|[upkeep]
|-damage|p2a: Salamence|87/100|[from] Sandstorm
|-damage|p1a: Blaziken|94/100|[from] Sandstorm
|-heal|p2a: Salamence|93/100|[from] item: Leftovers
|-heal|p1a: Blaziken|100/100|[from] item: Leftovers
|upkeep
|turn|8
|inactive|TaviTavi has 270 seconds left.
|inactive|theamazingeevee has 210 seconds left.
|inactive|theamazingeevee has 180 seconds left.
|
|t:|1728526111
|switch|p1a: Metagross|Metagross|100/100
|move|p2a: Salamence|Hydro Pump|p1a: Metagross
|-damage|p1a: Metagross|55/100
|
|-weather|Sandstorm|[upkeep]
|-damage|p2a: Salamence|87/100|[from] Sandstorm
|-heal|p2a: Salamence|93/100|[from] item: Leftovers
|-heal|p1a: Metagross|61/100|[from] item: Leftovers
|upkeep
|turn|9
|
|t:|1728526118
|move|p2a: Salamence|Fire Blast|p1a: Metagross
|-supereffective|p1a: Metagross
|-damage|p1a: Metagross|0 fnt
|faint|p1a: Metagross
|
|t:|1728526123
|switch|p1a: Zapdos|Zapdos|12/100
|
|-weather|Sandstorm|[upkeep]
|-damage|p1a: Zapdos|5/100|[from] Sandstorm
|-damage|p2a: Salamence|87/100|[from] Sandstorm
|-heal|p1a: Zapdos|12/100|[from] item: Leftovers
|-heal|p2a: Salamence|93/100|[from] item: Leftovers
|upkeep
|turn|10
|
|t:|1728526140
|switch|p2a: Swampert|Swampert, F|100/100
|move|p1a: Zapdos|Hidden Power|p2a: Swampert
|-crit|p2a: Swampert
|-damage|p2a: Swampert|57/100
|
|-weather|Sandstorm|[upkeep]
|-damage|p1a: Zapdos|5/100|[from] Sandstorm
|-heal|p1a: Zapdos|12/100|[from] item: Leftovers
|-heal|p2a: Swampert|64/100|[from] item: Leftovers
|upkeep
|turn|11
|inactive|theamazingeevee has 180 seconds left.
|
|t:|1728526164
|move|p1a: Zapdos|Baton Pass|p1a: Zapdos
|
|t:|1728526166
|switch|p1a: Swampert|Swampert, F|84/100|[from] Baton Pass
|move|p2a: Swampert|Ice Beam|p1a: Swampert
|-damage|p1a: Swampert|62/100
|
|-weather|Sandstorm|[upkeep]
|-heal|p1a: Swampert|68/100|[from] item: Leftovers
|-heal|p2a: Swampert|70/100|[from] item: Leftovers
|upkeep
|turn|12
|inactive|TaviTavi has 270 seconds left.
|inactive|TaviTavi has 240 seconds left.
|
|t:|1728526202
|move|p1a: Swampert|Hydro Pump|p2a: Swampert
|-damage|p2a: Swampert|25/100
|move|p2a: Swampert|Curse|p2a: Swampert
|-unboost|p2a: Swampert|spe|1
|-boost|p2a: Swampert|atk|1
|-boost|p2a: Swampert|def|1
|
|-weather|Sandstorm|[upkeep]
|-heal|p1a: Swampert|74/100|[from] item: Leftovers
|-heal|p2a: Swampert|31/100|[from] item: Leftovers
|upkeep
|turn|13
|
|t:|1728526209
|move|p1a: Swampert|Hydro Pump|p2a: Swampert
|-damage|p2a: Swampert|0 fnt
|faint|p2a: Swampert
|
|t:|1728526211
|switch|p2a: Celebi|Celebi|41/100
|
|-weather|Sandstorm|[upkeep]
|-damage|p2a: Celebi|35/100|[from] Sandstorm
|-heal|p2a: Celebi|41/100|[from] item: Leftovers
|-heal|p1a: Swampert|80/100|[from] item: Leftovers
|upkeep
|turn|14
|
|t:|1728526226
|switch|p1a: Snorlax|Snorlax, M|100/100
|move|p2a: Celebi|Giga Drain|p1a: Snorlax
|-damage|p1a: Snorlax|82/100
|-heal|p2a: Celebi|52/100|[from] drain|[of] p1a: Snorlax
|
|-weather|Sandstorm|[upkeep]
|-damage|p2a: Celebi|46/100|[from] Sandstorm
|-damage|p1a: Snorlax|76/100|[from] Sandstorm
|-heal|p2a: Celebi|52/100|[from] item: Leftovers
|-heal|p1a: Snorlax|82/100|[from] item: Leftovers
|upkeep
|turn|15
|
|t:|1728526235
|switch|p2a: Skarmory|Skarmory, M|100/100
|move|p1a: Snorlax|Shadow Ball|p2a: Skarmory
|-resisted|p2a: Skarmory
|-damage|p2a: Skarmory|89/100
|-unboost|p2a: Skarmory|spd|1
|
|-weather|Sandstorm|[upkeep]
|-damage|p1a: Snorlax|76/100|[from] Sandstorm
|-heal|p2a: Skarmory|95/100|[from] item: Leftovers
|-heal|p1a: Snorlax|82/100|[from] item: Leftovers
|upkeep
|turn|16
|inactive|theamazingeevee has 210 seconds left.
|
|t:|1728526242
|switch|p1a: Zapdos|Zapdos|12/100
|move|p2a: Skarmory|Spikes|p1a: Zapdos
|-sidestart|p1: theamazingeevee|Spikes
|
|-weather|Sandstorm|[upkeep]
|-damage|p1a: Zapdos|5/100|[from] Sandstorm
|-heal|p1a: Zapdos|12/100|[from] item: Leftovers
|-heal|p2a: Skarmory|100/100|[from] item: Leftovers
|upkeep
|turn|17
|inactive|TaviTavi has 270 seconds left.
|
|t:|1728526282
|switch|p2a: Celebi|Celebi|52/100
|move|p1a: Zapdos|Thunderbolt|p2a: Celebi
|-resisted|p2a: Celebi
|-damage|p2a: Celebi|30/100
|
|-weather|Sandstorm|[upkeep]
|-damage|p1a: Zapdos|5/100|[from] Sandstorm
|-damage|p2a: Celebi|23/100|[from] Sandstorm
|-heal|p1a: Zapdos|12/100|[from] item: Leftovers
|-heal|p2a: Celebi|30/100|[from] item: Leftovers
|upkeep
|turn|18
|inactive|TaviTavi has 240 seconds left.
|
|t:|1728526308
|move|p1a: Zapdos|Hidden Power|p2a: Celebi
|-supereffective|p2a: Celebi
|-damage|p2a: Celebi|0 fnt
|faint|p2a: Celebi
|
|t:|1728526311
|switch|p2a: Aerodactyl|Aerodactyl, F|100/100
|
|-weather|Sandstorm|[upkeep]
|-damage|p1a: Zapdos|5/100|[from] Sandstorm
|-heal|p1a: Zapdos|12/100|[from] item: Leftovers
|upkeep
|turn|19
|inactive|TaviTavi has 240 seconds left.
|inactive|theamazingeevee has 210 seconds left.
|inactive|theamazingeevee has 180 seconds left.
|inactive|theamazingeevee has 150 seconds left.
|inactive|theamazingeevee has 120 seconds left.
|
|t:|1728526442
|switch|p1a: Blaziken|Blaziken, F|100/100
|-damage|p1a: Blaziken|88/100|[from] Spikes
|move|p2a: Aerodactyl|Double-Edge|p1a: Blaziken
|-damage|p1a: Blaziken|14/100
|
|-weather|Sandstorm|[upkeep]
|-damage|p1a: Blaziken|8/100|[from] Sandstorm
|-heal|p1a: Blaziken|14/100|[from] item: Leftovers
|upkeep
|turn|20
|
|t:|1728526451
|move|p2a: Aerodactyl|Double-Edge|p1a: Blaziken
|-damage|p1a: Blaziken|0 fnt
|faint|p1a: Blaziken
|
|t:|1728526457
|switch|p1a: Swampert|Swampert, F|80/100
|-damage|p1a: Swampert|68/100|[from] Spikes
|
|-weather|Sandstorm|[upkeep]
|-heal|p1a: Swampert|74/100|[from] item: Leftovers
|upkeep
|turn|21
|
|t:|1728526463
|switch|p2a: Skarmory|Skarmory, M|100/100
|move|p1a: Swampert|Hydro Pump|p2a: Skarmory
|-damage|p2a: Skarmory|52/100
|
|-weather|Sandstorm|[upkeep]
|-heal|p2a: Skarmory|58/100|[from] item: Leftovers
|-heal|p1a: Swampert|80/100|[from] item: Leftovers
|upkeep
|turn|22
|
|t:|1728526474
|move|p2a: Skarmory|Toxic|p1a: Swampert
|-status|p1a: Swampert|tox
|move|p1a: Swampert|Ice Beam|p2a: Skarmory
|-damage|p2a: Skarmory|34/100
|
|-weather|Sandstorm|[upkeep]
|-heal|p2a: Skarmory|40/100|[from] item: Leftovers
|-heal|p1a: Swampert|86/100 tox|[from] item: Leftovers
|-damage|p1a: Swampert|80/100 tox|[from] psn
|upkeep
|turn|23
|
|t:|1728526485
|switch|p1a: Zapdos|Zapdos|12/100
|move|p2a: Skarmory|Spikes|p1a: Zapdos
|-sidestart|p1: theamazingeevee|Spikes
|
|-weather|Sandstorm|[upkeep]
|-damage|p1a: Zapdos|5/100|[from] Sandstorm
|-heal|p1a: Zapdos|12/100|[from] item: Leftovers
|-heal|p2a: Skarmory|46/100|[from] item: Leftovers
|upkeep
|turn|24
|
|t:|1728526491
|move|p1a: Zapdos|Thunderbolt|p2a: Skarmory
|-supereffective|p2a: Skarmory
|-damage|p2a: Skarmory|0 fnt
|faint|p2a: Skarmory
|
|t:|1728526493
|switch|p2a: Aerodactyl|Aerodactyl, F|100/100
|
|-weather|Sandstorm|[upkeep]
|-damage|p1a: Zapdos|5/100|[from] Sandstorm
|-heal|p1a: Zapdos|12/100|[from] item: Leftovers
|upkeep
|turn|25
|inactive|TaviTavi has 270 seconds left.
|inactive|theamazingeevee has 120 seconds left.
|
|t:|1728526529
|switch|p1a: Snorlax|Snorlax, M|82/100
|-damage|p1a: Snorlax|65/100|[from] Spikes
|move|p2a: Aerodactyl|Double-Edge|p1a: Snorlax
|-damage|p1a: Snorlax|15/100
|
|-weather|Sandstorm|[upkeep]
|-damage|p1a: Snorlax|9/100|[from] Sandstorm
|-heal|p1a: Snorlax|15/100|[from] item: Leftovers
|upkeep
|turn|26
|
|t:|1728526536
|move|p2a: Aerodactyl|Double-Edge|p1a: Snorlax
|-damage|p1a: Snorlax|0 fnt
|faint|p1a: Snorlax
|
|t:|1728526554
|switch|p1a: Tyranitar|Tyranitar, M, shiny|100/100
|-damage|p1a: Tyranitar|84/100|[from] Spikes
|
|-weather|Sandstorm|[upkeep]
|upkeep
|turn|27
|
|t:|1728526559
|switch|p2a: Salamence|Salamence, M|93/100
|-ability|p2a: Salamence|Intimidate|boost
|-unboost|p1a: Tyranitar|atk|1
|move|p1a: Tyranitar|Rock Slide|p2a: Salamence
|-supereffective|p2a: Salamence
|-damage|p2a: Salamence|16/100
|
|-weather|Sandstorm|[upkeep]
|-damage|p2a: Salamence|10/100|[from] Sandstorm
|-heal|p2a: Salamence|16/100|[from] item: Leftovers
|upkeep
|turn|28
|inactive|TaviTavi has 270 seconds left.
|inactive|TaviTavi has 240 seconds left.
|
|t:|1728526619
|move|p2a: Salamence|Brick Break|p1a: Tyranitar
|-supereffective|p1a: Tyranitar
|-damage|p1a: Tyranitar|3/100
|move|p1a: Tyranitar|Rock Slide|p2a: Salamence
|-supereffective|p2a: Salamence
|-damage|p2a: Salamence|0 fnt
|faint|p2a: Salamence
|inactive|TaviTavi has 240 seconds left.
|inactive|TaviTavi has 210 seconds left.
|
|t:|1728526666
|switch|p2a: Aerodactyl|Aerodactyl, F|100/100
|
|-weather|Sandstorm|[upkeep]
|upkeep
|turn|29
|inactive|theamazingeevee has 120 seconds left.
|
|t:|1728526687
|move|p2a: Aerodactyl|Double-Edge|p1a: Tyranitar
|-resisted|p1a: Tyranitar
|-damage|p1a: Tyranitar|0 fnt
|faint|p1a: Tyranitar
|
|t:|1728526701
|switch|p1a: Swampert|Swampert, F|80/100 tox
|-damage|p1a: Swampert|64/100 tox|[from] Spikes
|
|-weather|Sandstorm|[upkeep]
|-heal|p1a: Swampert|70/100 tox|[from] item: Leftovers
|-damage|p1a: Swampert|64/100 tox|[from] psn
|upkeep
|turn|30
|inactive|TaviTavi has 180 seconds left.
|
|t:|1728526747
|move|p2a: Aerodactyl|Double-Edge|p1a: Swampert
|-damage|p1a: Swampert|11/100 tox
|move|p1a: Swampert|Hydro Pump|p2a: Aerodactyl
|-supereffective|p2a: Aerodactyl
|-damage|p2a: Aerodactyl|0 fnt
|faint|p2a: Aerodactyl
|
|t:|1728526751
|switch|p2a: Tyranitar|Tyranitar, F|92/100
|
|-weather|Sandstorm|[upkeep]
|-heal|p2a: Tyranitar|98/100|[from] item: Leftovers
|-heal|p1a: Swampert|17/100 tox|[from] item: Leftovers
|-damage|p1a: Swampert|5/100 tox|[from] psn
|upkeep
|turn|31
|inactive|theamazingeevee has 120 seconds left.
|
|t:|1728526760
|move|p2a: Tyranitar|Rock Slide|p1a: Swampert
|-resisted|p1a: Swampert
|-damage|p1a: Swampert|0 fnt
|faint|p1a: Swampert
|
|t:|1728526763
|switch|p1a: Zapdos|Zapdos|12/100
|
|-weather|Sandstorm|[upkeep]
|-damage|p1a: Zapdos|5/100|[from] Sandstorm
|-heal|p1a: Zapdos|12/100|[from] item: Leftovers
|-heal|p2a: Tyranitar|100/100|[from] item: Leftovers
|upkeep
|turn|32
|
|t:|1728526768
|move|p1a: Zapdos|Thunderbolt|p2a: Tyranitar
|-damage|p2a: Tyranitar|59/100
|move|p2a: Tyranitar|Rock Slide|p1a: Zapdos
|-supereffective|p1a: Zapdos
|-damage|p1a: Zapdos|0 fnt
|faint|p1a: Zapdos
|
|win|TaviTavi
|c|☆TaviTavi|gg
|c|☆theamazingeevee|gg
|c|☆TaviTavi|wp
|player|p1|

</script>
<script type="application/json" class="data" id="replaydata-smogtours-gen3ou-796848">
{"id":"smogtours-gen3ou-796848","format":"[Gen 3] OU","players":["theamazingeevee","TaviTavi"],"uploadtime":1728526768,"views":93,"formatid":"gen3ou","rating":null,"private":0,"password":null}
</script>

<script defer src="js/replays.js?9d40a366"></script>
