<!DOCTYPE html>
<meta charset="utf-8" />
<meta name="viewport" content="width=device-width" />

<title>[Gen 3] OU: mcgowin vs. zacynthius - Replays - Pok&eacute;mon Showdown!</title>

<meta name="description" content="Watch a replay of a Pok&eacute;mon battle between mcgowin and zacynthius! Format: [Gen 3] OU; Date: Oct 18, 2024" />
<!--

Hey, you! Looking in the source for the replay log?

You can find them in JSON format, just add `.json` at the end of a replay URL.

https://replay.pokemonshowdown.com/gen7randomdoublesbattle-865046831.json

Or, if you only need the log itself, add `.log` instead:

https://replay.pokemonshowdown.com/gen7randomdoublesbattle-865046831.log

-->

<link rel="stylesheet" href="//pokemonshowdown.com/style/global.css?0.023195364461161105" />
<link rel="stylesheet" href="//play.pokemonshowdown.com/style/font-awesome.css?0.13261647063804238" />
<link rel="stylesheet" href="//play.pokemonshowdown.com/style/battle.css?0.8753245789963631" />
<link rel="stylesheet" href="//play.pokemonshowdown.com/style/utilichart.css?0.8627959624976733" />

<!-- Global site tag (gtag.js) - Google Analytics -->
<script async src="https://www.googletagmanager.com/gtag/js?id=UA-26211653-1"></script>
<script>
  window.dataLayer = window.dataLayer || [];
  function gtag(){dataLayer.push(arguments);}
  gtag('js', new Date());

  gtag('config', 'UA-26211653-1');
</script>
<!-- End Google Analytics -->
<!-- Venatus Ad Manager - Install in <HEAD> of page -->
	<script src="https://hb.vntsm.com/v3/live/ad-manager.min.js" type="text/javascript" data-site-id="642aba63ec9a7b11c3c9c1be" data-mode="scan" async></script>
<!-- / Venatus Ad Manager -->

<style>
	@media (max-width:820px) {
		.battle {
			margin: 0 auto;
		}
		.battle-log {
			margin: 7px auto 0;
			max-width: 640px;
			height: 300px;
			position: static;
		}
	}
	.optgroup {
		display: inline-block;
		line-height: 22px;
		font-size: 10pt;
	}
	.optgroup .button {
		height: 25px;
		padding-top: 0;
		padding-bottom: 0;
	}
	.optgroup button.button {
		padding-left: 12px;
		padding-right: 12px;
	}
	.linklist {
		list-style: none;
		margin: 0.5em 0;
		padding: 0;
	}
	.linklist li {
		padding: 2px 0;
	}
	.sidebar {
		float: left;
		width: 320px;
	}
	.bar-wrapper {
		max-width: 1100px;
		margin: 0 auto;
	}
	.bar-wrapper.has-sidebar {
		max-width: 1430px;
	}
	.mainbar {
		margin: 0;
		padding-right: 1px;
	}
	.mainbar.has-sidebar {
		margin-left: 330px;
	}
	@media (min-width: 1511px) {
		.sidebar {
			width: 400px;
		}
		.bar-wrapper.has-sidebar {
			max-width: 1510px;
		}
		.mainbar.has-sidebar {
			margin-left: 410px;
		}
	}
	.section.first-section {
		margin-top: 9px;
	}
	.blocklink small {
		white-space: normal;
	}
	.button {
		vertical-align: middle;
	}
	.replay-controls {
		padding-top: 10px;
	}
	.replay-controls h1 {
		font-size: 16pt;
		font-weight: normal;
		color: #CCC;
	}
	.pagelink {
		text-align: center;
	}
	.pagelink a {
		width: 150px;
	}
	.textbox, .button {
		font-size: 11pt;
		vertical-align: middle;
	}
	@media (max-width: 450px) {
		.button {
			font-size: 9pt;
		}
	}
</style>

<div>

	<header>
		<div class="nav-wrapper"><ul class="nav">
			<li><a class="button nav-first" href="//pokemonshowdown.com/"><img src="//pokemonshowdown.com/images/pokemonshowdownbeta.png" srcset="//pokemonshowdown.com/images/pokemonshowdownbeta.png 1x, //pokemonshowdown.com/images/pokemonshowdownbeta@2x.png 2x" alt="Pok&eacute;mon Showdown" width="146" height="44" /> Home</a></li>
			<li><a class="button" href="//pokemonshowdown.com/dex/">Pok&eacute;dex</a></li>
			<li><a class="button cur" href="/">Replays</a></li>
			<li><a class="button" href="//pokemonshowdown.com/ladder/">Ladder</a></li>
			<li><a class="button nav-last" href="//pokemonshowdown.com/forums/">Forum</a></li>
			<li><a class="button greenbutton nav-first nav-last" href="//play.pokemonshowdown.com/">Play</a></li>
		</ul></div>
	</header>

	<div class="main" id="main">

		<noscript><section class="section">You need to enable JavaScript to use this page; sorry!</section></noscript>

	</div>

</div>

<script defer nomodule src="//play.pokemonshowdown.com/js/lib/ps-polyfill.js"></script>
<script defer src="//play.pokemonshowdown.com/js/lib/preact.min.js"></script>

<script defer src="//play.pokemonshowdown.com/config/config.js?2bddbc15"></script>
<script defer src="//play.pokemonshowdown.com/js/lib/jquery-1.11.0.min.js"></script>
<script defer src="//play.pokemonshowdown.com/js/lib/html-sanitizer-minified.js"></script>
<script defer src="//play.pokemonshowdown.com/js/battle-sound.js"></script>
<script defer src="//play.pokemonshowdown.com/js/battledata.js?0.7209276989879541"></script>
<script defer src="//play.pokemonshowdown.com/data/pokedex-mini.js?0.6111056340867951"></script>
<script defer src="//play.pokemonshowdown.com/data/pokedex-mini-bw.js?0.3532142036491459"></script>
<script defer src="//play.pokemonshowdown.com/data/graphics.js?0.24223875632456182"></script>
<script defer src="//play.pokemonshowdown.com/data/pokedex.js?0.38839984266356864"></script>
<script defer src="//play.pokemonshowdown.com/data/moves.js?0.21866028504024015"></script>
<script defer src="//play.pokemonshowdown.com/data/abilities.js?0.2005157953846628"></script>
<script defer src="//play.pokemonshowdown.com/data/items.js?0.9894211263848525"></script>
<script defer src="//play.pokemonshowdown.com/data/teambuilder-tables.js?0.6008791140282215"></script>
<script defer src="//play.pokemonshowdown.com/js/battle-tooltips.js?0.7580118955022959"></script>
<script defer src="//play.pokemonshowdown.com/js/battle.js?0.6057722274234274"></script>

<script defer src="js/utils.js?e31f9a17"></script>
<script defer src="js/replays-battle.js?7008c182"></script>

<!-- don't scrape this data! just add .json or .log after the URL!
Full API docs: https://github.com/smogon/pokemon-showdown-client/blob/master/WEB-API.md -->
<script type="text/plain" class="log" id="replaylog-smogtours-gen3ou-799614">
|inactive|Battle timer is ON: inactive players will automatically lose when time's up.
|t:|1729277117
|gametype|singles
|player|p1|mcgowin|169|
|player|p2|zacynthius|102|
|teamsize|p1|6
|teamsize|p2|6
|gen|3
|tier|[Gen 3] OU
|rule|Sleep Clause Mod: Limit one foe put to sleep
|rule|Switch Priority Clause Mod: Faster Pokémon switch first
|rule|Species Clause: Limit one of each Pokémon
|rule|OHKO Clause: OHKO moves are banned
|rule|Evasion Items Clause: Evasion items are banned
|rule|Evasion Moves Clause: Evasion moves are banned
|rule|Endless Battle Clause: Forcing endless battles is banned
|rule|HP Percentage Mod: HP is shown in percentages
|rule|One Boost Passer Clause: Limit one Baton Passer that has a way to boost its stats
|rule|Freeze Clause Mod: Limit one foe frozen
|
|t:|1729277117
|start
|switch|p1a: Guess|Zapdos|100/100
|switch|p2a: Salamence|Salamence, M|100/100
|-ability|p2a: Salamence|Intimidate|boost
|-unboost|p1a: Guess|atk|1
|turn|1
|
|t:|1729277131
|switch|p2a: Celebi|Celebi|100/100
|switch|p1a: 365 partygirl|Swampert, F|100/100
|
|upkeep
|turn|2
|c|☆zacynthius|glhf
|
|t:|1729277142
|switch|p1a: Issa knife|Skarmory, M|100/100
|move|p2a: Celebi|Calm Mind|p2a: Celebi
|-boost|p2a: Celebi|spa|1
|-boost|p2a: Celebi|spd|1
|
|upkeep
|turn|3
|
|t:|1729277153
|move|p2a: Celebi|Baton Pass|p2a: Celebi
|c|☆mcgowin|glhf
|
|t:|1729277157
|switch|p2a: Zapdos|Zapdos|100/100|[from] Baton Pass
|move|p1a: Issa knife|Roar|p2a: Zapdos
|drag|p2a: Salamence|Salamence, M|100/100
|-ability|p2a: Salamence|Intimidate|boost
|-unboost|p1a: Issa knife|atk|1
|
|upkeep
|turn|4
|
|t:|1729277166
|switch|p1a: 365 partygirl|Swampert, F|100/100
|move|p2a: Salamence|Fire Blast|p1a: 365 partygirl
|-resisted|p1a: 365 partygirl
|-damage|p1a: 365 partygirl|84/100
|-status|p1a: 365 partygirl|brn
|
|-heal|p1a: 365 partygirl|90/100 brn|[from] item: Leftovers
|-damage|p1a: 365 partygirl|78/100 brn|[from] brn
|upkeep
|turn|5
|
|t:|1729277186
|switch|p2a: Swampert|Swampert, M|100/100
|move|p1a: 365 partygirl|Ice Beam|p2a: Swampert
|-damage|p2a: Swampert|82/100
|
|-heal|p2a: Swampert|89/100|[from] item: Leftovers
|-heal|p1a: 365 partygirl|84/100 brn|[from] item: Leftovers
|-damage|p1a: 365 partygirl|71/100 brn|[from] brn
|upkeep
|turn|6
|
|t:|1729277196
|switch|p1a: Issa knife|Skarmory, M|100/100
|move|p2a: Swampert|Ice Beam|p1a: Issa knife
|-damage|p1a: Issa knife|72/100
|
|-heal|p1a: Issa knife|78/100|[from] item: Leftovers
|-heal|p2a: Swampert|95/100|[from] item: Leftovers
|upkeep
|turn|7
|
|t:|1729277203
|move|p1a: Issa knife|Spikes|p2a: Swampert
|-sidestart|p2: zacynthius|Spikes
|move|p2a: Swampert|Surf|p1a: Issa knife
|-damage|p1a: Issa knife|39/100
|
|-heal|p1a: Issa knife|45/100|[from] item: Leftovers
|-heal|p2a: Swampert|100/100|[from] item: Leftovers
|upkeep
|turn|8
|
|t:|1729277209
|switch|p2a: Celebi|Celebi|100/100
|-damage|p2a: Celebi|88/100|[from] Spikes
|move|p1a: Issa knife|Protect||[still]
|-fail|p1a: Issa knife
|
|-heal|p2a: Celebi|94/100|[from] item: Leftovers
|-heal|p1a: Issa knife|50/100|[from] item: Leftovers
|upkeep
|turn|9
|
|t:|1729277220
|move|p2a: Celebi|Hidden Power|p1a: Issa knife
|-supereffective|p1a: Issa knife
|-damage|p1a: Issa knife|19/100
|move|p1a: Issa knife|Roar|p2a: Celebi
|drag|p2a: Zapdos|Zapdos|100/100
|
|-heal|p1a: Issa knife|25/100|[from] item: Leftovers
|upkeep
|turn|10
|
|t:|1729277234
|switch|p1a: Spring breaker|Blissey, F|100/100
|move|p2a: Zapdos|Substitute|p2a: Zapdos
|-start|p2a: Zapdos|Substitute
|-damage|p2a: Zapdos|76/100
|
|-heal|p2a: Zapdos|82/100|[from] item: Leftovers
|upkeep
|turn|11
|
|t:|1729277238
|move|p2a: Zapdos|Baton Pass|p2a: Zapdos
|
|t:|1729277255
|switch|p2a: Swampert|Swampert, M|100/100|[from] Baton Pass
|-damage|p2a: Swampert|88/100|[from] Spikes
|move|p1a: Spring breaker|Ice Beam|p2a: Swampert
|-end|p2a: Swampert|Substitute
|
|-heal|p2a: Swampert|94/100|[from] item: Leftovers
|upkeep
|turn|12
|
|t:|1729277268
|-singleturn|p2a: Swampert|move: Focus Punch
|move|p1a: Spring breaker|Toxic|p2a: Swampert
|-status|p2a: Swampert|tox
|move|p2a: Swampert|Focus Punch|p1a: Spring breaker
|-supereffective|p1a: Spring breaker
|-damage|p1a: Spring breaker|23/100
|
|-heal|p1a: Spring breaker|29/100|[from] item: Leftovers
|-heal|p2a: Swampert|100/100 tox|[from] item: Leftovers
|-damage|p2a: Swampert|94/100 tox|[from] psn
|upkeep
|turn|13
|
|t:|1729277282
|switch|p1a: Mean girl|Gengar, F|100/100
|switch|p2a: Celebi|Celebi|94/100
|-damage|p2a: Celebi|82/100|[from] Spikes
|
|-heal|p2a: Celebi|88/100|[from] item: Leftovers
|upkeep
|turn|14
|
|t:|1729277299
|switch|p1a: Von dutch|Tyranitar, F|100/100
|-weather|Sandstorm|[from] ability: Sand Stream|[of] p1a: Von dutch
|move|p2a: Celebi|Calm Mind|p2a: Celebi
|-boost|p2a: Celebi|spa|1
|-boost|p2a: Celebi|spd|1
|
|-weather|Sandstorm|[upkeep]
|-damage|p2a: Celebi|82/100|[from] Sandstorm
|-heal|p2a: Celebi|88/100|[from] item: Leftovers
|upkeep
|turn|15
|
|t:|1729277303
|move|p2a: Celebi|Baton Pass|p2a: Celebi
|
|t:|1729277307
|switch|p2a: Salamence|Salamence, M|100/100|[from] Baton Pass
|-ability|p2a: Salamence|Intimidate|boost
|-unboost|p1a: Von dutch|atk|1
|move|p1a: Von dutch|Hidden Power|p2a: Salamence
|-resisted|p2a: Salamence
|-damage|p2a: Salamence|89/100
|
|-weather|Sandstorm|[upkeep]
|-damage|p2a: Salamence|83/100|[from] Sandstorm
|-heal|p2a: Salamence|89/100|[from] item: Leftovers
|upkeep
|turn|16
|inactive|mcgowin has 270 seconds left.
|
|t:|1729277339
|switch|p1a: 365 partygirl|Swampert, F|71/100 brn
|move|p2a: Salamence|Dragon Claw|p1a: 365 partygirl
|-damage|p1a: 365 partygirl|29/100 brn
|
|-weather|Sandstorm|[upkeep]
|-damage|p2a: Salamence|83/100|[from] Sandstorm
|-heal|p2a: Salamence|89/100|[from] item: Leftovers
|-heal|p1a: 365 partygirl|35/100 brn|[from] item: Leftovers
|-damage|p1a: 365 partygirl|23/100 brn|[from] brn
|upkeep
|turn|17
|
|t:|1729277347
|move|p2a: Salamence|Dragon Claw|p1a: 365 partygirl
|-damage|p1a: 365 partygirl|0 fnt
|faint|p1a: 365 partygirl
|inactive|mcgowin has 270 seconds left.
|
|t:|1729277358
|switch|p1a: Von dutch|Tyranitar, F|100/100
|
|-weather|Sandstorm|[upkeep]
|-damage|p2a: Salamence|83/100|[from] Sandstorm
|-heal|p2a: Salamence|89/100|[from] item: Leftovers
|upkeep
|turn|18
|
|t:|1729277371
|move|p2a: Salamence|Brick Break|p1a: Von dutch
|-supereffective|p1a: Von dutch
|-damage|p1a: Von dutch|18/100
|move|p1a: Von dutch|Rock Slide|p2a: Salamence
|-supereffective|p2a: Salamence
|-damage|p2a: Salamence|0 fnt
|faint|p2a: Salamence
|
|t:|1729277377
|switch|p2a: Dugtrio|Dugtrio, F|100/100
|-damage|p2a: Dugtrio|88/100|[from] Spikes
|
|-weather|Sandstorm|[upkeep]
|-heal|p1a: Von dutch|24/100|[from] item: Leftovers
|upkeep
|turn|19
|
|t:|1729277386
|move|p2a: Dugtrio|Earthquake|p1a: Von dutch
|-supereffective|p1a: Von dutch
|-damage|p1a: Von dutch|0 fnt
|faint|p1a: Von dutch
|
|t:|1729277399
|switch|p1a: Issa knife|Skarmory, M|25/100
|
|-weather|Sandstorm|[upkeep]
|-heal|p1a: Issa knife|31/100|[from] item: Leftovers
|upkeep
|turn|20
|
|t:|1729277404
|switch|p2a: Celebi|Celebi|88/100
|-damage|p2a: Celebi|76/100|[from] Spikes
|move|p1a: Issa knife|Spikes|p2a: Celebi
|-sidestart|p2: zacynthius|Spikes
|
|-weather|Sandstorm|[upkeep]
|-damage|p2a: Celebi|70/100|[from] Sandstorm
|-heal|p2a: Celebi|76/100|[from] item: Leftovers
|-heal|p1a: Issa knife|37/100|[from] item: Leftovers
|upkeep
|turn|21
|
|t:|1729277427
|move|p2a: Celebi|Calm Mind|p2a: Celebi
|-boost|p2a: Celebi|spa|1
|-boost|p2a: Celebi|spd|1
|move|p1a: Issa knife|Roar|p2a: Celebi
|drag|p2a: Swampert|Swampert, M|94/100 tox
|-damage|p2a: Swampert|78/100 tox|[from] Spikes
|
|-weather|Sandstorm|[upkeep]
|-heal|p1a: Issa knife|43/100|[from] item: Leftovers
|-heal|p2a: Swampert|84/100 tox|[from] item: Leftovers
|-damage|p2a: Swampert|78/100 tox|[from] psn
|upkeep
|turn|22
|
|t:|1729277436
|move|p1a: Issa knife|Protect|p1a: Issa knife
|-singleturn|p1a: Issa knife|Protect
|move|p2a: Swampert|Surf|p1a: Issa knife
|-activate|p1a: Issa knife|Protect
|
|-weather|Sandstorm|[upkeep]
|-heal|p1a: Issa knife|49/100|[from] item: Leftovers
|-heal|p2a: Swampert|84/100 tox|[from] item: Leftovers
|-damage|p2a: Swampert|71/100 tox|[from] psn
|upkeep
|turn|23
|
|t:|1729277447
|-singleturn|p2a: Swampert|move: Focus Punch
|switch|p1a: Mean girl|Gengar, F|100/100
|move|p2a: Swampert|Focus Punch|p1a: Mean girl
|-immune|p1a: Mean girl
|
|-weather|Sandstorm|[upkeep]
|-damage|p1a: Mean girl|95/100|[from] Sandstorm
|-heal|p1a: Mean girl|100/100|[from] item: Leftovers
|-heal|p2a: Swampert|78/100 tox|[from] item: Leftovers
|-damage|p2a: Swampert|59/100 tox|[from] psn
|upkeep
|turn|24
|
|t:|1729277455
|move|p1a: Mean girl|Giga Drain|p2a: Swampert
|-supereffective|p2a: Swampert
|-damage|p2a: Swampert|0 fnt
|faint|p2a: Swampert
|
|t:|1729277469
|switch|p2a: Zapdos|Zapdos|82/100
|
|-weather|Sandstorm|[upkeep]
|-damage|p1a: Mean girl|95/100|[from] Sandstorm
|-damage|p2a: Zapdos|76/100|[from] Sandstorm
|-heal|p1a: Mean girl|100/100|[from] item: Leftovers
|-heal|p2a: Zapdos|82/100|[from] item: Leftovers
|upkeep
|turn|25
|inactive|mcgowin has 270 seconds left.
|inactive|mcgowin has 240 seconds left.
|
|t:|1729277532
|move|p1a: Mean girl|Explosion|p2a: Zapdos
|-damage|p2a: Zapdos|0 fnt
|faint|p1a: Mean girl
|faint|p2a: Zapdos
|
|t:|1729277565
|switch|p1a: Guess|Zapdos|100/100
|switch|p2a: Dugtrio|Dugtrio, F|88/100
|-damage|p2a: Dugtrio|72/100|[from] Spikes
|
|-weather|Sandstorm|[upkeep]
|-damage|p1a: Guess|94/100|[from] Sandstorm
|-heal|p1a: Guess|100/100|[from] item: Leftovers
|upkeep
|turn|26
|inactive|mcgowin has 240 seconds left.
|
|t:|1729277592
|move|p1a: Guess|Protect|p1a: Guess
|-singleturn|p1a: Guess|Protect
|move|p2a: Dugtrio|Ancient Power|p1a: Guess
|-activate|p1a: Guess|Protect
|
|-weather|Sandstorm|[upkeep]
|-damage|p1a: Guess|94/100|[from] Sandstorm
|-heal|p1a: Guess|100/100|[from] item: Leftovers
|upkeep
|turn|27
|inactive|mcgowin has 210 seconds left.
|
|t:|1729277624
|switch|p2a: Celebi|Celebi|76/100
|-damage|p2a: Celebi|59/100|[from] Spikes
|switch|p1a: Issa knife|Skarmory, M|49/100
|
|-weather|Sandstorm|[upkeep]
|-damage|p2a: Celebi|53/100|[from] Sandstorm
|-heal|p2a: Celebi|59/100|[from] item: Leftovers
|-heal|p1a: Issa knife|55/100|[from] item: Leftovers
|upkeep
|turn|28
|
|t:|1729277632
|move|p2a: Celebi|Hidden Power|p1a: Issa knife
|-supereffective|p1a: Issa knife
|-damage|p1a: Issa knife|21/100
|move|p1a: Issa knife|Roar|p2a: Celebi
|drag|p2a: Metagross|Metagross|100/100
|-damage|p2a: Metagross|84/100|[from] Spikes
|
|-weather|Sandstorm|[upkeep]
|-heal|p1a: Issa knife|27/100|[from] item: Leftovers
|upkeep
|turn|29
|inactive|mcgowin has 210 seconds left.
|
|t:|1729277653
|move|p1a: Issa knife|Protect|p1a: Issa knife
|-singleturn|p1a: Issa knife|Protect
|move|p2a: Metagross|Rock Slide|p1a: Issa knife
|-activate|p1a: Issa knife|Protect
|
|-weather|Sandstorm|[upkeep]
|-heal|p1a: Issa knife|33/100|[from] item: Leftovers
|upkeep
|turn|30
|
|t:|1729277662
|move|p2a: Metagross|Rock Slide|p1a: Issa knife
|-damage|p1a: Issa knife|0 fnt
|faint|p1a: Issa knife
|
|t:|1729277667
|switch|p1a: Spring breaker|Blissey, F|29/100
|
|-weather|Sandstorm|[upkeep]
|-damage|p1a: Spring breaker|23/100|[from] Sandstorm
|-heal|p1a: Spring breaker|29/100|[from] item: Leftovers
|upkeep
|turn|31
|inactive|mcgowin has 210 seconds left.
|
|t:|1729277700
|move|p2a: Metagross|Rock Slide|p1a: Spring breaker|[miss]
|-miss|p2a: Metagross|p1a: Spring breaker
|move|p1a: Spring breaker|Soft-Boiled|p1a: Spring breaker
|-heal|p1a: Spring breaker|79/100
|
|-weather|Sandstorm|[upkeep]
|-damage|p1a: Spring breaker|73/100|[from] Sandstorm
|-heal|p1a: Spring breaker|79/100|[from] item: Leftovers
|upkeep
|turn|32
|
|t:|1729277705
|move|p2a: Metagross|Rock Slide|p1a: Spring breaker
|-damage|p1a: Spring breaker|37/100
|move|p1a: Spring breaker|Fire Blast|p2a: Metagross|[miss]
|-miss|p1a: Spring breaker|p2a: Metagross
|
|-weather|Sandstorm|[upkeep]
|-damage|p1a: Spring breaker|30/100|[from] Sandstorm
|-heal|p1a: Spring breaker|37/100|[from] item: Leftovers
|upkeep
|turn|33
|inactive|mcgowin has 210 seconds left.
|
|t:|1729277711
|move|p2a: Metagross|Rock Slide|p1a: Spring breaker
|-damage|p1a: Spring breaker|0 fnt
|faint|p1a: Spring breaker
|
|t:|1729277713
|switch|p1a: Guess|Zapdos|100/100
|
|-weather|Sandstorm|[upkeep]
|-damage|p1a: Guess|94/100|[from] Sandstorm
|-heal|p1a: Guess|100/100|[from] item: Leftovers
|upkeep
|turn|34
|
|t:|1729277719
|move|p1a: Guess|Thunderbolt|p2a: Metagross
|-damage|p2a: Metagross|30/100
|move|p2a: Metagross|Rock Slide|p1a: Guess
|-supereffective|p1a: Guess
|-damage|p1a: Guess|0 fnt
|faint|p1a: Guess
|
|win|zacynthius
|c|☆mcgowin|gg
|c|☆zacynthius|oof GG that was tough
|c|☆mcgowin|yeah you played well
|c|☆zacynthius|I am ready for the final match :)
|c|☆mcgowin|okay same
|player|p1|

</script>
<script type="application/json" class="data" id="replaydata-smogtours-gen3ou-799614">
{"id":"smogtours-gen3ou-799614","format":"[Gen 3] OU","players":["mcgowin","zacynthius"],"uploadtime":1729277719,"views":78,"formatid":"gen3ou","rating":null,"private":0,"password":null}
</script>

<script defer src="js/replays.js?9d40a366"></script>
