<!DOCTYPE html>
<meta charset="utf-8" />
<meta name="viewport" content="width=device-width" />

<title>[Gen 3] OU: Ooziegib vs. FlappleFan20 - Replays - Pok&eacute;mon Showdown!</title>

<meta name="description" content="Watch a replay of a Pok&eacute;mon battle between Ooziegib and FlappleFan20! Format: [Gen 3] OU; Date: Oct 19, 2024" />
<!--

Hey, you! Looking in the source for the replay log?

You can find them in JSON format, just add `.json` at the end of a replay URL.

https://replay.pokemonshowdown.com/gen7randomdoublesbattle-865046831.json

Or, if you only need the log itself, add `.log` instead:

https://replay.pokemonshowdown.com/gen7randomdoublesbattle-865046831.log

-->

<link rel="stylesheet" href="//pokemonshowdown.com/style/global.css?0.023195364461161105" />
<link rel="stylesheet" href="//play.pokemonshowdown.com/style/font-awesome.css?0.13261647063804238" />
<link rel="stylesheet" href="//play.pokemonshowdown.com/style/battle.css?0.8753245789963631" />
<link rel="stylesheet" href="//play.pokemonshowdown.com/style/utilichart.css?0.8627959624976733" />

<!-- Global site tag (gtag.js) - Google Analytics -->
<script async src="https://www.googletagmanager.com/gtag/js?id=UA-26211653-1"></script>
<script>
  window.dataLayer = window.dataLayer || [];
  function gtag(){dataLayer.push(arguments);}
  gtag('js', new Date());

  gtag('config', 'UA-26211653-1');
</script>
<!-- End Google Analytics -->
<!-- Venatus Ad Manager - Install in <HEAD> of page -->
	<script src="https://hb.vntsm.com/v3/live/ad-manager.min.js" type="text/javascript" data-site-id="642aba63ec9a7b11c3c9c1be" data-mode="scan" async></script>
<!-- / Venatus Ad Manager -->

<style>
	@media (max-width:820px) {
		.battle {
			margin: 0 auto;
		}
		.battle-log {
			margin: 7px auto 0;
			max-width: 640px;
			height: 300px;
			position: static;
		}
	}
	.optgroup {
		display: inline-block;
		line-height: 22px;
		font-size: 10pt;
	}
	.optgroup .button {
		height: 25px;
		padding-top: 0;
		padding-bottom: 0;
	}
	.optgroup button.button {
		padding-left: 12px;
		padding-right: 12px;
	}
	.linklist {
		list-style: none;
		margin: 0.5em 0;
		padding: 0;
	}
	.linklist li {
		padding: 2px 0;
	}
	.sidebar {
		float: left;
		width: 320px;
	}
	.bar-wrapper {
		max-width: 1100px;
		margin: 0 auto;
	}
	.bar-wrapper.has-sidebar {
		max-width: 1430px;
	}
	.mainbar {
		margin: 0;
		padding-right: 1px;
	}
	.mainbar.has-sidebar {
		margin-left: 330px;
	}
	@media (min-width: 1511px) {
		.sidebar {
			width: 400px;
		}
		.bar-wrapper.has-sidebar {
			max-width: 1510px;
		}
		.mainbar.has-sidebar {
			margin-left: 410px;
		}
	}
	.section.first-section {
		margin-top: 9px;
	}
	.blocklink small {
		white-space: normal;
	}
	.button {
		vertical-align: middle;
	}
	.replay-controls {
		padding-top: 10px;
	}
	.replay-controls h1 {
		font-size: 16pt;
		font-weight: normal;
		color: #CCC;
	}
	.pagelink {
		text-align: center;
	}
	.pagelink a {
		width: 150px;
	}
	.textbox, .button {
		font-size: 11pt;
		vertical-align: middle;
	}
	@media (max-width: 450px) {
		.button {
			font-size: 9pt;
		}
	}
</style>

<div>

	<header>
		<div class="nav-wrapper"><ul class="nav">
			<li><a class="button nav-first" href="//pokemonshowdown.com/"><img src="//pokemonshowdown.com/images/pokemonshowdownbeta.png" srcset="//pokemonshowdown.com/images/pokemonshowdownbeta.png 1x, //pokemonshowdown.com/images/pokemonshowdownbeta@2x.png 2x" alt="Pok&eacute;mon Showdown" width="146" height="44" /> Home</a></li>
			<li><a class="button" href="//pokemonshowdown.com/dex/">Pok&eacute;dex</a></li>
			<li><a class="button cur" href="/">Replays</a></li>
			<li><a class="button" href="//pokemonshowdown.com/ladder/">Ladder</a></li>
			<li><a class="button nav-last" href="//pokemonshowdown.com/forums/">Forum</a></li>
			<li><a class="button greenbutton nav-first nav-last" href="//play.pokemonshowdown.com/">Play</a></li>
		</ul></div>
	</header>

	<div class="main" id="main">

		<noscript><section class="section">You need to enable JavaScript to use this page; sorry!</section></noscript>

	</div>

</div>

<script defer nomodule src="//play.pokemonshowdown.com/js/lib/ps-polyfill.js"></script>
<script defer src="//play.pokemonshowdown.com/js/lib/preact.min.js"></script>

<script defer src="//play.pokemonshowdown.com/config/config.js?2bddbc15"></script>
<script defer src="//play.pokemonshowdown.com/js/lib/jquery-1.11.0.min.js"></script>
<script defer src="//play.pokemonshowdown.com/js/lib/html-sanitizer-minified.js"></script>
<script defer src="//play.pokemonshowdown.com/js/battle-sound.js"></script>
<script defer src="//play.pokemonshowdown.com/js/battledata.js?0.7209276989879541"></script>
<script defer src="//play.pokemonshowdown.com/data/pokedex-mini.js?0.6111056340867951"></script>
<script defer src="//play.pokemonshowdown.com/data/pokedex-mini-bw.js?0.3532142036491459"></script>
<script defer src="//play.pokemonshowdown.com/data/graphics.js?0.24223875632456182"></script>
<script defer src="//play.pokemonshowdown.com/data/pokedex.js?0.38839984266356864"></script>
<script defer src="//play.pokemonshowdown.com/data/moves.js?0.21866028504024015"></script>
<script defer src="//play.pokemonshowdown.com/data/abilities.js?0.2005157953846628"></script>
<script defer src="//play.pokemonshowdown.com/data/items.js?0.9894211263848525"></script>
<script defer src="//play.pokemonshowdown.com/data/teambuilder-tables.js?0.6008791140282215"></script>
<script defer src="//play.pokemonshowdown.com/js/battle-tooltips.js?0.7580118955022959"></script>
<script defer src="//play.pokemonshowdown.com/js/battle.js?0.6057722274234274"></script>

<script defer src="js/utils.js?e31f9a17"></script>
<script defer src="js/replays-battle.js?7008c182"></script>

<!-- don't scrape this data! just add .json or .log after the URL!
Full API docs: https://github.com/smogon/pokemon-showdown-client/blob/master/WEB-API.md -->
<script type="text/plain" class="log" id="replaylog-smogtours-gen3ou-800136">
|inactive|Battle timer is ON: inactive players will automatically lose when time's up.
|t:|1729373242
|gametype|singles
|player|p1|Ooziegib|169|
|player|p2|FlappleFan20|swimmer-gen1|
|teamsize|p1|6
|teamsize|p2|6
|gen|3
|tier|[Gen 3] OU
|rule|Sleep Clause Mod: Limit one foe put to sleep
|rule|Switch Priority Clause Mod: Faster Pokémon switch first
|rule|Species Clause: Limit one of each Pokémon
|rule|OHKO Clause: OHKO moves are banned
|rule|Evasion Items Clause: Evasion items are banned
|rule|Evasion Moves Clause: Evasion moves are banned
|rule|Endless Battle Clause: Forcing endless battles is banned
|rule|HP Percentage Mod: HP is shown in percentages
|rule|One Boost Passer Clause: Limit one Baton Passer that has a way to boost its stats
|rule|Freeze Clause Mod: Limit one foe frozen
|
|t:|1729373242
|start
|switch|p1a: Zapdos|Zapdos|100/100
|switch|p2a: Zapdos|Zapdos|100/100
|turn|1
|
|t:|1729373261
|move|p1a: Zapdos|Toxic|p2a: Zapdos
|-status|p2a: Zapdos|tox
|move|p2a: Zapdos|Thunderbolt|p1a: Zapdos
|-damage|p1a: Zapdos|71/100
|
|-heal|p1a: Zapdos|78/100|[from] item: Leftovers
|-damage|p2a: Zapdos|94/100 tox|[from] psn
|upkeep
|turn|2
|
|t:|1729373268
|move|p1a: Zapdos|Substitute|p1a: Zapdos
|-start|p1a: Zapdos|Substitute
|-damage|p1a: Zapdos|53/100
|move|p2a: Zapdos|Thunderbolt|p1a: Zapdos
|-end|p1a: Zapdos|Substitute
|
|-heal|p1a: Zapdos|59/100|[from] item: Leftovers
|-heal|p2a: Zapdos|100/100 tox|[from] item: Leftovers
|-damage|p2a: Zapdos|88/100 tox|[from] psn
|upkeep
|turn|3
|
|t:|1729373272
|move|p1a: Zapdos|Substitute|p1a: Zapdos
|-start|p1a: Zapdos|Substitute
|-damage|p1a: Zapdos|34/100
|move|p2a: Zapdos|Thunderbolt|p1a: Zapdos
|-end|p1a: Zapdos|Substitute
|
|-heal|p1a: Zapdos|40/100|[from] item: Leftovers
|-heal|p2a: Zapdos|94/100 tox|[from] item: Leftovers
|-damage|p2a: Zapdos|75/100 tox|[from] psn
|upkeep
|turn|4
|
|t:|1729373275
|move|p1a: Zapdos|Substitute|p1a: Zapdos
|-start|p1a: Zapdos|Substitute
|-damage|p1a: Zapdos|16/100
|move|p2a: Zapdos|Thunderbolt|p1a: Zapdos
|-crit|p1a: Zapdos
|-end|p1a: Zapdos|Substitute
|
|-heal|p1a: Zapdos|22/100|[from] item: Leftovers
|-heal|p2a: Zapdos|82/100 tox|[from] item: Leftovers
|-damage|p2a: Zapdos|57/100 tox|[from] psn
|upkeep
|turn|5
|
|t:|1729373279
|move|p1a: Zapdos|Rest|p1a: Zapdos
|-status|p1a: Zapdos|slp|[from] move: Rest
|-heal|p1a: Zapdos|100/100 slp|[silent]
|move|p2a: Zapdos|Thunderbolt|p1a: Zapdos
|-damage|p1a: Zapdos|70/100 slp
|
|-heal|p1a: Zapdos|77/100 slp|[from] item: Leftovers
|-heal|p2a: Zapdos|63/100 tox|[from] item: Leftovers
|-damage|p2a: Zapdos|32/100 tox|[from] psn
|upkeep
|turn|6
|
|t:|1729373286
|cant|p1a: Zapdos|slp
|move|p2a: Zapdos|Rest|p2a: Zapdos
|-status|p2a: Zapdos|slp|[from] move: Rest
|-heal|p2a: Zapdos|100/100 slp|[silent]
|
|-heal|p1a: Zapdos|83/100 slp|[from] item: Leftovers
|upkeep
|turn|7
|
|t:|1729373291
|cant|p1a: Zapdos|slp
|cant|p2a: Zapdos|slp
|move|p2a: Zapdos|Sleep Talk|p2a: Zapdos
|move|p2a: Zapdos|Roar|p1a: Zapdos|[from]Sleep Talk
|drag|p1a: Skarmory|Skarmory, M|100/100
|
|upkeep
|turn|8
|
|t:|1729373301
|switch|p1a: Blissey|Blissey, F|100/100
|cant|p2a: Zapdos|slp
|
|upkeep
|turn|9
|
|t:|1729373309
|move|p1a: Blissey|Thunder Wave||[still]
|-fail|p1a: Blissey
|-curestatus|p2a: Zapdos|slp|[msg]
|move|p2a: Zapdos|Roar|p1a: Blissey
|drag|p1a: Skarmory|Skarmory, M|100/100
|
|upkeep
|turn|10
|
|t:|1729373316
|switch|p1a: Blissey|Blissey, F|100/100
|move|p2a: Zapdos|Thunderbolt|p1a: Blissey
|-damage|p1a: Blissey|86/100
|
|-heal|p1a: Blissey|92/100|[from] item: Leftovers
|upkeep
|turn|11
|
|t:|1729373328
|switch|p1a: Zapdos|Zapdos|83/100 slp
|move|p2a: Zapdos|Roar|p1a: Zapdos
|drag|p1a: Dugtrio|Dugtrio, M|100/100
|
|upkeep
|turn|12
|
|t:|1729373341
|switch|p1a: Zapdos|Zapdos|83/100 slp
|switch|p2a: Skarmory|Skarmory, M|100/100
|
|-heal|p1a: Zapdos|89/100 slp|[from] item: Leftovers
|upkeep
|turn|13
|
|t:|1729373349
|switch|p2a: Zapdos|Zapdos|100/100
|-curestatus|p1a: Zapdos|slp|[msg]
|move|p1a: Zapdos|Thunderbolt|p2a: Zapdos
|-damage|p2a: Zapdos|74/100
|
|-heal|p1a: Zapdos|95/100|[from] item: Leftovers
|-heal|p2a: Zapdos|80/100|[from] item: Leftovers
|upkeep
|turn|14
|
|t:|1729373355
|move|p1a: Zapdos|Substitute|p1a: Zapdos
|-start|p1a: Zapdos|Substitute
|-damage|p1a: Zapdos|70/100
|move|p2a: Zapdos|Thunderbolt|p1a: Zapdos
|-crit|p1a: Zapdos
|-end|p1a: Zapdos|Substitute
|
|-heal|p1a: Zapdos|77/100|[from] item: Leftovers
|-heal|p2a: Zapdos|86/100|[from] item: Leftovers
|upkeep
|turn|15
|
|t:|1729373363
|switch|p1a: Blissey|Blissey, F|92/100
|move|p2a: Zapdos|Roar|p1a: Blissey
|drag|p1a: Skarmory|Skarmory, M|100/100
|
|-heal|p2a: Zapdos|93/100|[from] item: Leftovers
|upkeep
|turn|16
|
|t:|1729373372
|switch|p2a: Skarmory|Skarmory, M|100/100
|switch|p1a: Zapdos|Zapdos|77/100
|
|-heal|p1a: Zapdos|83/100|[from] item: Leftovers
|upkeep
|turn|17
|
|t:|1729373379
|switch|p2a: Zapdos|Zapdos|93/100
|move|p1a: Zapdos|Thunderbolt|p2a: Zapdos
|-damage|p2a: Zapdos|63/100
|
|-heal|p1a: Zapdos|89/100|[from] item: Leftovers
|-heal|p2a: Zapdos|69/100|[from] item: Leftovers
|upkeep
|turn|18
|
|t:|1729373384
|switch|p1a: Blissey|Blissey, F|92/100
|move|p2a: Zapdos|Roar|p1a: Blissey
|drag|p1a: Claydol|Claydol|100/100
|
|-heal|p2a: Zapdos|75/100|[from] item: Leftovers
|upkeep
|turn|19
|
|t:|1729373392
|switch|p1a: Zapdos|Zapdos|89/100
|move|p2a: Zapdos|Roar|p1a: Zapdos
|drag|p1a: Suicune|Suicune|100/100
|
|-heal|p2a: Zapdos|82/100|[from] item: Leftovers
|upkeep
|turn|20
|
|t:|1729373397
|switch|p1a: Zapdos|Zapdos|89/100
|move|p2a: Zapdos|Thunderbolt|p1a: Zapdos
|-damage|p1a: Zapdos|58/100
|
|-heal|p1a: Zapdos|64/100|[from] item: Leftovers
|-heal|p2a: Zapdos|88/100|[from] item: Leftovers
|upkeep
|turn|21
|
|t:|1729373411
|switch|p2a: Jirachi|Jirachi|100/100
|move|p1a: Zapdos|Substitute|p1a: Zapdos
|-start|p1a: Zapdos|Substitute
|-damage|p1a: Zapdos|40/100
|
|-heal|p1a: Zapdos|46/100|[from] item: Leftovers
|upkeep
|turn|22
|
|t:|1729373416
|move|p1a: Zapdos|Thunderbolt|p2a: Jirachi
|-damage|p2a: Jirachi|74/100
|move|p2a: Jirachi|Fire Punch|p1a: Zapdos
|-activate|p1a: Zapdos|Substitute|[damage]
|
|-heal|p1a: Zapdos|52/100|[from] item: Leftovers
|-heal|p2a: Jirachi|80/100|[from] item: Leftovers
|upkeep
|turn|23
|
|t:|1729373424
|move|p2a: Jirachi|Protect|p2a: Jirachi
|-singleturn|p2a: Jirachi|Protect
|move|p1a: Zapdos|Thunderbolt|p2a: Jirachi
|-activate|p2a: Jirachi|Protect
|
|-heal|p1a: Zapdos|58/100|[from] item: Leftovers
|-heal|p2a: Jirachi|87/100|[from] item: Leftovers
|upkeep
|turn|24
|
|t:|1729373427
|move|p1a: Zapdos|Thunderbolt|p2a: Jirachi
|-damage|p2a: Jirachi|59/100
|move|p2a: Jirachi|Fire Punch|p1a: Zapdos
|-activate|p1a: Zapdos|Substitute|[damage]
|
|-heal|p1a: Zapdos|64/100|[from] item: Leftovers
|-heal|p2a: Jirachi|65/100|[from] item: Leftovers
|upkeep
|turn|25
|
|t:|1729373433
|move|p1a: Zapdos|Thunderbolt|p2a: Jirachi
|-damage|p2a: Jirachi|37/100
|move|p2a: Jirachi|Wish|p2a: Jirachi
|
|-heal|p1a: Zapdos|71/100|[from] item: Leftovers
|-heal|p2a: Jirachi|44/100|[from] item: Leftovers
|upkeep
|turn|26
|
|t:|1729373440
|move|p2a: Jirachi|Protect|p2a: Jirachi
|-singleturn|p2a: Jirachi|Protect
|move|p1a: Zapdos|Thunderbolt|p2a: Jirachi
|-activate|p2a: Jirachi|Protect
|
|-heal|p2a: Jirachi|94/100|[from] move: Wish|[wisher] Jirachi
|-heal|p1a: Zapdos|77/100|[from] item: Leftovers
|-heal|p2a: Jirachi|99/100|[from] item: Leftovers
|upkeep
|turn|27
|
|t:|1729373447
|switch|p2a: Zapdos|Zapdos|88/100
|move|p1a: Zapdos|Thunderbolt|p2a: Zapdos
|-damage|p2a: Zapdos|59/100
|
|-heal|p1a: Zapdos|83/100|[from] item: Leftovers
|-heal|p2a: Zapdos|65/100|[from] item: Leftovers
|upkeep
|turn|28
|
|t:|1729373454
|switch|p1a: Blissey|Blissey, F|92/100
|move|p2a: Zapdos|Roar|p1a: Blissey
|drag|p1a: Claydol|Claydol|100/100
|
|-heal|p2a: Zapdos|72/100|[from] item: Leftovers
|upkeep
|turn|29
|
|t:|1729373459
|switch|p1a: Zapdos|Zapdos|83/100
|move|p2a: Zapdos|Roar|p1a: Zapdos
|drag|p1a: Blissey|Blissey, F|92/100
|
|-heal|p2a: Zapdos|78/100|[from] item: Leftovers
|-heal|p1a: Blissey|99/100|[from] item: Leftovers
|upkeep
|turn|30
|
|t:|1729373473
|switch|p2a: Tyranitar|Tyranitar, M|100/100
|-weather|Sandstorm|[from] ability: Sand Stream|[of] p2a: Tyranitar
|switch|p1a: Zapdos|Zapdos|83/100
|
|-weather|Sandstorm|[upkeep]
|-damage|p1a: Zapdos|77/100|[from] Sandstorm
|-heal|p1a: Zapdos|83/100|[from] item: Leftovers
|upkeep
|turn|31
|
|t:|1729373483
|switch|p1a: Suicune|Suicune|100/100
|move|p2a: Tyranitar|Flamethrower|p1a: Suicune
|-resisted|p1a: Suicune
|-damage|p1a: Suicune|90/100
|
|-weather|Sandstorm|[upkeep]
|-damage|p1a: Suicune|83/100|[from] Sandstorm
|-heal|p1a: Suicune|90/100|[from] item: Leftovers
|upkeep
|turn|32
|
|t:|1729373490
|switch|p2a: Zapdos|Zapdos|78/100
|move|p1a: Suicune|Surf|p2a: Zapdos
|-damage|p2a: Zapdos|55/100
|
|-weather|Sandstorm|[upkeep]
|-damage|p2a: Zapdos|49/100|[from] Sandstorm
|-damage|p1a: Suicune|83/100|[from] Sandstorm
|-heal|p2a: Zapdos|55/100|[from] item: Leftovers
|-heal|p1a: Suicune|90/100|[from] item: Leftovers
|upkeep
|turn|33
|
|t:|1729373497
|switch|p1a: Blissey|Blissey, F|99/100
|move|p2a: Zapdos|Rest|p2a: Zapdos
|-status|p2a: Zapdos|slp|[from] move: Rest
|-heal|p2a: Zapdos|100/100 slp|[silent]
|
|-weather|Sandstorm|[upkeep]
|-damage|p2a: Zapdos|94/100 slp|[from] Sandstorm
|-damage|p1a: Blissey|92/100|[from] Sandstorm
|-heal|p2a: Zapdos|100/100 slp|[from] item: Leftovers
|-heal|p1a: Blissey|99/100|[from] item: Leftovers
|upkeep
|turn|34
|
|t:|1729373504
|cant|p2a: Zapdos|slp
|move|p2a: Zapdos|Sleep Talk|p2a: Zapdos
|move|p2a: Zapdos|Rest|p2a: Zapdos|[from]Sleep Talk
|move|p1a: Blissey|Seismic Toss|p2a: Zapdos
|-damage|p2a: Zapdos|74/100 slp
|
|-weather|Sandstorm|[upkeep]
|-damage|p2a: Zapdos|68/100 slp|[from] Sandstorm
|-damage|p1a: Blissey|92/100|[from] Sandstorm
|-heal|p2a: Zapdos|74/100 slp|[from] item: Leftovers
|-heal|p1a: Blissey|99/100|[from] item: Leftovers
|upkeep
|turn|35
|
|t:|1729373510
|cant|p2a: Zapdos|slp
|move|p2a: Zapdos|Sleep Talk|p2a: Zapdos
|move|p2a: Zapdos|Roar|p1a: Blissey|[from]Sleep Talk
|drag|p1a: Skarmory|Skarmory, M|100/100
|
|-weather|Sandstorm|[upkeep]
|-damage|p2a: Zapdos|68/100 slp|[from] Sandstorm
|-heal|p2a: Zapdos|74/100 slp|[from] item: Leftovers
|upkeep
|turn|36
|
|t:|1729373517
|switch|p1a: Blissey|Blissey, F|99/100
|-curestatus|p2a: Zapdos|slp|[msg]
|move|p2a: Zapdos|Thunderbolt|p1a: Blissey
|-damage|p1a: Blissey|84/100
|
|-weather|Sandstorm|[upkeep]
|-damage|p2a: Zapdos|68/100|[from] Sandstorm
|-damage|p1a: Blissey|78/100|[from] Sandstorm
|-heal|p2a: Zapdos|74/100|[from] item: Leftovers
|-heal|p1a: Blissey|84/100|[from] item: Leftovers
|upkeep
|turn|37
|
|t:|1729373523
|switch|p2a: Skarmory|Skarmory, M|100/100
|move|p1a: Blissey|Thunder Wave|p2a: Skarmory
|-status|p2a: Skarmory|par
|
|-weather|Sandstorm|[upkeep]
|-damage|p1a: Blissey|78/100|[from] Sandstorm
|-heal|p1a: Blissey|84/100|[from] item: Leftovers
|upkeep
|turn|38
|
|t:|1729373529
|move|p1a: Blissey|Seismic Toss|p2a: Skarmory
|-damage|p2a: Skarmory|70/100 par
|move|p2a: Skarmory|Spikes|p1a: Blissey
|-sidestart|p1: Ooziegib|Spikes
|
|-weather|Sandstorm|[upkeep]
|-damage|p1a: Blissey|78/100|[from] Sandstorm
|-heal|p1a: Blissey|84/100|[from] item: Leftovers
|-heal|p2a: Skarmory|76/100 par|[from] item: Leftovers
|upkeep
|turn|39
|
|t:|1729373532
|move|p2a: Skarmory|Protect|p2a: Skarmory
|-singleturn|p2a: Skarmory|Protect
|move|p1a: Blissey|Seismic Toss|p2a: Skarmory
|-activate|p2a: Skarmory|Protect
|
|-weather|Sandstorm|[upkeep]
|-damage|p1a: Blissey|78/100|[from] Sandstorm
|-heal|p1a: Blissey|84/100|[from] item: Leftovers
|-heal|p2a: Skarmory|82/100 par|[from] item: Leftovers
|upkeep
|turn|40
|
|t:|1729373535
|move|p1a: Blissey|Seismic Toss|p2a: Skarmory
|-damage|p2a: Skarmory|52/100 par
|move|p2a: Skarmory|Toxic|p1a: Blissey
|-status|p1a: Blissey|tox
|
|-weather|Sandstorm|[upkeep]
|-damage|p1a: Blissey|78/100 tox|[from] Sandstorm
|-heal|p1a: Blissey|84/100 tox|[from] item: Leftovers
|-damage|p1a: Blissey|78/100 tox|[from] psn
|-heal|p2a: Skarmory|58/100 par|[from] item: Leftovers
|upkeep
|turn|41
|
|t:|1729373541
|-curestatus|p1a: Blissey|tox|[from] ability: Natural Cure
|switch|p1a: Claydol|Claydol|100/100
|move|p2a: Skarmory|Protect||[still]
|-fail|p2a: Skarmory
|
|-weather|Sandstorm|[upkeep]
|-heal|p2a: Skarmory|64/100 par|[from] item: Leftovers
|upkeep
|turn|42
|
|t:|1729373548
|switch|p1a: Skarmory|Skarmory, M|100/100
|move|p2a: Skarmory|Toxic|p1a: Skarmory
|-immune|p1a: Skarmory
|
|-weather|Sandstorm|[upkeep]
|-heal|p2a: Skarmory|70/100 par|[from] item: Leftovers
|upkeep
|turn|43
|
|t:|1729373552
|move|p1a: Skarmory|Spikes|p2a: Skarmory
|-sidestart|p2: FlappleFan20|Spikes
|cant|p2a: Skarmory|par
|
|-weather|Sandstorm|[upkeep]
|-heal|p2a: Skarmory|76/100 par|[from] item: Leftovers
|upkeep
|turn|44
|
|t:|1729373556
|move|p1a: Skarmory|Spikes|p2a: Skarmory
|-sidestart|p2: FlappleFan20|Spikes
|move|p2a: Skarmory|Spikes|p1a: Skarmory
|-sidestart|p1: Ooziegib|Spikes
|
|-weather|Sandstorm|[upkeep]
|-heal|p2a: Skarmory|82/100 par|[from] item: Leftovers
|upkeep
|turn|45
|
|t:|1729373559
|move|p1a: Skarmory|Spikes|p2a: Skarmory
|-sidestart|p2: FlappleFan20|Spikes
|move|p2a: Skarmory|Spikes|p1a: Skarmory
|-sidestart|p1: Ooziegib|Spikes
|
|-weather|Sandstorm|[upkeep]
|-heal|p2a: Skarmory|88/100 par|[from] item: Leftovers
|upkeep
|turn|46
|
|t:|1729373563
|switch|p1a: Claydol|Claydol|100/100
|cant|p2a: Skarmory|par
|
|-weather|Sandstorm|[upkeep]
|-heal|p2a: Skarmory|94/100 par|[from] item: Leftovers
|upkeep
|turn|47
|
|t:|1729373566
|move|p1a: Claydol|Rapid Spin|p2a: Skarmory
|-resisted|p2a: Skarmory
|-damage|p2a: Skarmory|93/100 par
|-sideend|p1: Ooziegib|Spikes|[from] move: Rapid Spin|[of] p1a: Claydol
|move|p2a: Skarmory|Toxic|p1a: Claydol
|-status|p1a: Claydol|tox
|
|-weather|Sandstorm|[upkeep]
|-damage|p1a: Claydol|94/100 tox|[from] psn
|-heal|p2a: Skarmory|99/100 par|[from] item: Leftovers
|upkeep
|turn|48
|
|t:|1729373573
|switch|p1a: Zapdos|Zapdos|83/100
|move|p2a: Skarmory|Spikes|p1a: Zapdos
|-sidestart|p1: Ooziegib|Spikes
|
|-weather|Sandstorm|[upkeep]
|-damage|p1a: Zapdos|77/100|[from] Sandstorm
|-heal|p1a: Zapdos|83/100|[from] item: Leftovers
|-heal|p2a: Skarmory|100/100 par|[from] item: Leftovers
|upkeep
|turn|49
|
|t:|1729373579
|switch|p2a: Zapdos|Zapdos|74/100
|move|p1a: Zapdos|Thunderbolt|p2a: Zapdos
|-damage|p2a: Zapdos|47/100
|-status|p2a: Zapdos|par
|
|-weather|Sandstorm|[upkeep]
|-damage|p1a: Zapdos|77/100|[from] Sandstorm
|-damage|p2a: Zapdos|40/100 par|[from] Sandstorm
|-heal|p1a: Zapdos|83/100|[from] item: Leftovers
|-heal|p2a: Zapdos|47/100 par|[from] item: Leftovers
|upkeep
|turn|50
|
|t:|1729373584
|move|p1a: Zapdos|Thunderbolt|p2a: Zapdos
|-damage|p2a: Zapdos|20/100 par
|move|p2a: Zapdos|Rest|p2a: Zapdos
|-status|p2a: Zapdos|slp|[from] move: Rest
|-heal|p2a: Zapdos|100/100 slp|[silent]
|
|-weather|Sandstorm|[upkeep]
|-damage|p1a: Zapdos|77/100|[from] Sandstorm
|-damage|p2a: Zapdos|94/100 slp|[from] Sandstorm
|-heal|p1a: Zapdos|83/100|[from] item: Leftovers
|-heal|p2a: Zapdos|100/100 slp|[from] item: Leftovers
|upkeep
|turn|51
|
|t:|1729373601
|switch|p1a: Claydol|Claydol|94/100 tox
|cant|p2a: Zapdos|slp
|
|-weather|Sandstorm|[upkeep]
|-damage|p2a: Zapdos|94/100 slp|[from] Sandstorm
|-heal|p2a: Zapdos|100/100 slp|[from] item: Leftovers
|-heal|p1a: Claydol|100/100 tox|[from] item: Leftovers
|-damage|p1a: Claydol|94/100 tox|[from] psn
|upkeep
|turn|52
|
|t:|1729373609
|switch|p1a: Zapdos|Zapdos|83/100
|cant|p2a: Zapdos|slp
|
|-weather|Sandstorm|[upkeep]
|-damage|p1a: Zapdos|77/100|[from] Sandstorm
|-damage|p2a: Zapdos|94/100 slp|[from] Sandstorm
|-heal|p1a: Zapdos|83/100|[from] item: Leftovers
|-heal|p2a: Zapdos|100/100 slp|[from] item: Leftovers
|upkeep
|turn|53
|
|t:|1729373616
|move|p1a: Zapdos|Substitute|p1a: Zapdos
|-start|p1a: Zapdos|Substitute
|-damage|p1a: Zapdos|58/100
|-curestatus|p2a: Zapdos|slp|[msg]
|move|p2a: Zapdos|Roar|p1a: Zapdos
|drag|p1a: Claydol|Claydol|94/100 tox
|
|-weather|Sandstorm|[upkeep]
|-damage|p2a: Zapdos|94/100|[from] Sandstorm
|-heal|p2a: Zapdos|100/100|[from] item: Leftovers
|-heal|p1a: Claydol|100/100 tox|[from] item: Leftovers
|-damage|p1a: Claydol|94/100 tox|[from] psn
|upkeep
|turn|54
|
|t:|1729373625
|switch|p2a: Skarmory|Skarmory, M|100/100 par
|switch|p1a: Blissey|Blissey, F|78/100
|-damage|p1a: Blissey|66/100|[from] Spikes
|
|-weather|Sandstorm|[upkeep]
|-damage|p1a: Blissey|60/100|[from] Sandstorm
|-heal|p1a: Blissey|66/100|[from] item: Leftovers
|upkeep
|turn|55
|
|t:|1729373629
|move|p1a: Blissey|Soft-Boiled|p1a: Blissey
|-heal|p1a: Blissey|100/100
|move|p2a: Skarmory|Toxic|p1a: Blissey
|-status|p1a: Blissey|tox
|
|-weather|Sandstorm|[upkeep]
|-damage|p1a: Blissey|94/100 tox|[from] Sandstorm
|-heal|p1a: Blissey|100/100 tox|[from] item: Leftovers
|-damage|p1a: Blissey|94/100 tox|[from] psn
|upkeep
|turn|56
|
|t:|1729373633
|move|p1a: Blissey|Aromatherapy|p1a: Blissey
|-cureteam|p1a: Blissey|[from] move: Aromatherapy
|move|p2a: Skarmory|Spikes|p1a: Blissey
|-sidestart|p1: Ooziegib|Spikes
|
|-weather|Sandstorm|[upkeep]
|-damage|p1a: Blissey|88/100|[from] Sandstorm
|-heal|p1a: Blissey|94/100|[from] item: Leftovers
|upkeep
|turn|57
|
|t:|1729373637
|switch|p1a: Claydol|Claydol|94/100
|move|p2a: Skarmory|Roar|p1a: Claydol
|drag|p1a: Zapdos|Zapdos|58/100
|
|-weather|Sandstorm|[upkeep]
|-damage|p1a: Zapdos|52/100|[from] Sandstorm
|-heal|p1a: Zapdos|58/100|[from] item: Leftovers
|upkeep
|turn|58
|
|t:|1729373643
|switch|p1a: Claydol|Claydol|94/100
|move|p2a: Skarmory|Protect||[still]
|-fail|p2a: Skarmory
|
|-weather|Sandstorm|[upkeep]
|-heal|p1a: Claydol|100/100|[from] item: Leftovers
|upkeep
|turn|59
|
|t:|1729373651
|switch|p1a: Skarmory|Skarmory, M|100/100
|cant|p2a: Skarmory|par
|
|-weather|Sandstorm|[upkeep]
|upkeep
|turn|60
|
|t:|1729373655
|move|p2a: Skarmory|Spikes|p1a: Skarmory
|-sidestart|p1: Ooziegib|Spikes
|move|p1a: Skarmory|Roar|p2a: Skarmory
|drag|p2a: Tyranitar|Tyranitar, M|100/100
|-damage|p2a: Tyranitar|76/100|[from] Spikes
|
|-weather|Sandstorm|[upkeep]
|-heal|p2a: Tyranitar|82/100|[from] item: Leftovers
|upkeep
|turn|61
|
|t:|1729373664
|switch|p1a: Suicune|Suicune|90/100
|-damage|p1a: Suicune|65/100|[from] Spikes
|move|p2a: Tyranitar|Flamethrower|p1a: Suicune
|-resisted|p1a: Suicune
|-damage|p1a: Suicune|54/100
|-status|p1a: Suicune|brn
|
|-weather|Sandstorm|[upkeep]
|-damage|p1a: Suicune|48/100 brn|[from] Sandstorm
|-heal|p1a: Suicune|54/100 brn|[from] item: Leftovers
|-damage|p1a: Suicune|42/100 brn|[from] brn
|-heal|p2a: Tyranitar|88/100|[from] item: Leftovers
|upkeep
|turn|62
|
|t:|1729373669
|move|p1a: Suicune|Rest|p1a: Suicune
|-status|p1a: Suicune|slp|[from] move: Rest
|-heal|p1a: Suicune|100/100 slp|[silent]
|move|p2a: Tyranitar|Hidden Power|p1a: Suicune
|-supereffective|p1a: Suicune
|-damage|p1a: Suicune|67/100 slp
|
|-weather|Sandstorm|[upkeep]
|-damage|p1a: Suicune|61/100 slp|[from] Sandstorm
|-heal|p1a: Suicune|67/100 slp|[from] item: Leftovers
|-heal|p2a: Tyranitar|94/100|[from] item: Leftovers
|upkeep
|turn|63
|
|t:|1729373675
|switch|p1a: Blissey|Blissey, F|94/100
|-damage|p1a: Blissey|69/100|[from] Spikes
|move|p2a: Tyranitar|Hidden Power|p1a: Blissey
|-damage|p1a: Blissey|61/100
|
|-weather|Sandstorm|[upkeep]
|-damage|p1a: Blissey|55/100|[from] Sandstorm
|-heal|p2a: Tyranitar|99/100|[from] item: Leftovers
|-heal|p1a: Blissey|61/100|[from] item: Leftovers
|upkeep
|turn|64
|
|t:|1729373687
|switch|p2a: Skarmory|Skarmory, M|100/100 par
|move|p1a: Blissey|Soft-Boiled|p1a: Blissey
|-heal|p1a: Blissey|100/100
|
|-weather|Sandstorm|[upkeep]
|-damage|p1a: Blissey|94/100|[from] Sandstorm
|-heal|p1a: Blissey|100/100|[from] item: Leftovers
|upkeep
|turn|65
|
|t:|1729373693
|switch|p1a: Claydol|Claydol|100/100
|cant|p2a: Skarmory|par
|
|-weather|Sandstorm|[upkeep]
|upkeep
|turn|66
|
|t:|1729373697
|move|p1a: Claydol|Rapid Spin|p2a: Skarmory
|-resisted|p2a: Skarmory
|-crit|p2a: Skarmory
|-damage|p2a: Skarmory|97/100 par
|-sideend|p1: Ooziegib|Spikes|[from] move: Rapid Spin|[of] p1a: Claydol
|move|p2a: Skarmory|Toxic|p1a: Claydol|[miss]
|-miss|p2a: Skarmory|p1a: Claydol
|
|-weather|Sandstorm|[upkeep]
|-heal|p2a: Skarmory|100/100 par|[from] item: Leftovers
|upkeep
|turn|67
|
|t:|1729373701
|switch|p1a: Skarmory|Skarmory, M|100/100
|cant|p2a: Skarmory|par
|
|-weather|Sandstorm|[upkeep]
|upkeep
|turn|68
|
|t:|1729373704
|move|p2a: Skarmory|Spikes|p1a: Skarmory
|-sidestart|p1: Ooziegib|Spikes
|move|p1a: Skarmory|Roar|p2a: Skarmory
|drag|p2a: Zapdos|Zapdos|100/100
|
|-weather|Sandstorm|[upkeep]
|-damage|p2a: Zapdos|94/100|[from] Sandstorm
|-heal|p2a: Zapdos|100/100|[from] item: Leftovers
|upkeep
|turn|69
|
|t:|1729373710
|switch|p1a: Claydol|Claydol|100/100
|move|p2a: Zapdos|Roar|p1a: Claydol
|drag|p1a: Suicune|Suicune|67/100 slp
|-damage|p1a: Suicune|54/100 slp|[from] Spikes
|
|-weather|Sandstorm|[upkeep]
|-damage|p2a: Zapdos|94/100|[from] Sandstorm
|-damage|p1a: Suicune|48/100 slp|[from] Sandstorm
|-heal|p2a: Zapdos|100/100|[from] item: Leftovers
|-heal|p1a: Suicune|54/100 slp|[from] item: Leftovers
|upkeep
|turn|70
|
|t:|1729373715
|switch|p1a: Claydol|Claydol|100/100
|move|p2a: Zapdos|Thunderbolt|p1a: Claydol
|-immune|p1a: Claydol
|
|-weather|Sandstorm|[upkeep]
|-damage|p2a: Zapdos|94/100|[from] Sandstorm
|-heal|p2a: Zapdos|100/100|[from] item: Leftovers
|upkeep
|turn|71
|
|t:|1729373719
|move|p1a: Claydol|Rapid Spin|p2a: Zapdos
|-damage|p2a: Zapdos|97/100
|-sideend|p1: Ooziegib|Spikes|[from] move: Rapid Spin|[of] p1a: Claydol
|move|p2a: Zapdos|Roar|p1a: Claydol
|drag|p1a: Zapdos|Zapdos|58/100
|
|-weather|Sandstorm|[upkeep]
|-damage|p1a: Zapdos|52/100|[from] Sandstorm
|-damage|p2a: Zapdos|90/100|[from] Sandstorm
|-heal|p1a: Zapdos|58/100|[from] item: Leftovers
|-heal|p2a: Zapdos|97/100|[from] item: Leftovers
|upkeep
|turn|72
|
|t:|1729373727
|switch|p1a: Claydol|Claydol|100/100
|move|p2a: Zapdos|Roar|p1a: Claydol
|drag|p1a: Dugtrio|Dugtrio, M|100/100
|
|-weather|Sandstorm|[upkeep]
|-damage|p2a: Zapdos|90/100|[from] Sandstorm
|-heal|p2a: Zapdos|97/100|[from] item: Leftovers
|upkeep
|turn|73
|
|t:|1729373732
|switch|p1a: Claydol|Claydol|100/100
|switch|p2a: Skarmory|Skarmory, M|100/100 par
|
|-weather|Sandstorm|[upkeep]
|upkeep
|turn|74
|
|t:|1729373744
|switch|p1a: Skarmory|Skarmory, M|100/100
|move|p2a: Skarmory|Spikes|p1a: Skarmory
|-sidestart|p1: Ooziegib|Spikes
|
|-weather|Sandstorm|[upkeep]
|upkeep
|turn|75
|
|t:|1729373747
|switch|p1a: Zapdos|Zapdos|58/100
|cant|p2a: Skarmory|par
|
|-weather|Sandstorm|[upkeep]
|-damage|p1a: Zapdos|52/100|[from] Sandstorm
|-heal|p1a: Zapdos|58/100|[from] item: Leftovers
|upkeep
|turn|76
|
|t:|1729373752
|switch|p1a: Claydol|Claydol|100/100
|switch|p2a: Zapdos|Zapdos|97/100
|
|-weather|Sandstorm|[upkeep]
|-damage|p2a: Zapdos|90/100|[from] Sandstorm
|-heal|p2a: Zapdos|97/100|[from] item: Leftovers
|upkeep
|turn|77
|
|t:|1729373755
|switch|p2a: Skarmory|Skarmory, M|100/100 par
|move|p1a: Claydol|Rapid Spin|p2a: Skarmory
|-resisted|p2a: Skarmory
|-damage|p2a: Skarmory|99/100 par
|-sideend|p1: Ooziegib|Spikes|[from] move: Rapid Spin|[of] p1a: Claydol
|
|-weather|Sandstorm|[upkeep]
|-heal|p2a: Skarmory|100/100 par|[from] item: Leftovers
|upkeep
|turn|78
|
|t:|1729373760
|switch|p1a: Skarmory|Skarmory, M|100/100
|switch|p2a: Zapdos|Zapdos|97/100
|
|-weather|Sandstorm|[upkeep]
|-damage|p2a: Zapdos|90/100|[from] Sandstorm
|-heal|p2a: Zapdos|97/100|[from] item: Leftovers
|upkeep
|turn|79
|
|t:|1729373763
|switch|p2a: Skarmory|Skarmory, M|100/100 par
|switch|p1a: Claydol|Claydol|100/100
|
|-weather|Sandstorm|[upkeep]
|upkeep
|turn|80
|
|t:|1729373767
|switch|p1a: Skarmory|Skarmory, M|100/100
|switch|p2a: Zapdos|Zapdos|97/100
|
|-weather|Sandstorm|[upkeep]
|-damage|p2a: Zapdos|90/100|[from] Sandstorm
|-heal|p2a: Zapdos|97/100|[from] item: Leftovers
|upkeep
|turn|81
|
|t:|1729373768
|switch|p2a: Skarmory|Skarmory, M|100/100 par
|switch|p1a: Claydol|Claydol|100/100
|
|-weather|Sandstorm|[upkeep]
|upkeep
|turn|82
|
|t:|1729373772
|switch|p1a: Blissey|Blissey, F|100/100
|switch|p2a: Zapdos|Zapdos|97/100
|
|-weather|Sandstorm|[upkeep]
|-damage|p2a: Zapdos|90/100|[from] Sandstorm
|-damage|p1a: Blissey|94/100|[from] Sandstorm
|-heal|p2a: Zapdos|97/100|[from] item: Leftovers
|-heal|p1a: Blissey|100/100|[from] item: Leftovers
|upkeep
|turn|83
|
|t:|1729373776
|switch|p2a: Skarmory|Skarmory, M|100/100 par
|move|p1a: Blissey|Thunder Wave|p2a: Skarmory
|-fail|p2a: Skarmory|par
|
|-weather|Sandstorm|[upkeep]
|-damage|p1a: Blissey|94/100|[from] Sandstorm
|-heal|p1a: Blissey|100/100|[from] item: Leftovers
|upkeep
|turn|84
|
|t:|1729373781
|move|p1a: Blissey|Seismic Toss|p2a: Skarmory
|-damage|p2a: Skarmory|70/100 par
|cant|p2a: Skarmory|par
|
|-weather|Sandstorm|[upkeep]
|-damage|p1a: Blissey|94/100|[from] Sandstorm
|-heal|p1a: Blissey|100/100|[from] item: Leftovers
|-heal|p2a: Skarmory|76/100 par|[from] item: Leftovers
|upkeep
|turn|85
|
|t:|1729373784
|move|p1a: Blissey|Seismic Toss|p2a: Skarmory
|-damage|p2a: Skarmory|46/100 par
|move|p2a: Skarmory|Toxic|p1a: Blissey
|-status|p1a: Blissey|tox
|
|-weather|Sandstorm|[upkeep]
|-damage|p1a: Blissey|94/100 tox|[from] Sandstorm
|-heal|p1a: Blissey|100/100 tox|[from] item: Leftovers
|-damage|p1a: Blissey|94/100 tox|[from] psn
|-heal|p2a: Skarmory|52/100 par|[from] item: Leftovers
|upkeep
|turn|86
|
|t:|1729373788
|move|p2a: Skarmory|Protect|p2a: Skarmory
|-singleturn|p2a: Skarmory|Protect
|move|p1a: Blissey|Seismic Toss|p2a: Skarmory
|-activate|p2a: Skarmory|Protect
|
|-weather|Sandstorm|[upkeep]
|-damage|p1a: Blissey|88/100 tox|[from] Sandstorm
|-heal|p1a: Blissey|94/100 tox|[from] item: Leftovers
|-damage|p1a: Blissey|82/100 tox|[from] psn
|-heal|p2a: Skarmory|58/100 par|[from] item: Leftovers
|upkeep
|turn|87
|
|t:|1729373792
|move|p1a: Blissey|Aromatherapy|p1a: Blissey
|-cureteam|p1a: Blissey|[from] move: Aromatherapy
|move|p2a: Skarmory|Spikes|p1a: Blissey
|-sidestart|p1: Ooziegib|Spikes
|
|-weather|Sandstorm|[upkeep]
|-damage|p1a: Blissey|76/100|[from] Sandstorm
|-heal|p1a: Blissey|82/100|[from] item: Leftovers
|-heal|p2a: Skarmory|64/100 par|[from] item: Leftovers
|upkeep
|turn|88
|
|t:|1729373795
|move|p2a: Skarmory|Protect|p2a: Skarmory
|-singleturn|p2a: Skarmory|Protect
|move|p1a: Blissey|Seismic Toss|p2a: Skarmory
|-activate|p2a: Skarmory|Protect
|
|-weather|Sandstorm|[upkeep]
|-damage|p1a: Blissey|76/100|[from] Sandstorm
|-heal|p1a: Blissey|82/100|[from] item: Leftovers
|-heal|p2a: Skarmory|70/100 par|[from] item: Leftovers
|upkeep
|turn|89
|
|t:|1729373799
|move|p1a: Blissey|Seismic Toss|p2a: Skarmory
|-damage|p2a: Skarmory|40/100 par
|move|p2a: Skarmory|Toxic|p1a: Blissey
|-status|p1a: Blissey|tox
|
|-weather|Sandstorm|[upkeep]
|-damage|p1a: Blissey|76/100 tox|[from] Sandstorm
|-heal|p1a: Blissey|82/100 tox|[from] item: Leftovers
|-damage|p1a: Blissey|76/100 tox|[from] psn
|-heal|p2a: Skarmory|46/100 par|[from] item: Leftovers
|upkeep
|turn|90
|
|t:|1729373802
|-curestatus|p1a: Blissey|tox|[from] ability: Natural Cure
|switch|p1a: Claydol|Claydol|100/100
|move|p2a: Skarmory|Protect||[still]
|-fail|p2a: Skarmory
|
|-weather|Sandstorm|[upkeep]
|-heal|p2a: Skarmory|52/100 par|[from] item: Leftovers
|upkeep
|turn|91
|
|t:|1729373808
|switch|p1a: Skarmory|Skarmory, M|100/100
|move|p2a: Skarmory|Spikes|p1a: Skarmory
|-sidestart|p1: Ooziegib|Spikes
|
|-weather|Sandstorm|[upkeep]
|-heal|p2a: Skarmory|58/100 par|[from] item: Leftovers
|upkeep
|turn|92
|
|t:|1729373811
|switch|p1a: Claydol|Claydol|100/100
|move|p2a: Skarmory|Spikes|p1a: Claydol
|-sidestart|p1: Ooziegib|Spikes
|
|-weather|Sandstorm|[upkeep]
|-heal|p2a: Skarmory|64/100 par|[from] item: Leftovers
|upkeep
|turn|93
|
|t:|1729373816
|cant|p2a: Skarmory|par
|move|p1a: Claydol|Rapid Spin|p2a: Skarmory
|-resisted|p2a: Skarmory
|-damage|p2a: Skarmory|63/100 par
|-sideend|p1: Ooziegib|Spikes|[from] move: Rapid Spin|[of] p1a: Claydol
|
|-weather|Sandstorm|[upkeep]
|-heal|p2a: Skarmory|69/100 par|[from] item: Leftovers
|upkeep
|turn|94
|
|t:|1729373820
|switch|p1a: Zapdos|Zapdos|58/100
|move|p2a: Skarmory|Spikes|p1a: Zapdos
|-sidestart|p1: Ooziegib|Spikes
|
|-weather|Sandstorm|[upkeep]
|-damage|p1a: Zapdos|52/100|[from] Sandstorm
|-heal|p1a: Zapdos|58/100|[from] item: Leftovers
|-heal|p2a: Skarmory|75/100 par|[from] item: Leftovers
|upkeep
|turn|95
|
|t:|1729373823
|switch|p1a: Claydol|Claydol|100/100
|switch|p2a: Zapdos|Zapdos|97/100
|
|-weather|Sandstorm|[upkeep]
|-damage|p2a: Zapdos|90/100|[from] Sandstorm
|-heal|p2a: Zapdos|97/100|[from] item: Leftovers
|upkeep
|turn|96
|
|t:|1729373826
|switch|p2a: Skarmory|Skarmory, M|75/100 par
|move|p1a: Claydol|Rapid Spin|p2a: Skarmory
|-resisted|p2a: Skarmory
|-damage|p2a: Skarmory|73/100 par
|-sideend|p1: Ooziegib|Spikes|[from] move: Rapid Spin|[of] p1a: Claydol
|
|-weather|Sandstorm|[upkeep]
|-heal|p2a: Skarmory|79/100 par|[from] item: Leftovers
|upkeep
|turn|97
|
|t:|1729373831
|switch|p1a: Zapdos|Zapdos|58/100
|switch|p2a: Zapdos|Zapdos|97/100
|
|-weather|Sandstorm|[upkeep]
|-damage|p1a: Zapdos|52/100|[from] Sandstorm
|-damage|p2a: Zapdos|90/100|[from] Sandstorm
|-heal|p1a: Zapdos|58/100|[from] item: Leftovers
|-heal|p2a: Zapdos|97/100|[from] item: Leftovers
|upkeep
|turn|98
|
|t:|1729373834
|switch|p1a: Claydol|Claydol|100/100
|move|p2a: Zapdos|Thunderbolt|p1a: Claydol
|-immune|p1a: Claydol
|
|-weather|Sandstorm|[upkeep]
|-damage|p2a: Zapdos|90/100|[from] Sandstorm
|-heal|p2a: Zapdos|97/100|[from] item: Leftovers
|upkeep
|turn|99
|
|t:|1729373841
|switch|p2a: Tyranitar|Tyranitar, M|99/100
|-damage|p2a: Tyranitar|75/100|[from] Spikes
|switch|p1a: Blissey|Blissey, F|76/100
|
|-weather|Sandstorm|[upkeep]
|-damage|p1a: Blissey|70/100|[from] Sandstorm
|-heal|p2a: Tyranitar|81/100|[from] item: Leftovers
|-heal|p1a: Blissey|76/100|[from] item: Leftovers
|upkeep
|turn|100
|
|t:|1729373852
|switch|p2a: Skarmory|Skarmory, M|79/100 par
|move|p1a: Blissey|Thunder Wave|p2a: Skarmory
|-fail|p2a: Skarmory|par
|
|-weather|Sandstorm|[upkeep]
|-damage|p1a: Blissey|70/100|[from] Sandstorm
|-heal|p1a: Blissey|76/100|[from] item: Leftovers
|-heal|p2a: Skarmory|85/100 par|[from] item: Leftovers
|upkeep
|turn|101
|
|t:|1729373857
|switch|p1a: Zapdos|Zapdos|58/100
|move|p2a: Skarmory|Roar|p1a: Zapdos
|drag|p1a: Dugtrio|Dugtrio, M|100/100
|
|-weather|Sandstorm|[upkeep]
|-heal|p2a: Skarmory|91/100 par|[from] item: Leftovers
|upkeep
|turn|102
|
|t:|1729373863
|switch|p1a: Zapdos|Zapdos|58/100
|move|p2a: Skarmory|Spikes|p1a: Zapdos
|-sidestart|p1: Ooziegib|Spikes
|
|-weather|Sandstorm|[upkeep]
|-damage|p1a: Zapdos|52/100|[from] Sandstorm
|-heal|p1a: Zapdos|58/100|[from] item: Leftovers
|-heal|p2a: Skarmory|97/100 par|[from] item: Leftovers
|upkeep
|turn|103
|
|t:|1729373870
|switch|p1a: Claydol|Claydol|100/100
|switch|p2a: Zapdos|Zapdos|97/100
|
|-weather|Sandstorm|[upkeep]
|-damage|p2a: Zapdos|90/100|[from] Sandstorm
|-heal|p2a: Zapdos|97/100|[from] item: Leftovers
|upkeep
|turn|104
|
|t:|1729373876
|move|p1a: Claydol|Rapid Spin|p2a: Zapdos
|-damage|p2a: Zapdos|92/100
|-sideend|p1: Ooziegib|Spikes|[from] move: Rapid Spin|[of] p1a: Claydol
|move|p2a: Zapdos|Roar|p1a: Claydol
|drag|p1a: Dugtrio|Dugtrio, M|100/100
|
|-weather|Sandstorm|[upkeep]
|-damage|p2a: Zapdos|86/100|[from] Sandstorm
|-heal|p2a: Zapdos|92/100|[from] item: Leftovers
|upkeep
|turn|105
|
|t:|1729373883
|switch|p1a: Claydol|Claydol|100/100
|switch|p2a: Skarmory|Skarmory, M|97/100 par
|
|-weather|Sandstorm|[upkeep]
|-heal|p2a: Skarmory|100/100 par|[from] item: Leftovers
|upkeep
|turn|106
|
|t:|1729373888
|switch|p1a: Zapdos|Zapdos|58/100
|move|p2a: Skarmory|Spikes|p1a: Zapdos
|-sidestart|p1: Ooziegib|Spikes
|
|-weather|Sandstorm|[upkeep]
|-damage|p1a: Zapdos|52/100|[from] Sandstorm
|-heal|p1a: Zapdos|58/100|[from] item: Leftovers
|upkeep
|turn|107
|
|t:|1729373894
|switch|p1a: Claydol|Claydol|100/100
|move|p2a: Skarmory|Roar|p1a: Claydol
|drag|p1a: Suicune|Suicune|54/100
|-damage|p1a: Suicune|42/100|[from] Spikes
|
|-weather|Sandstorm|[upkeep]
|-damage|p1a: Suicune|36/100|[from] Sandstorm
|-heal|p1a: Suicune|42/100|[from] item: Leftovers
|upkeep
|turn|108
|
|t:|1729373900
|move|p1a: Suicune|Rest|p1a: Suicune
|-status|p1a: Suicune|slp|[from] move: Rest
|-heal|p1a: Suicune|100/100 slp|[silent]
|move|p2a: Skarmory|Toxic|p1a: Suicune|[miss]
|-miss|p2a: Skarmory|p1a: Suicune
|
|-weather|Sandstorm|[upkeep]
|-damage|p1a: Suicune|94/100 slp|[from] Sandstorm
|-heal|p1a: Suicune|100/100 slp|[from] item: Leftovers
|upkeep
|turn|109
|
|t:|1729373903
|switch|p1a: Claydol|Claydol|100/100
|move|p2a: Skarmory|Spikes|p1a: Claydol
|-sidestart|p1: Ooziegib|Spikes
|
|-weather|Sandstorm|[upkeep]
|upkeep
|turn|110
|
|t:|1729373906
|move|p1a: Claydol|Rapid Spin|p2a: Skarmory
|-resisted|p2a: Skarmory
|-crit|p2a: Skarmory
|-damage|p2a: Skarmory|97/100 par
|-sideend|p1: Ooziegib|Spikes|[from] move: Rapid Spin|[of] p1a: Claydol
|move|p2a: Skarmory|Roar|p1a: Claydol
|drag|p1a: Skarmory|Skarmory, M|100/100
|
|-weather|Sandstorm|[upkeep]
|-heal|p2a: Skarmory|100/100 par|[from] item: Leftovers
|upkeep
|turn|111
|
|t:|1729373910
|switch|p1a: Zapdos|Zapdos|58/100
|move|p2a: Skarmory|Roar|p1a: Zapdos
|drag|p1a: Blissey|Blissey, F|76/100
|
|-weather|Sandstorm|[upkeep]
|-damage|p1a: Blissey|70/100|[from] Sandstorm
|-heal|p1a: Blissey|76/100|[from] item: Leftovers
|upkeep
|turn|112
|
|t:|1729373914
|switch|p1a: Zapdos|Zapdos|58/100
|move|p2a: Skarmory|Toxic|p1a: Zapdos
|-status|p1a: Zapdos|tox
|
|-weather|Sandstorm|[upkeep]
|-damage|p1a: Zapdos|52/100 tox|[from] Sandstorm
|-heal|p1a: Zapdos|58/100 tox|[from] item: Leftovers
|-damage|p1a: Zapdos|52/100 tox|[from] psn
|upkeep
|turn|113
|
|t:|1729373931
|switch|p2a: Aerodactyl|Aerodactyl, F|100/100
|move|p1a: Zapdos|Rest|p1a: Zapdos
|-status|p1a: Zapdos|slp|[from] move: Rest
|-heal|p1a: Zapdos|100/100 slp|[silent]
|
|-weather|Sandstorm|[upkeep]
|-damage|p1a: Zapdos|94/100 slp|[from] Sandstorm
|-heal|p1a: Zapdos|100/100 slp|[from] item: Leftovers
|upkeep
|turn|114
|
|t:|1729373939
|switch|p1a: Skarmory|Skarmory, M|100/100
|move|p2a: Aerodactyl|Rock Slide|p1a: Skarmory
|-damage|p1a: Skarmory|60/100
|
|-weather|Sandstorm|[upkeep]
|-heal|p1a: Skarmory|66/100|[from] item: Leftovers
|upkeep
|turn|115
|
|t:|1729373944
|move|p1a: Skarmory|Protect|p1a: Skarmory
|-singleturn|p1a: Skarmory|Protect
|move|p2a: Aerodactyl|Rock Slide|p1a: Skarmory
|-activate|p1a: Skarmory|Protect
|
|-weather|Sandstorm|[upkeep]
|-heal|p1a: Skarmory|72/100|[from] item: Leftovers
|upkeep
|turn|116
|
|t:|1729373946
|switch|p1a: Claydol|Claydol|100/100
|move|p2a: Aerodactyl|Rock Slide|p1a: Claydol
|-resisted|p1a: Claydol
|-damage|p1a: Claydol|78/100
|
|-weather|Sandstorm|[upkeep]
|-heal|p1a: Claydol|84/100|[from] item: Leftovers
|upkeep
|turn|117
|
|t:|1729373955
|switch|p2a: Tyranitar|Tyranitar, M|81/100
|-damage|p2a: Tyranitar|56/100|[from] Spikes
|move|p1a: Claydol|Psychic|p2a: Tyranitar
|-immune|p2a: Tyranitar
|
|-weather|Sandstorm|[upkeep]
|-heal|p2a: Tyranitar|62/100|[from] item: Leftovers
|-heal|p1a: Claydol|90/100|[from] item: Leftovers
|upkeep
|turn|118
|
|t:|1729373958
|move|p2a: Tyranitar|Pursuit|p1a: Claydol
|-supereffective|p1a: Claydol
|-damage|p1a: Claydol|59/100
|move|p1a: Claydol|Earthquake|p2a: Tyranitar
|-supereffective|p2a: Tyranitar
|-damage|p2a: Tyranitar|10/100
|
|-weather|Sandstorm|[upkeep]
|-heal|p2a: Tyranitar|16/100|[from] item: Leftovers
|-heal|p1a: Claydol|65/100|[from] item: Leftovers
|upkeep
|turn|119
|
|t:|1729373964
|move|p2a: Tyranitar|Crunch|p1a: Claydol
|-supereffective|p1a: Claydol
|-damage|p1a: Claydol|10/100
|move|p1a: Claydol|Earthquake|p2a: Tyranitar
|-supereffective|p2a: Tyranitar
|-damage|p2a: Tyranitar|0 fnt
|faint|p2a: Tyranitar
|
|t:|1729373971
|switch|p2a: Aerodactyl|Aerodactyl, F|100/100
|
|-weather|Sandstorm|[upkeep]
|-heal|p1a: Claydol|17/100|[from] item: Leftovers
|upkeep
|turn|120
|
|t:|1729373989
|-activate|p1a: Claydol|move: Pursuit
|move|p2a: Aerodactyl|Pursuit|p1a: Claydol|[from]Pursuit
|-supereffective|p1a: Claydol
|-damage|p1a: Claydol|0 fnt
|faint|p1a: Claydol
|-hint|Previously chosen switches continue in Gen 2-4 after a Pursuit target faints.
|switch|p1a: Skarmory|Skarmory, M|72/100
|
|-weather|Sandstorm|[upkeep]
|-heal|p1a: Skarmory|78/100|[from] item: Leftovers
|upkeep
|turn|121
|
|t:|1729373999
|switch|p2a: Skarmory|Skarmory, M|100/100 par
|switch|p1a: Dugtrio|Dugtrio, M|100/100
|
|-weather|Sandstorm|[upkeep]
|upkeep
|turn|122
|
|t:|1729374006
|move|p1a: Dugtrio|Sunny Day|p1a: Dugtrio
|-weather|SunnyDay
|move|p2a: Skarmory|Spikes|p1a: Dugtrio
|-sidestart|p1: Ooziegib|Spikes
|
|-weather|SunnyDay|[upkeep]
|upkeep
|turn|123
|
|t:|1729374009
|switch|p1a: Blissey|Blissey, F|76/100
|-damage|p1a: Blissey|63/100|[from] Spikes
|move|p2a: Skarmory|Spikes|p1a: Blissey
|-sidestart|p1: Ooziegib|Spikes
|
|-weather|SunnyDay|[upkeep]
|-heal|p1a: Blissey|70/100|[from] item: Leftovers
|upkeep
|turn|124
|
|t:|1729374012
|move|p1a: Blissey|Aromatherapy|p1a: Blissey
|-cureteam|p1a: Blissey|[from] move: Aromatherapy
|cant|p2a: Skarmory|par
|
|-weather|SunnyDay|[upkeep]
|-heal|p1a: Blissey|76/100|[from] item: Leftovers
|upkeep
|turn|125
|
|t:|1729374016
|move|p1a: Blissey|Seismic Toss|p2a: Skarmory
|-damage|p2a: Skarmory|70/100 par
|cant|p2a: Skarmory|par
|
|-weather|SunnyDay|[upkeep]
|-heal|p1a: Blissey|82/100|[from] item: Leftovers
|-heal|p2a: Skarmory|76/100 par|[from] item: Leftovers
|upkeep
|turn|126
|
|t:|1729374020
|cant|p2a: Skarmory|par
|move|p1a: Blissey|Seismic Toss|p2a: Skarmory
|-damage|p2a: Skarmory|46/100 par
|
|-weather|none
|-heal|p1a: Blissey|88/100|[from] item: Leftovers
|-heal|p2a: Skarmory|52/100 par|[from] item: Leftovers
|upkeep
|turn|127
|
|t:|1729374022
|move|p2a: Skarmory|Protect|p2a: Skarmory
|-singleturn|p2a: Skarmory|Protect
|move|p1a: Blissey|Seismic Toss|p2a: Skarmory
|-activate|p2a: Skarmory|Protect
|
|-heal|p1a: Blissey|94/100|[from] item: Leftovers
|-heal|p2a: Skarmory|58/100 par|[from] item: Leftovers
|upkeep
|turn|128
|
|t:|1729374024
|move|p1a: Blissey|Seismic Toss|p2a: Skarmory
|-damage|p2a: Skarmory|28/100 par
|move|p2a: Skarmory|Spikes|p1a: Blissey
|-sidestart|p1: Ooziegib|Spikes
|
|-heal|p1a: Blissey|100/100|[from] item: Leftovers
|-heal|p2a: Skarmory|34/100 par|[from] item: Leftovers
|upkeep
|turn|129
|
|t:|1729374031
|cant|p2a: Skarmory|par
|move|p1a: Blissey|Thunder Wave|p2a: Skarmory
|-fail|p2a: Skarmory|par
|
|-heal|p2a: Skarmory|40/100 par|[from] item: Leftovers
|upkeep
|turn|130
|
|t:|1729374036
|move|p2a: Skarmory|Protect|p2a: Skarmory
|-singleturn|p2a: Skarmory|Protect
|move|p1a: Blissey|Seismic Toss|p2a: Skarmory
|-activate|p2a: Skarmory|Protect
|
|-heal|p2a: Skarmory|46/100 par|[from] item: Leftovers
|upkeep
|turn|131
|
|t:|1729374042
|switch|p2a: Zapdos|Zapdos|92/100
|move|p1a: Blissey|Seismic Toss|p2a: Zapdos
|-damage|p2a: Zapdos|66/100
|
|-heal|p2a: Zapdos|73/100|[from] item: Leftovers
|upkeep
|turn|132
|
|t:|1729374047
|move|p1a: Blissey|Thunder Wave|p2a: Zapdos
|-status|p2a: Zapdos|par
|move|p2a: Zapdos|Roar|p1a: Blissey
|drag|p1a: Zapdos|Zapdos|100/100
|
|-heal|p2a: Zapdos|79/100 par|[from] item: Leftovers
|upkeep
|turn|133
|
|t:|1729374051
|switch|p1a: Blissey|Blissey, F|100/100
|-damage|p1a: Blissey|76/100|[from] Spikes
|move|p2a: Zapdos|Roar|p1a: Blissey
|drag|p1a: Suicune|Suicune|100/100
|-damage|p1a: Suicune|75/100|[from] Spikes
|
|-heal|p1a: Suicune|82/100|[from] item: Leftovers
|-heal|p2a: Zapdos|85/100 par|[from] item: Leftovers
|upkeep
|turn|134
|
|t:|1729374056
|switch|p1a: Zapdos|Zapdos|100/100
|move|p2a: Zapdos|Roar|p1a: Zapdos
|drag|p1a: Skarmory|Skarmory, M|78/100
|
|-heal|p1a: Skarmory|84/100|[from] item: Leftovers
|-heal|p2a: Zapdos|91/100 par|[from] item: Leftovers
|upkeep
|turn|135
|
|t:|1729374061
|move|p1a: Skarmory|Protect|p1a: Skarmory
|-singleturn|p1a: Skarmory|Protect
|cant|p2a: Zapdos|par
|
|-heal|p1a: Skarmory|90/100|[from] item: Leftovers
|-heal|p2a: Zapdos|98/100 par|[from] item: Leftovers
|upkeep
|turn|136
|
|t:|1729374067
|switch|p1a: Zapdos|Zapdos|100/100
|move|p2a: Zapdos|Roar|p1a: Zapdos
|drag|p1a: Skarmory|Skarmory, M|90/100
|
|-heal|p1a: Skarmory|96/100|[from] item: Leftovers
|-heal|p2a: Zapdos|100/100 par|[from] item: Leftovers
|upkeep
|turn|137
|
|t:|1729374073
|switch|p1a: Zapdos|Zapdos|100/100
|switch|p2a: Flygon|Flygon, M|100/100
|
|upkeep
|turn|138
|
|t:|1729374080
|switch|p2a: Jirachi|Jirachi|99/100
|-damage|p2a: Jirachi|75/100|[from] Spikes
|move|p1a: Zapdos|Toxic|p2a: Jirachi
|-immune|p2a: Jirachi
|
|-heal|p2a: Jirachi|81/100|[from] item: Leftovers
|upkeep
|turn|139
|
|t:|1729374085
|move|p2a: Jirachi|Protect|p2a: Jirachi
|-singleturn|p2a: Jirachi|Protect
|move|p1a: Zapdos|Substitute|p1a: Zapdos
|-start|p1a: Zapdos|Substitute
|-damage|p1a: Zapdos|76/100
|
|-heal|p1a: Zapdos|82/100|[from] item: Leftovers
|-heal|p2a: Jirachi|87/100|[from] item: Leftovers
|upkeep
|turn|140
|
|t:|1729374091
|switch|p2a: Zapdos|Zapdos|100/100 par
|move|p1a: Zapdos|Thunderbolt|p2a: Zapdos
|-crit|p2a: Zapdos
|-damage|p2a: Zapdos|45/100 par
|
|-heal|p1a: Zapdos|88/100|[from] item: Leftovers
|-heal|p2a: Zapdos|51/100 par|[from] item: Leftovers
|upkeep
|turn|141
|
|t:|1729374096
|move|p1a: Zapdos|Rest|p1a: Zapdos
|-status|p1a: Zapdos|slp|[from] move: Rest
|-heal|p1a: Zapdos|100/100 slp|[silent]
|move|p2a: Zapdos|Rest|p2a: Zapdos
|-status|p2a: Zapdos|slp|[from] move: Rest
|-heal|p2a: Zapdos|100/100 slp|[silent]
|
|upkeep
|turn|142
|
|t:|1729374100
|cant|p1a: Zapdos|slp
|cant|p2a: Zapdos|slp
|
|upkeep
|turn|143
|
|t:|1729374103
|cant|p1a: Zapdos|slp
|cant|p2a: Zapdos|slp
|
|upkeep
|turn|144
|
|t:|1729374107
|-curestatus|p1a: Zapdos|slp|[msg]
|move|p1a: Zapdos|Substitute|p1a: Zapdos
|-fail|p1a: Zapdos|move: Substitute
|-curestatus|p2a: Zapdos|slp|[msg]
|move|p2a: Zapdos|Roar|p1a: Zapdos
|drag|p1a: Dugtrio|Dugtrio, M|100/100
|-damage|p1a: Dugtrio|76/100|[from] Spikes
|
|upkeep
|turn|145
|
|t:|1729374116
|move|p1a: Dugtrio|Earthquake|p2a: Zapdos
|-immune|p2a: Zapdos
|move|p2a: Zapdos|Roar|p1a: Dugtrio
|drag|p1a: Blissey|Blissey, F|76/100
|-damage|p1a: Blissey|51/100|[from] Spikes
|
|-heal|p1a: Blissey|57/100|[from] item: Leftovers
|upkeep
|turn|146
|
|t:|1729374120
|switch|p2a: Aerodactyl|Aerodactyl, F|100/100
|move|p1a: Blissey|Soft-Boiled|p1a: Blissey
|-heal|p1a: Blissey|100/100
|
|upkeep
|turn|147
|
|t:|1729374127
|switch|p2a: Skarmory|Skarmory, M|46/100 par
|move|p1a: Blissey|Thunder Wave|p2a: Skarmory
|-fail|p2a: Skarmory|par
|
|-heal|p2a: Skarmory|52/100 par|[from] item: Leftovers
|upkeep
|turn|148
|
|t:|1729374131
|move|p2a: Skarmory|Protect|p2a: Skarmory
|-singleturn|p2a: Skarmory|Protect
|move|p1a: Blissey|Seismic Toss|p2a: Skarmory
|-activate|p2a: Skarmory|Protect
|
|-heal|p2a: Skarmory|58/100 par|[from] item: Leftovers
|upkeep
|turn|149
|
|t:|1729374135
|move|p1a: Blissey|Seismic Toss|p2a: Skarmory
|-damage|p2a: Skarmory|28/100 par
|move|p2a: Skarmory|Roar|p1a: Blissey
|drag|p1a: Suicune|Suicune|82/100
|-damage|p1a: Suicune|57/100|[from] Spikes
|
|-heal|p1a: Suicune|63/100|[from] item: Leftovers
|-heal|p2a: Skarmory|34/100 par|[from] item: Leftovers
|upkeep
|turn|150
|
|t:|1729374147
|move|p2a: Skarmory|Toxic|p1a: Suicune
|-status|p1a: Suicune|tox
|move|p1a: Suicune|Roar|p2a: Skarmory
|drag|p2a: Aerodactyl|Aerodactyl, F|100/100
|
|-heal|p1a: Suicune|69/100 tox|[from] item: Leftovers
|-damage|p1a: Suicune|63/100 tox|[from] psn
|upkeep
|turn|151
|
|t:|1729374156
|switch|p2a: Zapdos|Zapdos|100/100
|move|p1a: Suicune|Rest|p1a: Suicune
|-status|p1a: Suicune|slp|[from] move: Rest
|-heal|p1a: Suicune|100/100 slp|[silent]
|
|upkeep
|turn|152
|
|t:|1729374162
|switch|p2a: Skarmory|Skarmory, M|34/100 par
|switch|p1a: Zapdos|Zapdos|100/100
|
|-heal|p2a: Skarmory|40/100 par|[from] item: Leftovers
|upkeep
|turn|153
|
|t:|1729374167
|switch|p1a: Blissey|Blissey, F|100/100
|-damage|p1a: Blissey|76/100|[from] Spikes
|switch|p2a: Zapdos|Zapdos|100/100
|
|-heal|p1a: Blissey|82/100|[from] item: Leftovers
|upkeep
|turn|154
|
|t:|1729374173
|switch|p2a: Skarmory|Skarmory, M|40/100 par
|move|p1a: Blissey|Aromatherapy|p1a: Blissey
|-cureteam|p1a: Blissey|[from] move: Aromatherapy
|
|-heal|p1a: Blissey|88/100|[from] item: Leftovers
|-heal|p2a: Skarmory|46/100 par|[from] item: Leftovers
|upkeep
|turn|155
|
|t:|1729374183
|switch|p2a: Zapdos|Zapdos|100/100
|move|p1a: Blissey|Seismic Toss|p2a: Zapdos
|-damage|p2a: Zapdos|74/100
|
|-heal|p2a: Zapdos|81/100|[from] item: Leftovers
|-heal|p1a: Blissey|94/100|[from] item: Leftovers
|upkeep
|turn|156
|
|t:|1729374198
|switch|p2a: Skarmory|Skarmory, M|46/100 par
|switch|p1a: Zapdos|Zapdos|100/100
|
|-heal|p2a: Skarmory|52/100 par|[from] item: Leftovers
|upkeep
|turn|157
|
|t:|1729374204
|switch|p1a: Suicune|Suicune|100/100
|-damage|p1a: Suicune|75/100|[from] Spikes
|switch|p2a: Zapdos|Zapdos|81/100
|
|-heal|p2a: Zapdos|87/100|[from] item: Leftovers
|-heal|p1a: Suicune|82/100|[from] item: Leftovers
|upkeep
|turn|158
|
|t:|1729374210
|switch|p2a: Skarmory|Skarmory, M|52/100 par
|switch|p1a: Zapdos|Zapdos|100/100
|
|-heal|p2a: Skarmory|58/100 par|[from] item: Leftovers
|upkeep
|turn|159
|
|t:|1729374214
|switch|p1a: Suicune|Suicune|82/100
|-damage|p1a: Suicune|57/100|[from] Spikes
|switch|p2a: Zapdos|Zapdos|87/100
|
|-heal|p2a: Zapdos|93/100|[from] item: Leftovers
|-heal|p1a: Suicune|63/100|[from] item: Leftovers
|upkeep
|turn|160
|
|t:|1729374218
|switch|p2a: Skarmory|Skarmory, M|58/100 par
|switch|p1a: Zapdos|Zapdos|100/100
|
|-heal|p2a: Skarmory|64/100 par|[from] item: Leftovers
|upkeep
|turn|161
|
|t:|1729374220
|switch|p2a: Zapdos|Zapdos|93/100
|move|p1a: Zapdos|Thunderbolt|p2a: Zapdos
|-damage|p2a: Zapdos|66/100
|-status|p2a: Zapdos|par
|
|-heal|p2a: Zapdos|72/100 par|[from] item: Leftovers
|upkeep
|turn|162
|
|t:|1729374226
|switch|p1a: Blissey|Blissey, F|94/100
|-damage|p1a: Blissey|69/100|[from] Spikes
|move|p2a: Zapdos|Thunderbolt|p1a: Blissey
|-damage|p1a: Blissey|55/100
|
|-heal|p1a: Blissey|61/100|[from] item: Leftovers
|-heal|p2a: Zapdos|78/100 par|[from] item: Leftovers
|upkeep
|turn|163
|
|t:|1729374238
|switch|p2a: Skarmory|Skarmory, M|64/100 par
|move|p1a: Blissey|Soft-Boiled|p1a: Blissey
|-heal|p1a: Blissey|100/100
|
|-heal|p2a: Skarmory|70/100 par|[from] item: Leftovers
|upkeep
|turn|164
|
|t:|1729374242
|switch|p1a: Zapdos|Zapdos|100/100
|switch|p2a: Zapdos|Zapdos|78/100 par
|
|-heal|p2a: Zapdos|85/100 par|[from] item: Leftovers
|upkeep
|turn|165
|
|t:|1729374249
|switch|p1a: Blissey|Blissey, F|100/100
|-damage|p1a: Blissey|76/100|[from] Spikes
|cant|p2a: Zapdos|par
|
|-heal|p1a: Blissey|82/100|[from] item: Leftovers
|-heal|p2a: Zapdos|91/100 par|[from] item: Leftovers
|upkeep
|turn|166
|
|t:|1729374254
|switch|p1a: Zapdos|Zapdos|100/100
|switch|p2a: Skarmory|Skarmory, M|70/100 par
|
|-heal|p2a: Skarmory|76/100 par|[from] item: Leftovers
|upkeep
|turn|167
|
|t:|1729374258
|switch|p1a: Blissey|Blissey, F|82/100
|-damage|p1a: Blissey|57/100|[from] Spikes
|switch|p2a: Zapdos|Zapdos|91/100 par
|
|-heal|p1a: Blissey|63/100|[from] item: Leftovers
|-heal|p2a: Zapdos|97/100 par|[from] item: Leftovers
|upkeep
|turn|168
|
|t:|1729374264
|switch|p2a: Skarmory|Skarmory, M|76/100 par
|move|p1a: Blissey|Soft-Boiled|p1a: Blissey
|-heal|p1a: Blissey|100/100
|
|-heal|p2a: Skarmory|82/100 par|[from] item: Leftovers
|upkeep
|turn|169
|
|t:|1729374268
|switch|p1a: Skarmory|Skarmory, M|96/100
|switch|p2a: Zapdos|Zapdos|97/100 par
|
|-heal|p1a: Skarmory|100/100|[from] item: Leftovers
|-heal|p2a: Zapdos|100/100 par|[from] item: Leftovers
|upkeep
|turn|170
|
|t:|1729374272
|switch|p1a: Zapdos|Zapdos|100/100
|switch|p2a: Skarmory|Skarmory, M|82/100 par
|
|-heal|p2a: Skarmory|88/100 par|[from] item: Leftovers
|upkeep
|turn|171
|
|t:|1729374278
|switch|p1a: Skarmory|Skarmory, M|100/100
|switch|p2a: Zapdos|Zapdos|100/100 par
|
|upkeep
|turn|172
|
|t:|1729374284
|switch|p1a: Zapdos|Zapdos|100/100
|switch|p2a: Skarmory|Skarmory, M|88/100 par
|
|-heal|p2a: Skarmory|94/100 par|[from] item: Leftovers
|upkeep
|turn|173
|
|t:|1729374290
|switch|p1a: Skarmory|Skarmory, M|100/100
|switch|p2a: Zapdos|Zapdos|100/100 par
|
|upkeep
|turn|174
|
|t:|1729374299
|switch|p1a: Zapdos|Zapdos|100/100
|switch|p2a: Aerodactyl|Aerodactyl, F|100/100
|
|upkeep
|turn|175
|
|t:|1729374305
|switch|p1a: Skarmory|Skarmory, M|100/100
|move|p2a: Aerodactyl|Rock Slide|p1a: Skarmory
|-damage|p1a: Skarmory|63/100
|
|-heal|p1a: Skarmory|69/100|[from] item: Leftovers
|upkeep
|turn|176
|
|t:|1729374310
|move|p1a: Skarmory|Protect|p1a: Skarmory
|-singleturn|p1a: Skarmory|Protect
|move|p2a: Aerodactyl|Rock Slide|p1a: Skarmory
|-activate|p1a: Skarmory|Protect
|
|-heal|p1a: Skarmory|75/100|[from] item: Leftovers
|upkeep
|turn|177
|
|t:|1729374312
|move|p2a: Aerodactyl|Rock Slide|p1a: Skarmory
|-damage|p1a: Skarmory|35/100
|move|p1a: Skarmory|Roar|p2a: Aerodactyl
|drag|p2a: Skarmory|Skarmory, M|94/100 par
|
|-heal|p1a: Skarmory|41/100|[from] item: Leftovers
|-heal|p2a: Skarmory|100/100 par|[from] item: Leftovers
|upkeep
|turn|178
|
|t:|1729374319
|switch|p2a: Aerodactyl|Aerodactyl, F|100/100
|move|p1a: Skarmory|Roar|p2a: Aerodactyl
|drag|p2a: Zapdos|Zapdos|100/100 par
|
|-heal|p1a: Skarmory|47/100|[from] item: Leftovers
|upkeep
|turn|179
|
|t:|1729374325
|move|p1a: Skarmory|Protect|p1a: Skarmory
|-singleturn|p1a: Skarmory|Protect
|move|p2a: Zapdos|Roar|p1a: Skarmory
|-activate|p1a: Skarmory|Protect
|
|-heal|p1a: Skarmory|53/100|[from] item: Leftovers
|upkeep
|turn|180
|
|t:|1729374330
|switch|p1a: Blissey|Blissey, F|100/100
|-damage|p1a: Blissey|76/100|[from] Spikes
|switch|p2a: Aerodactyl|Aerodactyl, F|100/100
|
|-heal|p1a: Blissey|82/100|[from] item: Leftovers
|upkeep
|turn|181
|
|t:|1729374334
|switch|p2a: Skarmory|Skarmory, M|100/100 par
|switch|p1a: Skarmory|Skarmory, M|53/100
|
|-heal|p1a: Skarmory|59/100|[from] item: Leftovers
|upkeep
|turn|182
|
|t:|1729374341
|switch|p2a: Aerodactyl|Aerodactyl, F|100/100
|move|p1a: Skarmory|Drill Peck|p2a: Aerodactyl
|-resisted|p2a: Aerodactyl
|-damage|p2a: Aerodactyl|81/100
|
|-heal|p1a: Skarmory|65/100|[from] item: Leftovers
|upkeep
|turn|183
|
|t:|1729374346
|move|p1a: Skarmory|Protect|p1a: Skarmory
|-singleturn|p1a: Skarmory|Protect
|move|p2a: Aerodactyl|Rock Slide|p1a: Skarmory
|-activate|p1a: Skarmory|Protect
|
|-heal|p1a: Skarmory|71/100|[from] item: Leftovers
|upkeep
|turn|184
|
|t:|1729374352
|move|p2a: Aerodactyl|Rock Slide|p1a: Skarmory
|-damage|p1a: Skarmory|32/100
|move|p1a: Skarmory|Roar|p2a: Aerodactyl
|drag|p2a: Skarmory|Skarmory, M|100/100 par
|
|-heal|p1a: Skarmory|38/100|[from] item: Leftovers
|upkeep
|turn|185
|
|t:|1729374360
|switch|p1a: Zapdos|Zapdos|100/100
|switch|p2a: Aerodactyl|Aerodactyl, F|81/100
|
|upkeep
|turn|186
|
|t:|1729374364
|switch|p1a: Dugtrio|Dugtrio, M|76/100
|-damage|p1a: Dugtrio|51/100|[from] Spikes
|move|p2a: Aerodactyl|Rock Slide|p1a: Dugtrio
|-resisted|p1a: Dugtrio
|-damage|p1a: Dugtrio|0 fnt
|faint|p1a: Dugtrio
|
|t:|1729374366
|switch|p1a: Suicune|Suicune|63/100
|-damage|p1a: Suicune|38/100|[from] Spikes
|
|-heal|p1a: Suicune|44/100|[from] item: Leftovers
|upkeep
|turn|187
|
|t:|1729374372
|switch|p2a: Zapdos|Zapdos|100/100 par
|move|p1a: Suicune|Rest|p1a: Suicune
|-status|p1a: Suicune|slp|[from] move: Rest
|-heal|p1a: Suicune|100/100 slp|[silent]
|
|upkeep
|turn|188
|
|t:|1729374389
|switch|p1a: Blissey|Blissey, F|82/100
|-damage|p1a: Blissey|57/100|[from] Spikes
|move|p2a: Zapdos|Thunderbolt|p1a: Blissey
|-damage|p1a: Blissey|42/100
|
|-heal|p1a: Blissey|48/100|[from] item: Leftovers
|upkeep
|turn|189
|
|t:|1729374393
|switch|p2a: Skarmory|Skarmory, M|100/100 par
|move|p1a: Blissey|Soft-Boiled|p1a: Blissey
|-heal|p1a: Blissey|98/100
|
|-heal|p1a: Blissey|100/100|[from] item: Leftovers
|upkeep
|turn|190
|
|t:|1729374398
|move|p1a: Blissey|Aromatherapy|p1a: Blissey
|-cureteam|p1a: Blissey|[from] move: Aromatherapy
|move|p2a: Skarmory|Toxic|p1a: Blissey
|-status|p1a: Blissey|tox
|
|-damage|p1a: Blissey|94/100 tox|[from] psn
|upkeep
|turn|191
|
|t:|1729374401
|-curestatus|p1a: Blissey|tox|[from] ability: Natural Cure
|switch|p1a: Zapdos|Zapdos|100/100
|switch|p2a: Zapdos|Zapdos|100/100 par
|
|upkeep
|turn|192
|
|t:|1729374406
|switch|p2a: Skarmory|Skarmory, M|100/100 par
|move|p1a: Zapdos|Substitute|p1a: Zapdos
|-start|p1a: Zapdos|Substitute
|-damage|p1a: Zapdos|76/100
|
|-heal|p1a: Zapdos|82/100|[from] item: Leftovers
|upkeep
|turn|193
|
|t:|1729374411
|switch|p2a: Zapdos|Zapdos|100/100 par
|move|p1a: Zapdos|Thunderbolt|p2a: Zapdos
|-damage|p2a: Zapdos|71/100 par
|
|-heal|p1a: Zapdos|88/100|[from] item: Leftovers
|-heal|p2a: Zapdos|77/100 par|[from] item: Leftovers
|upkeep
|turn|194
|
|t:|1729374415
|switch|p1a: Blissey|Blissey, F|94/100
|-damage|p1a: Blissey|69/100|[from] Spikes
|move|p2a: Zapdos|Roar|p1a: Blissey
|drag|p1a: Skarmory|Skarmory, M|38/100
|
|-heal|p1a: Skarmory|44/100|[from] item: Leftovers
|-heal|p2a: Zapdos|84/100 par|[from] item: Leftovers
|upkeep
|turn|195
|
|t:|1729374422
|switch|p2a: Aerodactyl|Aerodactyl, F|81/100
|move|p1a: Skarmory|Protect||[still]
|-fail|p1a: Skarmory
|
|-heal|p1a: Skarmory|50/100|[from] item: Leftovers
|upkeep
|turn|196
|
|t:|1729374430
|move|p1a: Skarmory|Protect|p1a: Skarmory
|-singleturn|p1a: Skarmory|Protect
|move|p2a: Aerodactyl|Rock Slide|p1a: Skarmory
|-activate|p1a: Skarmory|Protect
|
|-heal|p1a: Skarmory|56/100|[from] item: Leftovers
|upkeep
|turn|197
|
|t:|1729374434
|switch|p1a: Suicune|Suicune|100/100
|-damage|p1a: Suicune|75/100|[from] Spikes
|move|p2a: Aerodactyl|Rock Slide|p1a: Suicune
|-damage|p1a: Suicune|48/100
|
|-heal|p1a: Suicune|54/100|[from] item: Leftovers
|upkeep
|turn|198
|
|t:|1729374440
|switch|p2a: Skarmory|Skarmory, M|100/100 par
|move|p1a: Suicune|Rest|p1a: Suicune
|-status|p1a: Suicune|slp|[from] move: Rest
|-heal|p1a: Suicune|100/100 slp|[silent]
|
|upkeep
|turn|199
|
|t:|1729374447
|cant|p1a: Suicune|slp
|cant|p2a: Skarmory|par
|
|upkeep
|turn|200
|
|t:|1729374450
|cant|p1a: Suicune|slp
|move|p2a: Skarmory|Roar|p1a: Suicune
|drag|p1a: Zapdos|Zapdos|88/100
|
|-heal|p1a: Zapdos|94/100|[from] item: Leftovers
|upkeep
|turn|201
|
|t:|1729374456
|switch|p1a: Blissey|Blissey, F|69/100
|-damage|p1a: Blissey|45/100|[from] Spikes
|switch|p2a: Zapdos|Zapdos|84/100 par
|
|-heal|p1a: Blissey|51/100|[from] item: Leftovers
|-heal|p2a: Zapdos|90/100 par|[from] item: Leftovers
|upkeep
|turn|202
|
|t:|1729374465
|switch|p2a: Skarmory|Skarmory, M|100/100 par
|move|p1a: Blissey|Soft-Boiled|p1a: Blissey
|-heal|p1a: Blissey|100/100
|
|upkeep
|turn|203
|
|t:|1729374472
|switch|p1a: Skarmory|Skarmory, M|56/100
|move|p2a: Skarmory|Toxic|p1a: Skarmory|[miss]
|-miss|p2a: Skarmory|p1a: Skarmory
|
|-heal|p1a: Skarmory|62/100|[from] item: Leftovers
|upkeep
|turn|204
|
|t:|1729374480
|switch|p2a: Aerodactyl|Aerodactyl, F|81/100
|move|p1a: Skarmory|Drill Peck|p2a: Aerodactyl
|-resisted|p2a: Aerodactyl
|-damage|p2a: Aerodactyl|61/100
|
|-heal|p1a: Skarmory|68/100|[from] item: Leftovers
|upkeep
|turn|205
|
|t:|1729374493
|switch|p2a: Jirachi|Jirachi|87/100
|-damage|p2a: Jirachi|62/100|[from] Spikes
|move|p1a: Skarmory|Protect||[still]
|-fail|p1a: Skarmory
|
|-heal|p2a: Jirachi|68/100|[from] item: Leftovers
|-heal|p1a: Skarmory|74/100|[from] item: Leftovers
|upkeep
|turn|206
|
|t:|1729374499
|switch|p1a: Suicune|Suicune|100/100 slp
|-damage|p1a: Suicune|75/100 slp|[from] Spikes
|move|p2a: Jirachi|Wish|p2a: Jirachi
|
|-heal|p2a: Jirachi|75/100|[from] item: Leftovers
|-heal|p1a: Suicune|82/100 slp|[from] item: Leftovers
|upkeep
|turn|207
|
|t:|1729374517
|move|p2a: Jirachi|Protect|p2a: Jirachi
|-singleturn|p2a: Jirachi|Protect
|-curestatus|p1a: Suicune|slp|[msg]
|move|p1a: Suicune|Calm Mind|p1a: Suicune
|-boost|p1a: Suicune|spa|1
|-boost|p1a: Suicune|spd|1
|
|-heal|p2a: Jirachi|100/100|[from] move: Wish|[wisher] Jirachi
|-heal|p1a: Suicune|88/100|[from] item: Leftovers
|upkeep
|turn|208
|
|t:|1729374526
|move|p2a: Jirachi|Toxic|p1a: Suicune
|-status|p1a: Suicune|tox
|move|p1a: Suicune|Rest|p1a: Suicune
|-status|p1a: Suicune|slp|[from] move: Rest
|-heal|p1a: Suicune|100/100 slp|[silent]
|
|upkeep
|turn|209
|
|t:|1729374541
|switch|p2a: Zapdos|Zapdos|90/100 par
|cant|p1a: Suicune|slp
|
|-heal|p2a: Zapdos|96/100 par|[from] item: Leftovers
|upkeep
|turn|210
|
|t:|1729374545
|cant|p1a: Suicune|slp
|move|p2a: Zapdos|Roar|p1a: Suicune
|drag|p1a: Blissey|Blissey, F|100/100
|-damage|p1a: Blissey|76/100|[from] Spikes
|
|-heal|p1a: Blissey|82/100|[from] item: Leftovers
|-heal|p2a: Zapdos|100/100 par|[from] item: Leftovers
|upkeep
|turn|211
|
|t:|1729374559
|switch|p1a: Zapdos|Zapdos|94/100
|switch|p2a: Skarmory|Skarmory, M|100/100 par
|
|-heal|p1a: Zapdos|100/100|[from] item: Leftovers
|upkeep
|turn|212
|
|t:|1729374566
|switch|p1a: Skarmory|Skarmory, M|74/100
|switch|p2a: Jirachi|Jirachi|100/100
|-damage|p2a: Jirachi|75/100|[from] Spikes
|
|-heal|p2a: Jirachi|82/100|[from] item: Leftovers
|-heal|p1a: Skarmory|80/100|[from] item: Leftovers
|upkeep
|turn|213
|
|t:|1729374571
|switch|p1a: Suicune|Suicune|100/100 slp
|-damage|p1a: Suicune|75/100 slp|[from] Spikes
|move|p2a: Jirachi|Wish|p2a: Jirachi
|
|-heal|p2a: Jirachi|88/100|[from] item: Leftovers
|-heal|p1a: Suicune|82/100 slp|[from] item: Leftovers
|upkeep
|turn|214
|
|t:|1729374579
|switch|p2a: Zapdos|Zapdos|100/100 par
|-curestatus|p1a: Suicune|slp|[msg]
|move|p1a: Suicune|Calm Mind|p1a: Suicune
|-boost|p1a: Suicune|spa|1
|-boost|p1a: Suicune|spd|1
|
|-heal|p1a: Suicune|88/100|[from] item: Leftovers
|upkeep
|turn|215
|
|t:|1729374586
|move|p1a: Suicune|Calm Mind|p1a: Suicune
|-boost|p1a: Suicune|spa|1
|-boost|p1a: Suicune|spd|1
|move|p2a: Zapdos|Roar|p1a: Suicune
|drag|p1a: Blissey|Blissey, F|82/100
|-damage|p1a: Blissey|57/100|[from] Spikes
|
|-heal|p1a: Blissey|63/100|[from] item: Leftovers
|upkeep
|turn|216
|
|t:|1729374594
|switch|p2a: Jirachi|Jirachi|88/100
|-damage|p2a: Jirachi|63/100|[from] Spikes
|move|p1a: Blissey|Soft-Boiled|p1a: Blissey
|-heal|p1a: Blissey|100/100
|
|-heal|p2a: Jirachi|69/100|[from] item: Leftovers
|upkeep
|turn|217
|
|t:|1729374601
|move|p2a: Jirachi|Protect|p2a: Jirachi
|-singleturn|p2a: Jirachi|Protect
|move|p1a: Blissey|Thunder Wave|p2a: Jirachi
|-activate|p2a: Jirachi|Protect
|
|-heal|p2a: Jirachi|75/100|[from] item: Leftovers
|upkeep
|turn|218
|
|t:|1729374606
|switch|p2a: Skarmory|Skarmory, M|100/100 par
|move|p1a: Blissey|Thunder Wave|p2a: Skarmory
|-fail|p2a: Skarmory|par
|
|upkeep
|turn|219
|
|t:|1729374611
|switch|p1a: Skarmory|Skarmory, M|80/100
|cant|p2a: Skarmory|par
|
|-heal|p1a: Skarmory|86/100|[from] item: Leftovers
|upkeep
|turn|220
|
|t:|1729374616
|move|p1a: Skarmory|Roar|p2a: Skarmory
|drag|p2a: Aerodactyl|Aerodactyl, F|61/100
|
|-heal|p1a: Skarmory|92/100|[from] item: Leftovers
|upkeep
|turn|221
|
|t:|1729374627
|switch|p2a: Flygon|Flygon, M|100/100
|move|p1a: Skarmory|Drill Peck|p2a: Flygon
|-damage|p2a: Flygon|83/100
|
|-heal|p2a: Flygon|89/100|[from] item: Leftovers
|-heal|p1a: Skarmory|98/100|[from] item: Leftovers
|upkeep
|turn|222
|
|t:|1729374632
|move|p2a: Flygon|Flamethrower|p1a: Skarmory
|-supereffective|p1a: Skarmory
|-damage|p1a: Skarmory|65/100
|move|p1a: Skarmory|Drill Peck|p2a: Flygon
|-damage|p2a: Flygon|72/100
|
|-heal|p2a: Flygon|78/100|[from] item: Leftovers
|-heal|p1a: Skarmory|71/100|[from] item: Leftovers
|upkeep
|turn|223
|
|t:|1729374637
|move|p1a: Skarmory|Protect|p1a: Skarmory
|-singleturn|p1a: Skarmory|Protect
|move|p2a: Flygon|Flamethrower|p1a: Skarmory
|-activate|p1a: Skarmory|Protect
|
|-heal|p2a: Flygon|84/100|[from] item: Leftovers
|-heal|p1a: Skarmory|77/100|[from] item: Leftovers
|upkeep
|turn|224
|
|t:|1729374639
|switch|p1a: Zapdos|Zapdos|100/100
|move|p2a: Flygon|Flamethrower|p1a: Zapdos
|-damage|p1a: Zapdos|88/100
|
|-heal|p1a: Zapdos|95/100|[from] item: Leftovers
|-heal|p2a: Flygon|90/100|[from] item: Leftovers
|upkeep
|turn|225
|
|t:|1729374646
|switch|p1a: Blissey|Blissey, F|100/100
|-damage|p1a: Blissey|76/100|[from] Spikes
|move|p2a: Flygon|Protect||[still]
|-fail|p2a: Flygon
|
|-heal|p2a: Flygon|96/100|[from] item: Leftovers
|-heal|p1a: Blissey|82/100|[from] item: Leftovers
|upkeep
|turn|226
|
|t:|1729374651
|switch|p1a: Skarmory|Skarmory, M|77/100
|move|p2a: Flygon|Protect||[still]
|-fail|p2a: Flygon
|
|-heal|p2a: Flygon|100/100|[from] item: Leftovers
|-heal|p1a: Skarmory|83/100|[from] item: Leftovers
|upkeep
|turn|227
|
|t:|1729374656
|switch|p1a: Zapdos|Zapdos|95/100
|move|p2a: Flygon|Flamethrower|p1a: Zapdos
|-damage|p1a: Zapdos|82/100
|
|-heal|p1a: Zapdos|88/100|[from] item: Leftovers
|upkeep
|turn|228
|
|t:|1729374663
|switch|p2a: Zapdos|Zapdos|100/100 par
|move|p1a: Zapdos|Thunderbolt|p2a: Zapdos
|-damage|p2a: Zapdos|74/100 par
|
|-heal|p1a: Zapdos|95/100|[from] item: Leftovers
|-heal|p2a: Zapdos|80/100 par|[from] item: Leftovers
|upkeep
|turn|229
|
|t:|1729374679
|switch|p1a: Blissey|Blissey, F|82/100
|-damage|p1a: Blissey|57/100|[from] Spikes
|move|p2a: Zapdos|Rest|p2a: Zapdos
|-status|p2a: Zapdos|slp|[from] move: Rest
|-heal|p2a: Zapdos|100/100 slp|[silent]
|
|-heal|p1a: Blissey|63/100|[from] item: Leftovers
|upkeep
|turn|230
|
|t:|1729374698
|switch|p1a: Suicune|Suicune|88/100
|-damage|p1a: Suicune|63/100|[from] Spikes
|cant|p2a: Zapdos|slp
|
|-heal|p1a: Suicune|69/100|[from] item: Leftovers
|upkeep
|turn|231
|
|t:|1729374703
|switch|p1a: Blissey|Blissey, F|63/100
|-damage|p1a: Blissey|38/100|[from] Spikes
|cant|p2a: Zapdos|slp
|move|p2a: Zapdos|Sleep Talk|p2a: Zapdos
|move|p2a: Zapdos|Roar|p1a: Blissey|[from]Sleep Talk
|drag|p1a: Skarmory|Skarmory, M|83/100
|
|-heal|p1a: Skarmory|89/100|[from] item: Leftovers
|upkeep
|turn|232
|
|t:|1729374710
|switch|p2a: Flygon|Flygon, M|100/100
|move|p1a: Skarmory|Protect||[still]
|-fail|p1a: Skarmory
|
|-heal|p1a: Skarmory|95/100|[from] item: Leftovers
|upkeep
|turn|233
|
|t:|1729374715
|switch|p1a: Zapdos|Zapdos|95/100
|move|p2a: Flygon|Earthquake|p1a: Zapdos
|-immune|p1a: Zapdos
|
|-heal|p1a: Zapdos|100/100|[from] item: Leftovers
|upkeep
|turn|234
|
|t:|1729374726
|switch|p1a: Skarmory|Skarmory, M|95/100
|move|p2a: Flygon|Protect||[still]
|-fail|p2a: Flygon
|
|-heal|p1a: Skarmory|100/100|[from] item: Leftovers
|upkeep
|turn|235
|
|t:|1729374733
|switch|p2a: Aerodactyl|Aerodactyl, F|61/100
|switch|p1a: Zapdos|Zapdos|100/100
|
|upkeep
|turn|236
|
|t:|1729374741
|switch|p1a: Skarmory|Skarmory, M|100/100
|move|p2a: Aerodactyl|Earthquake|p1a: Skarmory
|-immune|p1a: Skarmory
|
|upkeep
|turn|237
|
|t:|1729374745
|switch|p2a: Flygon|Flygon, M|100/100
|switch|p1a: Zapdos|Zapdos|100/100
|
|upkeep
|turn|238
|
|t:|1729374750
|switch|p1a: Skarmory|Skarmory, M|100/100
|switch|p2a: Zapdos|Zapdos|100/100 slp
|
|upkeep
|turn|239
|
|t:|1729374758
|switch|p1a: Zapdos|Zapdos|100/100
|cant|p2a: Zapdos|slp
|
|upkeep
|turn|240
|
|t:|1729374773
|move|p1a: Zapdos|Toxic||[still]
|-fail|p1a: Zapdos
|-curestatus|p2a: Zapdos|slp|[msg]
|move|p2a: Zapdos|Rest|p2a: Zapdos
|-fail|p2a: Zapdos|heal
|
|upkeep
|turn|241
|
|t:|1729374785
|move|p1a: Zapdos|Toxic|p2a: Zapdos|[miss]
|-miss|p1a: Zapdos|p2a: Zapdos
|move|p2a: Zapdos|Sleep Talk|p2a: Zapdos
|
|upkeep
|turn|242
|
|t:|1729374796
|switch|p1a: Blissey|Blissey, F|38/100
|-damage|p1a: Blissey|13/100|[from] Spikes
|move|p2a: Zapdos|Sleep Talk|p2a: Zapdos
|
|-heal|p1a: Blissey|19/100|[from] item: Leftovers
|upkeep
|turn|243
|
|t:|1729374802
|move|p2a: Zapdos|Thunderbolt|p1a: Blissey
|-crit|p1a: Blissey
|-damage|p1a: Blissey|0 fnt
|faint|p1a: Blissey
|
|t:|1729374813
|switch|p1a: Zapdos|Zapdos|100/100
|
|upkeep
|turn|244
|
|t:|1729374826
|move|p1a: Zapdos|Toxic|p2a: Zapdos
|-status|p2a: Zapdos|tox
|move|p2a: Zapdos|Sleep Talk|p2a: Zapdos
|
|-damage|p2a: Zapdos|94/100 tox|[from] psn
|upkeep
|turn|245
|
|t:|1729374835
|switch|p1a: Suicune|Suicune|69/100
|-damage|p1a: Suicune|44/100|[from] Spikes
|move|p2a: Zapdos|Sleep Talk|p2a: Zapdos
|
|-heal|p2a: Zapdos|100/100 tox|[from] item: Leftovers
|-damage|p2a: Zapdos|88/100 tox|[from] psn
|-heal|p1a: Suicune|50/100|[from] item: Leftovers
|upkeep
|turn|246
|
|t:|1729374845
|switch|p2a: Jirachi|Jirachi|75/100
|-damage|p2a: Jirachi|50/100|[from] Spikes
|switch|p1a: Zapdos|Zapdos|100/100
|
|-heal|p2a: Jirachi|56/100|[from] item: Leftovers
|upkeep
|turn|247
|
|t:|1729374849
|switch|p1a: Suicune|Suicune|50/100
|-damage|p1a: Suicune|25/100|[from] Spikes
|move|p2a: Jirachi|Toxic|p1a: Suicune
|-status|p1a: Suicune|tox
|
|-heal|p2a: Jirachi|63/100|[from] item: Leftovers
|-heal|p1a: Suicune|31/100 tox|[from] item: Leftovers
|-damage|p1a: Suicune|25/100 tox|[from] psn
|upkeep
|turn|248
|
|t:|1729374852
|move|p2a: Jirachi|Wish|p2a: Jirachi
|move|p1a: Suicune|Rest|p1a: Suicune
|-status|p1a: Suicune|slp|[from] move: Rest
|-heal|p1a: Suicune|100/100 slp|[silent]
|
|-heal|p2a: Jirachi|69/100|[from] item: Leftovers
|upkeep
|turn|249
|
|t:|1729374856
|switch|p2a: Aerodactyl|Aerodactyl, F|61/100
|cant|p1a: Suicune|slp
|
|-heal|p2a: Aerodactyl|100/100|[from] move: Wish|[wisher] Jirachi
|upkeep
|turn|250
|
|t:|1729374866
|switch|p2a: Flygon|Flygon, M|100/100
|cant|p1a: Suicune|slp
|
|upkeep
|turn|251
|
|t:|1729374874
|move|p2a: Flygon|Protect|p2a: Flygon
|-singleturn|p2a: Flygon|Protect
|-curestatus|p1a: Suicune|slp|[msg]
|move|p1a: Suicune|Roar|p2a: Flygon
|-activate|p2a: Flygon|Protect
|
|upkeep
|turn|252
|
|t:|1729374879
|move|p2a: Flygon|Toxic|p1a: Suicune
|-status|p1a: Suicune|tox
|move|p1a: Suicune|Calm Mind|p1a: Suicune
|-boost|p1a: Suicune|spa|1
|-boost|p1a: Suicune|spd|1
|
|-damage|p1a: Suicune|94/100 tox|[from] psn
|upkeep
|turn|253
|
|t:|1729374884
|move|p2a: Flygon|Earthquake|p1a: Suicune
|-damage|p1a: Suicune|74/100 tox
|move|p1a: Suicune|Calm Mind|p1a: Suicune
|-boost|p1a: Suicune|spa|1
|-boost|p1a: Suicune|spd|1
|
|-heal|p1a: Suicune|80/100 tox|[from] item: Leftovers
|-damage|p1a: Suicune|67/100 tox|[from] psn
|upkeep
|turn|254
|
|t:|1729374892
|move|p2a: Flygon|Earthquake|p1a: Suicune
|-crit|p1a: Suicune
|-damage|p1a: Suicune|31/100 tox
|move|p1a: Suicune|Rest|p1a: Suicune
|-status|p1a: Suicune|slp|[from] move: Rest
|-heal|p1a: Suicune|100/100 slp|[silent]
|
|upkeep
|turn|255
|
|t:|1729374899
|switch|p2a: Aerodactyl|Aerodactyl, F|100/100
|cant|p1a: Suicune|slp
|
|upkeep
|turn|256
|
|t:|1729374905
|move|p2a: Aerodactyl|Earthquake|p1a: Suicune
|-damage|p1a: Suicune|75/100 slp
|cant|p1a: Suicune|slp
|
|-heal|p1a: Suicune|81/100 slp|[from] item: Leftovers
|upkeep
|turn|257
|
|t:|1729374915
|switch|p2a: Flygon|Flygon, M|100/100
|-curestatus|p1a: Suicune|slp|[msg]
|move|p1a: Suicune|Surf|p2a: Flygon
|-damage|p2a: Flygon|33/100
|
|-heal|p2a: Flygon|39/100|[from] item: Leftovers
|-heal|p1a: Suicune|87/100|[from] item: Leftovers
|upkeep
|turn|258
|
|t:|1729374920
|move|p2a: Flygon|Protect|p2a: Flygon
|-singleturn|p2a: Flygon|Protect
|move|p1a: Suicune|Surf|p2a: Flygon
|-activate|p2a: Flygon|Protect
|
|-heal|p2a: Flygon|45/100|[from] item: Leftovers
|-heal|p1a: Suicune|93/100|[from] item: Leftovers
|upkeep
|turn|259
|
|t:|1729374930
|move|p2a: Flygon|Toxic|p1a: Suicune
|-status|p1a: Suicune|tox
|move|p1a: Suicune|Surf|p2a: Flygon
|-damage|p2a: Flygon|0 fnt
|faint|p2a: Flygon
|
|t:|1729374940
|switch|p2a: Zapdos|Zapdos|88/100 tox
|
|-heal|p2a: Zapdos|94/100 tox|[from] item: Leftovers
|-damage|p2a: Zapdos|88/100 tox|[from] psn
|-heal|p1a: Suicune|99/100 tox|[from] item: Leftovers
|-damage|p1a: Suicune|93/100 tox|[from] psn
|upkeep
|turn|260
|
|t:|1729374946
|move|p1a: Suicune|Surf|p2a: Zapdos
|-damage|p2a: Zapdos|43/100 tox
|move|p2a: Zapdos|Roar|p1a: Suicune
|drag|p1a: Skarmory|Skarmory, M|100/100
|
|-heal|p2a: Zapdos|50/100 tox|[from] item: Leftovers
|-damage|p2a: Zapdos|37/100 tox|[from] psn
|upkeep
|turn|261
|
|t:|1729374951
|switch|p1a: Zapdos|Zapdos|100/100
|move|p2a: Zapdos|Rest|p2a: Zapdos
|-status|p2a: Zapdos|slp|[from] move: Rest
|-heal|p2a: Zapdos|100/100 slp|[silent]
|
|upkeep
|turn|262
|
|t:|1729374956
|move|p1a: Zapdos|Substitute|p1a: Zapdos
|-start|p1a: Zapdos|Substitute
|-damage|p1a: Zapdos|76/100
|cant|p2a: Zapdos|slp
|
|-heal|p1a: Zapdos|82/100|[from] item: Leftovers
|upkeep
|turn|263
|
|t:|1729374960
|move|p1a: Zapdos|Rest|p1a: Zapdos
|-status|p1a: Zapdos|slp|[from] move: Rest
|-heal|p1a: Zapdos|100/100 slp|[silent]
|cant|p2a: Zapdos|slp
|
|upkeep
|turn|264
|
|t:|1729374975
|switch|p2a: Skarmory|Skarmory, M|100/100 par
|cant|p1a: Zapdos|slp
|
|upkeep
|turn|265
|
|t:|1729374979
|cant|p1a: Zapdos|slp
|move|p2a: Skarmory|Roar|p1a: Zapdos
|drag|p1a: Suicune|Suicune|93/100 tox
|-damage|p1a: Suicune|68/100 tox|[from] Spikes
|
|-heal|p1a: Suicune|74/100 tox|[from] item: Leftovers
|-damage|p1a: Suicune|68/100 tox|[from] psn
|upkeep
|turn|266
|
|t:|1729374985
|move|p1a: Suicune|Rest|p1a: Suicune
|-status|p1a: Suicune|slp|[from] move: Rest
|-heal|p1a: Suicune|100/100 slp|[silent]
|move|p2a: Skarmory|Roar|p1a: Suicune
|drag|p1a: Zapdos|Zapdos|100/100 slp
|
|upkeep
|turn|267
|
|t:|1729374994
|switch|p1a: Skarmory|Skarmory, M|100/100
|cant|p2a: Skarmory|par
|
|upkeep
|turn|268
|
|t:|1729375001
|switch|p1a: Zapdos|Zapdos|100/100 slp
|move|p2a: Skarmory|Roar|p1a: Zapdos
|drag|p1a: Suicune|Suicune|100/100 slp
|-damage|p1a: Suicune|75/100 slp|[from] Spikes
|
|-heal|p1a: Suicune|82/100 slp|[from] item: Leftovers
|upkeep
|turn|269
|
|t:|1729375010
|switch|p2a: Zapdos|Zapdos|100/100 slp
|cant|p1a: Suicune|slp
|
|-heal|p1a: Suicune|88/100 slp|[from] item: Leftovers
|upkeep
|turn|270
|
|t:|1729375016
|switch|p1a: Zapdos|Zapdos|100/100 slp
|-curestatus|p2a: Zapdos|slp|[msg]
|move|p2a: Zapdos|Sleep Talk|p2a: Zapdos
|
|upkeep
|turn|271
|
|t:|1729375027
|-curestatus|p1a: Zapdos|slp|[msg]
|move|p1a: Zapdos|Substitute|p1a: Zapdos
|-start|p1a: Zapdos|Substitute
|-damage|p1a: Zapdos|76/100
|move|p2a: Zapdos|Sleep Talk|p2a: Zapdos
|
|-heal|p1a: Zapdos|82/100|[from] item: Leftovers
|upkeep
|turn|272
|
|t:|1729375030
|move|p1a: Zapdos|Rest|p1a: Zapdos
|-status|p1a: Zapdos|slp|[from] move: Rest
|-heal|p1a: Zapdos|100/100 slp|[silent]
|move|p2a: Zapdos|Sleep Talk|p2a: Zapdos
|
|upkeep
|turn|273
|
|t:|1729375033
|cant|p1a: Zapdos|slp
|move|p2a: Zapdos|Rest|p2a: Zapdos
|-fail|p2a: Zapdos|heal
|
|upkeep
|turn|274
|
|t:|1729375042
|switch|p2a: Aerodactyl|Aerodactyl, F|100/100
|cant|p1a: Zapdos|slp
|
|upkeep
|turn|275
|
|t:|1729375045
|switch|p2a: Zapdos|Zapdos|100/100
|-curestatus|p1a: Zapdos|slp|[msg]
|move|p1a: Zapdos|Substitute|p1a: Zapdos
|-fail|p1a: Zapdos|move: Substitute
|
|upkeep
|turn|276
|
|t:|1729375053
|switch|p2a: Skarmory|Skarmory, M|100/100 par
|move|p1a: Zapdos|Rest|p1a: Zapdos
|-fail|p1a: Zapdos|heal
|
|upkeep
|turn|277
|
|t:|1729375057
|switch|p1a: Skarmory|Skarmory, M|100/100
|switch|p2a: Zapdos|Zapdos|100/100
|
|upkeep
|turn|278
|
|t:|1729375060
|switch|p2a: Skarmory|Skarmory, M|100/100 par
|switch|p1a: Zapdos|Zapdos|100/100
|
|upkeep
|turn|279
|
|t:|1729375064
|switch|p1a: Skarmory|Skarmory, M|100/100
|switch|p2a: Zapdos|Zapdos|100/100
|
|upkeep
|turn|280
|
|t:|1729375068
|switch|p2a: Skarmory|Skarmory, M|100/100 par
|switch|p1a: Zapdos|Zapdos|100/100
|
|upkeep
|turn|281
|
|t:|1729375069
|switch|p1a: Skarmory|Skarmory, M|100/100
|switch|p2a: Zapdos|Zapdos|100/100
|
|upkeep
|turn|282
|
|t:|1729375071
|switch|p2a: Skarmory|Skarmory, M|100/100 par
|switch|p1a: Zapdos|Zapdos|100/100
|
|upkeep
|turn|283
|
|t:|1729375072
|switch|p1a: Skarmory|Skarmory, M|100/100
|switch|p2a: Zapdos|Zapdos|100/100
|
|upkeep
|turn|284
|
|t:|1729375076
|switch|p2a: Jirachi|Jirachi|69/100
|-damage|p2a: Jirachi|44/100|[from] Spikes
|switch|p1a: Zapdos|Zapdos|100/100
|
|-heal|p2a: Jirachi|50/100|[from] item: Leftovers
|upkeep
|turn|285
|
|t:|1729375084
|switch|p1a: Suicune|Suicune|88/100 slp
|-damage|p1a: Suicune|63/100 slp|[from] Spikes
|move|p2a: Jirachi|Fire Punch|p1a: Suicune
|-resisted|p1a: Suicune
|-damage|p1a: Suicune|56/100 slp
|
|-heal|p2a: Jirachi|56/100|[from] item: Leftovers
|-heal|p1a: Suicune|63/100 slp|[from] item: Leftovers
|upkeep
|turn|286
|
|t:|1729375087
|move|p2a: Jirachi|Wish|p2a: Jirachi
|cant|p1a: Suicune|slp
|
|-heal|p2a: Jirachi|62/100|[from] item: Leftovers
|-heal|p1a: Suicune|69/100 slp|[from] item: Leftovers
|upkeep
|turn|287
|
|t:|1729375094
|move|p2a: Jirachi|Protect|p2a: Jirachi
|-singleturn|p2a: Jirachi|Protect
|-curestatus|p1a: Suicune|slp|[msg]
|move|p1a: Suicune|Calm Mind|p1a: Suicune
|-boost|p1a: Suicune|spa|1
|-boost|p1a: Suicune|spd|1
|
|-heal|p2a: Jirachi|100/100|[from] move: Wish|[wisher] Jirachi
|-heal|p1a: Suicune|75/100|[from] item: Leftovers
|upkeep
|turn|288
|
|t:|1729375108
|switch|p1a: Skarmory|Skarmory, M|100/100
|move|p2a: Jirachi|Toxic|p1a: Skarmory
|-immune|p1a: Skarmory
|
|upkeep
|turn|289
|
|t:|1729375113
|switch|p1a: Zapdos|Zapdos|100/100
|move|p2a: Jirachi|Fire Punch|p1a: Zapdos
|-damage|p1a: Zapdos|88/100
|
|-heal|p1a: Zapdos|94/100|[from] item: Leftovers
|upkeep
|turn|290
|
|t:|1729375119
|switch|p1a: Skarmory|Skarmory, M|100/100
|move|p2a: Jirachi|Fire Punch|p1a: Skarmory
|-supereffective|p1a: Skarmory
|-damage|p1a: Skarmory|70/100
|
|-heal|p1a: Skarmory|76/100|[from] item: Leftovers
|upkeep
|turn|291
|
|t:|1729375123
|switch|p1a: Zapdos|Zapdos|94/100
|move|p2a: Jirachi|Toxic|p1a: Zapdos
|-status|p1a: Zapdos|tox
|
|-heal|p1a: Zapdos|100/100 tox|[from] item: Leftovers
|-damage|p1a: Zapdos|94/100 tox|[from] psn
|upkeep
|turn|292
|
|t:|1729375129
|switch|p2a: Zapdos|Zapdos|100/100
|move|p1a: Zapdos|Rest|p1a: Zapdos
|-status|p1a: Zapdos|slp|[from] move: Rest
|-heal|p1a: Zapdos|100/100 slp|[silent]
|
|upkeep
|turn|293
|
|t:|1729375131
|switch|p2a: Jirachi|Jirachi|100/100
|-damage|p2a: Jirachi|75/100|[from] Spikes
|cant|p1a: Zapdos|slp
|
|-heal|p2a: Jirachi|82/100|[from] item: Leftovers
|upkeep
|turn|294
|
|t:|1729375137
|switch|p2a: Zapdos|Zapdos|100/100
|cant|p1a: Zapdos|slp
|
|upkeep
|turn|295
|
|t:|1729375143
|switch|p1a: Skarmory|Skarmory, M|76/100
|switch|p2a: Skarmory|Skarmory, M|100/100 par
|
|-heal|p1a: Skarmory|82/100|[from] item: Leftovers
|upkeep
|turn|296
|
|t:|1729375146
|switch|p2a: Zapdos|Zapdos|100/100
|move|p1a: Skarmory|Roar|p2a: Zapdos
|drag|p2a: Jirachi|Jirachi|82/100
|-damage|p2a: Jirachi|57/100|[from] Spikes
|
|-heal|p2a: Jirachi|63/100|[from] item: Leftovers
|-heal|p1a: Skarmory|88/100|[from] item: Leftovers
|upkeep
|turn|297
|
|t:|1729375150
|switch|p1a: Zapdos|Zapdos|100/100 slp
|move|p2a: Jirachi|Wish|p2a: Jirachi
|
|-heal|p2a: Jirachi|69/100|[from] item: Leftovers
|upkeep
|turn|298
|
|t:|1729375156
|-curestatus|p1a: Zapdos|slp|[msg]
|move|p1a: Zapdos|Substitute|p1a: Zapdos
|-start|p1a: Zapdos|Substitute
|-damage|p1a: Zapdos|76/100
|move|p2a: Jirachi|Toxic||[still]
|-fail|p2a: Jirachi
|
|-heal|p2a: Jirachi|100/100|[from] move: Wish|[wisher] Jirachi
|-heal|p1a: Zapdos|82/100|[from] item: Leftovers
|upkeep
|turn|299
|
|t:|1729375163
|switch|p1a: Skarmory|Skarmory, M|88/100
|switch|p2a: Zapdos|Zapdos|100/100
|
|-heal|p1a: Skarmory|94/100|[from] item: Leftovers
|upkeep
|turn|300
|
|t:|1729375167
|switch|p2a: Jirachi|Jirachi|100/100
|-damage|p2a: Jirachi|75/100|[from] Spikes
|switch|p1a: Zapdos|Zapdos|82/100
|
|-heal|p1a: Zapdos|88/100|[from] item: Leftovers
|-heal|p2a: Jirachi|82/100|[from] item: Leftovers
|upkeep
|turn|301
|
|t:|1729375174
|switch|p1a: Suicune|Suicune|75/100
|-damage|p1a: Suicune|50/100|[from] Spikes
|switch|p2a: Zapdos|Zapdos|100/100
|
|-heal|p1a: Suicune|56/100|[from] item: Leftovers
|upkeep
|turn|302
|
|t:|1729375181
|switch|p2a: Skarmory|Skarmory, M|100/100 par
|switch|p1a: Zapdos|Zapdos|88/100
|
|-heal|p1a: Zapdos|94/100|[from] item: Leftovers
|upkeep
|turn|303
|
|t:|1729375186
|switch|p1a: Skarmory|Skarmory, M|94/100
|switch|p2a: Zapdos|Zapdos|100/100
|
|-heal|p1a: Skarmory|100/100|[from] item: Leftovers
|upkeep
|turn|304
|
|t:|1729375189
|switch|p2a: Skarmory|Skarmory, M|100/100 par
|switch|p1a: Zapdos|Zapdos|94/100
|
|-heal|p1a: Zapdos|100/100|[from] item: Leftovers
|upkeep
|turn|305
|
|t:|1729375193
|switch|p1a: Skarmory|Skarmory, M|100/100
|switch|p2a: Aerodactyl|Aerodactyl, F|100/100
|
|upkeep
|turn|306
|
|t:|1729375199
|switch|p2a: Zapdos|Zapdos|100/100
|move|p1a: Skarmory|Roar|p2a: Zapdos
|drag|p2a: Aerodactyl|Aerodactyl, F|100/100
|
|upkeep
|turn|307
|
|t:|1729375208
|move|p2a: Aerodactyl|Hidden Power|p1a: Skarmory
|-resisted|p1a: Skarmory
|-damage|p1a: Skarmory|95/100
|move|p1a: Skarmory|Roar|p2a: Aerodactyl
|drag|p2a: Jirachi|Jirachi|82/100
|-damage|p2a: Jirachi|57/100|[from] Spikes
|
|-heal|p2a: Jirachi|63/100|[from] item: Leftovers
|-heal|p1a: Skarmory|100/100|[from] item: Leftovers
|upkeep
|turn|308
|
|t:|1729375214
|move|p2a: Jirachi|Protect|p2a: Jirachi
|-singleturn|p2a: Jirachi|Protect
|move|p1a: Skarmory|Roar|p2a: Jirachi
|-activate|p2a: Jirachi|Protect
|
|-heal|p2a: Jirachi|69/100|[from] item: Leftovers
|upkeep
|turn|309
|
|t:|1729375218
|move|p2a: Jirachi|Fire Punch|p1a: Skarmory
|-supereffective|p1a: Skarmory
|-damage|p1a: Skarmory|71/100
|-status|p1a: Skarmory|brn
|move|p1a: Skarmory|Roar|p2a: Jirachi
|drag|p2a: Aerodactyl|Aerodactyl, F|100/100
|
|-heal|p1a: Skarmory|77/100 brn|[from] item: Leftovers
|-damage|p1a: Skarmory|65/100 brn|[from] brn
|upkeep
|turn|310
|
|t:|1729375230
|move|p2a: Aerodactyl|Hidden Power|p1a: Skarmory
|-resisted|p1a: Skarmory
|-damage|p1a: Skarmory|58/100 brn
|move|p1a: Skarmory|Roar|p2a: Aerodactyl
|drag|p2a: Jirachi|Jirachi|69/100
|-damage|p2a: Jirachi|44/100|[from] Spikes
|
|-heal|p2a: Jirachi|50/100|[from] item: Leftovers
|-heal|p1a: Skarmory|64/100 brn|[from] item: Leftovers
|-damage|p1a: Skarmory|52/100 brn|[from] brn
|upkeep
|turn|311
|
|t:|1729375238
|move|p2a: Jirachi|Fire Punch|p1a: Skarmory
|-supereffective|p1a: Skarmory
|-damage|p1a: Skarmory|21/100 brn
|move|p1a: Skarmory|Roar|p2a: Jirachi
|drag|p2a: Skarmory|Skarmory, M|100/100 par
|
|-heal|p1a: Skarmory|27/100 brn|[from] item: Leftovers
|-damage|p1a: Skarmory|15/100 brn|[from] brn
|upkeep
|turn|312
|
|t:|1729375249
|switch|p2a: Zapdos|Zapdos|100/100
|move|p1a: Skarmory|Roar|p2a: Zapdos
|drag|p2a: Aerodactyl|Aerodactyl, F|100/100
|
|-heal|p1a: Skarmory|21/100 brn|[from] item: Leftovers
|-damage|p1a: Skarmory|9/100 brn|[from] brn
|upkeep
|turn|313
|
|t:|1729375261
|move|p2a: Aerodactyl|Rock Slide|p1a: Skarmory|[miss]
|-miss|p2a: Aerodactyl|p1a: Skarmory
|move|p1a: Skarmory|Roar|p2a: Aerodactyl
|drag|p2a: Skarmory|Skarmory, M|100/100 par
|
|-heal|p1a: Skarmory|15/100 brn|[from] item: Leftovers
|-damage|p1a: Skarmory|2/100 brn|[from] brn
|upkeep
|turn|314
|
|t:|1729375270
|move|p2a: Skarmory|Spikes||[still]
|-fail|p2a: Skarmory
|move|p1a: Skarmory|Roar|p2a: Skarmory
|drag|p2a: Jirachi|Jirachi|50/100
|-damage|p2a: Jirachi|25/100|[from] Spikes
|
|-heal|p2a: Jirachi|31/100|[from] item: Leftovers
|-heal|p1a: Skarmory|8/100 brn|[from] item: Leftovers
|-damage|p1a: Skarmory|0 fnt|[from] brn
|faint|p1a: Skarmory
|upkeep
|
|t:|1729375274
|switch|p1a: Suicune|Suicune|56/100
|-damage|p1a: Suicune|31/100|[from] Spikes
|turn|315
|
|t:|1729375277
|move|p2a: Jirachi|Toxic|p1a: Suicune
|-status|p1a: Suicune|tox
|move|p1a: Suicune|Rest|p1a: Suicune
|-status|p1a: Suicune|slp|[from] move: Rest
|-heal|p1a: Suicune|100/100 slp|[silent]
|
|-heal|p2a: Jirachi|38/100|[from] item: Leftovers
|upkeep
|turn|316
|
|t:|1729375291
|switch|p2a: Zapdos|Zapdos|100/100
|cant|p1a: Suicune|slp
|
|upkeep
|turn|317
|
|t:|1729375296
|switch|p1a: Zapdos|Zapdos|100/100
|move|p2a: Zapdos|Thunderbolt|p1a: Zapdos
|-damage|p1a: Zapdos|71/100
|-status|p1a: Zapdos|par
|
|-heal|p1a: Zapdos|78/100 par|[from] item: Leftovers
|upkeep
|turn|318
|
|t:|1729375307
|switch|p2a: Skarmory|Skarmory, M|100/100 par
|move|p1a: Zapdos|Substitute|p1a: Zapdos
|-start|p1a: Zapdos|Substitute
|-damage|p1a: Zapdos|53/100 par
|
|-heal|p1a: Zapdos|59/100 par|[from] item: Leftovers
|upkeep
|turn|319
|
|t:|1729375311
|switch|p2a: Zapdos|Zapdos|100/100
|move|p1a: Zapdos|Rest|p1a: Zapdos
|-status|p1a: Zapdos|slp|[from] move: Rest
|-heal|p1a: Zapdos|100/100 slp|[silent]
|
|upkeep
|turn|320
|
|t:|1729375313
|switch|p2a: Skarmory|Skarmory, M|100/100 par
|cant|p1a: Zapdos|slp
|
|upkeep
|turn|321
|
|t:|1729375316
|switch|p2a: Zapdos|Zapdos|100/100
|cant|p1a: Zapdos|slp
|
|upkeep
|turn|322
|
|t:|1729375318
|switch|p2a: Skarmory|Skarmory, M|100/100 par
|-curestatus|p1a: Zapdos|slp|[msg]
|move|p1a: Zapdos|Rest|p1a: Zapdos
|-fail|p1a: Zapdos|heal
|
|upkeep
|turn|323
|
|t:|1729375325
|switch|p2a: Zapdos|Zapdos|100/100
|move|p1a: Zapdos|Toxic|p2a: Zapdos
|-status|p2a: Zapdos|tox
|
|-damage|p2a: Zapdos|94/100 tox|[from] psn
|upkeep
|turn|324
|
|t:|1729375331
|switch|p2a: Skarmory|Skarmory, M|100/100 par
|move|p1a: Zapdos|Toxic||[still]
|-fail|p1a: Zapdos
|
|upkeep
|turn|325
|
|t:|1729375335
|switch|p2a: Zapdos|Zapdos|94/100 tox
|move|p1a: Zapdos|Toxic|p2a: Zapdos
|-fail|p2a: Zapdos|tox
|
|-heal|p2a: Zapdos|100/100 tox|[from] item: Leftovers
|-damage|p2a: Zapdos|94/100 tox|[from] psn
|upkeep
|turn|326
|
|t:|1729375337
|switch|p2a: Skarmory|Skarmory, M|100/100 par
|move|p1a: Zapdos|Toxic|p2a: Skarmory|[miss]
|-miss|p1a: Zapdos|p2a: Skarmory
|
|upkeep
|turn|327
|
|t:|1729375340
|switch|p2a: Zapdos|Zapdos|94/100 tox
|move|p1a: Zapdos|Toxic|p2a: Zapdos|[miss]
|-miss|p1a: Zapdos|p2a: Zapdos
|
|-heal|p2a: Zapdos|100/100 tox|[from] item: Leftovers
|-damage|p2a: Zapdos|94/100 tox|[from] psn
|upkeep
|turn|328
|
|t:|1729375342
|switch|p2a: Skarmory|Skarmory, M|100/100 par
|move|p1a: Zapdos|Substitute|p1a: Zapdos
|-fail|p1a: Zapdos|move: Substitute
|
|upkeep
|turn|329
|
|t:|1729375344
|switch|p2a: Zapdos|Zapdos|94/100 tox
|move|p1a: Zapdos|Substitute|p1a: Zapdos
|-fail|p1a: Zapdos|move: Substitute
|
|-heal|p2a: Zapdos|100/100 tox|[from] item: Leftovers
|-damage|p2a: Zapdos|94/100 tox|[from] psn
|upkeep
|turn|330
|
|t:|1729375347
|switch|p2a: Skarmory|Skarmory, M|100/100 par
|move|p1a: Zapdos|Rest|p1a: Zapdos
|-fail|p1a: Zapdos|heal
|
|upkeep
|turn|331
|
|t:|1729375350
|switch|p2a: Zapdos|Zapdos|94/100 tox
|move|p1a: Zapdos|Rest|p1a: Zapdos
|-fail|p1a: Zapdos|heal
|
|-heal|p2a: Zapdos|100/100 tox|[from] item: Leftovers
|-damage|p2a: Zapdos|94/100 tox|[from] psn
|upkeep
|turn|332
|
|t:|1729375354
|switch|p1a: Suicune|Suicune|100/100 slp
|-damage|p1a: Suicune|75/100 slp|[from] Spikes
|switch|p2a: Skarmory|Skarmory, M|100/100 par
|
|-heal|p1a: Suicune|82/100 slp|[from] item: Leftovers
|upkeep
|turn|333
|
|t:|1729375358
|cant|p1a: Suicune|slp
|cant|p2a: Skarmory|par
|
|-heal|p1a: Suicune|88/100 slp|[from] item: Leftovers
|upkeep
|turn|334
|
|t:|1729375362
|switch|p1a: Zapdos|Zapdos|100/100
|move|p2a: Skarmory|Roar|p1a: Zapdos
|drag|p1a: Suicune|Suicune|88/100 slp
|-damage|p1a: Suicune|63/100 slp|[from] Spikes
|
|-heal|p1a: Suicune|69/100 slp|[from] item: Leftovers
|upkeep
|turn|335
|
|t:|1729375365
|-curestatus|p1a: Suicune|slp|[msg]
|move|p1a: Suicune|Rest|p1a: Suicune
|-status|p1a: Suicune|slp|[from] move: Rest
|-heal|p1a: Suicune|100/100 slp|[silent]
|move|p2a: Skarmory|Roar|p1a: Suicune
|drag|p1a: Zapdos|Zapdos|100/100
|
|upkeep
|turn|336
|
|t:|1729375374
|move|p1a: Zapdos|Rest|p1a: Zapdos
|-fail|p1a: Zapdos|heal
|move|p2a: Skarmory|Roar|p1a: Zapdos
|drag|p1a: Suicune|Suicune|100/100 slp
|-damage|p1a: Suicune|75/100 slp|[from] Spikes
|
|-heal|p1a: Suicune|82/100 slp|[from] item: Leftovers
|upkeep
|turn|337
|
|t:|1729375378
|cant|p1a: Suicune|slp
|move|p2a: Skarmory|Roar|p1a: Suicune
|drag|p1a: Zapdos|Zapdos|100/100
|
|upkeep
|turn|338
|
|t:|1729375381
|move|p1a: Zapdos|Rest|p1a: Zapdos
|-fail|p1a: Zapdos|heal
|move|p2a: Skarmory|Roar|p1a: Zapdos
|drag|p1a: Suicune|Suicune|82/100 slp
|-damage|p1a: Suicune|57/100 slp|[from] Spikes
|
|-heal|p1a: Suicune|63/100 slp|[from] item: Leftovers
|upkeep
|turn|339
|
|t:|1729375386
|cant|p1a: Suicune|slp
|move|p2a: Skarmory|Roar|p1a: Suicune
|drag|p1a: Zapdos|Zapdos|100/100
|
|upkeep
|turn|340
|
|t:|1729375391
|move|p1a: Zapdos|Rest|p1a: Zapdos
|-fail|p1a: Zapdos|heal
|cant|p2a: Skarmory|par
|
|upkeep
|turn|341
|
|t:|1729375394
|move|p1a: Zapdos|Rest|p1a: Zapdos
|-fail|p1a: Zapdos|heal
|move|p2a: Skarmory|Roar|p1a: Zapdos
|drag|p1a: Suicune|Suicune|63/100 slp
|-damage|p1a: Suicune|38/100 slp|[from] Spikes
|
|-heal|p1a: Suicune|44/100 slp|[from] item: Leftovers
|upkeep
|turn|342
|
|t:|1729375399
|switch|p2a: Zapdos|Zapdos|94/100 tox
|-curestatus|p1a: Suicune|slp|[msg]
|move|p1a: Suicune|Rest|p1a: Suicune
|-status|p1a: Suicune|slp|[from] move: Rest
|-heal|p1a: Suicune|100/100 slp|[silent]
|
|-heal|p2a: Zapdos|100/100 tox|[from] item: Leftovers
|-damage|p2a: Zapdos|94/100 tox|[from] psn
|upkeep
|turn|343
|
|t:|1729375405
|switch|p2a: Skarmory|Skarmory, M|100/100 par
|switch|p1a: Zapdos|Zapdos|100/100
|
|upkeep
|turn|344
|
|t:|1729375415
|switch|p2a: Zapdos|Zapdos|94/100 tox
|move|p1a: Zapdos|Rest|p1a: Zapdos
|-fail|p1a: Zapdos|heal
|
|-heal|p2a: Zapdos|100/100 tox|[from] item: Leftovers
|-damage|p2a: Zapdos|94/100 tox|[from] psn
|upkeep
|turn|345
|
|t:|1729375418
|switch|p2a: Skarmory|Skarmory, M|100/100 par
|move|p1a: Zapdos|Thunderbolt|p2a: Skarmory
|-supereffective|p2a: Skarmory
|-damage|p2a: Skarmory|28/100 par
|
|-heal|p2a: Skarmory|34/100 par|[from] item: Leftovers
|upkeep
|turn|346
|
|t:|1729375426
|move|p2a: Skarmory|Protect|p2a: Skarmory
|-singleturn|p2a: Skarmory|Protect
|move|p1a: Zapdos|Struggle|p2a: Skarmory
|-activate|p2a: Skarmory|Protect
|
|-heal|p2a: Skarmory|40/100 par|[from] item: Leftovers
|upkeep
|turn|347
|
|t:|1729375431
|switch|p2a: Zapdos|Zapdos|94/100 tox
|move|p1a: Zapdos|Struggle|p2a: Zapdos
|-damage|p2a: Zapdos|86/100 tox
|-damage|p1a: Zapdos|99/100|[from] Recoil|[of] p2a: Zapdos
|
|-heal|p1a: Zapdos|100/100|[from] item: Leftovers
|-heal|p2a: Zapdos|92/100 tox|[from] item: Leftovers
|-damage|p2a: Zapdos|86/100 tox|[from] psn
|upkeep
|turn|348
|
|t:|1729375436
|switch|p2a: Skarmory|Skarmory, M|40/100 par
|move|p1a: Zapdos|Struggle|p2a: Skarmory
|-damage|p2a: Skarmory|33/100 par
|-damage|p1a: Zapdos|99/100|[from] Recoil|[of] p2a: Skarmory
|
|-heal|p1a: Zapdos|100/100|[from] item: Leftovers
|-heal|p2a: Skarmory|39/100 par|[from] item: Leftovers
|upkeep
|turn|349
|
|t:|1729375444
|move|p1a: Zapdos|Struggle|p2a: Skarmory
|-damage|p2a: Skarmory|32/100 par
|-damage|p1a: Zapdos|99/100|[from] Recoil|[of] p2a: Skarmory
|move|p2a: Skarmory|Toxic|p1a: Zapdos
|-status|p1a: Zapdos|tox
|
|-heal|p1a: Zapdos|100/100 tox|[from] item: Leftovers
|-damage|p1a: Zapdos|94/100 tox|[from] psn
|-heal|p2a: Skarmory|38/100 par|[from] item: Leftovers
|upkeep
|turn|350
|
|t:|1729375448
|move|p2a: Skarmory|Protect|p2a: Skarmory
|-singleturn|p2a: Skarmory|Protect
|move|p1a: Zapdos|Struggle|p2a: Skarmory
|-activate|p2a: Skarmory|Protect
|
|-heal|p1a: Zapdos|100/100 tox|[from] item: Leftovers
|-damage|p1a: Zapdos|88/100 tox|[from] psn
|-heal|p2a: Skarmory|44/100 par|[from] item: Leftovers
|upkeep
|turn|351
|
|t:|1729375452
|switch|p2a: Jirachi|Jirachi|38/100
|-damage|p2a: Jirachi|13/100|[from] Spikes
|move|p1a: Zapdos|Struggle|p2a: Jirachi
|-damage|p2a: Jirachi|6/100
|-damage|p1a: Zapdos|86/100 tox|[from] Recoil|[of] p2a: Jirachi
|
|-heal|p1a: Zapdos|93/100 tox|[from] item: Leftovers
|-damage|p1a: Zapdos|74/100 tox|[from] psn
|-heal|p2a: Jirachi|12/100|[from] item: Leftovers
|upkeep
|turn|352
|
|t:|1729375456
|move|p1a: Zapdos|Struggle|p2a: Jirachi
|-damage|p2a: Jirachi|6/100
|-damage|p1a: Zapdos|72/100 tox|[from] Recoil|[of] p2a: Jirachi
|move|p2a: Jirachi|Wish|p2a: Jirachi
|
|-heal|p1a: Zapdos|79/100 tox|[from] item: Leftovers
|-damage|p1a: Zapdos|54/100 tox|[from] psn
|-heal|p2a: Jirachi|12/100|[from] item: Leftovers
|upkeep
|turn|353
|
|t:|1729375459
|move|p2a: Jirachi|Protect|p2a: Jirachi
|-singleturn|p2a: Jirachi|Protect
|move|p1a: Zapdos|Struggle|p2a: Jirachi
|-activate|p2a: Jirachi|Protect
|
|-heal|p2a: Jirachi|62/100|[from] move: Wish|[wisher] Jirachi
|-heal|p1a: Zapdos|60/100 tox|[from] item: Leftovers
|-damage|p1a: Zapdos|29/100 tox|[from] psn
|-heal|p2a: Jirachi|68/100|[from] item: Leftovers
|upkeep
|turn|354
|
|t:|1729375462
|move|p1a: Zapdos|Struggle|p2a: Jirachi
|-damage|p2a: Jirachi|62/100
|-damage|p1a: Zapdos|27/100 tox|[from] Recoil|[of] p2a: Jirachi
|move|p2a: Jirachi|Wish|p2a: Jirachi
|
|-heal|p1a: Zapdos|34/100 tox|[from] item: Leftovers
|-damage|p1a: Zapdos|0 fnt|[from] psn
|faint|p1a: Zapdos
|-heal|p2a: Jirachi|68/100|[from] item: Leftovers
|upkeep
|
|t:|1729375464
|switch|p1a: Suicune|Suicune|100/100 slp
|-damage|p1a: Suicune|75/100 slp|[from] Spikes
|turn|355
|
|t:|1729375471
|switch|p2a: Zapdos|Zapdos|86/100 tox
|cant|p1a: Suicune|slp
|
|-heal|p2a: Zapdos|100/100 tox|[from] move: Wish|[wisher] Jirachi
|-damage|p2a: Zapdos|94/100 tox|[from] psn
|-heal|p1a: Suicune|82/100 slp|[from] item: Leftovers
|upkeep
|turn|356
|
|t:|1729375480
|switch|p2a: Skarmory|Skarmory, M|44/100 par
|cant|p1a: Suicune|slp
|
|-heal|p1a: Suicune|88/100 slp|[from] item: Leftovers
|-heal|p2a: Skarmory|50/100 par|[from] item: Leftovers
|upkeep
|turn|357
|
|t:|1729375484
|move|p2a: Skarmory|Protect|p2a: Skarmory
|-singleturn|p2a: Skarmory|Protect
|-curestatus|p1a: Suicune|slp|[msg]
|move|p1a: Suicune|Calm Mind|p1a: Suicune
|-boost|p1a: Suicune|spa|1
|-boost|p1a: Suicune|spd|1
|
|-heal|p1a: Suicune|94/100|[from] item: Leftovers
|-heal|p2a: Skarmory|56/100 par|[from] item: Leftovers
|upkeep
|turn|358
|
|t:|1729375494
|switch|p2a: Jirachi|Jirachi|68/100
|-damage|p2a: Jirachi|43/100|[from] Spikes
|move|p1a: Suicune|Calm Mind|p1a: Suicune
|-boost|p1a: Suicune|spa|1
|-boost|p1a: Suicune|spd|1
|
|-heal|p2a: Jirachi|49/100|[from] item: Leftovers
|-heal|p1a: Suicune|99/100|[from] item: Leftovers
|upkeep
|turn|359
|
|t:|1729375497
|move|p2a: Jirachi|Toxic|p1a: Suicune
|-status|p1a: Suicune|tox
|move|p1a: Suicune|Surf|p2a: Jirachi
|-damage|p2a: Jirachi|11/100
|
|-heal|p2a: Jirachi|17/100|[from] item: Leftovers
|-heal|p1a: Suicune|100/100 tox|[from] item: Leftovers
|-damage|p1a: Suicune|94/100 tox|[from] psn
|upkeep
|turn|360
|
|t:|1729375501
|move|p2a: Jirachi|Protect|p2a: Jirachi
|-singleturn|p2a: Jirachi|Protect
|move|p1a: Suicune|Calm Mind|p1a: Suicune
|-boost|p1a: Suicune|spa|1
|-boost|p1a: Suicune|spd|1
|
|-heal|p2a: Jirachi|24/100|[from] item: Leftovers
|-heal|p1a: Suicune|100/100 tox|[from] item: Leftovers
|-damage|p1a: Suicune|88/100 tox|[from] psn
|upkeep
|turn|361
|
|t:|1729375510
|move|p2a: Jirachi|Wish|p2a: Jirachi
|move|p1a: Suicune|Surf|p2a: Jirachi
|-damage|p2a: Jirachi|0 fnt
|faint|p2a: Jirachi
|
|t:|1729375514
|switch|p2a: Aerodactyl|Aerodactyl, F|100/100
|
|-heal|p1a: Suicune|94/100 tox|[from] item: Leftovers
|-damage|p1a: Suicune|76/100 tox|[from] psn
|upkeep
|turn|362
|
|t:|1729375518
|move|p2a: Aerodactyl|Rock Slide|p1a: Suicune
|-damage|p1a: Suicune|48/100 tox
|move|p1a: Suicune|Rest|p1a: Suicune
|-status|p1a: Suicune|slp|[from] move: Rest
|-heal|p1a: Suicune|100/100 slp|[silent]
|
|upkeep
|turn|363
|
|t:|1729375528
|move|p2a: Aerodactyl|Rock Slide|p1a: Suicune
|-damage|p1a: Suicune|74/100 slp
|cant|p1a: Suicune|slp
|
|-heal|p1a: Suicune|80/100 slp|[from] item: Leftovers
|upkeep
|turn|364
|
|t:|1729375532
|switch|p2a: Skarmory|Skarmory, M|56/100 par
|cant|p1a: Suicune|slp
|
|-heal|p1a: Suicune|87/100 slp|[from] item: Leftovers
|-heal|p2a: Skarmory|62/100 par|[from] item: Leftovers
|upkeep
|turn|365
|
|t:|1729375536
|cant|p2a: Skarmory|par
|-curestatus|p1a: Suicune|slp|[msg]
|move|p1a: Suicune|Roar|p2a: Skarmory
|drag|p2a: Zapdos|Zapdos|94/100 tox
|
|-heal|p2a: Zapdos|100/100 tox|[from] item: Leftovers
|-damage|p2a: Zapdos|94/100 tox|[from] psn
|-heal|p1a: Suicune|93/100|[from] item: Leftovers
|upkeep
|turn|366
|
|t:|1729375545
|move|p2a: Zapdos|Rest|p2a: Zapdos
|-status|p2a: Zapdos|slp|[from] move: Rest
|-heal|p2a: Zapdos|100/100 slp|[silent]
|move|p1a: Suicune|Calm Mind|p1a: Suicune
|-boost|p1a: Suicune|spa|1
|-boost|p1a: Suicune|spd|1
|
|-heal|p1a: Suicune|99/100|[from] item: Leftovers
|upkeep
|turn|367
|
|t:|1729375551
|cant|p2a: Zapdos|slp
|move|p2a: Zapdos|Sleep Talk|p2a: Zapdos
|move|p2a: Zapdos|Rest|p2a: Zapdos|[from]Sleep Talk
|move|p1a: Suicune|Surf|p2a: Zapdos
|-damage|p2a: Zapdos|37/100 slp
|
|-heal|p2a: Zapdos|44/100 slp|[from] item: Leftovers
|-heal|p1a: Suicune|100/100|[from] item: Leftovers
|upkeep
|turn|368
|
|t:|1729375558
|cant|p2a: Zapdos|slp
|move|p2a: Zapdos|Sleep Talk|p2a: Zapdos
|move|p2a: Zapdos|Thunderbolt|p1a: Suicune|[from]Sleep Talk
|-supereffective|p1a: Suicune
|-damage|p1a: Suicune|80/100
|move|p1a: Suicune|Surf|p2a: Zapdos
|-damage|p2a: Zapdos|0 fnt
|faint|p2a: Zapdos
|
|t:|1729375566
|switch|p2a: Skarmory|Skarmory, M|62/100 par
|
|-heal|p1a: Suicune|87/100|[from] item: Leftovers
|-heal|p2a: Skarmory|68/100 par|[from] item: Leftovers
|upkeep
|turn|369
|
|t:|1729375569
|move|p2a: Skarmory|Protect|p2a: Skarmory
|-singleturn|p2a: Skarmory|Protect
|move|p1a: Suicune|Surf|p2a: Skarmory
|-activate|p2a: Skarmory|Protect
|
|-heal|p1a: Suicune|93/100|[from] item: Leftovers
|-heal|p2a: Skarmory|74/100 par|[from] item: Leftovers
|upkeep
|turn|370
|
|t:|1729375583
|move|p2a: Skarmory|Protect|p2a: Skarmory
|-singleturn|p2a: Skarmory|Protect
|move|p1a: Suicune|Surf|p2a: Skarmory
|-activate|p2a: Skarmory|Protect
|
|-heal|p1a: Suicune|99/100|[from] item: Leftovers
|-heal|p2a: Skarmory|80/100 par|[from] item: Leftovers
|upkeep
|turn|371
|
|t:|1729375594
|move|p2a: Skarmory|Protect||[still]
|-fail|p2a: Skarmory
|move|p1a: Suicune|Surf|p2a: Skarmory
|-damage|p2a: Skarmory|0 fnt
|faint|p2a: Skarmory
|
|t:|1729375597
|switch|p2a: Aerodactyl|Aerodactyl, F|100/100
|
|-heal|p1a: Suicune|100/100|[from] item: Leftovers
|upkeep
|turn|372
|
|t:|1729375600
|move|p2a: Aerodactyl|Earthquake|p1a: Suicune
|-damage|p1a: Suicune|74/100
|move|p1a: Suicune|Surf|p2a: Aerodactyl
|-supereffective|p2a: Aerodactyl
|-damage|p2a: Aerodactyl|0 fnt
|faint|p2a: Aerodactyl
|
|win|Ooziegib
|c|☆Ooziegib|gg

</script>
<script type="application/json" class="data" id="replaydata-smogtours-gen3ou-800136">
{"id":"smogtours-gen3ou-800136","format":"[Gen 3] OU","players":["Ooziegib","FlappleFan20"],"uploadtime":1729375600,"views":124,"formatid":"gen3ou","rating":null,"private":0,"password":null}
</script>

<script defer src="js/replays.js?9d40a366"></script>
