<!DOCTYPE html>
<meta charset="utf-8" />
<meta name="viewport" content="width=device-width" />

<title>[Gen 3] OU: Bongmoodeus vs. lunasran - Replays - Pok&eacute;mon Showdown!</title>

<meta name="description" content="Watch a replay of a Pok&eacute;mon battle between Bongmoodeus and lunasran! Format: [Gen 3] OU; Date: Oct 25, 2024" />
<!--

Hey, you! Looking in the source for the replay log?

You can find them in JSON format, just add `.json` at the end of a replay URL.

https://replay.pokemonshowdown.com/gen7randomdoublesbattle-865046831.json

Or, if you only need the log itself, add `.log` instead:

https://replay.pokemonshowdown.com/gen7randomdoublesbattle-865046831.log

-->

<link rel="stylesheet" href="//pokemonshowdown.com/style/global.css?0.767286132409787" />
<link rel="stylesheet" href="//play.pokemonshowdown.com/style/font-awesome.css?0.9266228007934947" />
<link rel="stylesheet" href="//play.pokemonshowdown.com/style/battle.css?0.7924700842790926" />
<link rel="stylesheet" href="//play.pokemonshowdown.com/style/utilichart.css?0.8777417872839479" />

<!-- Global site tag (gtag.js) - Google Analytics -->
<script async src="https://www.googletagmanager.com/gtag/js?id=UA-26211653-1"></script>
<script>
  window.dataLayer = window.dataLayer || [];
  function gtag(){dataLayer.push(arguments);}
  gtag('js', new Date());

  gtag('config', 'UA-26211653-1');
</script>
<!-- End Google Analytics -->
<!-- Venatus Ad Manager - Install in <HEAD> of page -->
	<script src="https://hb.vntsm.com/v3/live/ad-manager.min.js" type="text/javascript" data-site-id="642aba63ec9a7b11c3c9c1be" data-mode="scan" async></script>
<!-- / Venatus Ad Manager -->

<style>
	@media (max-width:820px) {
		.battle {
			margin: 0 auto;
		}
		.battle-log {
			margin: 7px auto 0;
			max-width: 640px;
			height: 300px;
			position: static;
		}
	}
	.optgroup {
		display: inline-block;
		line-height: 22px;
		font-size: 10pt;
	}
	.optgroup .button {
		height: 25px;
		padding-top: 0;
		padding-bottom: 0;
	}
	.optgroup button.button {
		padding-left: 12px;
		padding-right: 12px;
	}
	.linklist {
		list-style: none;
		margin: 0.5em 0;
		padding: 0;
	}
	.linklist li {
		padding: 2px 0;
	}
	.sidebar {
		float: left;
		width: 320px;
	}
	.bar-wrapper {
		max-width: 1100px;
		margin: 0 auto;
	}
	.bar-wrapper.has-sidebar {
		max-width: 1430px;
	}
	.mainbar {
		margin: 0;
		padding-right: 1px;
	}
	.mainbar.has-sidebar {
		margin-left: 330px;
	}
	@media (min-width: 1511px) {
		.sidebar {
			width: 400px;
		}
		.bar-wrapper.has-sidebar {
			max-width: 1510px;
		}
		.mainbar.has-sidebar {
			margin-left: 410px;
		}
	}
	.section.first-section {
		margin-top: 9px;
	}
	.blocklink small {
		white-space: normal;
	}
	.button {
		vertical-align: middle;
	}
	.replay-controls {
		padding-top: 10px;
	}
	.replay-controls h1 {
		font-size: 16pt;
		font-weight: normal;
		color: #CCC;
	}
	.pagelink {
		text-align: center;
	}
	.pagelink a {
		width: 150px;
	}
	.textbox, .button {
		font-size: 11pt;
		vertical-align: middle;
	}
	@media (max-width: 450px) {
		.button {
			font-size: 9pt;
		}
	}
</style>

<div>

	<header>
		<div class="nav-wrapper"><ul class="nav">
			<li><a class="button nav-first" href="//pokemonshowdown.com/"><img src="//pokemonshowdown.com/images/pokemonshowdownbeta.png" srcset="//pokemonshowdown.com/images/pokemonshowdownbeta.png 1x, //pokemonshowdown.com/images/pokemonshowdownbeta@2x.png 2x" alt="Pok&eacute;mon Showdown" width="146" height="44" /> Home</a></li>
			<li><a class="button" href="//pokemonshowdown.com/dex/">Pok&eacute;dex</a></li>
			<li><a class="button cur" href="/">Replays</a></li>
			<li><a class="button" href="//pokemonshowdown.com/ladder/">Ladder</a></li>
			<li><a class="button nav-last" href="//pokemonshowdown.com/forums/">Forum</a></li>
			<li><a class="button greenbutton nav-first nav-last" href="//play.pokemonshowdown.com/">Play</a></li>
		</ul></div>
	</header>

	<div class="main" id="main">

		<noscript><section class="section">You need to enable JavaScript to use this page; sorry!</section></noscript>

	</div>

</div>

<script defer nomodule src="//play.pokemonshowdown.com/js/lib/ps-polyfill.js"></script>
<script defer src="//play.pokemonshowdown.com/js/lib/preact.min.js"></script>

<script defer src="//play.pokemonshowdown.com/config/config.js?6dec07f6"></script>
<script defer src="//play.pokemonshowdown.com/js/lib/jquery-1.11.0.min.js"></script>
<script defer src="//play.pokemonshowdown.com/js/lib/html-sanitizer-minified.js"></script>
<script defer src="//play.pokemonshowdown.com/js/battle-sound.js"></script>
<script defer src="//play.pokemonshowdown.com/js/battledata.js?0.6315294753075389"></script>
<script defer src="//play.pokemonshowdown.com/data/pokedex-mini.js?0.7603743185311358"></script>
<script defer src="//play.pokemonshowdown.com/data/pokedex-mini-bw.js?0.030888842834281283"></script>
<script defer src="//play.pokemonshowdown.com/data/graphics.js?0.05593094747507488"></script>
<script defer src="//play.pokemonshowdown.com/data/pokedex.js?0.47064822249611904"></script>
<script defer src="//play.pokemonshowdown.com/data/moves.js?0.8583693120512459"></script>
<script defer src="//play.pokemonshowdown.com/data/abilities.js?0.16017181182386842"></script>
<script defer src="//play.pokemonshowdown.com/data/items.js?0.4163379185673943"></script>
<script defer src="//play.pokemonshowdown.com/data/teambuilder-tables.js?0.31075597372830477"></script>
<script defer src="//play.pokemonshowdown.com/js/battle-tooltips.js?0.6536193500708172"></script>
<script defer src="//play.pokemonshowdown.com/js/battle.js?0.1916591943277901"></script>

<script defer src="js/utils.js?e31f9a17"></script>
<script defer src="js/replays-battle.js?7008c182"></script>

<!-- don't scrape this data! just add .json or .log after the URL!
Full API docs: https://github.com/smogon/pokemon-showdown-client/blob/master/WEB-API.md -->
<script type="text/plain" class="log" id="replaylog-smogtours-gen3ou-801855">
|inactive|Battle timer is ON: inactive players will automatically lose when time's up.
|t:|1729877233
|gametype|singles
|player|p1|Bongmoodeus|266|
|player|p2|lunasran|erika|
|teamsize|p1|6
|teamsize|p2|6
|gen|3
|tier|[Gen 3] OU
|rule|Sleep Clause Mod: Limit one foe put to sleep
|rule|Switch Priority Clause Mod: Faster Pokémon switch first
|rule|Species Clause: Limit one of each Pokémon
|rule|OHKO Clause: OHKO moves are banned
|rule|Evasion Items Clause: Evasion items are banned
|rule|Evasion Moves Clause: Evasion moves are banned
|rule|Endless Battle Clause: Forcing endless battles is banned
|rule|HP Percentage Mod: HP is shown in percentages
|rule|One Boost Passer Clause: Limit one Baton Passer that has a way to boost its stats
|rule|Freeze Clause Mod: Limit one foe frozen
|
|t:|1729877233
|start
|switch|p1a: Skarmory|Skarmory, F|100/100
|switch|p2a: Twizzy|Breloom, M, shiny|100/100
|turn|1
|
|t:|1729877249
|switch|p1a: Gengar|Gengar, F|100/100
|move|p2a: Twizzy|Spore|p1a: Gengar
|-status|p1a: Gengar|slp|[from] move: Spore
|
|upkeep
|turn|2
|
|t:|1729877257
|switch|p1a: Starmie|Starmie|100/100
|move|p2a: Twizzy|Hidden Power|p1a: Starmie
|-supereffective|p1a: Starmie
|-damage|p1a: Starmie|32/100
|
|-heal|p1a: Starmie|38/100|[from] item: Leftovers
|upkeep
|turn|3
|
|t:|1729877273
|switch|p2a: Dusty|Snorlax, F, shiny|100/100
|move|p1a: Starmie|Ice Beam|p2a: Dusty
|-damage|p2a: Dusty|84/100
|
|-heal|p1a: Starmie|44/100|[from] item: Leftovers
|-heal|p2a: Dusty|90/100|[from] item: Leftovers
|upkeep
|turn|4
|
|t:|1729877286
|switch|p1a: Metagross|Metagross|100/100
|move|p2a: Dusty|Body Slam|p1a: Metagross
|-resisted|p1a: Metagross
|-damage|p1a: Metagross|87/100
|-status|p1a: Metagross|par
|
|-heal|p2a: Dusty|96/100|[from] item: Leftovers
|upkeep
|turn|5
|inactive|lunasran has 270 seconds left.
|
|t:|1729877325
|move|p2a: Dusty|Curse|p2a: Dusty
|-unboost|p2a: Dusty|spe|1
|-boost|p2a: Dusty|atk|1
|-boost|p2a: Dusty|def|1
|move|p1a: Metagross|Meteor Mash|p2a: Dusty
|-damage|p2a: Dusty|51/100
|
|-heal|p2a: Dusty|58/100|[from] item: Leftovers
|upkeep
|turn|6
|
|t:|1729877353
|switch|p2a: Senkko|Suicune|100/100
|move|p1a: Metagross|Meteor Mash|p2a: Senkko
|-resisted|p2a: Senkko
|-damage|p2a: Senkko|64/100
|
|-heal|p2a: Senkko|70/100|[from] item: Leftovers
|upkeep
|turn|7
|
|t:|1729877364
|switch|p1a: Jolteon|Jolteon, M|100/100
|move|p2a: Senkko|Calm Mind|p2a: Senkko
|-boost|p2a: Senkko|spa|1
|-boost|p2a: Senkko|spd|1
|
|-heal|p2a: Senkko|76/100|[from] item: Leftovers
|upkeep
|turn|8
|inactive|lunasran has 240 seconds left.
|
|t:|1729877394
|move|p1a: Jolteon|Thunderbolt|p2a: Senkko
|-supereffective|p2a: Senkko
|-damage|p2a: Senkko|29/100
|move|p2a: Senkko|Surf|p1a: Jolteon
|-damage|p1a: Jolteon|17/100
|
|-heal|p1a: Jolteon|23/100|[from] item: Leftovers
|-heal|p2a: Senkko|35/100|[from] item: Leftovers
|upkeep
|turn|9
|
|t:|1729877406
|switch|p2a: Dusty|Snorlax, F, shiny|58/100
|move|p1a: Jolteon|Thunderbolt|p2a: Dusty
|-damage|p2a: Dusty|33/100
|
|-heal|p1a: Jolteon|29/100|[from] item: Leftovers
|-heal|p2a: Dusty|39/100|[from] item: Leftovers
|upkeep
|turn|10
|
|t:|1729877417
|move|p1a: Jolteon|Baton Pass|p1a: Jolteon
|
|t:|1729877418
|switch|p1a: Skarmory|Skarmory, F|100/100|[from] Baton Pass
|move|p2a: Dusty|Rest|p2a: Dusty
|-status|p2a: Dusty|slp|[from] move: Rest
|-heal|p2a: Dusty|100/100 slp|[silent]
|
|upkeep
|turn|11
|
|t:|1729877435
|switch|p2a: Flex|Zapdos|100/100
|move|p1a: Skarmory|Spikes|p2a: Flex
|-sidestart|p2: lunasran|Spikes
|
|upkeep
|turn|12
|
|t:|1729877443
|switch|p1a: Tyranitar|Tyranitar, F|100/100
|-weather|Sandstorm|[from] ability: Sand Stream|[of] p1a: Tyranitar
|move|p2a: Flex|Thunder Wave|p1a: Tyranitar
|-status|p1a: Tyranitar|par
|
|-weather|Sandstorm|[upkeep]
|-damage|p2a: Flex|94/100|[from] Sandstorm
|-heal|p2a: Flex|100/100|[from] item: Leftovers
|upkeep
|turn|13
|
|t:|1729877455
|move|p2a: Flex|Substitute|p2a: Flex
|-start|p2a: Flex|Substitute
|-damage|p2a: Flex|76/100
|cant|p1a: Tyranitar|par
|
|-weather|Sandstorm|[upkeep]
|-damage|p2a: Flex|69/100|[from] Sandstorm
|-heal|p2a: Flex|76/100|[from] item: Leftovers
|upkeep
|turn|14
|
|t:|1729877464
|move|p2a: Flex|Thunderbolt|p1a: Tyranitar
|-damage|p1a: Tyranitar|59/100 par
|move|p1a: Tyranitar|Rock Slide|p2a: Flex
|-supereffective|p2a: Flex
|-end|p2a: Flex|Substitute
|
|-weather|Sandstorm|[upkeep]
|-damage|p2a: Flex|69/100|[from] Sandstorm
|-heal|p2a: Flex|76/100|[from] item: Leftovers
|-heal|p1a: Tyranitar|65/100 par|[from] item: Leftovers
|upkeep
|turn|15
|inactive|lunasran has 240 seconds left.
|
|t:|1729877484
|switch|p2a: Jinx|Jirachi|100/100
|-damage|p2a: Jinx|88/100|[from] Spikes
|cant|p1a: Tyranitar|par
|
|-weather|Sandstorm|[upkeep]
|-heal|p2a: Jinx|94/100|[from] item: Leftovers
|-heal|p1a: Tyranitar|71/100 par|[from] item: Leftovers
|upkeep
|turn|16
|
|t:|1729877496
|move|p2a: Jinx|Wish|p2a: Jinx
|cant|p1a: Tyranitar|par
|
|-weather|Sandstorm|[upkeep]
|-heal|p2a: Jinx|100/100|[from] item: Leftovers
|-heal|p1a: Tyranitar|77/100 par|[from] item: Leftovers
|upkeep
|turn|17
|
|t:|1729877515
|-singleturn|p1a: Tyranitar|move: Focus Punch
|move|p2a: Jinx|Calm Mind|p2a: Jinx
|-boost|p2a: Jinx|spa|1
|-boost|p2a: Jinx|spd|1
|move|p1a: Tyranitar|Focus Punch|p2a: Jinx
|-damage|p2a: Jinx|55/100
|
|-heal|p2a: Jinx|100/100|[from] move: Wish|[wisher] Jinx
|-weather|Sandstorm|[upkeep]
|-heal|p1a: Tyranitar|83/100 par|[from] item: Leftovers
|upkeep
|turn|18
|inactive|lunasran has 240 seconds left.
|
|t:|1729877527
|move|p2a: Jinx|Thunderbolt|p1a: Tyranitar
|-damage|p1a: Tyranitar|55/100 par
|move|p1a: Tyranitar|Earthquake|p2a: Jinx
|-supereffective|p2a: Jinx
|-crit|p2a: Jinx
|-damage|p2a: Jinx|0 fnt
|faint|p2a: Jinx
|
|t:|1729877544
|switch|p2a: Senkko|Suicune|35/100
|-damage|p2a: Senkko|23/100|[from] Spikes
|
|-weather|Sandstorm|[upkeep]
|-damage|p2a: Senkko|17/100|[from] Sandstorm
|-heal|p2a: Senkko|23/100|[from] item: Leftovers
|-heal|p1a: Tyranitar|61/100 par|[from] item: Leftovers
|upkeep
|turn|19
|
|t:|1729877552
|switch|p1a: Starmie|Starmie|44/100
|move|p2a: Senkko|Surf|p1a: Starmie
|-resisted|p1a: Starmie
|-crit|p1a: Starmie
|-damage|p1a: Starmie|0 fnt
|faint|p1a: Starmie
|
|t:|1729877557
|switch|p1a: Jolteon|Jolteon, M|29/100
|
|-weather|Sandstorm|[upkeep]
|-damage|p1a: Jolteon|23/100|[from] Sandstorm
|-damage|p2a: Senkko|17/100|[from] Sandstorm
|-heal|p1a: Jolteon|29/100|[from] item: Leftovers
|-heal|p2a: Senkko|23/100|[from] item: Leftovers
|upkeep
|turn|20
|inactive|lunasran has 240 seconds left.
|
|t:|1729877570
|switch|p2a: Dusty|Snorlax, F, shiny|100/100 slp
|-damage|p2a: Dusty|88/100 slp|[from] Spikes
|move|p1a: Jolteon|Thunderbolt|p2a: Dusty
|-damage|p2a: Dusty|63/100 slp
|
|-weather|Sandstorm|[upkeep]
|-damage|p1a: Jolteon|23/100|[from] Sandstorm
|-damage|p2a: Dusty|57/100 slp|[from] Sandstorm
|-heal|p1a: Jolteon|29/100|[from] item: Leftovers
|-heal|p2a: Dusty|63/100 slp|[from] item: Leftovers
|upkeep
|turn|21
|inactive|lunasran has 240 seconds left.
|
|t:|1729877583
|switch|p1a: Skarmory|Skarmory, F|100/100
|cant|p2a: Dusty|slp
|move|p2a: Dusty|Sleep Talk|p2a: Dusty
|move|p2a: Dusty|Curse|p2a: Dusty|[from]Sleep Talk
|-unboost|p2a: Dusty|spe|1
|-boost|p2a: Dusty|atk|1
|-boost|p2a: Dusty|def|1
|
|-weather|Sandstorm|[upkeep]
|-damage|p2a: Dusty|57/100 slp|[from] Sandstorm
|-heal|p2a: Dusty|63/100 slp|[from] item: Leftovers
|upkeep
|turn|22
|inactive|lunasran has 240 seconds left.
|
|t:|1729877596
|move|p1a: Skarmory|Spikes|p2a: Dusty
|-sidestart|p2: lunasran|Spikes
|cant|p2a: Dusty|slp
|move|p2a: Dusty|Sleep Talk|p2a: Dusty
|move|p2a: Dusty|Curse|p2a: Dusty|[from]Sleep Talk
|-unboost|p2a: Dusty|spe|1
|-boost|p2a: Dusty|atk|1
|-boost|p2a: Dusty|def|1
|
|-weather|Sandstorm|[upkeep]
|-damage|p2a: Dusty|57/100 slp|[from] Sandstorm
|-heal|p2a: Dusty|63/100 slp|[from] item: Leftovers
|upkeep
|turn|23
|inactive|lunasran has 240 seconds left.
|
|t:|1729877609
|-curestatus|p2a: Dusty|slp|[msg]
|move|p2a: Dusty|Body Slam|p1a: Skarmory
|-resisted|p1a: Skarmory
|-damage|p1a: Skarmory|72/100
|move|p1a: Skarmory|Roar|p2a: Dusty
|drag|p2a: Senkko|Suicune|23/100
|-damage|p2a: Senkko|6/100|[from] Spikes
|
|-weather|Sandstorm|[upkeep]
|-damage|p2a: Senkko|0 fnt|[from] Sandstorm
|faint|p2a: Senkko
|-heal|p1a: Skarmory|78/100|[from] item: Leftovers
|upkeep
|
|t:|1729877623
|switch|p2a: Flex|Zapdos|76/100
|turn|24
|
|t:|1729877647
|switch|p1a: Jolteon|Jolteon, M|29/100
|move|p2a: Flex|Hidden Power|p1a: Jolteon
|-damage|p1a: Jolteon|0 fnt
|faint|p1a: Jolteon
|
|t:|1729877652
|switch|p1a: Tyranitar|Tyranitar, F|61/100 par
|
|-weather|Sandstorm|[upkeep]
|-damage|p2a: Flex|69/100|[from] Sandstorm
|-heal|p2a: Flex|76/100|[from] item: Leftovers
|-heal|p1a: Tyranitar|67/100 par|[from] item: Leftovers
|upkeep
|turn|25
|inactive|lunasran has 210 seconds left.
|
|t:|1729877681
|switch|p2a: Twizzy|Breloom, M, shiny|100/100
|-damage|p2a: Twizzy|84/100|[from] Spikes
|move|p1a: Tyranitar|Rock Slide|p2a: Twizzy
|-resisted|p2a: Twizzy
|-damage|p2a: Twizzy|49/100
|
|-weather|Sandstorm|[upkeep]
|-damage|p2a: Twizzy|43/100|[from] Sandstorm
|-heal|p2a: Twizzy|49/100|[from] item: Leftovers
|-heal|p1a: Tyranitar|74/100 par|[from] item: Leftovers
|upkeep
|turn|26
|inactive|lunasran has 210 seconds left.
|inactive|Bongmoodeus has 270 seconds left.
|inactive|lunasran has 180 seconds left.
|
|t:|1729877727
|switch|p1a: Metagross|Metagross|87/100 par
|move|p2a: Twizzy|Brick Break|p1a: Metagross
|-damage|p1a: Metagross|55/100 par
|
|-weather|Sandstorm|[upkeep]
|-damage|p2a: Twizzy|43/100|[from] Sandstorm
|-heal|p2a: Twizzy|49/100|[from] item: Leftovers
|upkeep
|turn|27
|inactive|lunasran has 180 seconds left.
|inactive|Bongmoodeus has 270 seconds left.
|inactive|lunasran has 150 seconds left.
|
|t:|1729877788
|switch|p2a: Dusty|Snorlax, F, shiny|63/100
|-damage|p2a: Dusty|47/100|[from] Spikes
|move|p1a: Metagross|Explosion|p2a: Dusty
|-damage|p2a: Dusty|0 fnt
|faint|p1a: Metagross
|faint|p2a: Dusty
|
|t:|1729877799
|switch|p1a: Tyranitar|Tyranitar, F|74/100 par
|switch|p2a: Flex|Zapdos|76/100
|
|-weather|Sandstorm|[upkeep]
|-damage|p2a: Flex|69/100|[from] Sandstorm
|-heal|p2a: Flex|76/100|[from] item: Leftovers
|-heal|p1a: Tyranitar|80/100 par|[from] item: Leftovers
|upkeep
|turn|28
|inactive|lunasran has 120 seconds left.
|
|t:|1729877822
|move|p2a: Flex|Substitute|p2a: Flex
|-start|p2a: Flex|Substitute
|-damage|p2a: Flex|51/100
|cant|p1a: Tyranitar|par
|
|-weather|Sandstorm|[upkeep]
|-damage|p2a: Flex|45/100|[from] Sandstorm
|-heal|p2a: Flex|51/100|[from] item: Leftovers
|-heal|p1a: Tyranitar|86/100 par|[from] item: Leftovers
|upkeep
|turn|29
|
|t:|1729877831
|move|p2a: Flex|Thunderbolt|p1a: Tyranitar
|-damage|p1a: Tyranitar|42/100 par
|move|p1a: Tyranitar|Rock Slide|p2a: Flex|[miss]
|-miss|p1a: Tyranitar|p2a: Flex
|
|-weather|Sandstorm|[upkeep]
|-damage|p2a: Flex|45/100|[from] Sandstorm
|-heal|p2a: Flex|51/100|[from] item: Leftovers
|-heal|p1a: Tyranitar|48/100 par|[from] item: Leftovers
|upkeep
|turn|30
|inactive|Bongmoodeus has 270 seconds left.
|
|t:|1729877842
|move|p2a: Flex|Thunderbolt|p1a: Tyranitar
|-crit|p1a: Tyranitar
|-damage|p1a: Tyranitar|0 fnt
|faint|p1a: Tyranitar
|
|t:|1729877844
|switch|p1a: Gengar|Gengar, F|100/100 slp
|
|-weather|Sandstorm|[upkeep]
|-damage|p1a: Gengar|95/100 slp|[from] Sandstorm
|-damage|p2a: Flex|45/100|[from] Sandstorm
|-heal|p1a: Gengar|100/100 slp|[from] item: Leftovers
|-heal|p2a: Flex|51/100|[from] item: Leftovers
|upkeep
|turn|31
|
|t:|1729877853
|cant|p1a: Gengar|slp
|move|p2a: Flex|Thunderbolt|p1a: Gengar
|-damage|p1a: Gengar|21/100 slp
|
|-weather|Sandstorm|[upkeep]
|-damage|p1a: Gengar|15/100 slp|[from] Sandstorm
|-damage|p2a: Flex|45/100|[from] Sandstorm
|-heal|p1a: Gengar|21/100 slp|[from] item: Leftovers
|-heal|p2a: Flex|51/100|[from] item: Leftovers
|upkeep
|turn|32
|
|t:|1729877862
|cant|p1a: Gengar|slp
|move|p2a: Flex|Thunderbolt|p1a: Gengar
|-damage|p1a: Gengar|0 fnt
|faint|p1a: Gengar
|
|t:|1729877864
|switch|p1a: Skarmory|Skarmory, F|78/100
|
|-weather|Sandstorm|[upkeep]
|-damage|p2a: Flex|45/100|[from] Sandstorm
|-heal|p2a: Flex|51/100|[from] item: Leftovers
|-heal|p1a: Skarmory|84/100|[from] item: Leftovers
|upkeep
|turn|33
|c|☆Bongmoodeus|ggs
|inactive|lunasran has 150 seconds left.
|
|t:|1729877876
|move|p2a: Flex|Thunderbolt|p1a: Skarmory
|-supereffective|p1a: Skarmory
|-damage|p1a: Skarmory|0 fnt
|faint|p1a: Skarmory
|
|win|lunasran
|c|☆lunasran|GGS <3

</script>
<script type="application/json" class="data" id="replaydata-smogtours-gen3ou-801855">
{"id":"smogtours-gen3ou-801855","format":"[Gen 3] OU","players":["Bongmoodeus","lunasran"],"uploadtime":1729877876,"views":122,"formatid":"gen3ou","rating":null,"private":0,"password":null}
</script>

<script defer src="js/replays.js?9d40a366"></script>
