<!DOCTYPE html>
<meta charset="utf-8" />
<meta name="viewport" content="width=device-width" />

<title>[Gen 3] OU: charku vs. Dr4gonl0rd - Replays - Pok&eacute;mon Showdown!</title>

<meta name="description" content="Watch a replay of a Pok&eacute;mon battle between charku and Dr4gonl0rd! Format: [Gen 3] OU; Date: Nov 4, 2024" />
<!--

Hey, you! Looking in the source for the replay log?

You can find them in JSON format, just add `.json` at the end of a replay URL.

https://replay.pokemonshowdown.com/gen7randomdoublesbattle-865046831.json

Or, if you only need the log itself, add `.log` instead:

https://replay.pokemonshowdown.com/gen7randomdoublesbattle-865046831.log

-->

<link rel="stylesheet" href="//pokemonshowdown.com/style/global.css?0.023195364461161105" />
<link rel="stylesheet" href="//play.pokemonshowdown.com/style/font-awesome.css?0.13261647063804238" />
<link rel="stylesheet" href="//play.pokemonshowdown.com/style/battle.css?0.8753245789963631" />
<link rel="stylesheet" href="//play.pokemonshowdown.com/style/utilichart.css?0.8627959624976733" />

<!-- Global site tag (gtag.js) - Google Analytics -->
<script async src="https://www.googletagmanager.com/gtag/js?id=UA-26211653-1"></script>
<script>
  window.dataLayer = window.dataLayer || [];
  function gtag(){dataLayer.push(arguments);}
  gtag('js', new Date());

  gtag('config', 'UA-26211653-1');
</script>
<!-- End Google Analytics -->
<!-- Venatus Ad Manager - Install in <HEAD> of page -->
	<script src="https://hb.vntsm.com/v3/live/ad-manager.min.js" type="text/javascript" data-site-id="642aba63ec9a7b11c3c9c1be" data-mode="scan" async></script>
<!-- / Venatus Ad Manager -->

<style>
	@media (max-width:820px) {
		.battle {
			margin: 0 auto;
		}
		.battle-log {
			margin: 7px auto 0;
			max-width: 640px;
			height: 300px;
			position: static;
		}
	}
	.optgroup {
		display: inline-block;
		line-height: 22px;
		font-size: 10pt;
	}
	.optgroup .button {
		height: 25px;
		padding-top: 0;
		padding-bottom: 0;
	}
	.optgroup button.button {
		padding-left: 12px;
		padding-right: 12px;
	}
	.linklist {
		list-style: none;
		margin: 0.5em 0;
		padding: 0;
	}
	.linklist li {
		padding: 2px 0;
	}
	.sidebar {
		float: left;
		width: 320px;
	}
	.bar-wrapper {
		max-width: 1100px;
		margin: 0 auto;
	}
	.bar-wrapper.has-sidebar {
		max-width: 1430px;
	}
	.mainbar {
		margin: 0;
		padding-right: 1px;
	}
	.mainbar.has-sidebar {
		margin-left: 330px;
	}
	@media (min-width: 1511px) {
		.sidebar {
			width: 400px;
		}
		.bar-wrapper.has-sidebar {
			max-width: 1510px;
		}
		.mainbar.has-sidebar {
			margin-left: 410px;
		}
	}
	.section.first-section {
		margin-top: 9px;
	}
	.blocklink small {
		white-space: normal;
	}
	.button {
		vertical-align: middle;
	}
	.replay-controls {
		padding-top: 10px;
	}
	.replay-controls h1 {
		font-size: 16pt;
		font-weight: normal;
		color: #CCC;
	}
	.pagelink {
		text-align: center;
	}
	.pagelink a {
		width: 150px;
	}
	.textbox, .button {
		font-size: 11pt;
		vertical-align: middle;
	}
	@media (max-width: 450px) {
		.button {
			font-size: 9pt;
		}
	}
</style>

<div>

	<header>
		<div class="nav-wrapper"><ul class="nav">
			<li><a class="button nav-first" href="//pokemonshowdown.com/"><img src="//pokemonshowdown.com/images/pokemonshowdownbeta.png" srcset="//pokemonshowdown.com/images/pokemonshowdownbeta.png 1x, //pokemonshowdown.com/images/pokemonshowdownbeta@2x.png 2x" alt="Pok&eacute;mon Showdown" width="146" height="44" /> Home</a></li>
			<li><a class="button" href="//pokemonshowdown.com/dex/">Pok&eacute;dex</a></li>
			<li><a class="button cur" href="/">Replays</a></li>
			<li><a class="button" href="//pokemonshowdown.com/ladder/">Ladder</a></li>
			<li><a class="button nav-last" href="//pokemonshowdown.com/forums/">Forum</a></li>
			<li><a class="button greenbutton nav-first nav-last" href="//play.pokemonshowdown.com/">Play</a></li>
		</ul></div>
	</header>

	<div class="main" id="main">

		<noscript><section class="section">You need to enable JavaScript to use this page; sorry!</section></noscript>

	</div>

</div>

<script defer nomodule src="//play.pokemonshowdown.com/js/lib/ps-polyfill.js"></script>
<script defer src="//play.pokemonshowdown.com/js/lib/preact.min.js"></script>

<script defer src="//play.pokemonshowdown.com/config/config.js?2bddbc15"></script>
<script defer src="//play.pokemonshowdown.com/js/lib/jquery-1.11.0.min.js"></script>
<script defer src="//play.pokemonshowdown.com/js/lib/html-sanitizer-minified.js"></script>
<script defer src="//play.pokemonshowdown.com/js/battle-sound.js"></script>
<script defer src="//play.pokemonshowdown.com/js/battledata.js?0.7209276989879541"></script>
<script defer src="//play.pokemonshowdown.com/data/pokedex-mini.js?0.6111056340867951"></script>
<script defer src="//play.pokemonshowdown.com/data/pokedex-mini-bw.js?0.3532142036491459"></script>
<script defer src="//play.pokemonshowdown.com/data/graphics.js?0.24223875632456182"></script>
<script defer src="//play.pokemonshowdown.com/data/pokedex.js?0.38839984266356864"></script>
<script defer src="//play.pokemonshowdown.com/data/moves.js?0.21866028504024015"></script>
<script defer src="//play.pokemonshowdown.com/data/abilities.js?0.2005157953846628"></script>
<script defer src="//play.pokemonshowdown.com/data/items.js?0.9894211263848525"></script>
<script defer src="//play.pokemonshowdown.com/data/teambuilder-tables.js?0.6008791140282215"></script>
<script defer src="//play.pokemonshowdown.com/js/battle-tooltips.js?0.7580118955022959"></script>
<script defer src="//play.pokemonshowdown.com/js/battle.js?0.6057722274234274"></script>

<script defer src="js/utils.js?e31f9a17"></script>
<script defer src="js/replays-battle.js?7008c182"></script>

<!-- don't scrape this data! just add .json or .log after the URL!
Full API docs: https://github.com/smogon/pokemon-showdown-client/blob/master/WEB-API.md -->
<script type="text/plain" class="log" id="replaylog-smogtours-gen3ou-804770">
|inactive|Battle timer is ON: inactive players will automatically lose when time's up.
|t:|1730747277
|gametype|singles
|player|p1|charku|265|
|player|p2|Dr4gonl0rd|170|
|teamsize|p1|6
|teamsize|p2|6
|gen|3
|tier|[Gen 3] OU
|rule|Sleep Clause Mod: Limit one foe put to sleep
|rule|Switch Priority Clause Mod: Faster Pokémon switch first
|rule|Species Clause: Limit one of each Pokémon
|rule|OHKO Clause: OHKO moves are banned
|rule|Evasion Items Clause: Evasion items are banned
|rule|Evasion Moves Clause: Evasion moves are banned
|rule|Endless Battle Clause: Forcing endless battles is banned
|rule|HP Percentage Mod: HP is shown in percentages
|rule|One Boost Passer Clause: Limit one Baton Passer that has a way to boost its stats
|rule|Freeze Clause Mod: Limit one foe frozen
|
|t:|1730747277
|start
|switch|p1a: Zapdos|Zapdos|100/100
|switch|p2a: Zap2|Zapdos|100/100
|turn|1
|inactive|charku has 270 seconds left.
|c|☆Dr4gonl0rd|gl hf
|inactive|charku has 240 seconds left.
|inactive|charku has 210 seconds left.
|
|t:|1730747368
|move|p2a: Zap2|Thunder Wave|p1a: Zapdos
|-status|p1a: Zapdos|par
|move|p1a: Zapdos|Baton Pass|p1a: Zapdos
|inactive|charku has 270 seconds left.
|inactive|charku has 240 seconds left.
|
|t:|1730747422
|switch|p1a: Celebi|Celebi|100/100|[from] Baton Pass
|
|upkeep
|turn|2
|
|t:|1730747441
|switch|p2a: KFC special|Moltres|100/100
|move|p1a: Celebi|Leech Seed|p2a: KFC special
|-start|p2a: KFC special|move: Leech Seed
|
|-damage|p2a: KFC special|88/100|[from] Leech Seed|[of] p1a: Celebi
|upkeep
|turn|3
|inactive|charku has 240 seconds left.
|inactive|charku has 210 seconds left.
|
|t:|1730747477
|switch|p1a: Flygon|Flygon, F|100/100
|move|p2a: KFC special|Will-O-Wisp|p1a: Flygon
|-status|p1a: Flygon|brn
|
|-damage|p1a: Flygon|88/100 brn|[from] brn
|-heal|p2a: KFC special|94/100|[from] item: Leftovers
|-damage|p2a: KFC special|82/100|[from] Leech Seed|[of] p1a: Flygon
|-heal|p1a: Flygon|100/100 brn|[silent]
|upkeep
|turn|4
|
|t:|1730747502
|switch|p2a: Swamp|Swampert, M|100/100
|move|p1a: Flygon|Rock Slide|p2a: Swamp
|-resisted|p2a: Swamp
|-damage|p2a: Swamp|95/100
|
|-damage|p1a: Flygon|88/100 brn|[from] brn
|-heal|p2a: Swamp|100/100|[from] item: Leftovers
|upkeep
|turn|5
|
|t:|1730747517
|switch|p1a: Celebi|Celebi|100/100
|move|p2a: Swamp|Substitute|p2a: Swamp
|-start|p2a: Swamp|Substitute
|-damage|p2a: Swamp|76/100
|
|-heal|p2a: Swamp|82/100|[from] item: Leftovers
|upkeep
|turn|6
|
|t:|1730747532
|move|p1a: Celebi|Hidden Power|p2a: Swamp
|-supereffective|p2a: Swamp
|-end|p2a: Swamp|Substitute
|move|p2a: Swamp|Hydro Pump|p1a: Celebi
|-resisted|p1a: Celebi
|-damage|p1a: Celebi|90/100
|
|-heal|p1a: Celebi|96/100|[from] item: Leftovers
|-heal|p2a: Swamp|88/100|[from] item: Leftovers
|upkeep
|turn|7
|
|t:|1730747539
|switch|p2a: KFC special|Moltres|82/100
|move|p1a: Celebi|Heal Bell|p1a: Celebi
|-activate|p1a: Celebi|move: Heal Bell
|-curestatus|p1: Zapdos|par|[silent]
|-curestatus|p1: Flygon|brn|[silent]
|
|-heal|p2a: KFC special|88/100|[from] item: Leftovers
|-heal|p1a: Celebi|100/100|[from] item: Leftovers
|upkeep
|turn|8
|inactive|charku has 240 seconds left.
|
|t:|1730747550
|switch|p1a: Tyranitar|Tyranitar, F|100/100
|-weather|Sandstorm|[from] ability: Sand Stream|[of] p1a: Tyranitar
|move|p2a: KFC special|Flamethrower|p1a: Tyranitar
|-resisted|p1a: Tyranitar
|-damage|p1a: Tyranitar|82/100
|
|-weather|Sandstorm|[upkeep]
|-damage|p2a: KFC special|82/100|[from] Sandstorm
|-heal|p2a: KFC special|88/100|[from] item: Leftovers
|-heal|p1a: Tyranitar|88/100|[from] item: Leftovers
|upkeep
|turn|9
|inactive|charku has 240 seconds left.
|
|t:|1730747568
|switch|p2a: Swamp|Swampert, M|88/100
|switch|p1a: Zapdos|Zapdos|100/100
|
|-weather|Sandstorm|[upkeep]
|-damage|p1a: Zapdos|94/100|[from] Sandstorm
|-heal|p1a: Zapdos|100/100|[from] item: Leftovers
|-heal|p2a: Swamp|94/100|[from] item: Leftovers
|upkeep
|turn|10
|inactive|charku has 240 seconds left.
|
|t:|1730747576
|switch|p2a: Blislord|Blissey, F|100/100
|move|p1a: Zapdos|Baton Pass|p1a: Zapdos
|inactive|charku has 240 seconds left.
|
|t:|1730747589
|switch|p1a: Cloyster|Cloyster, F|100/100|[from] Baton Pass
|
|-weather|Sandstorm|[upkeep]
|-damage|p1a: Cloyster|94/100|[from] Sandstorm
|-damage|p2a: Blislord|94/100|[from] Sandstorm
|-heal|p1a: Cloyster|100/100|[from] item: Leftovers
|-heal|p2a: Blislord|100/100|[from] item: Leftovers
|upkeep
|turn|11
|inactive|charku has 240 seconds left.
|
|t:|1730747597
|move|p1a: Cloyster|Spikes|p2a: Blislord
|-sidestart|p2: Dr4gonl0rd|Spikes
|move|p2a: Blislord|Thunderbolt|p1a: Cloyster
|-supereffective|p1a: Cloyster
|-damage|p1a: Cloyster|34/100
|
|-weather|Sandstorm|[upkeep]
|-damage|p1a: Cloyster|28/100|[from] Sandstorm
|-damage|p2a: Blislord|94/100|[from] Sandstorm
|-heal|p1a: Cloyster|34/100|[from] item: Leftovers
|-heal|p2a: Blislord|100/100|[from] item: Leftovers
|upkeep
|turn|12
|inactive|charku has 240 seconds left.
|inactive|Dr4gonl0rd has 270 seconds left.
|
|t:|1730747639
|switch|p1a: Tyranitar|Tyranitar, F|88/100
|move|p2a: Blislord|Thunderbolt|p1a: Tyranitar
|-crit|p1a: Tyranitar
|-damage|p1a: Tyranitar|44/100
|-status|p1a: Tyranitar|par
|
|-weather|Sandstorm|[upkeep]
|-damage|p2a: Blislord|94/100|[from] Sandstorm
|-heal|p2a: Blislord|100/100|[from] item: Leftovers
|-heal|p1a: Tyranitar|50/100 par|[from] item: Leftovers
|upkeep
|turn|13
|inactive|charku has 240 seconds left.
|
|t:|1730747652
|switch|p1a: Celebi|Celebi|100/100
|move|p2a: Blislord|Ice Beam|p1a: Celebi
|-supereffective|p1a: Celebi
|-damage|p1a: Celebi|67/100
|
|-weather|Sandstorm|[upkeep]
|-damage|p1a: Celebi|61/100|[from] Sandstorm
|-damage|p2a: Blislord|94/100|[from] Sandstorm
|-heal|p1a: Celebi|67/100|[from] item: Leftovers
|-heal|p2a: Blislord|100/100|[from] item: Leftovers
|upkeep
|turn|14
|
|t:|1730747661
|move|p1a: Celebi|Leech Seed|p2a: Blislord
|-start|p2a: Blislord|move: Leech Seed
|move|p2a: Blislord|Calm Mind|p2a: Blislord
|-boost|p2a: Blislord|spa|1
|-boost|p2a: Blislord|spd|1
|
|-weather|Sandstorm|[upkeep]
|-damage|p1a: Celebi|61/100|[from] Sandstorm
|-damage|p2a: Blislord|94/100|[from] Sandstorm
|-heal|p1a: Celebi|67/100|[from] item: Leftovers
|-heal|p2a: Blislord|100/100|[from] item: Leftovers
|-damage|p2a: Blislord|88/100|[from] Leech Seed|[of] p1a: Celebi
|-heal|p1a: Celebi|87/100|[silent]
|upkeep
|turn|15
|
|t:|1730747669
|switch|p1a: Machamp|Machamp, M|100/100
|move|p2a: Blislord|Ice Beam|p1a: Machamp
|-damage|p1a: Machamp|59/100
|
|-weather|Sandstorm|[upkeep]
|-damage|p1a: Machamp|53/100|[from] Sandstorm
|-damage|p2a: Blislord|82/100|[from] Sandstorm
|-heal|p1a: Machamp|59/100|[from] item: Leftovers
|-heal|p2a: Blislord|88/100|[from] item: Leftovers
|-damage|p2a: Blislord|76/100|[from] Leech Seed|[of] p1a: Machamp
|-heal|p1a: Machamp|83/100|[silent]
|upkeep
|turn|16
|
|t:|1730747687
|switch|p2a: Swamp|Swampert, M|94/100
|-damage|p2a: Swamp|82/100|[from] Spikes
|move|p1a: Machamp|Bulk Up|p1a: Machamp
|-boost|p1a: Machamp|atk|1
|-boost|p1a: Machamp|def|1
|
|-weather|Sandstorm|[upkeep]
|-damage|p1a: Machamp|77/100|[from] Sandstorm
|-heal|p1a: Machamp|83/100|[from] item: Leftovers
|-heal|p2a: Swamp|88/100|[from] item: Leftovers
|upkeep
|turn|17
|
|t:|1730747694
|move|p1a: Machamp|Cross Chop|p2a: Swamp
|-crit|p2a: Swamp
|-damage|p2a: Swamp|0 fnt
|faint|p2a: Swamp
|
|t:|1730747705
|switch|p2a: Zap2|Zapdos|100/100
|
|-weather|Sandstorm|[upkeep]
|-damage|p2a: Zap2|94/100|[from] Sandstorm
|-damage|p1a: Machamp|77/100|[from] Sandstorm
|-heal|p2a: Zap2|100/100|[from] item: Leftovers
|-heal|p1a: Machamp|83/100|[from] item: Leftovers
|upkeep
|turn|18
|
|t:|1730747711
|move|p2a: Zap2|Thunderbolt|p1a: Machamp
|-damage|p1a: Machamp|28/100
|move|p1a: Machamp|Rock Slide|p2a: Zap2
|-supereffective|p2a: Zap2
|-damage|p2a: Zap2|0 fnt
|faint|p2a: Zap2
|
|t:|1730747718
|switch|p2a: KFC special|Moltres|88/100
|
|-weather|Sandstorm|[upkeep]
|-damage|p2a: KFC special|82/100|[from] Sandstorm
|-damage|p1a: Machamp|22/100|[from] Sandstorm
|-heal|p2a: KFC special|88/100|[from] item: Leftovers
|-heal|p1a: Machamp|28/100|[from] item: Leftovers
|upkeep
|turn|19
|inactive|charku has 270 seconds left.
|
|t:|1730747733
|switch|p1a: Tyranitar|Tyranitar, F|50/100 par
|move|p2a: KFC special|Flamethrower|p1a: Tyranitar
|-resisted|p1a: Tyranitar
|-damage|p1a: Tyranitar|31/100 par
|
|-weather|Sandstorm|[upkeep]
|-damage|p2a: KFC special|82/100|[from] Sandstorm
|-heal|p2a: KFC special|88/100|[from] item: Leftovers
|-heal|p1a: Tyranitar|37/100 par|[from] item: Leftovers
|upkeep
|turn|20
|
|t:|1730747739
|-activate|p2a: KFC special|move: Pursuit
|move|p1a: Tyranitar|Pursuit|p2a: KFC special|[from]Pursuit
|-damage|p2a: KFC special|43/100
|switch|p2a: Moleman|Dugtrio, M|100/100
|-damage|p2a: Moleman|88/100|[from] Spikes
|
|-weather|Sandstorm|[upkeep]
|-heal|p1a: Tyranitar|44/100 par|[from] item: Leftovers
|upkeep
|turn|21
|
|t:|1730747750
|move|p2a: Moleman|Earthquake|p1a: Tyranitar
|-supereffective|p1a: Tyranitar
|-damage|p1a: Tyranitar|0 fnt
|faint|p1a: Tyranitar
|inactive|charku has 270 seconds left.
|
|t:|1730747772
|switch|p1a: Flygon|Flygon, F|88/100
|
|-weather|Sandstorm|[upkeep]
|upkeep
|turn|22
|
|t:|1730747778
|switch|p2a: Starmie|Starmie|100/100
|-damage|p2a: Starmie|88/100|[from] Spikes
|move|p1a: Flygon|Rock Slide|p2a: Starmie
|-crit|p2a: Starmie
|-damage|p2a: Starmie|0 fnt
|faint|p2a: Starmie
|
|t:|1730747790
|switch|p2a: KFC special|Moltres|43/100
|
|-weather|Sandstorm|[upkeep]
|-damage|p2a: KFC special|37/100|[from] Sandstorm
|-heal|p2a: KFC special|43/100|[from] item: Leftovers
|upkeep
|turn|23
|c|☆charku|i am certified lucker with these crits, oh no
|
|t:|1730747805
|move|p1a: Flygon|Rock Slide|p2a: KFC special
|-supereffective|p2a: KFC special
|-damage|p2a: KFC special|0 fnt
|faint|p2a: KFC special
|
|t:|1730747812
|switch|p2a: Blislord|Blissey, F|76/100
|-damage|p2a: Blislord|63/100|[from] Spikes
|
|-weather|Sandstorm|[upkeep]
|-damage|p2a: Blislord|57/100|[from] Sandstorm
|-heal|p2a: Blislord|63/100|[from] item: Leftovers
|upkeep
|turn|24
|
|t:|1730747824
|switch|p1a: Celebi|Celebi|87/100
|move|p2a: Blislord|Soft-Boiled|p2a: Blislord
|-heal|p2a: Blislord|100/100
|
|-weather|Sandstorm|[upkeep]
|-damage|p1a: Celebi|81/100|[from] Sandstorm
|-damage|p2a: Blislord|94/100|[from] Sandstorm
|-heal|p1a: Celebi|87/100|[from] item: Leftovers
|-heal|p2a: Blislord|100/100|[from] item: Leftovers
|upkeep
|turn|25
|
|t:|1730747827
|switch|p2a: Moleman|Dugtrio, M|88/100
|-damage|p2a: Moleman|76/100|[from] Spikes
|move|p1a: Celebi|Leech Seed|p2a: Moleman
|-start|p2a: Moleman|move: Leech Seed
|
|-weather|Sandstorm|[upkeep]
|-damage|p1a: Celebi|81/100|[from] Sandstorm
|-damage|p2a: Moleman|64/100|[from] Leech Seed|[of] p1a: Celebi
|-heal|p1a: Celebi|88/100|[silent]
|-heal|p1a: Celebi|94/100|[from] item: Leftovers
|upkeep
|turn|26
|
|t:|1730747832
|move|p2a: Moleman|Hidden Power|p1a: Celebi
|-supereffective|p1a: Celebi
|-crit|p1a: Celebi
|-damage|p1a: Celebi|0 fnt
|faint|p1a: Celebi
|
|t:|1730747851
|switch|p1a: Cloyster|Cloyster, F|34/100
|
|-weather|Sandstorm|[upkeep]
|-damage|p1a: Cloyster|28/100|[from] Sandstorm
|-damage|p2a: Moleman|51/100|[from] Leech Seed|[of] p1a: Cloyster
|-heal|p1a: Cloyster|37/100|[silent]
|-heal|p1a: Cloyster|43/100|[from] item: Leftovers
|upkeep
|turn|27
|
|t:|1730747854
|move|p2a: Moleman|Hidden Power|p1a: Cloyster
|-damage|p1a: Cloyster|26/100
|move|p1a: Cloyster|Ice Beam|p2a: Moleman
|-supereffective|p2a: Moleman
|-damage|p2a: Moleman|0 fnt
|faint|p2a: Moleman
|
|t:|1730747857
|switch|p2a: Blislord|Blissey, F|100/100
|-damage|p2a: Blislord|88/100|[from] Spikes
|
|-weather|Sandstorm|[upkeep]
|-damage|p1a: Cloyster|20/100|[from] Sandstorm
|-damage|p2a: Blislord|82/100|[from] Sandstorm
|-heal|p1a: Cloyster|26/100|[from] item: Leftovers
|-heal|p2a: Blislord|88/100|[from] item: Leftovers
|upkeep
|turn|28
|
|t:|1730747864
|move|p1a: Cloyster|Explosion|p2a: Blislord
|-damage|p2a: Blislord|0 fnt
|faint|p1a: Cloyster
|faint|p2a: Blislord
|
|win|charku
|c|☆charku|gg
|c|☆Dr4gonl0rd|gg

</script>
<script type="application/json" class="data" id="replaydata-smogtours-gen3ou-804770">
{"id":"smogtours-gen3ou-804770","format":"[Gen 3] OU","players":["charku","Dr4gonl0rd"],"uploadtime":1730747864,"views":39,"formatid":"gen3ou","rating":null,"private":0,"password":null}
</script>

<script defer src="js/replays.js?9d40a366"></script>
