<!DOCTYPE html>
<meta charset="utf-8" />
<meta name="viewport" content="width=device-width" />

<title>[Gen 3] OU: bandoodee vs. Fear - Replays - Pok&eacute;mon Showdown!</title>

<meta name="description" content="Watch a replay of a Pok&eacute;mon battle between bandoodee and Fear! Format: [Gen 3] OU; Date: Oct 20, 2024" />
<!--

Hey, you! Looking in the source for the replay log?

You can find them in JSON format, just add `.json` at the end of a replay URL.

https://replay.pokemonshowdown.com/gen7randomdoublesbattle-865046831.json

Or, if you only need the log itself, add `.log` instead:

https://replay.pokemonshowdown.com/gen7randomdoublesbattle-865046831.log

-->

<link rel="stylesheet" href="//pokemonshowdown.com/style/global.css?0.023195364461161105" />
<link rel="stylesheet" href="//play.pokemonshowdown.com/style/font-awesome.css?0.13261647063804238" />
<link rel="stylesheet" href="//play.pokemonshowdown.com/style/battle.css?0.8753245789963631" />
<link rel="stylesheet" href="//play.pokemonshowdown.com/style/utilichart.css?0.8627959624976733" />

<!-- Global site tag (gtag.js) - Google Analytics -->
<script async src="https://www.googletagmanager.com/gtag/js?id=UA-26211653-1"></script>
<script>
  window.dataLayer = window.dataLayer || [];
  function gtag(){dataLayer.push(arguments);}
  gtag('js', new Date());

  gtag('config', 'UA-26211653-1');
</script>
<!-- End Google Analytics -->
<!-- Venatus Ad Manager - Install in <HEAD> of page -->
	<script src="https://hb.vntsm.com/v3/live/ad-manager.min.js" type="text/javascript" data-site-id="642aba63ec9a7b11c3c9c1be" data-mode="scan" async></script>
<!-- / Venatus Ad Manager -->

<style>
	@media (max-width:820px) {
		.battle {
			margin: 0 auto;
		}
		.battle-log {
			margin: 7px auto 0;
			max-width: 640px;
			height: 300px;
			position: static;
		}
	}
	.optgroup {
		display: inline-block;
		line-height: 22px;
		font-size: 10pt;
	}
	.optgroup .button {
		height: 25px;
		padding-top: 0;
		padding-bottom: 0;
	}
	.optgroup button.button {
		padding-left: 12px;
		padding-right: 12px;
	}
	.linklist {
		list-style: none;
		margin: 0.5em 0;
		padding: 0;
	}
	.linklist li {
		padding: 2px 0;
	}
	.sidebar {
		float: left;
		width: 320px;
	}
	.bar-wrapper {
		max-width: 1100px;
		margin: 0 auto;
	}
	.bar-wrapper.has-sidebar {
		max-width: 1430px;
	}
	.mainbar {
		margin: 0;
		padding-right: 1px;
	}
	.mainbar.has-sidebar {
		margin-left: 330px;
	}
	@media (min-width: 1511px) {
		.sidebar {
			width: 400px;
		}
		.bar-wrapper.has-sidebar {
			max-width: 1510px;
		}
		.mainbar.has-sidebar {
			margin-left: 410px;
		}
	}
	.section.first-section {
		margin-top: 9px;
	}
	.blocklink small {
		white-space: normal;
	}
	.button {
		vertical-align: middle;
	}
	.replay-controls {
		padding-top: 10px;
	}
	.replay-controls h1 {
		font-size: 16pt;
		font-weight: normal;
		color: #CCC;
	}
	.pagelink {
		text-align: center;
	}
	.pagelink a {
		width: 150px;
	}
	.textbox, .button {
		font-size: 11pt;
		vertical-align: middle;
	}
	@media (max-width: 450px) {
		.button {
			font-size: 9pt;
		}
	}
</style>

<div>

	<header>
		<div class="nav-wrapper"><ul class="nav">
			<li><a class="button nav-first" href="//pokemonshowdown.com/"><img src="//pokemonshowdown.com/images/pokemonshowdownbeta.png" srcset="//pokemonshowdown.com/images/pokemonshowdownbeta.png 1x, //pokemonshowdown.com/images/pokemonshowdownbeta@2x.png 2x" alt="Pok&eacute;mon Showdown" width="146" height="44" /> Home</a></li>
			<li><a class="button" href="//pokemonshowdown.com/dex/">Pok&eacute;dex</a></li>
			<li><a class="button cur" href="/">Replays</a></li>
			<li><a class="button" href="//pokemonshowdown.com/ladder/">Ladder</a></li>
			<li><a class="button nav-last" href="//pokemonshowdown.com/forums/">Forum</a></li>
			<li><a class="button greenbutton nav-first nav-last" href="//play.pokemonshowdown.com/">Play</a></li>
		</ul></div>
	</header>

	<div class="main" id="main">

		<noscript><section class="section">You need to enable JavaScript to use this page; sorry!</section></noscript>

	</div>

</div>

<script defer nomodule src="//play.pokemonshowdown.com/js/lib/ps-polyfill.js"></script>
<script defer src="//play.pokemonshowdown.com/js/lib/preact.min.js"></script>

<script defer src="//play.pokemonshowdown.com/config/config.js?2bddbc15"></script>
<script defer src="//play.pokemonshowdown.com/js/lib/jquery-1.11.0.min.js"></script>
<script defer src="//play.pokemonshowdown.com/js/lib/html-sanitizer-minified.js"></script>
<script defer src="//play.pokemonshowdown.com/js/battle-sound.js"></script>
<script defer src="//play.pokemonshowdown.com/js/battledata.js?0.7209276989879541"></script>
<script defer src="//play.pokemonshowdown.com/data/pokedex-mini.js?0.6111056340867951"></script>
<script defer src="//play.pokemonshowdown.com/data/pokedex-mini-bw.js?0.3532142036491459"></script>
<script defer src="//play.pokemonshowdown.com/data/graphics.js?0.24223875632456182"></script>
<script defer src="//play.pokemonshowdown.com/data/pokedex.js?0.38839984266356864"></script>
<script defer src="//play.pokemonshowdown.com/data/moves.js?0.21866028504024015"></script>
<script defer src="//play.pokemonshowdown.com/data/abilities.js?0.2005157953846628"></script>
<script defer src="//play.pokemonshowdown.com/data/items.js?0.9894211263848525"></script>
<script defer src="//play.pokemonshowdown.com/data/teambuilder-tables.js?0.6008791140282215"></script>
<script defer src="//play.pokemonshowdown.com/js/battle-tooltips.js?0.7580118955022959"></script>
<script defer src="//play.pokemonshowdown.com/js/battle.js?0.6057722274234274"></script>

<script defer src="js/utils.js?e31f9a17"></script>
<script defer src="js/replays-battle.js?7008c182"></script>

<!-- don't scrape this data! just add .json or .log after the URL!
Full API docs: https://github.com/smogon/pokemon-showdown-client/blob/master/WEB-API.md -->
<script type="text/plain" class="log" id="replaylog-smogtours-gen3ou-800532">
|inactive|Battle timer is ON: inactive players will automatically lose when time's up.
|t:|1729442215
|gametype|singles
|player|p1|bandoodee|101|
|player|p2|Fear|#gscpl3ironmanmachamps|
|teamsize|p1|6
|teamsize|p2|6
|gen|3
|tier|[Gen 3] OU
|rule|Sleep Clause Mod: Limit one foe put to sleep
|rule|Switch Priority Clause Mod: Faster Pokémon switch first
|rule|Species Clause: Limit one of each Pokémon
|rule|OHKO Clause: OHKO moves are banned
|rule|Evasion Items Clause: Evasion items are banned
|rule|Evasion Moves Clause: Evasion moves are banned
|rule|Endless Battle Clause: Forcing endless battles is banned
|rule|HP Percentage Mod: HP is shown in percentages
|rule|One Boost Passer Clause: Limit one Baton Passer that has a way to boost its stats
|rule|Freeze Clause Mod: Limit one foe frozen
|
|t:|1729442215
|start
|switch|p1a: Tyranitar|Tyranitar, M|100/100
|switch|p2a: Dugtrio|Dugtrio, M|100/100
|-weather|Sandstorm|[from] ability: Sand Stream|[of] p1a: Tyranitar
|turn|1
|
|t:|1729442222
|move|p2a: Dugtrio|Earthquake|p1a: Tyranitar
|-supereffective|p1a: Tyranitar
|-damage|p1a: Tyranitar|9/100
|move|p1a: Tyranitar|Earthquake|p2a: Dugtrio
|-damage|p2a: Dugtrio|9/100
|
|-weather|Sandstorm|[upkeep]
|-heal|p1a: Tyranitar|15/100|[from] item: Leftovers
|upkeep
|turn|2
|
|t:|1729442226
|move|p2a: Dugtrio|Earthquake|p1a: Tyranitar
|-supereffective|p1a: Tyranitar
|-damage|p1a: Tyranitar|0 fnt
|faint|p1a: Tyranitar
|
|t:|1729442230
|switch|p1a: Claydol|Claydol|100/100
|
|-weather|Sandstorm|[upkeep]
|upkeep
|turn|3
|
|t:|1729442233
|switch|p2a: Forretress|Forretress, M|100/100
|move|p1a: Claydol|Shadow Ball|p2a: Forretress
|-resisted|p2a: Forretress
|-damage|p2a: Forretress|93/100
|
|-weather|Sandstorm|[upkeep]
|-heal|p2a: Forretress|99/100|[from] item: Leftovers
|upkeep
|turn|4
|
|t:|1729442236
|switch|p1a: Hariyama|Hariyama, M|100/100
|move|p2a: Forretress|Spikes|p1a: Hariyama
|-sidestart|p1: bandoodee|Spikes
|
|-weather|Sandstorm|[upkeep]
|-damage|p1a: Hariyama|94/100|[from] Sandstorm
|-heal|p1a: Hariyama|100/100|[from] item: Leftovers
|-heal|p2a: Forretress|100/100|[from] item: Leftovers
|upkeep
|turn|5
|
|t:|1729442250
|move|p1a: Hariyama|Knock Off|p2a: Forretress
|-resisted|p2a: Forretress
|-damage|p2a: Forretress|99/100
|-enditem|p2a: Forretress|Leftovers|[from] move: Knock Off|[of] p1a: Hariyama
|-hint|In Gens 3-4, Knock Off only makes the target's item unusable; it cannot obtain a new item.
|move|p2a: Forretress|Hidden Power|p1a: Hariyama
|-damage|p1a: Hariyama|87/100
|
|-weather|Sandstorm|[upkeep]
|-damage|p1a: Hariyama|81/100|[from] Sandstorm
|-heal|p1a: Hariyama|87/100|[from] item: Leftovers
|upkeep
|turn|6
|
|t:|1729442260
|move|p1a: Hariyama|Brick Break|p2a: Forretress
|-damage|p2a: Forretress|71/100
|move|p2a: Forretress|Hidden Power|p1a: Hariyama
|-damage|p1a: Hariyama|74/100
|
|-weather|Sandstorm|[upkeep]
|-damage|p1a: Hariyama|67/100|[from] Sandstorm
|-heal|p1a: Hariyama|74/100|[from] item: Leftovers
|upkeep
|turn|7
|
|t:|1729442270
|switch|p1a: Jirachi|Jirachi|100/100
|-damage|p1a: Jirachi|88/100|[from] Spikes
|move|p2a: Forretress|Explosion|p1a: Jirachi
|-resisted|p1a: Jirachi
|-crit|p1a: Jirachi
|-damage|p1a: Jirachi|26/100
|faint|p2a: Forretress
|
|t:|1729442272
|switch|p2a: Dugtrio|Dugtrio, M|9/100
|
|-weather|Sandstorm|[upkeep]
|-heal|p1a: Jirachi|32/100|[from] item: Leftovers
|upkeep
|turn|8
|c|☆bandoodee|ahh
|
|t:|1729442278
|move|p1a: Jirachi|Protect|p1a: Jirachi
|-singleturn|p1a: Jirachi|Protect
|move|p2a: Dugtrio|Earthquake|p1a: Jirachi
|-activate|p1a: Jirachi|Protect
|
|-weather|Sandstorm|[upkeep]
|-heal|p1a: Jirachi|38/100|[from] item: Leftovers
|upkeep
|turn|9
|
|t:|1729442284
|move|p2a: Dugtrio|Earthquake|p1a: Jirachi
|-supereffective|p1a: Jirachi
|-damage|p1a: Jirachi|0 fnt
|faint|p1a: Jirachi
|
|t:|1729442287
|switch|p1a: Claydol|Claydol|100/100
|
|-weather|Sandstorm|[upkeep]
|upkeep
|turn|10
|
|t:|1729442303
|switch|p2a: Suicune|Suicune|100/100
|move|p1a: Claydol|Rapid Spin|p2a: Suicune
|-damage|p2a: Suicune|98/100
|-sideend|p1: bandoodee|Spikes|[from] move: Rapid Spin|[of] p1a: Claydol
|
|-weather|Sandstorm|[upkeep]
|-damage|p2a: Suicune|91/100|[from] Sandstorm
|-heal|p2a: Suicune|98/100|[from] item: Leftovers
|upkeep
|turn|11
|
|t:|1729442310
|switch|p1a: Suicune|Suicune|100/100
|move|p2a: Suicune|Calm Mind|p2a: Suicune
|-boost|p2a: Suicune|spa|1
|-boost|p2a: Suicune|spd|1
|
|-weather|Sandstorm|[upkeep]
|-damage|p1a: Suicune|94/100|[from] Sandstorm
|-damage|p2a: Suicune|91/100|[from] Sandstorm
|-heal|p1a: Suicune|100/100|[from] item: Leftovers
|-heal|p2a: Suicune|98/100|[from] item: Leftovers
|upkeep
|turn|12
|
|t:|1729442315
|move|p2a: Suicune|Calm Mind|p2a: Suicune
|-boost|p2a: Suicune|spa|1
|-boost|p2a: Suicune|spd|1
|move|p1a: Suicune|Roar|p2a: Suicune
|drag|p2a: Snorlax|Snorlax, F|100/100
|
|-weather|Sandstorm|[upkeep]
|-damage|p1a: Suicune|94/100|[from] Sandstorm
|-damage|p2a: Snorlax|94/100|[from] Sandstorm
|-heal|p1a: Suicune|100/100|[from] item: Leftovers
|-heal|p2a: Snorlax|100/100|[from] item: Leftovers
|upkeep
|turn|13
|
|t:|1729442322
|switch|p1a: Hariyama|Hariyama, M|74/100
|move|p2a: Snorlax|Return|p1a: Hariyama
|-damage|p1a: Hariyama|40/100
|
|-weather|Sandstorm|[upkeep]
|-damage|p1a: Hariyama|34/100|[from] Sandstorm
|-damage|p2a: Snorlax|94/100|[from] Sandstorm
|-heal|p1a: Hariyama|40/100|[from] item: Leftovers
|-heal|p2a: Snorlax|100/100|[from] item: Leftovers
|upkeep
|turn|14
|
|t:|1729442327
|-singleturn|p1a: Hariyama|move: Focus Punch
|switch|p2a: Claydol|Claydol|100/100
|move|p1a: Hariyama|Focus Punch|p2a: Claydol
|-resisted|p2a: Claydol
|-damage|p2a: Claydol|67/100
|
|-weather|Sandstorm|[upkeep]
|-damage|p1a: Hariyama|34/100|[from] Sandstorm
|-heal|p2a: Claydol|73/100|[from] item: Leftovers
|-heal|p1a: Hariyama|40/100|[from] item: Leftovers
|upkeep
|turn|15
|
|t:|1729442332
|switch|p1a: Suicune|Suicune|100/100
|move|p2a: Claydol|Psychic|p1a: Suicune
|-damage|p1a: Suicune|82/100
|
|-weather|Sandstorm|[upkeep]
|-damage|p1a: Suicune|76/100|[from] Sandstorm
|-heal|p1a: Suicune|82/100|[from] item: Leftovers
|-heal|p2a: Claydol|80/100|[from] item: Leftovers
|upkeep
|turn|16
|
|t:|1729442338
|switch|p2a: Snorlax|Snorlax, F|100/100
|move|p1a: Suicune|Calm Mind|p1a: Suicune
|-boost|p1a: Suicune|spa|1
|-boost|p1a: Suicune|spd|1
|
|-weather|Sandstorm|[upkeep]
|-damage|p1a: Suicune|76/100|[from] Sandstorm
|-damage|p2a: Snorlax|94/100|[from] Sandstorm
|-heal|p1a: Suicune|82/100|[from] item: Leftovers
|-heal|p2a: Snorlax|100/100|[from] item: Leftovers
|upkeep
|turn|17
|
|t:|1729442341
|move|p1a: Suicune|Surf|p2a: Snorlax
|-damage|p2a: Snorlax|79/100
|move|p2a: Snorlax|Return|p1a: Suicune
|-damage|p1a: Suicune|57/100
|
|-weather|Sandstorm|[upkeep]
|-damage|p1a: Suicune|51/100|[from] Sandstorm
|-damage|p2a: Snorlax|73/100|[from] Sandstorm
|-heal|p1a: Suicune|57/100|[from] item: Leftovers
|-heal|p2a: Snorlax|79/100|[from] item: Leftovers
|upkeep
|turn|18
|
|t:|1729442346
|switch|p1a: Claydol|Claydol|100/100
|move|p2a: Snorlax|Return|p1a: Claydol
|-damage|p1a: Claydol|56/100
|
|-weather|Sandstorm|[upkeep]
|-damage|p2a: Snorlax|73/100|[from] Sandstorm
|-heal|p1a: Claydol|62/100|[from] item: Leftovers
|-heal|p2a: Snorlax|79/100|[from] item: Leftovers
|upkeep
|turn|19
|
|t:|1729442356
|switch|p2a: Suicune|Suicune|98/100
|move|p1a: Claydol|Earthquake|p2a: Suicune
|-damage|p2a: Suicune|74/100
|
|-weather|Sandstorm|[upkeep]
|-damage|p2a: Suicune|68/100|[from] Sandstorm
|-heal|p1a: Claydol|68/100|[from] item: Leftovers
|-heal|p2a: Suicune|74/100|[from] item: Leftovers
|upkeep
|turn|20
|
|t:|1729442360
|switch|p1a: Blissey|Blissey, F|100/100
|move|p2a: Suicune|Calm Mind|p2a: Suicune
|-boost|p2a: Suicune|spa|1
|-boost|p2a: Suicune|spd|1
|
|-weather|Sandstorm|[upkeep]
|-damage|p2a: Suicune|68/100|[from] Sandstorm
|-damage|p1a: Blissey|94/100|[from] Sandstorm
|-heal|p2a: Suicune|74/100|[from] item: Leftovers
|-heal|p1a: Blissey|100/100|[from] item: Leftovers
|upkeep
|turn|21
|
|t:|1729442364
|move|p2a: Suicune|Calm Mind|p2a: Suicune
|-boost|p2a: Suicune|spa|1
|-boost|p2a: Suicune|spd|1
|move|p1a: Blissey|Thunderbolt|p2a: Suicune
|-supereffective|p2a: Suicune
|-damage|p2a: Suicune|56/100
|
|-weather|Sandstorm|[upkeep]
|-damage|p2a: Suicune|50/100|[from] Sandstorm
|-damage|p1a: Blissey|94/100|[from] Sandstorm
|-heal|p2a: Suicune|56/100|[from] item: Leftovers
|-heal|p1a: Blissey|100/100|[from] item: Leftovers
|upkeep
|turn|22
|
|t:|1729442368
|move|p2a: Suicune|Rest|p2a: Suicune
|-status|p2a: Suicune|slp|[from] move: Rest
|-heal|p2a: Suicune|100/100 slp|[silent]
|move|p1a: Blissey|Thunderbolt|p2a: Suicune
|-supereffective|p2a: Suicune
|-crit|p2a: Suicune
|-damage|p2a: Suicune|20/100 slp
|
|-weather|Sandstorm|[upkeep]
|-damage|p2a: Suicune|14/100 slp|[from] Sandstorm
|-damage|p1a: Blissey|94/100|[from] Sandstorm
|-heal|p2a: Suicune|20/100 slp|[from] item: Leftovers
|-heal|p1a: Blissey|100/100|[from] item: Leftovers
|upkeep
|turn|23
|
|t:|1729442374
|switch|p2a: Blissey|Blissey, F|100/100
|switch|p1a: Hariyama|Hariyama, M|40/100
|
|-weather|Sandstorm|[upkeep]
|-damage|p2a: Blissey|94/100|[from] Sandstorm
|-damage|p1a: Hariyama|34/100|[from] Sandstorm
|-heal|p2a: Blissey|100/100|[from] item: Leftovers
|-heal|p1a: Hariyama|40/100|[from] item: Leftovers
|upkeep
|turn|24
|
|t:|1729442381
|move|p2a: Blissey|Seismic Toss|p1a: Hariyama
|-damage|p1a: Hariyama|16/100
|move|p1a: Hariyama|Knock Off|p2a: Blissey
|-damage|p2a: Blissey|99/100
|-enditem|p2a: Blissey|Leftovers|[from] move: Knock Off|[of] p1a: Hariyama
|
|-weather|Sandstorm|[upkeep]
|-damage|p2a: Blissey|93/100|[from] Sandstorm
|-damage|p1a: Hariyama|10/100|[from] Sandstorm
|-heal|p1a: Hariyama|16/100|[from] item: Leftovers
|upkeep
|turn|25
|
|t:|1729442392
|switch|p1a: Suicune|Suicune|57/100
|move|p2a: Blissey|Seismic Toss|p1a: Suicune
|-damage|p1a: Suicune|32/100
|
|-weather|Sandstorm|[upkeep]
|-damage|p1a: Suicune|26/100|[from] Sandstorm
|-damage|p2a: Blissey|87/100|[from] Sandstorm
|-heal|p1a: Suicune|32/100|[from] item: Leftovers
|upkeep
|turn|26
|
|t:|1729442398
|move|p1a: Suicune|Rest|p1a: Suicune
|-status|p1a: Suicune|slp|[from] move: Rest
|-heal|p1a: Suicune|100/100 slp|[silent]
|move|p2a: Blissey|Heal Bell|p2a: Blissey
|-activate|p2a: Blissey|move: Heal Bell
|-curestatus|p2: Suicune|slp|[silent]
|
|-weather|Sandstorm|[upkeep]
|-damage|p1a: Suicune|94/100 slp|[from] Sandstorm
|-damage|p2a: Blissey|81/100|[from] Sandstorm
|-heal|p1a: Suicune|100/100 slp|[from] item: Leftovers
|upkeep
|turn|27
|
|t:|1729442407
|switch|p1a: Blissey|Blissey, F|100/100
|switch|p2a: Suicune|Suicune|20/100
|
|-weather|Sandstorm|[upkeep]
|-damage|p2a: Suicune|14/100|[from] Sandstorm
|-damage|p1a: Blissey|94/100|[from] Sandstorm
|-heal|p2a: Suicune|20/100|[from] item: Leftovers
|-heal|p1a: Blissey|100/100|[from] item: Leftovers
|upkeep
|turn|28
|
|t:|1729442416
|move|p2a: Suicune|Rest|p2a: Suicune
|-status|p2a: Suicune|slp|[from] move: Rest
|-heal|p2a: Suicune|100/100 slp|[silent]
|move|p1a: Blissey|Thunderbolt|p2a: Suicune
|-supereffective|p2a: Suicune
|-damage|p2a: Suicune|66/100 slp
|
|-weather|Sandstorm|[upkeep]
|-damage|p2a: Suicune|59/100 slp|[from] Sandstorm
|-damage|p1a: Blissey|94/100|[from] Sandstorm
|-heal|p2a: Suicune|66/100 slp|[from] item: Leftovers
|-heal|p1a: Blissey|100/100|[from] item: Leftovers
|upkeep
|turn|29
|
|t:|1729442421
|switch|p2a: Blissey|Blissey, F|81/100
|move|p1a: Blissey|Aromatherapy|p1a: Blissey
|-cureteam|p1a: Blissey|[from] move: Aromatherapy
|
|-weather|Sandstorm|[upkeep]
|-damage|p2a: Blissey|75/100|[from] Sandstorm
|-damage|p1a: Blissey|94/100|[from] Sandstorm
|-heal|p1a: Blissey|100/100|[from] item: Leftovers
|upkeep
|turn|30
|
|t:|1729442430
|switch|p1a: Suicune|Suicune|100/100
|move|p2a: Blissey|Heal Bell|p2a: Blissey
|-activate|p2a: Blissey|move: Heal Bell
|-curestatus|p2: Suicune|slp|[silent]
|
|-weather|Sandstorm|[upkeep]
|-damage|p1a: Suicune|94/100|[from] Sandstorm
|-damage|p2a: Blissey|69/100|[from] Sandstorm
|-heal|p1a: Suicune|100/100|[from] item: Leftovers
|upkeep
|turn|31
|
|t:|1729442436
|move|p1a: Suicune|Surf|p2a: Blissey
|-damage|p2a: Blissey|56/100
|move|p2a: Blissey|Thunder Wave|p1a: Suicune
|-status|p1a: Suicune|par
|
|-weather|Sandstorm|[upkeep]
|-damage|p2a: Blissey|50/100|[from] Sandstorm
|-damage|p1a: Suicune|94/100 par|[from] Sandstorm
|-heal|p1a: Suicune|100/100 par|[from] item: Leftovers
|upkeep
|turn|32
|
|t:|1729442440
|switch|p1a: Blissey|Blissey, F|100/100
|move|p2a: Blissey|Soft-Boiled|p2a: Blissey
|-heal|p2a: Blissey|99/100
|
|-weather|Sandstorm|[upkeep]
|-damage|p2a: Blissey|94/100|[from] Sandstorm
|-damage|p1a: Blissey|94/100|[from] Sandstorm
|-heal|p1a: Blissey|100/100|[from] item: Leftovers
|upkeep
|turn|33
|
|t:|1729442465
|move|p2a: Blissey|Thunder Wave|p1a: Blissey
|-status|p1a: Blissey|par
|cant|p1a: Blissey|par
|
|-weather|Sandstorm|[upkeep]
|-damage|p2a: Blissey|88/100|[from] Sandstorm
|-damage|p1a: Blissey|94/100 par|[from] Sandstorm
|-heal|p1a: Blissey|100/100 par|[from] item: Leftovers
|upkeep
|turn|34
|
|t:|1729442472
|-curestatus|p1a: Blissey|par|[from] ability: Natural Cure
|switch|p1a: Claydol|Claydol|68/100
|move|p2a: Blissey|Seismic Toss|p1a: Claydol
|-damage|p1a: Claydol|34/100
|
|-weather|Sandstorm|[upkeep]
|-damage|p2a: Blissey|81/100|[from] Sandstorm
|-heal|p1a: Claydol|40/100|[from] item: Leftovers
|upkeep
|turn|35
|
|t:|1729442483
|switch|p1a: Blissey|Blissey, F|100/100
|switch|p2a: Claydol|Claydol|80/100
|
|-weather|Sandstorm|[upkeep]
|-damage|p1a: Blissey|94/100|[from] Sandstorm
|-heal|p2a: Claydol|86/100|[from] item: Leftovers
|-heal|p1a: Blissey|100/100|[from] item: Leftovers
|upkeep
|turn|36
|
|t:|1729442496
|move|p2a: Claydol|Psychic|p1a: Blissey
|-damage|p1a: Blissey|90/100
|move|p1a: Blissey|Aromatherapy|p1a: Blissey
|-cureteam|p1a: Blissey|[from] move: Aromatherapy
|
|-weather|Sandstorm|[upkeep]
|-damage|p1a: Blissey|84/100|[from] Sandstorm
|-heal|p2a: Claydol|92/100|[from] item: Leftovers
|-heal|p1a: Blissey|90/100|[from] item: Leftovers
|upkeep
|turn|37
|
|t:|1729442501
|switch|p2a: Blissey|Blissey, F|81/100
|move|p1a: Blissey|Ice Beam|p2a: Blissey
|-damage|p2a: Blissey|72/100
|
|-weather|Sandstorm|[upkeep]
|-damage|p2a: Blissey|66/100|[from] Sandstorm
|-damage|p1a: Blissey|84/100|[from] Sandstorm
|-heal|p1a: Blissey|90/100|[from] item: Leftovers
|upkeep
|turn|38
|
|t:|1729442506
|switch|p1a: Suicune|Suicune|100/100
|move|p2a: Blissey|Thunder Wave|p1a: Suicune
|-status|p1a: Suicune|par
|
|-weather|Sandstorm|[upkeep]
|-damage|p2a: Blissey|60/100|[from] Sandstorm
|-damage|p1a: Suicune|94/100 par|[from] Sandstorm
|-heal|p1a: Suicune|100/100 par|[from] item: Leftovers
|upkeep
|turn|39
|
|t:|1729442509
|move|p2a: Blissey|Soft-Boiled|p2a: Blissey
|-heal|p2a: Blissey|100/100
|move|p1a: Suicune|Calm Mind|p1a: Suicune
|-boost|p1a: Suicune|spa|1
|-boost|p1a: Suicune|spd|1
|
|-weather|Sandstorm|[upkeep]
|-damage|p2a: Blissey|94/100|[from] Sandstorm
|-damage|p1a: Suicune|94/100 par|[from] Sandstorm
|-heal|p1a: Suicune|100/100 par|[from] item: Leftovers
|upkeep
|turn|40
|
|t:|1729442513
|switch|p2a: Suicune|Suicune|66/100
|cant|p1a: Suicune|par
|
|-weather|Sandstorm|[upkeep]
|-damage|p2a: Suicune|59/100|[from] Sandstorm
|-damage|p1a: Suicune|94/100 par|[from] Sandstorm
|-heal|p2a: Suicune|66/100|[from] item: Leftovers
|-heal|p1a: Suicune|100/100 par|[from] item: Leftovers
|upkeep
|turn|41
|
|t:|1729442520
|move|p2a: Suicune|Calm Mind|p2a: Suicune
|-boost|p2a: Suicune|spa|1
|-boost|p2a: Suicune|spd|1
|move|p1a: Suicune|Surf|p2a: Suicune
|-resisted|p2a: Suicune
|-damage|p2a: Suicune|55/100
|
|-weather|Sandstorm|[upkeep]
|-damage|p2a: Suicune|49/100|[from] Sandstorm
|-damage|p1a: Suicune|94/100 par|[from] Sandstorm
|-heal|p2a: Suicune|55/100|[from] item: Leftovers
|-heal|p1a: Suicune|100/100 par|[from] item: Leftovers
|upkeep
|turn|42
|
|t:|1729442522
|move|p2a: Suicune|Roar|p1a: Suicune
|drag|p1a: Hariyama|Hariyama, M|16/100
|
|-weather|Sandstorm|[upkeep]
|-damage|p2a: Suicune|49/100|[from] Sandstorm
|-damage|p1a: Hariyama|10/100|[from] Sandstorm
|-heal|p2a: Suicune|55/100|[from] item: Leftovers
|-heal|p1a: Hariyama|16/100|[from] item: Leftovers
|upkeep
|turn|43
|
|t:|1729442527
|switch|p1a: Blissey|Blissey, F|90/100
|move|p2a: Suicune|Surf|p1a: Blissey
|-damage|p1a: Blissey|72/100
|
|-weather|Sandstorm|[upkeep]
|-damage|p2a: Suicune|49/100|[from] Sandstorm
|-damage|p1a: Blissey|66/100|[from] Sandstorm
|-heal|p2a: Suicune|55/100|[from] item: Leftovers
|-heal|p1a: Blissey|72/100|[from] item: Leftovers
|upkeep
|turn|44
|
|t:|1729442532
|move|p2a: Suicune|Rest|p2a: Suicune
|-status|p2a: Suicune|slp|[from] move: Rest
|-heal|p2a: Suicune|100/100 slp|[silent]
|move|p1a: Blissey|Thunderbolt|p2a: Suicune
|-supereffective|p2a: Suicune
|-damage|p2a: Suicune|74/100 slp
|
|-weather|Sandstorm|[upkeep]
|-damage|p2a: Suicune|68/100 slp|[from] Sandstorm
|-damage|p1a: Blissey|66/100|[from] Sandstorm
|-heal|p2a: Suicune|74/100 slp|[from] item: Leftovers
|-heal|p1a: Blissey|72/100|[from] item: Leftovers
|upkeep
|turn|45
|
|t:|1729442537
|switch|p2a: Blissey|Blissey, F|94/100
|switch|p1a: Suicune|Suicune|100/100 par
|
|-weather|Sandstorm|[upkeep]
|-damage|p2a: Blissey|88/100|[from] Sandstorm
|-damage|p1a: Suicune|94/100 par|[from] Sandstorm
|-heal|p1a: Suicune|100/100 par|[from] item: Leftovers
|upkeep
|turn|46
|
|t:|1729442541
|move|p2a: Blissey|Heal Bell|p2a: Blissey
|-activate|p2a: Blissey|move: Heal Bell
|-curestatus|p2: Suicune|slp|[silent]
|cant|p1a: Suicune|par
|
|-weather|Sandstorm|[upkeep]
|-damage|p2a: Blissey|82/100|[from] Sandstorm
|-damage|p1a: Suicune|94/100 par|[from] Sandstorm
|-heal|p1a: Suicune|100/100 par|[from] item: Leftovers
|upkeep
|turn|47
|
|t:|1729442544
|switch|p2a: Suicune|Suicune|74/100
|move|p1a: Suicune|Calm Mind|p1a: Suicune
|-boost|p1a: Suicune|spa|1
|-boost|p1a: Suicune|spd|1
|
|-weather|Sandstorm|[upkeep]
|-damage|p2a: Suicune|68/100|[from] Sandstorm
|-damage|p1a: Suicune|94/100 par|[from] Sandstorm
|-heal|p2a: Suicune|74/100|[from] item: Leftovers
|-heal|p1a: Suicune|100/100 par|[from] item: Leftovers
|upkeep
|turn|48
|
|t:|1729442548
|move|p2a: Suicune|Roar|p1a: Suicune
|drag|p1a: Claydol|Claydol|40/100
|
|-weather|Sandstorm|[upkeep]
|-damage|p2a: Suicune|68/100|[from] Sandstorm
|-heal|p1a: Claydol|46/100|[from] item: Leftovers
|-heal|p2a: Suicune|74/100|[from] item: Leftovers
|upkeep
|turn|49
|
|t:|1729442551
|move|p1a: Claydol|Explosion|p2a: Suicune
|-damage|p2a: Suicune|8/100
|faint|p1a: Claydol
|
|t:|1729442558
|switch|p1a: Blissey|Blissey, F|72/100
|
|-weather|Sandstorm|[upkeep]
|-damage|p2a: Suicune|2/100|[from] Sandstorm
|-damage|p1a: Blissey|66/100|[from] Sandstorm
|-heal|p2a: Suicune|8/100|[from] item: Leftovers
|-heal|p1a: Blissey|72/100|[from] item: Leftovers
|upkeep
|turn|50
|
|t:|1729442563
|move|p2a: Suicune|Rest|p2a: Suicune
|-status|p2a: Suicune|slp|[from] move: Rest
|-heal|p2a: Suicune|100/100 slp|[silent]
|move|p1a: Blissey|Thunderbolt|p2a: Suicune
|-supereffective|p2a: Suicune
|-damage|p2a: Suicune|65/100 slp
|
|-weather|Sandstorm|[upkeep]
|-damage|p2a: Suicune|59/100 slp|[from] Sandstorm
|-damage|p1a: Blissey|66/100|[from] Sandstorm
|-heal|p2a: Suicune|65/100 slp|[from] item: Leftovers
|-heal|p1a: Blissey|72/100|[from] item: Leftovers
|upkeep
|turn|51
|
|t:|1729442567
|switch|p2a: Blissey|Blissey, F|82/100
|switch|p1a: Hariyama|Hariyama, M|16/100
|
|-weather|Sandstorm|[upkeep]
|-damage|p2a: Blissey|76/100|[from] Sandstorm
|-damage|p1a: Hariyama|10/100|[from] Sandstorm
|-heal|p1a: Hariyama|16/100|[from] item: Leftovers
|upkeep
|turn|52
|
|t:|1729442575
|move|p2a: Blissey|Seismic Toss|p1a: Hariyama
|-damage|p1a: Hariyama|0 fnt
|faint|p1a: Hariyama
|
|t:|1729442584
|switch|p1a: Suicune|Suicune|100/100 par
|
|-weather|Sandstorm|[upkeep]
|-damage|p2a: Blissey|69/100|[from] Sandstorm
|-damage|p1a: Suicune|94/100 par|[from] Sandstorm
|-heal|p1a: Suicune|100/100 par|[from] item: Leftovers
|upkeep
|turn|53
|
|t:|1729442589
|move|p2a: Blissey|Heal Bell|p2a: Blissey
|-activate|p2a: Blissey|move: Heal Bell
|-curestatus|p2: Suicune|slp|[silent]
|cant|p1a: Suicune|par
|
|-weather|Sandstorm|[upkeep]
|-damage|p2a: Blissey|63/100|[from] Sandstorm
|-damage|p1a: Suicune|94/100 par|[from] Sandstorm
|-heal|p1a: Suicune|100/100 par|[from] item: Leftovers
|upkeep
|turn|54
|
|t:|1729442596
|switch|p2a: Suicune|Suicune|65/100
|cant|p1a: Suicune|par
|
|-weather|Sandstorm|[upkeep]
|-damage|p2a: Suicune|59/100|[from] Sandstorm
|-damage|p1a: Suicune|94/100 par|[from] Sandstorm
|-heal|p2a: Suicune|65/100|[from] item: Leftovers
|-heal|p1a: Suicune|100/100 par|[from] item: Leftovers
|upkeep
|turn|55
|
|t:|1729442601
|move|p2a: Suicune|Calm Mind|p2a: Suicune
|-boost|p2a: Suicune|spa|1
|-boost|p2a: Suicune|spd|1
|move|p1a: Suicune|Calm Mind|p1a: Suicune
|-boost|p1a: Suicune|spa|1
|-boost|p1a: Suicune|spd|1
|
|-weather|Sandstorm|[upkeep]
|-damage|p2a: Suicune|59/100|[from] Sandstorm
|-damage|p1a: Suicune|94/100 par|[from] Sandstorm
|-heal|p2a: Suicune|65/100|[from] item: Leftovers
|-heal|p1a: Suicune|100/100 par|[from] item: Leftovers
|upkeep
|turn|56
|
|t:|1729442604
|cant|p1a: Suicune|par
|move|p2a: Suicune|Roar|p1a: Suicune
|drag|p1a: Blissey|Blissey, F|72/100
|
|-weather|Sandstorm|[upkeep]
|-damage|p2a: Suicune|59/100|[from] Sandstorm
|-damage|p1a: Blissey|66/100|[from] Sandstorm
|-heal|p2a: Suicune|65/100|[from] item: Leftovers
|-heal|p1a: Blissey|72/100|[from] item: Leftovers
|upkeep
|turn|57
|
|t:|1729442608
|move|p2a: Suicune|Calm Mind|p2a: Suicune
|-boost|p2a: Suicune|spa|1
|-boost|p2a: Suicune|spd|1
|move|p1a: Blissey|Aromatherapy|p1a: Blissey
|-cureteam|p1a: Blissey|[from] move: Aromatherapy
|
|-weather|Sandstorm|[upkeep]
|-damage|p2a: Suicune|59/100|[from] Sandstorm
|-damage|p1a: Blissey|66/100|[from] Sandstorm
|-heal|p2a: Suicune|65/100|[from] item: Leftovers
|-heal|p1a: Blissey|72/100|[from] item: Leftovers
|upkeep
|turn|58
|
|t:|1729442614
|move|p2a: Suicune|Rest|p2a: Suicune
|-status|p2a: Suicune|slp|[from] move: Rest
|-heal|p2a: Suicune|100/100 slp|[silent]
|move|p1a: Blissey|Thunderbolt|p2a: Suicune
|-supereffective|p2a: Suicune
|-damage|p2a: Suicune|80/100 slp
|
|-weather|Sandstorm|[upkeep]
|-damage|p2a: Suicune|74/100 slp|[from] Sandstorm
|-damage|p1a: Blissey|66/100|[from] Sandstorm
|-heal|p2a: Suicune|80/100 slp|[from] item: Leftovers
|-heal|p1a: Blissey|72/100|[from] item: Leftovers
|upkeep
|turn|59
|
|t:|1729442618
|switch|p1a: Suicune|Suicune|100/100
|cant|p2a: Suicune|slp
|
|-weather|Sandstorm|[upkeep]
|-damage|p1a: Suicune|94/100|[from] Sandstorm
|-damage|p2a: Suicune|74/100 slp|[from] Sandstorm
|-heal|p1a: Suicune|100/100|[from] item: Leftovers
|-heal|p2a: Suicune|80/100 slp|[from] item: Leftovers
|upkeep
|turn|60
|
|t:|1729442620
|move|p1a: Suicune|Roar|p2a: Suicune
|drag|p2a: Claydol|Claydol|92/100
|
|-weather|Sandstorm|[upkeep]
|-damage|p1a: Suicune|94/100|[from] Sandstorm
|-heal|p1a: Suicune|100/100|[from] item: Leftovers
|-heal|p2a: Claydol|98/100|[from] item: Leftovers
|upkeep
|turn|61
|
|t:|1729442625
|move|p1a: Suicune|Calm Mind|p1a: Suicune
|-boost|p1a: Suicune|spa|1
|-boost|p1a: Suicune|spd|1
|move|p2a: Claydol|Explosion|p1a: Suicune
|-damage|p1a: Suicune|44/100
|faint|p2a: Claydol
|
|t:|1729442643
|switch|p2a: Blissey|Blissey, F|63/100
|
|-weather|Sandstorm|[upkeep]
|-damage|p1a: Suicune|37/100|[from] Sandstorm
|-damage|p2a: Blissey|57/100|[from] Sandstorm
|-heal|p1a: Suicune|44/100|[from] item: Leftovers
|upkeep
|turn|62
|
|t:|1729442653
|switch|p2a: Snorlax|Snorlax, F|79/100
|move|p1a: Suicune|Surf|p2a: Snorlax
|-damage|p2a: Snorlax|57/100
|
|-weather|Sandstorm|[upkeep]
|-damage|p1a: Suicune|37/100|[from] Sandstorm
|-damage|p2a: Snorlax|51/100|[from] Sandstorm
|-heal|p1a: Suicune|44/100|[from] item: Leftovers
|-heal|p2a: Snorlax|57/100|[from] item: Leftovers
|upkeep
|turn|63
|
|t:|1729442656
|move|p1a: Suicune|Surf|p2a: Snorlax
|-damage|p2a: Snorlax|36/100
|move|p2a: Snorlax|Return|p1a: Suicune
|-damage|p1a: Suicune|19/100
|
|-weather|Sandstorm|[upkeep]
|-damage|p1a: Suicune|13/100|[from] Sandstorm
|-damage|p2a: Snorlax|30/100|[from] Sandstorm
|-heal|p1a: Suicune|19/100|[from] item: Leftovers
|-heal|p2a: Snorlax|36/100|[from] item: Leftovers
|upkeep
|turn|64
|
|t:|1729442664
|move|p1a: Suicune|Rest|p1a: Suicune
|-status|p1a: Suicune|slp|[from] move: Rest
|-heal|p1a: Suicune|100/100 slp|[silent]
|move|p2a: Snorlax|Curse|p2a: Snorlax
|-unboost|p2a: Snorlax|spe|1
|-boost|p2a: Snorlax|atk|1
|-boost|p2a: Snorlax|def|1
|
|-weather|Sandstorm|[upkeep]
|-damage|p1a: Suicune|94/100 slp|[from] Sandstorm
|-damage|p2a: Snorlax|30/100|[from] Sandstorm
|-heal|p1a: Suicune|100/100 slp|[from] item: Leftovers
|-heal|p2a: Snorlax|36/100|[from] item: Leftovers
|upkeep
|turn|65
|
|t:|1729442671
|move|p2a: Snorlax|Return|p1a: Suicune
|-damage|p1a: Suicune|62/100 slp
|cant|p1a: Suicune|slp
|
|-weather|Sandstorm|[upkeep]
|-damage|p1a: Suicune|56/100 slp|[from] Sandstorm
|-damage|p2a: Snorlax|30/100|[from] Sandstorm
|-heal|p1a: Suicune|62/100 slp|[from] item: Leftovers
|-heal|p2a: Snorlax|36/100|[from] item: Leftovers
|upkeep
|turn|66
|
|t:|1729442674
|cant|p1a: Suicune|slp
|move|p2a: Snorlax|Return|p1a: Suicune
|-damage|p1a: Suicune|28/100 slp
|
|-weather|Sandstorm|[upkeep]
|-damage|p1a: Suicune|22/100 slp|[from] Sandstorm
|-damage|p2a: Snorlax|30/100|[from] Sandstorm
|-heal|p1a: Suicune|28/100 slp|[from] item: Leftovers
|-heal|p2a: Snorlax|36/100|[from] item: Leftovers
|upkeep
|turn|67
|
|t:|1729442683
|-curestatus|p1a: Suicune|slp|[msg]
|move|p1a: Suicune|Surf|p2a: Snorlax
|-damage|p2a: Snorlax|13/100
|move|p2a: Snorlax|Return|p1a: Suicune
|-damage|p1a: Suicune|0 fnt
|faint|p1a: Suicune
|
|t:|1729442685
|switch|p1a: Blissey|Blissey, F|72/100
|
|-weather|Sandstorm|[upkeep]
|-damage|p1a: Blissey|66/100|[from] Sandstorm
|-damage|p2a: Snorlax|7/100|[from] Sandstorm
|-heal|p1a: Blissey|72/100|[from] item: Leftovers
|-heal|p2a: Snorlax|13/100|[from] item: Leftovers
|upkeep
|turn|68
|
|t:|1729442691
|switch|p2a: Blissey|Blissey, F|57/100
|move|p1a: Blissey|Ice Beam|p2a: Blissey
|-damage|p2a: Blissey|48/100
|
|-weather|Sandstorm|[upkeep]
|-damage|p2a: Blissey|41/100|[from] Sandstorm
|-damage|p1a: Blissey|66/100|[from] Sandstorm
|-heal|p1a: Blissey|72/100|[from] item: Leftovers
|upkeep
|turn|69
|
|t:|1729442694
|move|p2a: Blissey|Thunder Wave|p1a: Blissey
|-status|p1a: Blissey|par
|move|p1a: Blissey|Thunderbolt|p2a: Blissey
|-damage|p2a: Blissey|31/100
|-status|p2a: Blissey|par
|
|-weather|Sandstorm|[upkeep]
|-damage|p2a: Blissey|25/100 par|[from] Sandstorm
|-damage|p1a: Blissey|66/100 par|[from] Sandstorm
|-heal|p1a: Blissey|72/100 par|[from] item: Leftovers
|upkeep
|turn|70
|
|t:|1729442701
|cant|p2a: Blissey|par
|move|p1a: Blissey|Ice Beam|p2a: Blissey
|-damage|p2a: Blissey|15/100 par
|
|-weather|Sandstorm|[upkeep]
|-damage|p2a: Blissey|9/100 par|[from] Sandstorm
|-damage|p1a: Blissey|66/100 par|[from] Sandstorm
|-heal|p1a: Blissey|72/100 par|[from] item: Leftovers
|upkeep
|turn|71
|
|t:|1729442705
|cant|p2a: Blissey|par
|cant|p1a: Blissey|par
|
|-weather|Sandstorm|[upkeep]
|-damage|p2a: Blissey|3/100 par|[from] Sandstorm
|-damage|p1a: Blissey|66/100 par|[from] Sandstorm
|-heal|p1a: Blissey|72/100 par|[from] item: Leftovers
|upkeep
|turn|72
|
|t:|1729442708
|move|p2a: Blissey|Seismic Toss|p1a: Blissey
|-damage|p1a: Blissey|57/100 par
|cant|p1a: Blissey|par
|
|-weather|Sandstorm|[upkeep]
|-damage|p2a: Blissey|0 fnt|[from] Sandstorm
|-damage|p1a: Blissey|51/100 par|[from] Sandstorm
|faint|p2a: Blissey
|-heal|p1a: Blissey|57/100 par|[from] item: Leftovers
|upkeep
|
|t:|1729442710
|switch|p2a: Dugtrio|Dugtrio, M|9/100
|turn|73
|
|t:|1729442714
|move|p2a: Dugtrio|Earthquake|p1a: Blissey
|-damage|p1a: Blissey|0 fnt
|faint|p1a: Blissey
|
|win|Fear
|c|☆bandoodee|ggs
|c|☆Fear|ggs
|player|p1|

</script>
<script type="application/json" class="data" id="replaydata-smogtours-gen3ou-800532">
{"id":"smogtours-gen3ou-800532","format":"[Gen 3] OU","players":["bandoodee","Fear"],"uploadtime":1729442714,"views":156,"formatid":"gen3ou","rating":null,"private":0,"password":null}
</script>

<script defer src="js/replays.js?9d40a366"></script>
