<!DOCTYPE html>
<meta charset="utf-8" />
<meta name="viewport" content="width=device-width" />

<title>[Gen 3] OU: Scurrying Snail vs. Buzzed27 - Replays - Pok&eacute;mon Showdown!</title>

<meta name="description" content="Watch a replay of a Pok&eacute;mon battle between Scurrying Snail and Buzzed27! Format: [Gen 3] OU; Date: Oct 18, 2024" />
<!--

Hey, you! Looking in the source for the replay log?

You can find them in JSON format, just add `.json` at the end of a replay URL.

https://replay.pokemonshowdown.com/gen7randomdoublesbattle-865046831.json

Or, if you only need the log itself, add `.log` instead:

https://replay.pokemonshowdown.com/gen7randomdoublesbattle-865046831.log

-->

<link rel="stylesheet" href="//pokemonshowdown.com/style/global.css?0.767286132409787" />
<link rel="stylesheet" href="//play.pokemonshowdown.com/style/font-awesome.css?0.9266228007934947" />
<link rel="stylesheet" href="//play.pokemonshowdown.com/style/battle.css?0.7924700842790926" />
<link rel="stylesheet" href="//play.pokemonshowdown.com/style/utilichart.css?0.8777417872839479" />

<!-- Global site tag (gtag.js) - Google Analytics -->
<script async src="https://www.googletagmanager.com/gtag/js?id=UA-26211653-1"></script>
<script>
  window.dataLayer = window.dataLayer || [];
  function gtag(){dataLayer.push(arguments);}
  gtag('js', new Date());

  gtag('config', 'UA-26211653-1');
</script>
<!-- End Google Analytics -->
<!-- Venatus Ad Manager - Install in <HEAD> of page -->
	<script src="https://hb.vntsm.com/v3/live/ad-manager.min.js" type="text/javascript" data-site-id="642aba63ec9a7b11c3c9c1be" data-mode="scan" async></script>
<!-- / Venatus Ad Manager -->

<style>
	@media (max-width:820px) {
		.battle {
			margin: 0 auto;
		}
		.battle-log {
			margin: 7px auto 0;
			max-width: 640px;
			height: 300px;
			position: static;
		}
	}
	.optgroup {
		display: inline-block;
		line-height: 22px;
		font-size: 10pt;
	}
	.optgroup .button {
		height: 25px;
		padding-top: 0;
		padding-bottom: 0;
	}
	.optgroup button.button {
		padding-left: 12px;
		padding-right: 12px;
	}
	.linklist {
		list-style: none;
		margin: 0.5em 0;
		padding: 0;
	}
	.linklist li {
		padding: 2px 0;
	}
	.sidebar {
		float: left;
		width: 320px;
	}
	.bar-wrapper {
		max-width: 1100px;
		margin: 0 auto;
	}
	.bar-wrapper.has-sidebar {
		max-width: 1430px;
	}
	.mainbar {
		margin: 0;
		padding-right: 1px;
	}
	.mainbar.has-sidebar {
		margin-left: 330px;
	}
	@media (min-width: 1511px) {
		.sidebar {
			width: 400px;
		}
		.bar-wrapper.has-sidebar {
			max-width: 1510px;
		}
		.mainbar.has-sidebar {
			margin-left: 410px;
		}
	}
	.section.first-section {
		margin-top: 9px;
	}
	.blocklink small {
		white-space: normal;
	}
	.button {
		vertical-align: middle;
	}
	.replay-controls {
		padding-top: 10px;
	}
	.replay-controls h1 {
		font-size: 16pt;
		font-weight: normal;
		color: #CCC;
	}
	.pagelink {
		text-align: center;
	}
	.pagelink a {
		width: 150px;
	}
	.textbox, .button {
		font-size: 11pt;
		vertical-align: middle;
	}
	@media (max-width: 450px) {
		.button {
			font-size: 9pt;
		}
	}
</style>

<div>

	<header>
		<div class="nav-wrapper"><ul class="nav">
			<li><a class="button nav-first" href="//pokemonshowdown.com/"><img src="//pokemonshowdown.com/images/pokemonshowdownbeta.png" srcset="//pokemonshowdown.com/images/pokemonshowdownbeta.png 1x, //pokemonshowdown.com/images/pokemonshowdownbeta@2x.png 2x" alt="Pok&eacute;mon Showdown" width="146" height="44" /> Home</a></li>
			<li><a class="button" href="//pokemonshowdown.com/dex/">Pok&eacute;dex</a></li>
			<li><a class="button cur" href="/">Replays</a></li>
			<li><a class="button" href="//pokemonshowdown.com/ladder/">Ladder</a></li>
			<li><a class="button nav-last" href="//pokemonshowdown.com/forums/">Forum</a></li>
			<li><a class="button greenbutton nav-first nav-last" href="//play.pokemonshowdown.com/">Play</a></li>
		</ul></div>
	</header>

	<div class="main" id="main">

		<noscript><section class="section">You need to enable JavaScript to use this page; sorry!</section></noscript>

	</div>

</div>

<script defer nomodule src="//play.pokemonshowdown.com/js/lib/ps-polyfill.js"></script>
<script defer src="//play.pokemonshowdown.com/js/lib/preact.min.js"></script>

<script defer src="//play.pokemonshowdown.com/config/config.js?6dec07f6"></script>
<script defer src="//play.pokemonshowdown.com/js/lib/jquery-1.11.0.min.js"></script>
<script defer src="//play.pokemonshowdown.com/js/lib/html-sanitizer-minified.js"></script>
<script defer src="//play.pokemonshowdown.com/js/battle-sound.js"></script>
<script defer src="//play.pokemonshowdown.com/js/battledata.js?0.6315294753075389"></script>
<script defer src="//play.pokemonshowdown.com/data/pokedex-mini.js?0.7603743185311358"></script>
<script defer src="//play.pokemonshowdown.com/data/pokedex-mini-bw.js?0.030888842834281283"></script>
<script defer src="//play.pokemonshowdown.com/data/graphics.js?0.05593094747507488"></script>
<script defer src="//play.pokemonshowdown.com/data/pokedex.js?0.47064822249611904"></script>
<script defer src="//play.pokemonshowdown.com/data/moves.js?0.8583693120512459"></script>
<script defer src="//play.pokemonshowdown.com/data/abilities.js?0.16017181182386842"></script>
<script defer src="//play.pokemonshowdown.com/data/items.js?0.4163379185673943"></script>
<script defer src="//play.pokemonshowdown.com/data/teambuilder-tables.js?0.31075597372830477"></script>
<script defer src="//play.pokemonshowdown.com/js/battle-tooltips.js?0.6536193500708172"></script>
<script defer src="//play.pokemonshowdown.com/js/battle.js?0.1916591943277901"></script>

<script defer src="js/utils.js?e31f9a17"></script>
<script defer src="js/replays-battle.js?7008c182"></script>

<!-- don't scrape this data! just add .json or .log after the URL!
Full API docs: https://github.com/smogon/pokemon-showdown-client/blob/master/WEB-API.md -->
<script type="text/plain" class="log" id="replaylog-smogtours-gen3ou-799443">
|inactive|Battle timer is ON: inactive players will automatically lose when time's up.
|t:|1729212886
|gametype|singles
|player|p1|Scurrying Snail|169|
|player|p2|Buzzed27|clay|
|teamsize|p1|6
|teamsize|p2|6
|gen|3
|tier|[Gen 3] OU
|rule|Sleep Clause Mod: Limit one foe put to sleep
|rule|Switch Priority Clause Mod: Faster Pokémon switch first
|rule|Species Clause: Limit one of each Pokémon
|rule|OHKO Clause: OHKO moves are banned
|rule|Evasion Items Clause: Evasion items are banned
|rule|Evasion Moves Clause: Evasion moves are banned
|rule|Endless Battle Clause: Forcing endless battles is banned
|rule|HP Percentage Mod: HP is shown in percentages
|rule|One Boost Passer Clause: Limit one Baton Passer that has a way to boost its stats
|rule|Freeze Clause Mod: Limit one foe frozen
|
|t:|1729212886
|start
|switch|p1a: FBI|Zapdos|100/100
|switch|p2a: Smeargle|Smeargle, F|100/100
|turn|1
|c|☆Buzzed27|GLHF
|c|☆Scurrying Snail|gl
|inactive|Scurrying Snail has 270 seconds left.
|
|t:|1729212927
|move|p1a: FBI|Thunder Wave|p2a: Smeargle
|-status|p2a: Smeargle|par
|cant|p2a: Smeargle|par
|
|upkeep
|turn|2
|
|t:|1729212937
|switch|p1a: Chromo-Zone|Celebi|100/100
|move|p2a: Smeargle|Spore|p1a: Chromo-Zone
|-status|p1a: Chromo-Zone|slp|[from] move: Spore
|
|upkeep
|turn|3
|
|t:|1729212942
|-curestatus|p1a: Chromo-Zone|slp|[from] ability: Natural Cure
|switch|p1a: Bad Habit|Starmie|100/100
|move|p2a: Smeargle|Spikes|p1a: Bad Habit
|-sidestart|p1: Scurrying Snail|Spikes
|
|upkeep
|turn|4
|inactive|Buzzed27 has 270 seconds left.
|
|t:|1729212976
|move|p1a: Bad Habit|Hydro Pump|p2a: Smeargle
|-damage|p2a: Smeargle|6/100 par
|move|p2a: Smeargle|Spore|p1a: Bad Habit
|-status|p1a: Bad Habit|slp|[from] move: Spore
|
|-enditem|p2a: Smeargle|Salac Berry|[eat]
|-boost|p2a: Smeargle|spe|1|[from] item: Salac Berry
|upkeep
|turn|5
|inactive|Buzzed27 has 270 seconds left.
|
|t:|1729212991
|-curestatus|p1a: Bad Habit|slp|[from] ability: Natural Cure
|switch|p1a: Rock Phone|Tyranitar, M|100/100
|-damage|p1a: Rock Phone|88/100|[from] Spikes
|-weather|Sandstorm|[from] ability: Sand Stream|[of] p1a: Rock Phone
|move|p2a: Smeargle|Explosion|p1a: Rock Phone
|-resisted|p1a: Rock Phone
|-damage|p1a: Rock Phone|65/100
|faint|p2a: Smeargle
|inactive|Buzzed27 has 270 seconds left.
|
|t:|1729213014
|switch|p2a: Metagross|Metagross|100/100
|
|-weather|Sandstorm|[upkeep]
|-heal|p1a: Rock Phone|71/100|[from] item: Leftovers
|upkeep
|turn|6
|
|t:|1729213035
|switch|p1a: Do it in the Dirt|Swampert, F|100/100
|-damage|p1a: Do it in the Dirt|88/100|[from] Spikes
|move|p2a: Metagross|Earthquake|p1a: Do it in the Dirt
|-damage|p1a: Do it in the Dirt|64/100
|
|-weather|Sandstorm|[upkeep]
|-heal|p1a: Do it in the Dirt|70/100|[from] item: Leftovers
|upkeep
|turn|7
|
|t:|1729213041
|switch|p2a: Gengar|Gengar, F|100/100
|move|p1a: Do it in the Dirt|Protect||[still]
|-fail|p1a: Do it in the Dirt
|
|-weather|Sandstorm|[upkeep]
|-damage|p2a: Gengar|94/100|[from] Sandstorm
|-heal|p2a: Gengar|100/100|[from] item: Leftovers
|-heal|p1a: Do it in the Dirt|76/100|[from] item: Leftovers
|upkeep
|turn|8
|
|t:|1729213048
|move|p1a: Do it in the Dirt|Protect|p1a: Do it in the Dirt
|-singleturn|p1a: Do it in the Dirt|Protect
|move|p2a: Gengar|Hidden Power|p1a: Do it in the Dirt
|-activate|p1a: Do it in the Dirt|Protect
|
|-weather|Sandstorm|[upkeep]
|-damage|p2a: Gengar|94/100|[from] Sandstorm
|-heal|p2a: Gengar|100/100|[from] item: Leftovers
|-heal|p1a: Do it in the Dirt|82/100|[from] item: Leftovers
|upkeep
|turn|9
|
|t:|1729213059
|switch|p1a: Chromo-Zone|Celebi|100/100
|-damage|p1a: Chromo-Zone|88/100|[from] Spikes
|move|p2a: Gengar|Fire Punch|p1a: Chromo-Zone
|-supereffective|p1a: Chromo-Zone
|-damage|p1a: Chromo-Zone|56/100
|
|-weather|Sandstorm|[upkeep]
|-damage|p2a: Gengar|94/100|[from] Sandstorm
|-damage|p1a: Chromo-Zone|50/100|[from] Sandstorm
|-heal|p2a: Gengar|100/100|[from] item: Leftovers
|-heal|p1a: Chromo-Zone|56/100|[from] item: Leftovers
|upkeep
|turn|10
|inactive|Buzzed27 has 270 seconds left.
|inactive|Buzzed27 has 240 seconds left.
|
|t:|1729213105
|switch|p2a: Charizard|Charizard, F|100/100
|move|p1a: Chromo-Zone|Recover|p1a: Chromo-Zone
|-heal|p1a: Chromo-Zone|100/100
|
|-weather|Sandstorm|[upkeep]
|-damage|p2a: Charizard|94/100|[from] Sandstorm
|-damage|p1a: Chromo-Zone|94/100|[from] Sandstorm
|-heal|p2a: Charizard|100/100|[from] item: Leftovers
|-heal|p1a: Chromo-Zone|100/100|[from] item: Leftovers
|upkeep
|turn|11
|inactive|Scurrying Snail has 270 seconds left.
|
|t:|1729213160
|switch|p2a: Zapdos|Zapdos|100/100
|switch|p1a: Rock Phone|Tyranitar, M|71/100
|-damage|p1a: Rock Phone|59/100|[from] Spikes
|
|-weather|Sandstorm|[upkeep]
|-damage|p2a: Zapdos|94/100|[from] Sandstorm
|-heal|p2a: Zapdos|100/100|[from] item: Leftovers
|-heal|p1a: Rock Phone|65/100|[from] item: Leftovers
|upkeep
|turn|12
|
|t:|1729213176
|move|p2a: Zapdos|Thunderbolt|p1a: Rock Phone
|-damage|p1a: Rock Phone|21/100
|-status|p1a: Rock Phone|par
|cant|p1a: Rock Phone|par
|
|-weather|Sandstorm|[upkeep]
|-damage|p2a: Zapdos|94/100|[from] Sandstorm
|-heal|p2a: Zapdos|100/100|[from] item: Leftovers
|-heal|p1a: Rock Phone|27/100 par|[from] item: Leftovers
|upkeep
|turn|13
|c|☆Buzzed27|mb
|c|☆Scurrying Snail|i guess thats payback for t1 lol
|
|t:|1729213195
|move|p2a: Zapdos|Thunderbolt|p1a: Rock Phone
|-damage|p1a: Rock Phone|0 fnt
|faint|p1a: Rock Phone
|
|t:|1729213202
|switch|p1a: Chromo-Zone|Celebi|100/100
|-damage|p1a: Chromo-Zone|88/100|[from] Spikes
|
|-weather|Sandstorm|[upkeep]
|-damage|p2a: Zapdos|94/100|[from] Sandstorm
|-damage|p1a: Chromo-Zone|82/100|[from] Sandstorm
|-heal|p2a: Zapdos|100/100|[from] item: Leftovers
|-heal|p1a: Chromo-Zone|88/100|[from] item: Leftovers
|upkeep
|turn|14
|inactive|Buzzed27 has 210 seconds left.
|inactive|Buzzed27 has 180 seconds left.
|
|t:|1729213265
|switch|p2a: Metagross|Metagross|100/100
|move|p1a: Chromo-Zone|Leech Seed|p2a: Metagross
|-start|p2a: Metagross|move: Leech Seed
|
|-weather|Sandstorm|[upkeep]
|-damage|p1a: Chromo-Zone|82/100|[from] Sandstorm
|-damage|p2a: Metagross|88/100|[from] Leech Seed|[of] p1a: Chromo-Zone
|-heal|p1a: Chromo-Zone|92/100|[silent]
|-heal|p1a: Chromo-Zone|98/100|[from] item: Leftovers
|upkeep
|turn|15
|inactive|Buzzed27 has 180 seconds left.
|
|t:|1729213273
|switch|p2a: Charizard|Charizard, F|100/100
|switch|p1a: Bad Habit|Starmie|100/100
|-damage|p1a: Bad Habit|88/100|[from] Spikes
|
|-weather|Sandstorm|[upkeep]
|-damage|p1a: Bad Habit|82/100|[from] Sandstorm
|-damage|p2a: Charizard|94/100|[from] Sandstorm
|-heal|p1a: Bad Habit|88/100|[from] item: Leftovers
|-heal|p2a: Charizard|100/100|[from] item: Leftovers
|upkeep
|turn|16
|
|t:|1729213279
|switch|p2a: Gengar|Gengar, F|100/100
|move|p1a: Bad Habit|Hydro Pump|p2a: Gengar
|-damage|p2a: Gengar|14/100
|
|-weather|Sandstorm|[upkeep]
|-damage|p1a: Bad Habit|82/100|[from] Sandstorm
|-damage|p2a: Gengar|8/100|[from] Sandstorm
|-heal|p1a: Bad Habit|88/100|[from] item: Leftovers
|-heal|p2a: Gengar|14/100|[from] item: Leftovers
|upkeep
|turn|17
|
|t:|1729213289
|move|p1a: Bad Habit|Thunderbolt|p2a: Gengar
|-damage|p2a: Gengar|0 fnt
|faint|p2a: Gengar
|
|t:|1729213293
|switch|p2a: Zapdos|Zapdos|100/100
|
|-weather|Sandstorm|[upkeep]
|-damage|p1a: Bad Habit|82/100|[from] Sandstorm
|-damage|p2a: Zapdos|94/100|[from] Sandstorm
|-heal|p1a: Bad Habit|88/100|[from] item: Leftovers
|-heal|p2a: Zapdos|100/100|[from] item: Leftovers
|upkeep
|turn|18
|
|t:|1729213302
|switch|p1a: Chromo-Zone|Celebi|98/100
|-damage|p1a: Chromo-Zone|85/100|[from] Spikes
|move|p2a: Zapdos|Thunderbolt|p1a: Chromo-Zone
|-resisted|p1a: Chromo-Zone
|-damage|p1a: Chromo-Zone|68/100
|-status|p1a: Chromo-Zone|par
|
|-weather|Sandstorm|[upkeep]
|-damage|p2a: Zapdos|94/100|[from] Sandstorm
|-damage|p1a: Chromo-Zone|61/100 par|[from] Sandstorm
|-heal|p2a: Zapdos|100/100|[from] item: Leftovers
|-heal|p1a: Chromo-Zone|68/100 par|[from] item: Leftovers
|upkeep
|turn|19
|inactive|Buzzed27 has 210 seconds left.
|
|t:|1729213313
|move|p2a: Zapdos|Hidden Power|p1a: Chromo-Zone
|-supereffective|p1a: Chromo-Zone
|-damage|p1a: Chromo-Zone|34/100 par
|move|p1a: Chromo-Zone|Leech Seed|p2a: Zapdos|[miss]
|-miss|p1a: Chromo-Zone|p2a: Zapdos
|
|-weather|Sandstorm|[upkeep]
|-damage|p2a: Zapdos|94/100|[from] Sandstorm
|-damage|p1a: Chromo-Zone|27/100 par|[from] Sandstorm
|-heal|p2a: Zapdos|100/100|[from] item: Leftovers
|-heal|p1a: Chromo-Zone|34/100 par|[from] item: Leftovers
|upkeep
|turn|20
|
|t:|1729213321
|-curestatus|p1a: Chromo-Zone|par|[from] ability: Natural Cure
|switch|p1a: Do it in the Dirt|Swampert, F|82/100
|-damage|p1a: Do it in the Dirt|70/100|[from] Spikes
|move|p2a: Zapdos|Roar|p1a: Do it in the Dirt
|drag|p1a: Bad Habit|Starmie|88/100
|-damage|p1a: Bad Habit|76/100|[from] Spikes
|
|-weather|Sandstorm|[upkeep]
|-damage|p1a: Bad Habit|70/100|[from] Sandstorm
|-damage|p2a: Zapdos|94/100|[from] Sandstorm
|-heal|p1a: Bad Habit|76/100|[from] item: Leftovers
|-heal|p2a: Zapdos|100/100|[from] item: Leftovers
|upkeep
|turn|21
|
|t:|1729213334
|switch|p1a: Do it in the Dirt|Swampert, F|70/100
|-damage|p1a: Do it in the Dirt|58/100|[from] Spikes
|move|p2a: Zapdos|Thunderbolt|p1a: Do it in the Dirt
|-immune|p1a: Do it in the Dirt
|
|-weather|Sandstorm|[upkeep]
|-damage|p2a: Zapdos|94/100|[from] Sandstorm
|-heal|p2a: Zapdos|100/100|[from] item: Leftovers
|-heal|p1a: Do it in the Dirt|64/100|[from] item: Leftovers
|upkeep
|turn|22
|
|t:|1729213347
|move|p1a: Do it in the Dirt|Ice Beam|p2a: Zapdos
|-supereffective|p2a: Zapdos
|-damage|p2a: Zapdos|60/100
|move|p2a: Zapdos|Roar|p1a: Do it in the Dirt
|drag|p1a: Dudes in da Valley|Dugtrio, M|100/100
|-damage|p1a: Dudes in da Valley|88/100|[from] Spikes
|
|-weather|Sandstorm|[upkeep]
|-damage|p2a: Zapdos|54/100|[from] Sandstorm
|-heal|p2a: Zapdos|60/100|[from] item: Leftovers
|upkeep
|turn|23
|
|t:|1729213367
|switch|p1a: Do it in the Dirt|Swampert, F|64/100
|-damage|p1a: Do it in the Dirt|51/100|[from] Spikes
|move|p2a: Zapdos|Agility|p2a: Zapdos
|-boost|p2a: Zapdos|spe|2
|
|-weather|Sandstorm|[upkeep]
|-damage|p2a: Zapdos|54/100|[from] Sandstorm
|-heal|p2a: Zapdos|60/100|[from] item: Leftovers
|-heal|p1a: Do it in the Dirt|58/100|[from] item: Leftovers
|upkeep
|turn|24
|
|t:|1729213372
|move|p1a: Do it in the Dirt|Hydro Pump|p2a: Zapdos
|-damage|p2a: Zapdos|22/100
|move|p2a: Zapdos|Roar|p1a: Do it in the Dirt
|drag|p1a: Bad Habit|Starmie|76/100
|-damage|p1a: Bad Habit|64/100|[from] Spikes
|
|-weather|Sandstorm|[upkeep]
|-damage|p2a: Zapdos|16/100|[from] Sandstorm
|-damage|p1a: Bad Habit|58/100|[from] Sandstorm
|-heal|p2a: Zapdos|22/100|[from] item: Leftovers
|-heal|p1a: Bad Habit|64/100|[from] item: Leftovers
|upkeep
|turn|25
|
|t:|1729213381
|switch|p1a: Dudes in da Valley|Dugtrio, M|88/100
|-damage|p1a: Dudes in da Valley|76/100|[from] Spikes
|move|p2a: Zapdos|Hidden Power|p1a: Dudes in da Valley
|-supereffective|p1a: Dudes in da Valley
|-damage|p1a: Dudes in da Valley|0 fnt
|faint|p1a: Dudes in da Valley
|
|t:|1729213401
|switch|p1a: Do it in the Dirt|Swampert, F|58/100
|-damage|p1a: Do it in the Dirt|45/100|[from] Spikes
|
|-weather|Sandstorm|[upkeep]
|-damage|p2a: Zapdos|16/100|[from] Sandstorm
|-heal|p2a: Zapdos|22/100|[from] item: Leftovers
|-heal|p1a: Do it in the Dirt|51/100|[from] item: Leftovers
|upkeep
|turn|26
|
|t:|1729213418
|move|p1a: Do it in the Dirt|Protect|p1a: Do it in the Dirt
|-singleturn|p1a: Do it in the Dirt|Protect
|move|p2a: Zapdos|Hidden Power|p1a: Do it in the Dirt
|-activate|p1a: Do it in the Dirt|Protect
|
|-weather|Sandstorm|[upkeep]
|-damage|p2a: Zapdos|16/100|[from] Sandstorm
|-heal|p2a: Zapdos|22/100|[from] item: Leftovers
|-heal|p1a: Do it in the Dirt|58/100|[from] item: Leftovers
|upkeep
|turn|27
|
|t:|1729213421
|move|p2a: Zapdos|Hidden Power|p1a: Do it in the Dirt
|-damage|p1a: Do it in the Dirt|35/100
|move|p1a: Do it in the Dirt|Ice Beam|p2a: Zapdos
|-supereffective|p2a: Zapdos
|-damage|p2a: Zapdos|0 fnt
|faint|p2a: Zapdos
|
|t:|1729213429
|switch|p2a: Jirachi|Jirachi|100/100
|
|-weather|Sandstorm|[upkeep]
|-heal|p1a: Do it in the Dirt|41/100|[from] item: Leftovers
|upkeep
|turn|28
|inactive|Buzzed27 has 240 seconds left.
|
|t:|1729213435
|move|p1a: Do it in the Dirt|Protect|p1a: Do it in the Dirt
|-singleturn|p1a: Do it in the Dirt|Protect
|move|p2a: Jirachi|Hidden Power|p1a: Do it in the Dirt
|-activate|p1a: Do it in the Dirt|Protect
|
|-weather|Sandstorm|[upkeep]
|-heal|p1a: Do it in the Dirt|47/100|[from] item: Leftovers
|upkeep
|turn|29
|
|t:|1729213448
|switch|p2a: Metagross|Metagross|88/100
|switch|p1a: Chromo-Zone|Celebi|34/100
|-damage|p1a: Chromo-Zone|21/100|[from] Spikes
|
|-weather|Sandstorm|[upkeep]
|-damage|p1a: Chromo-Zone|15/100|[from] Sandstorm
|-heal|p1a: Chromo-Zone|21/100|[from] item: Leftovers
|upkeep
|turn|30
|
|t:|1729213460
|move|p2a: Metagross|Meteor Mash|p1a: Chromo-Zone
|-damage|p1a: Chromo-Zone|0 fnt
|faint|p1a: Chromo-Zone
|
|t:|1729213470
|switch|p1a: Bad Habit|Starmie|64/100
|-damage|p1a: Bad Habit|52/100|[from] Spikes
|
|-weather|Sandstorm|[upkeep]
|-damage|p1a: Bad Habit|46/100|[from] Sandstorm
|-heal|p1a: Bad Habit|52/100|[from] item: Leftovers
|upkeep
|turn|31
|
|t:|1729213473
|move|p1a: Bad Habit|Hydro Pump|p2a: Metagross
|-damage|p2a: Metagross|22/100
|move|p2a: Metagross|Earthquake|p1a: Bad Habit
|-damage|p1a: Bad Habit|0 fnt
|faint|p1a: Bad Habit
|
|t:|1729213477
|switch|p1a: FBI|Zapdos|100/100
|
|-weather|Sandstorm|[upkeep]
|-damage|p1a: FBI|94/100|[from] Sandstorm
|-heal|p1a: FBI|100/100|[from] item: Leftovers
|-enditem|p2a: Metagross|Salac Berry|[eat]
|-boost|p2a: Metagross|spe|1|[from] item: Salac Berry
|upkeep
|turn|32
|
|t:|1729213480
|move|p2a: Metagross|Explosion|p1a: FBI
|-damage|p1a: FBI|0 fnt
|faint|p2a: Metagross
|faint|p1a: FBI
|
|t:|1729213483
|switch|p1a: Do it in the Dirt|Swampert, F|47/100
|switch|p2a: Jirachi|Jirachi|100/100
|-damage|p1a: Do it in the Dirt|35/100|[from] Spikes
|
|-weather|Sandstorm|[upkeep]
|-heal|p1a: Do it in the Dirt|41/100|[from] item: Leftovers
|upkeep
|turn|33
|
|t:|1729213486
|move|p1a: Do it in the Dirt|Protect|p1a: Do it in the Dirt
|-singleturn|p1a: Do it in the Dirt|Protect
|move|p2a: Jirachi|Hidden Power|p1a: Do it in the Dirt
|-activate|p1a: Do it in the Dirt|Protect
|
|-weather|Sandstorm|[upkeep]
|-heal|p1a: Do it in the Dirt|47/100|[from] item: Leftovers
|upkeep
|turn|34
|c|☆Buzzed27|gg
|
|t:|1729213488
|move|p2a: Jirachi|Hidden Power|p1a: Do it in the Dirt
|-supereffective|p1a: Do it in the Dirt
|-damage|p1a: Do it in the Dirt|0 fnt
|faint|p1a: Do it in the Dirt
|
|win|Buzzed27
|c|☆Scurrying Snail|gg

</script>
<script type="application/json" class="data" id="replaydata-smogtours-gen3ou-799443">
{"id":"smogtours-gen3ou-799443","format":"[Gen 3] OU","players":["Scurrying Snail","Buzzed27"],"uploadtime":1729213488,"views":110,"formatid":"gen3ou","rating":null,"private":0,"password":null}
</script>

<script defer src="js/replays.js?9d40a366"></script>
