<!DOCTYPE html>
<meta charset="utf-8" />
<meta name="viewport" content="width=device-width" />

<title>[Gen 3] OU: Ooziegib vs. monchooo - Replays - Pok&eacute;mon Showdown!</title>

<meta name="description" content="Watch a replay of a Pok&eacute;mon battle between Ooziegib and monchooo! Format: [Gen 3] OU; Date: Nov 12, 2024" />
<!--

Hey, you! Looking in the source for the replay log?

You can find them in JSON format, just add `.json` at the end of a replay URL.

https://replay.pokemonshowdown.com/gen7randomdoublesbattle-865046831.json

Or, if you only need the log itself, add `.log` instead:

https://replay.pokemonshowdown.com/gen7randomdoublesbattle-865046831.log

-->

<link rel="stylesheet" href="//pokemonshowdown.com/style/global.css?0.767286132409787" />
<link rel="stylesheet" href="//play.pokemonshowdown.com/style/font-awesome.css?0.9266228007934947" />
<link rel="stylesheet" href="//play.pokemonshowdown.com/style/battle.css?0.7924700842790926" />
<link rel="stylesheet" href="//play.pokemonshowdown.com/style/utilichart.css?0.8777417872839479" />

<!-- Global site tag (gtag.js) - Google Analytics -->
<script async src="https://www.googletagmanager.com/gtag/js?id=UA-26211653-1"></script>
<script>
  window.dataLayer = window.dataLayer || [];
  function gtag(){dataLayer.push(arguments);}
  gtag('js', new Date());

  gtag('config', 'UA-26211653-1');
</script>
<!-- End Google Analytics -->
<!-- Venatus Ad Manager - Install in <HEAD> of page -->
	<script src="https://hb.vntsm.com/v3/live/ad-manager.min.js" type="text/javascript" data-site-id="642aba63ec9a7b11c3c9c1be" data-mode="scan" async></script>
<!-- / Venatus Ad Manager -->

<style>
	@media (max-width:820px) {
		.battle {
			margin: 0 auto;
		}
		.battle-log {
			margin: 7px auto 0;
			max-width: 640px;
			height: 300px;
			position: static;
		}
	}
	.optgroup {
		display: inline-block;
		line-height: 22px;
		font-size: 10pt;
	}
	.optgroup .button {
		height: 25px;
		padding-top: 0;
		padding-bottom: 0;
	}
	.optgroup button.button {
		padding-left: 12px;
		padding-right: 12px;
	}
	.linklist {
		list-style: none;
		margin: 0.5em 0;
		padding: 0;
	}
	.linklist li {
		padding: 2px 0;
	}
	.sidebar {
		float: left;
		width: 320px;
	}
	.bar-wrapper {
		max-width: 1100px;
		margin: 0 auto;
	}
	.bar-wrapper.has-sidebar {
		max-width: 1430px;
	}
	.mainbar {
		margin: 0;
		padding-right: 1px;
	}
	.mainbar.has-sidebar {
		margin-left: 330px;
	}
	@media (min-width: 1511px) {
		.sidebar {
			width: 400px;
		}
		.bar-wrapper.has-sidebar {
			max-width: 1510px;
		}
		.mainbar.has-sidebar {
			margin-left: 410px;
		}
	}
	.section.first-section {
		margin-top: 9px;
	}
	.blocklink small {
		white-space: normal;
	}
	.button {
		vertical-align: middle;
	}
	.replay-controls {
		padding-top: 10px;
	}
	.replay-controls h1 {
		font-size: 16pt;
		font-weight: normal;
		color: #CCC;
	}
	.pagelink {
		text-align: center;
	}
	.pagelink a {
		width: 150px;
	}
	.textbox, .button {
		font-size: 11pt;
		vertical-align: middle;
	}
	@media (max-width: 450px) {
		.button {
			font-size: 9pt;
		}
	}
</style>

<div>

	<header>
		<div class="nav-wrapper"><ul class="nav">
			<li><a class="button nav-first" href="//pokemonshowdown.com/"><img src="//pokemonshowdown.com/images/pokemonshowdownbeta.png" srcset="//pokemonshowdown.com/images/pokemonshowdownbeta.png 1x, //pokemonshowdown.com/images/pokemonshowdownbeta@2x.png 2x" alt="Pok&eacute;mon Showdown" width="146" height="44" /> Home</a></li>
			<li><a class="button" href="//pokemonshowdown.com/dex/">Pok&eacute;dex</a></li>
			<li><a class="button cur" href="/">Replays</a></li>
			<li><a class="button" href="//pokemonshowdown.com/ladder/">Ladder</a></li>
			<li><a class="button nav-last" href="//pokemonshowdown.com/forums/">Forum</a></li>
			<li><a class="button greenbutton nav-first nav-last" href="//play.pokemonshowdown.com/">Play</a></li>
		</ul></div>
	</header>

	<div class="main" id="main">

		<noscript><section class="section">You need to enable JavaScript to use this page; sorry!</section></noscript>

	</div>

</div>

<script defer nomodule src="//play.pokemonshowdown.com/js/lib/ps-polyfill.js"></script>
<script defer src="//play.pokemonshowdown.com/js/lib/preact.min.js"></script>

<script defer src="//play.pokemonshowdown.com/config/config.js?6dec07f6"></script>
<script defer src="//play.pokemonshowdown.com/js/lib/jquery-1.11.0.min.js"></script>
<script defer src="//play.pokemonshowdown.com/js/lib/html-sanitizer-minified.js"></script>
<script defer src="//play.pokemonshowdown.com/js/battle-sound.js"></script>
<script defer src="//play.pokemonshowdown.com/js/battledata.js?0.6315294753075389"></script>
<script defer src="//play.pokemonshowdown.com/data/pokedex-mini.js?0.7603743185311358"></script>
<script defer src="//play.pokemonshowdown.com/data/pokedex-mini-bw.js?0.030888842834281283"></script>
<script defer src="//play.pokemonshowdown.com/data/graphics.js?0.05593094747507488"></script>
<script defer src="//play.pokemonshowdown.com/data/pokedex.js?0.47064822249611904"></script>
<script defer src="//play.pokemonshowdown.com/data/moves.js?0.8583693120512459"></script>
<script defer src="//play.pokemonshowdown.com/data/abilities.js?0.16017181182386842"></script>
<script defer src="//play.pokemonshowdown.com/data/items.js?0.4163379185673943"></script>
<script defer src="//play.pokemonshowdown.com/data/teambuilder-tables.js?0.31075597372830477"></script>
<script defer src="//play.pokemonshowdown.com/js/battle-tooltips.js?0.6536193500708172"></script>
<script defer src="//play.pokemonshowdown.com/js/battle.js?0.1916591943277901"></script>

<script defer src="js/utils.js?e31f9a17"></script>
<script defer src="js/replays-battle.js?7008c182"></script>

<!-- don't scrape this data! just add .json or .log after the URL!
Full API docs: https://github.com/smogon/pokemon-showdown-client/blob/master/WEB-API.md -->
<script type="text/plain" class="log" id="replaylog-smogtours-gen3ou-806104">
|inactive|Battle timer is ON: inactive players will automatically lose when time's up.
|t:|1731440507
|gametype|singles
|player|p1|Ooziegib|lucas|
|player|p2|monchooo|pryce-gen2|
|teamsize|p1|6
|teamsize|p2|6
|gen|3
|tier|[Gen 3] OU
|rule|Sleep Clause Mod: Limit one foe put to sleep
|rule|Switch Priority Clause Mod: Faster Pokémon switch first
|rule|Species Clause: Limit one of each Pokémon
|rule|OHKO Clause: OHKO moves are banned
|rule|Evasion Items Clause: Evasion items are banned
|rule|Evasion Moves Clause: Evasion moves are banned
|rule|Endless Battle Clause: Forcing endless battles is banned
|rule|HP Percentage Mod: HP is shown in percentages
|rule|One Boost Passer Clause: Limit one Baton Passer that has a way to boost its stats
|rule|Freeze Clause Mod: Limit one foe frozen
|
|t:|1731440507
|start
|switch|p1a: Zapdos|Zapdos|100/100
|switch|p2a: Salamence|Salamence, M|100/100
|-ability|p2a: Salamence|Intimidate|boost
|-unboost|p1a: Zapdos|atk|1
|turn|1
|c|☆monchooo|hf
|c|☆Ooziegib|u2
|inactive|monchooo has 270 seconds left.
|
|t:|1731440545
|move|p2a: Salamence|Dragon Claw|p1a: Zapdos
|-damage|p1a: Zapdos|71/100
|move|p1a: Zapdos|Toxic|p2a: Salamence
|-status|p2a: Salamence|tox
|
|-damage|p2a: Salamence|95/100 tox|[from] psn
|-heal|p1a: Zapdos|78/100|[from] item: Leftovers
|upkeep
|turn|2
|inactive|monchooo has 270 seconds left.
|
|t:|1731440578
|switch|p2a: Blissey|Blissey, F|100/100
|move|p1a: Zapdos|Substitute|p1a: Zapdos
|-start|p1a: Zapdos|Substitute
|-damage|p1a: Zapdos|53/100
|
|-heal|p1a: Zapdos|59/100|[from] item: Leftovers
|upkeep
|turn|3
|
|t:|1731440583
|move|p1a: Zapdos|Toxic|p2a: Blissey
|-status|p2a: Blissey|tox
|move|p2a: Blissey|Seismic Toss|p1a: Zapdos
|-end|p1a: Zapdos|Substitute
|
|-heal|p1a: Zapdos|65/100|[from] item: Leftovers
|-damage|p2a: Blissey|94/100 tox|[from] psn
|upkeep
|turn|4
|
|t:|1731440593
|move|p1a: Zapdos|Substitute|p1a: Zapdos
|-start|p1a: Zapdos|Substitute
|-damage|p1a: Zapdos|40/100
|move|p2a: Blissey|Seismic Toss|p1a: Zapdos
|-end|p1a: Zapdos|Substitute
|
|-heal|p1a: Zapdos|47/100|[from] item: Leftovers
|-heal|p2a: Blissey|100/100 tox|[from] item: Leftovers
|-damage|p2a: Blissey|88/100 tox|[from] psn
|upkeep
|turn|5
|
|t:|1731440598
|move|p1a: Zapdos|Substitute|p1a: Zapdos
|-start|p1a: Zapdos|Substitute
|-damage|p1a: Zapdos|22/100
|move|p2a: Blissey|Seismic Toss|p1a: Zapdos
|-end|p1a: Zapdos|Substitute
|
|-heal|p1a: Zapdos|28/100|[from] item: Leftovers
|-heal|p2a: Blissey|94/100 tox|[from] item: Leftovers
|-damage|p2a: Blissey|76/100 tox|[from] psn
|upkeep
|turn|6
|
|t:|1731440603
|-curestatus|p2a: Blissey|tox|[from] ability: Natural Cure
|switch|p2a: Tyranitar|Tyranitar, M|100/100
|-weather|Sandstorm|[from] ability: Sand Stream|[of] p2a: Tyranitar
|move|p1a: Zapdos|Rest|p1a: Zapdos
|-status|p1a: Zapdos|slp|[from] move: Rest
|-heal|p1a: Zapdos|100/100 slp|[silent]
|
|-weather|Sandstorm|[upkeep]
|-damage|p1a: Zapdos|94/100 slp|[from] Sandstorm
|-heal|p1a: Zapdos|100/100 slp|[from] item: Leftovers
|upkeep
|turn|7
|
|t:|1731440614
|switch|p1a: Suicune|Suicune|100/100
|switch|p2a: Blissey|Blissey, F|76/100
|
|-weather|Sandstorm|[upkeep]
|-damage|p1a: Suicune|94/100|[from] Sandstorm
|-damage|p2a: Blissey|70/100|[from] Sandstorm
|-heal|p1a: Suicune|100/100|[from] item: Leftovers
|-heal|p2a: Blissey|76/100|[from] item: Leftovers
|upkeep
|turn|8
|
|t:|1731440624
|switch|p1a: Blissey|Blissey, F|100/100
|move|p2a: Blissey|Thunder Wave|p1a: Blissey
|-status|p1a: Blissey|par
|
|-weather|Sandstorm|[upkeep]
|-damage|p2a: Blissey|70/100|[from] Sandstorm
|-damage|p1a: Blissey|94/100 par|[from] Sandstorm
|-heal|p2a: Blissey|76/100|[from] item: Leftovers
|-heal|p1a: Blissey|100/100 par|[from] item: Leftovers
|upkeep
|turn|9
|
|t:|1731440636
|move|p2a: Blissey|Seismic Toss|p1a: Blissey
|-damage|p1a: Blissey|86/100 par
|move|p1a: Blissey|Thunder Wave|p2a: Blissey
|-status|p2a: Blissey|par
|
|-weather|Sandstorm|[upkeep]
|-damage|p1a: Blissey|80/100 par|[from] Sandstorm
|-damage|p2a: Blissey|70/100 par|[from] Sandstorm
|-heal|p1a: Blissey|86/100 par|[from] item: Leftovers
|-heal|p2a: Blissey|76/100 par|[from] item: Leftovers
|upkeep
|turn|10
|
|t:|1731440643
|-curestatus|p2a: Blissey|par|[from] ability: Natural Cure
|switch|p2a: Forretress|Forretress, M|100/100
|move|p1a: Blissey|Aromatherapy|p1a: Blissey
|-cureteam|p1a: Blissey|[from] move: Aromatherapy
|
|-weather|Sandstorm|[upkeep]
|-damage|p1a: Blissey|80/100|[from] Sandstorm
|-heal|p1a: Blissey|86/100|[from] item: Leftovers
|upkeep
|turn|11
|
|t:|1731440652
|switch|p1a: Zapdos|Zapdos|100/100
|move|p2a: Forretress|Spikes|p1a: Zapdos
|-sidestart|p1: Ooziegib|Spikes
|
|-weather|Sandstorm|[upkeep]
|-damage|p1a: Zapdos|94/100|[from] Sandstorm
|-heal|p1a: Zapdos|100/100|[from] item: Leftovers
|upkeep
|turn|12
|
|t:|1731440662
|switch|p2a: Jirachi|Jirachi|100/100
|move|p1a: Zapdos|Substitute|p1a: Zapdos
|-start|p1a: Zapdos|Substitute
|-damage|p1a: Zapdos|76/100
|
|-weather|Sandstorm|[upkeep]
|-damage|p1a: Zapdos|70/100|[from] Sandstorm
|-heal|p1a: Zapdos|76/100|[from] item: Leftovers
|upkeep
|turn|13
|inactive|monchooo has 270 seconds left.
|
|t:|1731440704
|switch|p2a: Blissey|Blissey, F|76/100
|move|p1a: Zapdos|Thunderbolt|p2a: Blissey
|-damage|p2a: Blissey|62/100
|
|-weather|Sandstorm|[upkeep]
|-damage|p1a: Zapdos|70/100|[from] Sandstorm
|-damage|p2a: Blissey|56/100|[from] Sandstorm
|-heal|p1a: Zapdos|76/100|[from] item: Leftovers
|-heal|p2a: Blissey|62/100|[from] item: Leftovers
|upkeep
|turn|14
|
|t:|1731440720
|move|p1a: Zapdos|Toxic|p2a: Blissey
|-status|p2a: Blissey|tox
|move|p2a: Blissey|Soft-Boiled|p2a: Blissey
|-heal|p2a: Blissey|100/100 tox
|
|-weather|Sandstorm|[upkeep]
|-damage|p1a: Zapdos|70/100|[from] Sandstorm
|-damage|p2a: Blissey|94/100 tox|[from] Sandstorm
|-heal|p1a: Zapdos|76/100|[from] item: Leftovers
|-heal|p2a: Blissey|100/100 tox|[from] item: Leftovers
|-damage|p2a: Blissey|94/100 tox|[from] psn
|upkeep
|turn|15
|inactive|monchooo has 240 seconds left.
|
|t:|1731440772
|-curestatus|p2a: Blissey|tox|[from] ability: Natural Cure
|switch|p2a: Jirachi|Jirachi|100/100
|move|p1a: Zapdos|Thunderbolt|p2a: Jirachi
|-damage|p2a: Jirachi|65/100
|
|-weather|Sandstorm|[upkeep]
|-damage|p1a: Zapdos|70/100|[from] Sandstorm
|-heal|p1a: Zapdos|76/100|[from] item: Leftovers
|-heal|p2a: Jirachi|71/100|[from] item: Leftovers
|upkeep
|turn|16
|
|t:|1731440780
|move|p2a: Jirachi|Protect|p2a: Jirachi
|-singleturn|p2a: Jirachi|Protect
|move|p1a: Zapdos|Thunderbolt|p2a: Jirachi
|-activate|p2a: Jirachi|Protect
|
|-weather|Sandstorm|[upkeep]
|-damage|p1a: Zapdos|70/100|[from] Sandstorm
|-heal|p1a: Zapdos|76/100|[from] item: Leftovers
|-heal|p2a: Jirachi|77/100|[from] item: Leftovers
|upkeep
|turn|17
|
|t:|1731440786
|switch|p2a: Blissey|Blissey, F|94/100
|move|p1a: Zapdos|Thunderbolt|p2a: Blissey
|-damage|p2a: Blissey|80/100
|
|-weather|Sandstorm|[upkeep]
|-damage|p1a: Zapdos|70/100|[from] Sandstorm
|-damage|p2a: Blissey|74/100|[from] Sandstorm
|-heal|p1a: Zapdos|76/100|[from] item: Leftovers
|-heal|p2a: Blissey|80/100|[from] item: Leftovers
|upkeep
|turn|18
|
|t:|1731440794
|switch|p2a: Jirachi|Jirachi|77/100
|move|p1a: Zapdos|Toxic|p2a: Jirachi
|-immune|p2a: Jirachi
|
|-weather|Sandstorm|[upkeep]
|-damage|p1a: Zapdos|70/100|[from] Sandstorm
|-heal|p1a: Zapdos|76/100|[from] item: Leftovers
|-heal|p2a: Jirachi|83/100|[from] item: Leftovers
|upkeep
|turn|19
|inactive|monchooo has 240 seconds left.
|inactive|monchooo has 210 seconds left.
|
|t:|1731440830
|switch|p2a: Blissey|Blissey, F|80/100
|move|p1a: Zapdos|Thunderbolt|p2a: Blissey
|-damage|p2a: Blissey|64/100
|
|-weather|Sandstorm|[upkeep]
|-damage|p1a: Zapdos|70/100|[from] Sandstorm
|-damage|p2a: Blissey|58/100|[from] Sandstorm
|-heal|p1a: Zapdos|76/100|[from] item: Leftovers
|-heal|p2a: Blissey|64/100|[from] item: Leftovers
|upkeep
|turn|20
|
|t:|1731440856
|move|p1a: Zapdos|Toxic|p2a: Blissey
|-status|p2a: Blissey|tox
|move|p2a: Blissey|Soft-Boiled|p2a: Blissey
|-heal|p2a: Blissey|100/100 tox
|
|-weather|Sandstorm|[upkeep]
|-damage|p1a: Zapdos|70/100|[from] Sandstorm
|-damage|p2a: Blissey|94/100 tox|[from] Sandstorm
|-heal|p1a: Zapdos|76/100|[from] item: Leftovers
|-heal|p2a: Blissey|100/100 tox|[from] item: Leftovers
|-damage|p2a: Blissey|94/100 tox|[from] psn
|upkeep
|turn|21
|
|t:|1731440862
|-curestatus|p2a: Blissey|tox|[from] ability: Natural Cure
|switch|p2a: Jirachi|Jirachi|83/100
|move|p1a: Zapdos|Thunderbolt|p2a: Jirachi
|-damage|p2a: Jirachi|47/100
|
|-weather|Sandstorm|[upkeep]
|-damage|p1a: Zapdos|70/100|[from] Sandstorm
|-heal|p1a: Zapdos|76/100|[from] item: Leftovers
|-heal|p2a: Jirachi|53/100|[from] item: Leftovers
|upkeep
|turn|22
|
|t:|1731440873
|move|p1a: Zapdos|Thunderbolt|p2a: Jirachi
|-damage|p2a: Jirachi|17/100
|move|p2a: Jirachi|Wish|p2a: Jirachi
|
|-weather|Sandstorm|[upkeep]
|-damage|p1a: Zapdos|70/100|[from] Sandstorm
|-heal|p1a: Zapdos|76/100|[from] item: Leftovers
|-heal|p2a: Jirachi|23/100|[from] item: Leftovers
|upkeep
|turn|23
|
|t:|1731440877
|switch|p1a: Dugtrio|Dugtrio, F|100/100
|-damage|p1a: Dugtrio|88/100|[from] Spikes
|move|p2a: Jirachi|Protect||[still]
|-fail|p2a: Jirachi
|
|-heal|p2a: Jirachi|73/100|[from] move: Wish|[wisher] Jirachi
|-weather|Sandstorm|[upkeep]
|-heal|p2a: Jirachi|79/100|[from] item: Leftovers
|upkeep
|turn|24
|inactive|monchooo has 240 seconds left.
|
|t:|1731440893
|move|p2a: Jirachi|Protect|p2a: Jirachi
|-singleturn|p2a: Jirachi|Protect
|move|p1a: Dugtrio|Earthquake|p2a: Jirachi
|-activate|p2a: Jirachi|Protect
|
|-weather|Sandstorm|[upkeep]
|-heal|p2a: Jirachi|85/100|[from] item: Leftovers
|upkeep
|turn|25
|
|t:|1731440909
|move|p1a: Dugtrio|Earthquake|p2a: Jirachi
|-supereffective|p2a: Jirachi
|-crit|p2a: Jirachi
|-damage|p2a: Jirachi|0 fnt
|faint|p2a: Jirachi
|inactive|monchooo has 210 seconds left.
|
|t:|1731440930
|switch|p2a: Aerodactyl|Aerodactyl, F|100/100
|
|-weather|Sandstorm|[upkeep]
|upkeep
|turn|26
|
|t:|1731440937
|switch|p1a: Skarmory|Skarmory, M|100/100
|move|p2a: Aerodactyl|Double-Edge|p1a: Skarmory
|-resisted|p1a: Skarmory
|-crit|p1a: Skarmory
|-damage|p1a: Skarmory|61/100
|
|-weather|Sandstorm|[upkeep]
|-heal|p1a: Skarmory|67/100|[from] item: Leftovers
|upkeep
|turn|27
|
|t:|1731440951
|switch|p2a: Forretress|Forretress, M|100/100
|move|p1a: Skarmory|Spikes|p2a: Forretress
|-sidestart|p2: monchooo|Spikes
|
|-weather|Sandstorm|[upkeep]
|-heal|p1a: Skarmory|73/100|[from] item: Leftovers
|upkeep
|turn|28
|
|t:|1731440954
|switch|p1a: Zapdos|Zapdos|76/100
|move|p2a: Forretress|Rapid Spin|p1a: Zapdos
|-damage|p1a: Zapdos|71/100
|-sideend|p2: monchooo|Spikes|[from] move: Rapid Spin|[of] p2a: Forretress
|
|-weather|Sandstorm|[upkeep]
|-damage|p1a: Zapdos|65/100|[from] Sandstorm
|-heal|p1a: Zapdos|71/100|[from] item: Leftovers
|upkeep
|turn|29
|inactive|monchooo has 240 seconds left.
|
|t:|1731440970
|move|p1a: Zapdos|Substitute|p1a: Zapdos
|-start|p1a: Zapdos|Substitute
|-damage|p1a: Zapdos|47/100
|move|p2a: Forretress|Spikes|p1a: Zapdos
|-sidestart|p1: Ooziegib|Spikes
|
|-weather|Sandstorm|[upkeep]
|-damage|p1a: Zapdos|40/100|[from] Sandstorm
|-heal|p1a: Zapdos|47/100|[from] item: Leftovers
|upkeep
|turn|30
|
|t:|1731440974
|switch|p2a: Blissey|Blissey, F|94/100
|move|p1a: Zapdos|Thunderbolt|p2a: Blissey
|-damage|p2a: Blissey|80/100
|
|-weather|Sandstorm|[upkeep]
|-damage|p1a: Zapdos|40/100|[from] Sandstorm
|-damage|p2a: Blissey|74/100|[from] Sandstorm
|-heal|p1a: Zapdos|47/100|[from] item: Leftovers
|-heal|p2a: Blissey|80/100|[from] item: Leftovers
|upkeep
|turn|31
|
|t:|1731440977
|move|p1a: Zapdos|Toxic|p2a: Blissey
|-status|p2a: Blissey|tox
|move|p2a: Blissey|Seismic Toss|p1a: Zapdos
|-end|p1a: Zapdos|Substitute
|
|-weather|Sandstorm|[upkeep]
|-damage|p1a: Zapdos|40/100|[from] Sandstorm
|-damage|p2a: Blissey|74/100 tox|[from] Sandstorm
|-heal|p1a: Zapdos|47/100|[from] item: Leftovers
|-heal|p2a: Blissey|80/100 tox|[from] item: Leftovers
|-damage|p2a: Blissey|74/100 tox|[from] psn
|upkeep
|turn|32
|
|t:|1731440982
|-curestatus|p2a: Blissey|tox|[from] ability: Natural Cure
|switch|p2a: Tyranitar|Tyranitar, M|100/100
|move|p1a: Zapdos|Substitute|p1a: Zapdos
|-start|p1a: Zapdos|Substitute
|-damage|p1a: Zapdos|22/100
|
|-weather|Sandstorm|[upkeep]
|-damage|p1a: Zapdos|16/100|[from] Sandstorm
|-heal|p1a: Zapdos|22/100|[from] item: Leftovers
|upkeep
|turn|33
|
|t:|1731440985
|move|p1a: Zapdos|Toxic|p2a: Tyranitar
|-status|p2a: Tyranitar|tox
|move|p2a: Tyranitar|Crunch|p1a: Zapdos
|-end|p1a: Zapdos|Substitute
|
|-weather|Sandstorm|[upkeep]
|-damage|p1a: Zapdos|16/100|[from] Sandstorm
|-heal|p1a: Zapdos|22/100|[from] item: Leftovers
|-damage|p2a: Tyranitar|94/100 tox|[from] psn
|upkeep
|turn|34
|
|t:|1731440995
|switch|p2a: Aerodactyl|Aerodactyl, F|100/100
|move|p1a: Zapdos|Rest|p1a: Zapdos
|-status|p1a: Zapdos|slp|[from] move: Rest
|-heal|p1a: Zapdos|100/100 slp|[silent]
|
|-weather|Sandstorm|[upkeep]
|-damage|p1a: Zapdos|94/100 slp|[from] Sandstorm
|-heal|p1a: Zapdos|100/100 slp|[from] item: Leftovers
|upkeep
|turn|35
|
|t:|1731441001
|switch|p1a: Claydol|Claydol|100/100
|move|p2a: Aerodactyl|Rock Slide|p1a: Claydol
|-resisted|p1a: Claydol
|-damage|p1a: Claydol|75/100
|
|-weather|Sandstorm|[upkeep]
|-heal|p1a: Claydol|81/100|[from] item: Leftovers
|upkeep
|turn|36
|
|t:|1731441005
|move|p2a: Aerodactyl|Rock Slide|p1a: Claydol
|-resisted|p1a: Claydol
|-crit|p1a: Claydol
|-damage|p1a: Claydol|35/100
|move|p1a: Claydol|Rapid Spin|p2a: Aerodactyl
|-resisted|p2a: Aerodactyl
|-damage|p2a: Aerodactyl|97/100
|-sideend|p1: Ooziegib|Spikes|[from] move: Rapid Spin|[of] p1a: Claydol
|
|-weather|Sandstorm|[upkeep]
|-heal|p1a: Claydol|41/100|[from] item: Leftovers
|upkeep
|turn|37
|
|t:|1731441014
|switch|p1a: Suicune|Suicune|100/100
|move|p2a: Aerodactyl|Rock Slide|p1a: Suicune
|-damage|p1a: Suicune|73/100
|
|-weather|Sandstorm|[upkeep]
|-damage|p1a: Suicune|66/100|[from] Sandstorm
|-heal|p1a: Suicune|73/100|[from] item: Leftovers
|upkeep
|turn|38
|
|t:|1731441019
|switch|p2a: Blissey|Blissey, F|74/100
|move|p1a: Suicune|Surf|p2a: Blissey
|-damage|p2a: Blissey|62/100
|
|-weather|Sandstorm|[upkeep]
|-damage|p1a: Suicune|66/100|[from] Sandstorm
|-damage|p2a: Blissey|56/100|[from] Sandstorm
|-heal|p1a: Suicune|73/100|[from] item: Leftovers
|-heal|p2a: Blissey|62/100|[from] item: Leftovers
|upkeep
|turn|39
|
|t:|1731441024
|switch|p1a: Blissey|Blissey, F|86/100
|move|p2a: Blissey|Soft-Boiled|p2a: Blissey
|-heal|p2a: Blissey|100/100
|
|-weather|Sandstorm|[upkeep]
|-damage|p1a: Blissey|80/100|[from] Sandstorm
|-damage|p2a: Blissey|94/100|[from] Sandstorm
|-heal|p1a: Blissey|86/100|[from] item: Leftovers
|-heal|p2a: Blissey|100/100|[from] item: Leftovers
|upkeep
|turn|40
|
|t:|1731441029
|switch|p2a: Aerodactyl|Aerodactyl, F|97/100
|move|p1a: Blissey|Aromatherapy|p1a: Blissey
|-cureteam|p1a: Blissey|[from] move: Aromatherapy
|
|-weather|Sandstorm|[upkeep]
|-damage|p1a: Blissey|80/100|[from] Sandstorm
|-heal|p1a: Blissey|86/100|[from] item: Leftovers
|upkeep
|turn|41
|
|t:|1731441034
|move|p2a: Aerodactyl|Rock Slide|p1a: Blissey
|-damage|p1a: Blissey|42/100
|cant|p1a: Blissey|flinch
|
|-weather|Sandstorm|[upkeep]
|-damage|p1a: Blissey|36/100|[from] Sandstorm
|-heal|p1a: Blissey|42/100|[from] item: Leftovers
|upkeep
|turn|42
|
|t:|1731441043
|switch|p1a: Suicune|Suicune|73/100
|move|p2a: Aerodactyl|Rock Slide|p1a: Suicune|[miss]
|-miss|p2a: Aerodactyl|p1a: Suicune
|
|-weather|Sandstorm|[upkeep]
|-damage|p1a: Suicune|66/100|[from] Sandstorm
|-heal|p1a: Suicune|73/100|[from] item: Leftovers
|upkeep
|turn|43
|
|t:|1731441052
|switch|p2a: Blissey|Blissey, F|100/100
|move|p1a: Suicune|Surf|p2a: Blissey
|-damage|p2a: Blissey|89/100
|
|-weather|Sandstorm|[upkeep]
|-damage|p1a: Suicune|66/100|[from] Sandstorm
|-damage|p2a: Blissey|82/100|[from] Sandstorm
|-heal|p1a: Suicune|73/100|[from] item: Leftovers
|-heal|p2a: Blissey|89/100|[from] item: Leftovers
|upkeep
|turn|44
|
|t:|1731441065
|move|p1a: Suicune|Calm Mind|p1a: Suicune
|-boost|p1a: Suicune|spa|1
|-boost|p1a: Suicune|spd|1
|move|p2a: Blissey|Thunder Wave|p1a: Suicune
|-status|p1a: Suicune|par
|
|-weather|Sandstorm|[upkeep]
|-damage|p2a: Blissey|82/100|[from] Sandstorm
|-damage|p1a: Suicune|66/100 par|[from] Sandstorm
|-heal|p2a: Blissey|89/100|[from] item: Leftovers
|-heal|p1a: Suicune|73/100 par|[from] item: Leftovers
|upkeep
|turn|45
|
|t:|1731441068
|move|p2a: Blissey|Seismic Toss|p1a: Suicune
|-damage|p1a: Suicune|48/100 par
|move|p1a: Suicune|Rest|p1a: Suicune
|-status|p1a: Suicune|slp|[from] move: Rest
|-heal|p1a: Suicune|100/100 slp|[silent]
|
|-weather|Sandstorm|[upkeep]
|-damage|p1a: Suicune|94/100 slp|[from] Sandstorm
|-damage|p2a: Blissey|82/100|[from] Sandstorm
|-heal|p1a: Suicune|100/100 slp|[from] item: Leftovers
|-heal|p2a: Blissey|89/100|[from] item: Leftovers
|upkeep
|turn|46
|
|t:|1731441074
|cant|p1a: Suicune|slp
|move|p2a: Blissey|Seismic Toss|p1a: Suicune
|-damage|p1a: Suicune|76/100 slp
|
|-weather|Sandstorm|[upkeep]
|-damage|p1a: Suicune|70/100 slp|[from] Sandstorm
|-damage|p2a: Blissey|82/100|[from] Sandstorm
|-heal|p1a: Suicune|76/100 slp|[from] item: Leftovers
|-heal|p2a: Blissey|89/100|[from] item: Leftovers
|upkeep
|turn|47
|
|t:|1731441077
|cant|p1a: Suicune|slp
|move|p2a: Blissey|Seismic Toss|p1a: Suicune
|-damage|p1a: Suicune|51/100 slp
|
|-weather|Sandstorm|[upkeep]
|-damage|p1a: Suicune|45/100 slp|[from] Sandstorm
|-damage|p2a: Blissey|82/100|[from] Sandstorm
|-heal|p1a: Suicune|51/100 slp|[from] item: Leftovers
|-heal|p2a: Blissey|89/100|[from] item: Leftovers
|upkeep
|turn|48
|
|t:|1731441083
|-curestatus|p1a: Suicune|slp|[msg]
|move|p1a: Suicune|Rest|p1a: Suicune
|-status|p1a: Suicune|slp|[from] move: Rest
|-heal|p1a: Suicune|100/100 slp|[silent]
|move|p2a: Blissey|Seismic Toss|p1a: Suicune
|-damage|p1a: Suicune|76/100 slp
|
|-weather|Sandstorm|[upkeep]
|-damage|p1a: Suicune|70/100 slp|[from] Sandstorm
|-damage|p2a: Blissey|82/100|[from] Sandstorm
|-heal|p1a: Suicune|76/100 slp|[from] item: Leftovers
|-heal|p2a: Blissey|89/100|[from] item: Leftovers
|upkeep
|turn|49
|
|t:|1731441093
|switch|p2a: Tyranitar|Tyranitar, M|94/100 tox
|cant|p1a: Suicune|slp
|
|-weather|Sandstorm|[upkeep]
|-damage|p1a: Suicune|70/100 slp|[from] Sandstorm
|-heal|p1a: Suicune|76/100 slp|[from] item: Leftovers
|-heal|p2a: Tyranitar|100/100 tox|[from] item: Leftovers
|-damage|p2a: Tyranitar|94/100 tox|[from] psn
|upkeep
|turn|50
|
|t:|1731441096
|cant|p1a: Suicune|slp
|move|p2a: Tyranitar|Roar|p1a: Suicune
|drag|p1a: Claydol|Claydol|41/100
|
|-weather|Sandstorm|[upkeep]
|-heal|p1a: Claydol|47/100|[from] item: Leftovers
|-heal|p2a: Tyranitar|100/100 tox|[from] item: Leftovers
|-damage|p2a: Tyranitar|88/100 tox|[from] psn
|upkeep
|turn|51
|
|t:|1731441103
|move|p1a: Claydol|Earthquake|p2a: Tyranitar
|-supereffective|p2a: Tyranitar
|-damage|p2a: Tyranitar|42/100 tox
|move|p2a: Tyranitar|Pursuit|p1a: Claydol
|-supereffective|p1a: Claydol
|-damage|p1a: Claydol|17/100
|
|-weather|Sandstorm|[upkeep]
|-heal|p1a: Claydol|24/100|[from] item: Leftovers
|-heal|p2a: Tyranitar|48/100 tox|[from] item: Leftovers
|-damage|p2a: Tyranitar|30/100 tox|[from] psn
|upkeep
|turn|52
|
|t:|1731441109
|switch|p2a: Aerodactyl|Aerodactyl, F|97/100
|move|p1a: Claydol|Earthquake|p2a: Aerodactyl
|-immune|p2a: Aerodactyl
|
|-weather|Sandstorm|[upkeep]
|-heal|p1a: Claydol|30/100|[from] item: Leftovers
|upkeep
|turn|53
|
|t:|1731441115
|switch|p1a: Skarmory|Skarmory, M|73/100
|move|p2a: Aerodactyl|Rock Slide|p1a: Skarmory
|-damage|p1a: Skarmory|36/100
|
|-weather|Sandstorm|[upkeep]
|-heal|p1a: Skarmory|42/100|[from] item: Leftovers
|upkeep
|turn|54
|
|t:|1731441118
|move|p1a: Skarmory|Protect|p1a: Skarmory
|-singleturn|p1a: Skarmory|Protect
|move|p2a: Aerodactyl|Rock Slide|p1a: Skarmory|[miss]
|-miss|p2a: Aerodactyl|p1a: Skarmory
|
|-weather|Sandstorm|[upkeep]
|-heal|p1a: Skarmory|48/100|[from] item: Leftovers
|upkeep
|turn|55
|
|t:|1731441123
|move|p2a: Aerodactyl|Rock Slide|p1a: Skarmory
|-damage|p1a: Skarmory|8/100
|cant|p1a: Skarmory|flinch
|
|-weather|Sandstorm|[upkeep]
|-heal|p1a: Skarmory|14/100|[from] item: Leftovers
|upkeep
|turn|56
|
|t:|1731441126
|move|p1a: Skarmory|Protect|p1a: Skarmory
|-singleturn|p1a: Skarmory|Protect
|move|p2a: Aerodactyl|Rock Slide|p1a: Skarmory|[miss]
|-miss|p2a: Aerodactyl|p1a: Skarmory
|
|-weather|Sandstorm|[upkeep]
|-heal|p1a: Skarmory|20/100|[from] item: Leftovers
|upkeep
|turn|57
|inactive|Ooziegib has 270 seconds left.
|
|t:|1731441169
|move|p1a: Skarmory|Protect|p1a: Skarmory
|-singleturn|p1a: Skarmory|Protect
|move|p2a: Aerodactyl|Rock Slide|p1a: Skarmory
|-activate|p1a: Skarmory|Protect
|
|-weather|Sandstorm|[upkeep]
|-heal|p1a: Skarmory|26/100|[from] item: Leftovers
|upkeep
|turn|58
|
|t:|1731441182
|move|p1a: Skarmory|Protect||[still]
|-fail|p1a: Skarmory
|move|p2a: Aerodactyl|Rock Slide|p1a: Skarmory|[miss]
|-miss|p2a: Aerodactyl|p1a: Skarmory
|
|-weather|Sandstorm|[upkeep]
|-heal|p1a: Skarmory|32/100|[from] item: Leftovers
|upkeep
|turn|59
|
|t:|1731441185
|switch|p2a: Forretress|Forretress, M|100/100
|move|p1a: Skarmory|Protect||[still]
|-fail|p1a: Skarmory
|
|-weather|Sandstorm|[upkeep]
|-heal|p1a: Skarmory|38/100|[from] item: Leftovers
|upkeep
|turn|60
|
|t:|1731441192
|switch|p1a: Zapdos|Zapdos|100/100
|move|p2a: Forretress|Spikes|p1a: Zapdos
|-sidestart|p1: Ooziegib|Spikes
|
|-weather|Sandstorm|[upkeep]
|-damage|p1a: Zapdos|94/100|[from] Sandstorm
|-heal|p1a: Zapdos|100/100|[from] item: Leftovers
|upkeep
|turn|61
|
|t:|1731441197
|switch|p2a: Blissey|Blissey, F|89/100
|move|p1a: Zapdos|Substitute|p1a: Zapdos
|-start|p1a: Zapdos|Substitute
|-damage|p1a: Zapdos|76/100
|
|-weather|Sandstorm|[upkeep]
|-damage|p1a: Zapdos|70/100|[from] Sandstorm
|-damage|p2a: Blissey|82/100|[from] Sandstorm
|-heal|p1a: Zapdos|76/100|[from] item: Leftovers
|-heal|p2a: Blissey|89/100|[from] item: Leftovers
|upkeep
|turn|62
|
|t:|1731441199
|move|p1a: Zapdos|Toxic|p2a: Blissey
|-status|p2a: Blissey|tox
|move|p2a: Blissey|Seismic Toss|p1a: Zapdos
|-end|p1a: Zapdos|Substitute
|
|-weather|Sandstorm|[upkeep]
|-damage|p1a: Zapdos|70/100|[from] Sandstorm
|-damage|p2a: Blissey|82/100 tox|[from] Sandstorm
|-heal|p1a: Zapdos|76/100|[from] item: Leftovers
|-heal|p2a: Blissey|89/100 tox|[from] item: Leftovers
|-damage|p2a: Blissey|82/100 tox|[from] psn
|upkeep
|turn|63
|
|t:|1731441217
|switch|p1a: Suicune|Suicune|76/100 slp
|-damage|p1a: Suicune|63/100 slp|[from] Spikes
|move|p2a: Blissey|Seismic Toss|p1a: Suicune
|-damage|p1a: Suicune|39/100 slp
|
|-weather|Sandstorm|[upkeep]
|-damage|p1a: Suicune|32/100 slp|[from] Sandstorm
|-damage|p2a: Blissey|76/100 tox|[from] Sandstorm
|-heal|p1a: Suicune|39/100 slp|[from] item: Leftovers
|-heal|p2a: Blissey|82/100 tox|[from] item: Leftovers
|-damage|p2a: Blissey|70/100 tox|[from] psn
|upkeep
|turn|64
|
|t:|1731441225
|-curestatus|p2a: Blissey|tox|[from] ability: Natural Cure
|switch|p2a: Forretress|Forretress, M|100/100
|-curestatus|p1a: Suicune|slp|[msg]
|move|p1a: Suicune|Rest|p1a: Suicune
|-status|p1a: Suicune|slp|[from] move: Rest
|-heal|p1a: Suicune|100/100 slp|[silent]
|
|-weather|Sandstorm|[upkeep]
|-damage|p1a: Suicune|94/100 slp|[from] Sandstorm
|-heal|p1a: Suicune|100/100 slp|[from] item: Leftovers
|upkeep
|turn|65
|
|t:|1731441246
|cant|p1a: Suicune|slp
|move|p2a: Forretress|Spikes|p1a: Suicune
|-sidestart|p1: Ooziegib|Spikes
|
|-weather|Sandstorm|[upkeep]
|-damage|p1a: Suicune|94/100 slp|[from] Sandstorm
|-heal|p1a: Suicune|100/100 slp|[from] item: Leftovers
|upkeep
|turn|66
|
|t:|1731441253
|switch|p2a: Blissey|Blissey, F|70/100
|cant|p1a: Suicune|slp
|
|-weather|Sandstorm|[upkeep]
|-damage|p1a: Suicune|94/100 slp|[from] Sandstorm
|-damage|p2a: Blissey|64/100|[from] Sandstorm
|-heal|p1a: Suicune|100/100 slp|[from] item: Leftovers
|-heal|p2a: Blissey|70/100|[from] item: Leftovers
|upkeep
|turn|67
|
|t:|1731441259
|-curestatus|p1a: Suicune|slp|[msg]
|move|p1a: Suicune|Calm Mind|p1a: Suicune
|-boost|p1a: Suicune|spa|1
|-boost|p1a: Suicune|spd|1
|move|p2a: Blissey|Seismic Toss|p1a: Suicune
|-damage|p1a: Suicune|76/100
|
|-weather|Sandstorm|[upkeep]
|-damage|p1a: Suicune|70/100|[from] Sandstorm
|-damage|p2a: Blissey|64/100|[from] Sandstorm
|-heal|p1a: Suicune|76/100|[from] item: Leftovers
|-heal|p2a: Blissey|70/100|[from] item: Leftovers
|upkeep
|turn|68
|
|t:|1731441267
|move|p2a: Blissey|Thunder Wave|p1a: Suicune
|-status|p1a: Suicune|par
|move|p1a: Suicune|Roar|p2a: Blissey
|drag|p2a: Salamence|Salamence, M|95/100 tox
|-ability|p2a: Salamence|Intimidate|boost
|-unboost|p1a: Suicune|atk|1
|
|-weather|Sandstorm|[upkeep]
|-damage|p2a: Salamence|89/100 tox|[from] Sandstorm
|-damage|p1a: Suicune|70/100 par|[from] Sandstorm
|-heal|p2a: Salamence|95/100 tox|[from] item: Leftovers
|-damage|p2a: Salamence|89/100 tox|[from] psn
|-heal|p1a: Suicune|76/100 par|[from] item: Leftovers
|upkeep
|turn|69
|
|t:|1731441274
|move|p1a: Suicune|Rest|p1a: Suicune
|-status|p1a: Suicune|slp|[from] move: Rest
|-heal|p1a: Suicune|100/100 slp|[silent]
|move|p2a: Salamence|Roar|p1a: Suicune
|drag|p1a: Blissey|Blissey, F|42/100
|-damage|p1a: Blissey|26/100|[from] Spikes
|
|-weather|Sandstorm|[upkeep]
|-damage|p2a: Salamence|83/100 tox|[from] Sandstorm
|-damage|p1a: Blissey|19/100|[from] Sandstorm
|-heal|p2a: Salamence|89/100 tox|[from] item: Leftovers
|-damage|p2a: Salamence|77/100 tox|[from] psn
|-heal|p1a: Blissey|26/100|[from] item: Leftovers
|upkeep
|turn|70
|
|t:|1731441286
|switch|p1a: Skarmory|Skarmory, M|38/100
|move|p2a: Salamence|Brick Break|p1a: Skarmory
|-damage|p1a: Skarmory|22/100
|
|-weather|Sandstorm|[upkeep]
|-damage|p2a: Salamence|71/100 tox|[from] Sandstorm
|-heal|p2a: Salamence|77/100 tox|[from] item: Leftovers
|-damage|p2a: Salamence|59/100 tox|[from] psn
|-heal|p1a: Skarmory|28/100|[from] item: Leftovers
|upkeep
|turn|71
|
|t:|1731441296
|switch|p2a: Blissey|Blissey, F|70/100
|move|p1a: Skarmory|Protect||[still]
|-fail|p1a: Skarmory
|
|-weather|Sandstorm|[upkeep]
|-damage|p2a: Blissey|64/100|[from] Sandstorm
|-heal|p1a: Skarmory|34/100|[from] item: Leftovers
|-heal|p2a: Blissey|70/100|[from] item: Leftovers
|upkeep
|turn|72
|
|t:|1731441303
|move|p1a: Skarmory|Spikes|p2a: Blissey
|-sidestart|p2: monchooo|Spikes
|move|p2a: Blissey|Soft-Boiled|p2a: Blissey
|-heal|p2a: Blissey|100/100
|
|-weather|Sandstorm|[upkeep]
|-damage|p2a: Blissey|94/100|[from] Sandstorm
|-heal|p1a: Skarmory|40/100|[from] item: Leftovers
|-heal|p2a: Blissey|100/100|[from] item: Leftovers
|upkeep
|turn|73
|
|t:|1731441311
|move|p2a: Blissey|Thunder Wave|p1a: Skarmory
|-status|p1a: Skarmory|par
|cant|p1a: Skarmory|par
|
|-weather|Sandstorm|[upkeep]
|-damage|p2a: Blissey|94/100|[from] Sandstorm
|-heal|p2a: Blissey|100/100|[from] item: Leftovers
|-heal|p1a: Skarmory|46/100 par|[from] item: Leftovers
|upkeep
|turn|74
|
|t:|1731441333
|move|p2a: Blissey|Seismic Toss|p1a: Skarmory
|-damage|p1a: Skarmory|16/100 par
|move|p1a: Skarmory|Roar|p2a: Blissey
|drag|p2a: Forretress|Forretress, M|100/100
|-damage|p2a: Forretress|88/100|[from] Spikes
|
|-weather|Sandstorm|[upkeep]
|-heal|p2a: Forretress|94/100|[from] item: Leftovers
|-heal|p1a: Skarmory|22/100 par|[from] item: Leftovers
|upkeep
|turn|75
|
|t:|1731441354
|switch|p1a: Blissey|Blissey, F|26/100
|-damage|p1a: Blissey|9/100|[from] Spikes
|move|p2a: Forretress|Earthquake|p1a: Blissey
|-damage|p1a: Blissey|0 fnt
|faint|p1a: Blissey
|
|t:|1731441363
|switch|p1a: Suicune|Suicune|100/100 slp
|-damage|p1a: Suicune|84/100 slp|[from] Spikes
|
|-weather|Sandstorm|[upkeep]
|-damage|p1a: Suicune|78/100 slp|[from] Sandstorm
|-heal|p1a: Suicune|84/100 slp|[from] item: Leftovers
|-heal|p2a: Forretress|100/100|[from] item: Leftovers
|upkeep
|turn|76
|inactive|monchooo has 270 seconds left.
|inactive|Ooziegib has 270 seconds left.
|inactive|monchooo has 240 seconds left.
|
|t:|1731441432
|cant|p1a: Suicune|slp
|move|p2a: Forretress|Explosion|p1a: Suicune
|-damage|p1a: Suicune|20/100 slp
|faint|p2a: Forretress
|
|t:|1731441436
|switch|p2a: Aerodactyl|Aerodactyl, F|97/100
|
|-weather|Sandstorm|[upkeep]
|-damage|p1a: Suicune|14/100 slp|[from] Sandstorm
|-heal|p1a: Suicune|20/100 slp|[from] item: Leftovers
|upkeep
|turn|77
|
|t:|1731441442
|move|p2a: Aerodactyl|Double-Edge|p1a: Suicune
|-crit|p1a: Suicune
|-damage|p1a: Suicune|0 fnt
|faint|p1a: Suicune
|
|t:|1731441449
|switch|p1a: Zapdos|Zapdos|76/100
|
|-weather|Sandstorm|[upkeep]
|-damage|p1a: Zapdos|70/100|[from] Sandstorm
|-heal|p1a: Zapdos|76/100|[from] item: Leftovers
|upkeep
|turn|78
|inactive|monchooo has 240 seconds left.
|
|t:|1731441491
|switch|p2a: Blissey|Blissey, F|100/100
|-damage|p2a: Blissey|88/100|[from] Spikes
|move|p1a: Zapdos|Thunderbolt|p2a: Blissey
|-damage|p2a: Blissey|74/100
|
|-weather|Sandstorm|[upkeep]
|-damage|p1a: Zapdos|70/100|[from] Sandstorm
|-damage|p2a: Blissey|68/100|[from] Sandstorm
|-heal|p1a: Zapdos|76/100|[from] item: Leftovers
|-heal|p2a: Blissey|74/100|[from] item: Leftovers
|upkeep
|turn|79
|inactive|Ooziegib has 270 seconds left.
|inactive|Ooziegib has 240 seconds left.
|
|t:|1731441544
|switch|p1a: Dugtrio|Dugtrio, F|88/100
|-damage|p1a: Dugtrio|71/100|[from] Spikes
|move|p2a: Blissey|Seismic Toss|p1a: Dugtrio
|-damage|p1a: Dugtrio|25/100
|
|-weather|Sandstorm|[upkeep]
|-damage|p2a: Blissey|68/100|[from] Sandstorm
|-heal|p2a: Blissey|74/100|[from] item: Leftovers
|upkeep
|turn|80
|
|t:|1731441556
|move|p1a: Dugtrio|Earthquake|p2a: Blissey
|-damage|p2a: Blissey|24/100
|move|p2a: Blissey|Seismic Toss|p1a: Dugtrio
|-damage|p1a: Dugtrio|0 fnt
|faint|p1a: Dugtrio
|
|t:|1731441560
|switch|p1a: Claydol|Claydol|30/100
|
|-weather|Sandstorm|[upkeep]
|-damage|p2a: Blissey|18/100|[from] Sandstorm
|-heal|p1a: Claydol|36/100|[from] item: Leftovers
|-heal|p2a: Blissey|24/100|[from] item: Leftovers
|upkeep
|turn|81
|
|t:|1731441580
|switch|p2a: Salamence|Salamence, M|59/100 tox
|-ability|p2a: Salamence|Intimidate|boost
|-unboost|p1a: Claydol|atk|1
|move|p1a: Claydol|Earthquake|p2a: Salamence
|-immune|p2a: Salamence
|
|-weather|Sandstorm|[upkeep]
|-damage|p2a: Salamence|53/100 tox|[from] Sandstorm
|-heal|p2a: Salamence|59/100 tox|[from] item: Leftovers
|-damage|p2a: Salamence|53/100 tox|[from] psn
|-heal|p1a: Claydol|42/100|[from] item: Leftovers
|upkeep
|turn|82
|
|t:|1731441592
|switch|p1a: Zapdos|Zapdos|76/100
|move|p2a: Salamence|Fire Blast|p1a: Zapdos
|-damage|p1a: Zapdos|46/100
|
|-weather|Sandstorm|[upkeep]
|-damage|p2a: Salamence|47/100 tox|[from] Sandstorm
|-damage|p1a: Zapdos|40/100|[from] Sandstorm
|-heal|p2a: Salamence|53/100 tox|[from] item: Leftovers
|-damage|p2a: Salamence|41/100 tox|[from] psn
|-heal|p1a: Zapdos|46/100|[from] item: Leftovers
|upkeep
|turn|83
|
|t:|1731441606
|switch|p2a: Blissey|Blissey, F|24/100
|-damage|p2a: Blissey|11/100|[from] Spikes
|move|p1a: Zapdos|Rest|p1a: Zapdos
|-status|p1a: Zapdos|slp|[from] move: Rest
|-heal|p1a: Zapdos|100/100 slp|[silent]
|
|-weather|Sandstorm|[upkeep]
|-damage|p1a: Zapdos|94/100 slp|[from] Sandstorm
|-damage|p2a: Blissey|5/100|[from] Sandstorm
|-heal|p1a: Zapdos|100/100 slp|[from] item: Leftovers
|-heal|p2a: Blissey|11/100|[from] item: Leftovers
|upkeep
|turn|84
|
|t:|1731441612
|cant|p1a: Zapdos|slp
|move|p2a: Blissey|Soft-Boiled|p2a: Blissey
|-heal|p2a: Blissey|61/100
|
|-weather|Sandstorm|[upkeep]
|-damage|p1a: Zapdos|94/100 slp|[from] Sandstorm
|-damage|p2a: Blissey|55/100|[from] Sandstorm
|-heal|p1a: Zapdos|100/100 slp|[from] item: Leftovers
|-heal|p2a: Blissey|61/100|[from] item: Leftovers
|upkeep
|turn|85
|
|t:|1731441614
|cant|p1a: Zapdos|slp
|move|p2a: Blissey|Soft-Boiled|p2a: Blissey
|-heal|p2a: Blissey|100/100
|
|-weather|Sandstorm|[upkeep]
|-damage|p1a: Zapdos|94/100 slp|[from] Sandstorm
|-damage|p2a: Blissey|94/100|[from] Sandstorm
|-heal|p1a: Zapdos|100/100 slp|[from] item: Leftovers
|-heal|p2a: Blissey|100/100|[from] item: Leftovers
|upkeep
|turn|86
|
|t:|1731441617
|-curestatus|p1a: Zapdos|slp|[msg]
|move|p1a: Zapdos|Toxic|p2a: Blissey
|-status|p2a: Blissey|tox
|move|p2a: Blissey|Seismic Toss|p1a: Zapdos
|-damage|p1a: Zapdos|74/100
|
|-weather|Sandstorm|[upkeep]
|-damage|p1a: Zapdos|67/100|[from] Sandstorm
|-damage|p2a: Blissey|94/100 tox|[from] Sandstorm
|-heal|p1a: Zapdos|74/100|[from] item: Leftovers
|-heal|p2a: Blissey|100/100 tox|[from] item: Leftovers
|-damage|p2a: Blissey|94/100 tox|[from] psn
|upkeep
|turn|87
|
|t:|1731441633
|move|p1a: Zapdos|Substitute|p1a: Zapdos
|-start|p1a: Zapdos|Substitute
|-damage|p1a: Zapdos|49/100
|move|p2a: Blissey|Seismic Toss|p1a: Zapdos
|-end|p1a: Zapdos|Substitute
|
|-weather|Sandstorm|[upkeep]
|-damage|p1a: Zapdos|43/100|[from] Sandstorm
|-damage|p2a: Blissey|88/100 tox|[from] Sandstorm
|-heal|p1a: Zapdos|49/100|[from] item: Leftovers
|-heal|p2a: Blissey|94/100 tox|[from] item: Leftovers
|-damage|p2a: Blissey|82/100 tox|[from] psn
|upkeep
|turn|88
|inactive|Ooziegib has 270 seconds left.
|inactive|Ooziegib has 240 seconds left.
|
|t:|1731441703
|move|p1a: Zapdos|Substitute|p1a: Zapdos
|-start|p1a: Zapdos|Substitute
|-damage|p1a: Zapdos|24/100
|move|p2a: Blissey|Seismic Toss|p1a: Zapdos
|-end|p1a: Zapdos|Substitute
|
|-weather|Sandstorm|[upkeep]
|-damage|p1a: Zapdos|18/100|[from] Sandstorm
|-damage|p2a: Blissey|76/100 tox|[from] Sandstorm
|-heal|p1a: Zapdos|24/100|[from] item: Leftovers
|-heal|p2a: Blissey|82/100 tox|[from] item: Leftovers
|-damage|p2a: Blissey|64/100 tox|[from] psn
|upkeep
|turn|89
|inactive|Ooziegib has 210 seconds left.
|
|t:|1731441731
|switch|p1a: Claydol|Claydol|42/100
|-curestatus|p2a: Blissey|tox|[from] ability: Natural Cure
|switch|p2a: Aerodactyl|Aerodactyl, F|97/100
|
|-weather|Sandstorm|[upkeep]
|-heal|p1a: Claydol|48/100|[from] item: Leftovers
|upkeep
|turn|90
|inactive|Ooziegib has 210 seconds left.
|
|t:|1731441742
|move|p2a: Aerodactyl|Double-Edge|p1a: Claydol
|-damage|p1a: Claydol|0 fnt
|faint|p1a: Claydol
|inactive|Ooziegib has 210 seconds left.
|c|☆Ooziegib|bruh
|c|☆Ooziegib|2.3% ko
|
|t:|1731441770
|switch|p1a: Skarmory|Skarmory, M|22/100 par
|
|-weather|Sandstorm|[upkeep]
|-heal|p1a: Skarmory|28/100 par|[from] item: Leftovers
|upkeep
|turn|91
|inactive|monchooo has 240 seconds left.
|
|t:|1731441802
|move|p2a: Aerodactyl|Double-Edge|p1a: Skarmory
|-resisted|p1a: Skarmory
|-damage|p1a: Skarmory|8/100 par
|move|p1a: Skarmory|Roar|p2a: Aerodactyl
|drag|p2a: Salamence|Salamence, M|41/100 tox
|-ability|p2a: Salamence|Intimidate|boost
|-unboost|p1a: Skarmory|atk|1
|
|-weather|Sandstorm|[upkeep]
|-damage|p2a: Salamence|35/100 tox|[from] Sandstorm
|-heal|p2a: Salamence|41/100 tox|[from] item: Leftovers
|-damage|p2a: Salamence|35/100 tox|[from] psn
|-heal|p1a: Skarmory|14/100 par|[from] item: Leftovers
|upkeep
|turn|92
|
|t:|1731441815
|move|p1a: Skarmory|Protect|p1a: Skarmory
|-singleturn|p1a: Skarmory|Protect
|move|p2a: Salamence|Dragon Claw|p1a: Skarmory
|-activate|p1a: Skarmory|Protect
|
|-weather|Sandstorm|[upkeep]
|-damage|p2a: Salamence|29/100 tox|[from] Sandstorm
|-heal|p2a: Salamence|35/100 tox|[from] item: Leftovers
|-damage|p2a: Salamence|23/100 tox|[from] psn
|-heal|p1a: Skarmory|20/100 par|[from] item: Leftovers
|upkeep
|turn|93
|
|t:|1731441828
|move|p1a: Skarmory|Protect||[still]
|-fail|p1a: Skarmory
|move|p2a: Salamence|Fire Blast|p1a: Skarmory|[miss]
|-miss|p2a: Salamence|p1a: Skarmory
|
|-weather|Sandstorm|[upkeep]
|-damage|p2a: Salamence|17/100 tox|[from] Sandstorm
|-heal|p2a: Salamence|23/100 tox|[from] item: Leftovers
|-damage|p2a: Salamence|5/100 tox|[from] psn
|-heal|p1a: Skarmory|26/100 par|[from] item: Leftovers
|upkeep
|turn|94
|
|t:|1731441833
|move|p1a: Skarmory|Protect|p1a: Skarmory
|-singleturn|p1a: Skarmory|Protect
|move|p2a: Salamence|Fire Blast|p1a: Skarmory
|-activate|p1a: Skarmory|Protect
|
|-weather|Sandstorm|[upkeep]
|-damage|p2a: Salamence|0 fnt|[from] Sandstorm
|faint|p2a: Salamence
|-heal|p1a: Skarmory|32/100 par|[from] item: Leftovers
|upkeep
|
|t:|1731441838
|switch|p2a: Tyranitar|Tyranitar, M|30/100 tox
|-damage|p2a: Tyranitar|18/100 tox|[from] Spikes
|turn|95
|inactive|Ooziegib has 210 seconds left.
|inactive|Ooziegib has 180 seconds left.
|inactive|Ooziegib has 150 seconds left.
|
|t:|1731441926
|move|p1a: Skarmory|Protect|p1a: Skarmory
|-singleturn|p1a: Skarmory|Protect
|move|p2a: Tyranitar|Fire Blast|p1a: Skarmory
|-activate|p1a: Skarmory|Protect
|
|-weather|Sandstorm|[upkeep]
|-heal|p2a: Tyranitar|24/100 tox|[from] item: Leftovers
|-damage|p2a: Tyranitar|18/100 tox|[from] psn
|-heal|p1a: Skarmory|38/100 par|[from] item: Leftovers
|upkeep
|turn|96
|inactive|monchooo has 270 seconds left.
|inactive|Ooziegib has 120 seconds left.
|inactive|Ooziegib has 90 seconds left.
|
|t:|1731441981
|switch|p1a: Zapdos|Zapdos|24/100
|move|p2a: Tyranitar|Fire Blast|p1a: Zapdos
|-damage|p1a: Zapdos|0 fnt
|faint|p1a: Zapdos
|inactive|Ooziegib has 90 seconds left.
|
|t:|1731441987
|switch|p1a: Skarmory|Skarmory, M|38/100 par
|
|-weather|Sandstorm|[upkeep]
|-heal|p2a: Tyranitar|24/100 tox|[from] item: Leftovers
|-damage|p2a: Tyranitar|12/100 tox|[from] psn
|-heal|p1a: Skarmory|44/100 par|[from] item: Leftovers
|upkeep
|turn|97
|inactive|monchooo has 270 seconds left.
|inactive|monchooo has 240 seconds left.
|
|t:|1731442042
|cant|p1a: Skarmory|par
|move|p2a: Tyranitar|Fire Blast|p1a: Skarmory|[miss]
|-miss|p2a: Tyranitar|p1a: Skarmory
|
|-weather|Sandstorm|[upkeep]
|-heal|p2a: Tyranitar|18/100 tox|[from] item: Leftovers
|-damage|p2a: Tyranitar|0 fnt|[from] psn
|faint|p2a: Tyranitar
|-heal|p1a: Skarmory|50/100 par|[from] item: Leftovers
|upkeep
|
|t:|1731442062
|switch|p2a: Aerodactyl|Aerodactyl, F|97/100
|turn|98
|
|t:|1731442072
|move|p1a: Skarmory|Protect|p1a: Skarmory
|-singleturn|p1a: Skarmory|Protect
|move|p2a: Aerodactyl|Hidden Power|p1a: Skarmory
|-activate|p1a: Skarmory|Protect
|
|-weather|Sandstorm|[upkeep]
|-heal|p1a: Skarmory|56/100 par|[from] item: Leftovers
|upkeep
|turn|99
|
|t:|1731442080
|move|p2a: Aerodactyl|Hidden Power|p1a: Skarmory
|-crit|p1a: Skarmory
|-damage|p1a: Skarmory|8/100 par
|move|p1a: Skarmory|Roar|p2a: Aerodactyl
|drag|p2a: Blissey|Blissey, F|64/100
|-damage|p2a: Blissey|51/100|[from] Spikes
|
|-weather|Sandstorm|[upkeep]
|-damage|p2a: Blissey|45/100|[from] Sandstorm
|-heal|p2a: Blissey|51/100|[from] item: Leftovers
|-heal|p1a: Skarmory|14/100 par|[from] item: Leftovers
|upkeep
|turn|100
|
|t:|1731442094
|switch|p2a: Aerodactyl|Aerodactyl, F|97/100
|move|p1a: Skarmory|Roar|p2a: Aerodactyl
|drag|p2a: Blissey|Blissey, F|51/100
|-damage|p2a: Blissey|39/100|[from] Spikes
|
|-weather|Sandstorm|[upkeep]
|-damage|p2a: Blissey|32/100|[from] Sandstorm
|-heal|p2a: Blissey|39/100|[from] item: Leftovers
|-heal|p1a: Skarmory|20/100 par|[from] item: Leftovers
|upkeep
|turn|101
|
|t:|1731442117
|move|p2a: Blissey|Soft-Boiled|p2a: Blissey
|-heal|p2a: Blissey|89/100
|cant|p1a: Skarmory|par
|
|-weather|Sandstorm|[upkeep]
|-damage|p2a: Blissey|82/100|[from] Sandstorm
|-heal|p2a: Blissey|89/100|[from] item: Leftovers
|-heal|p1a: Skarmory|26/100 par|[from] item: Leftovers
|upkeep
|turn|102
|
|t:|1731442123
|switch|p2a: Aerodactyl|Aerodactyl, F|97/100
|move|p1a: Skarmory|Roar|p2a: Aerodactyl
|drag|p2a: Blissey|Blissey, F|89/100
|-damage|p2a: Blissey|76/100|[from] Spikes
|
|-weather|Sandstorm|[upkeep]
|-damage|p2a: Blissey|70/100|[from] Sandstorm
|-heal|p2a: Blissey|76/100|[from] item: Leftovers
|-heal|p1a: Skarmory|32/100 par|[from] item: Leftovers
|upkeep
|turn|103
|
|t:|1731442137
|switch|p2a: Aerodactyl|Aerodactyl, F|97/100
|move|p1a: Skarmory|Roar|p2a: Aerodactyl
|drag|p2a: Blissey|Blissey, F|76/100
|-damage|p2a: Blissey|64/100|[from] Spikes
|
|-weather|Sandstorm|[upkeep]
|-damage|p2a: Blissey|58/100|[from] Sandstorm
|-heal|p2a: Blissey|64/100|[from] item: Leftovers
|-heal|p1a: Skarmory|38/100 par|[from] item: Leftovers
|upkeep
|turn|104
|
|t:|1731442154
|switch|p2a: Aerodactyl|Aerodactyl, F|97/100
|cant|p1a: Skarmory|par
|
|-weather|Sandstorm|[upkeep]
|-heal|p1a: Skarmory|44/100 par|[from] item: Leftovers
|upkeep
|turn|105
|
|t:|1731442158
|cant|p1a: Skarmory|par
|move|p2a: Aerodactyl|Hidden Power|p1a: Skarmory
|-damage|p1a: Skarmory|22/100 par
|
|-weather|Sandstorm|[upkeep]
|-heal|p1a: Skarmory|28/100 par|[from] item: Leftovers
|upkeep
|turn|106
|
|t:|1731442160
|move|p1a: Skarmory|Protect|p1a: Skarmory
|-singleturn|p1a: Skarmory|Protect
|move|p2a: Aerodactyl|Hidden Power|p1a: Skarmory
|-activate|p1a: Skarmory|Protect
|
|-weather|Sandstorm|[upkeep]
|-heal|p1a: Skarmory|34/100 par|[from] item: Leftovers
|upkeep
|turn|107
|
|t:|1731442162
|move|p2a: Aerodactyl|Hidden Power|p1a: Skarmory
|-damage|p1a: Skarmory|10/100 par
|move|p1a: Skarmory|Roar|p2a: Aerodactyl
|drag|p2a: Blissey|Blissey, F|64/100
|-damage|p2a: Blissey|51/100|[from] Spikes
|
|-weather|Sandstorm|[upkeep]
|-damage|p2a: Blissey|45/100|[from] Sandstorm
|-heal|p2a: Blissey|51/100|[from] item: Leftovers
|-heal|p1a: Skarmory|16/100 par|[from] item: Leftovers
|upkeep
|turn|108
|
|t:|1731442174
|switch|p2a: Aerodactyl|Aerodactyl, F|97/100
|move|p1a: Skarmory|Roar|p2a: Aerodactyl
|drag|p2a: Blissey|Blissey, F|51/100
|-damage|p2a: Blissey|39/100|[from] Spikes
|
|-weather|Sandstorm|[upkeep]
|-damage|p2a: Blissey|33/100|[from] Sandstorm
|-heal|p2a: Blissey|39/100|[from] item: Leftovers
|-heal|p1a: Skarmory|22/100 par|[from] item: Leftovers
|upkeep
|turn|109
|
|t:|1731442192
|move|p2a: Blissey|Soft-Boiled|p2a: Blissey
|-heal|p2a: Blissey|89/100
|cant|p1a: Skarmory|par
|
|-weather|Sandstorm|[upkeep]
|-damage|p2a: Blissey|83/100|[from] Sandstorm
|-heal|p2a: Blissey|89/100|[from] item: Leftovers
|-heal|p1a: Skarmory|28/100 par|[from] item: Leftovers
|upkeep
|turn|110
|
|t:|1731442201
|move|p2a: Blissey|Thunder Wave|p1a: Skarmory
|-fail|p1a: Skarmory|par
|move|p1a: Skarmory|Roar|p2a: Blissey
|drag|p2a: Aerodactyl|Aerodactyl, F|97/100
|
|-weather|Sandstorm|[upkeep]
|-heal|p1a: Skarmory|34/100 par|[from] item: Leftovers
|upkeep
|turn|111
|
|t:|1731442205
|cant|p1a: Skarmory|par
|move|p2a: Aerodactyl|Hidden Power|p1a: Skarmory
|-damage|p1a: Skarmory|11/100 par
|
|-weather|Sandstorm|[upkeep]
|-heal|p1a: Skarmory|17/100 par|[from] item: Leftovers
|upkeep
|turn|112
|
|t:|1731442209
|move|p1a: Skarmory|Protect|p1a: Skarmory
|-singleturn|p1a: Skarmory|Protect
|move|p2a: Aerodactyl|Hidden Power|p1a: Skarmory
|-activate|p1a: Skarmory|Protect
|
|-weather|Sandstorm|[upkeep]
|-heal|p1a: Skarmory|23/100 par|[from] item: Leftovers
|upkeep
|turn|113
|inactive|Ooziegib has 150 seconds left.
|
|t:|1731442239
|move|p1a: Skarmory|Protect||[still]
|-fail|p1a: Skarmory
|move|p2a: Aerodactyl|Hidden Power|p1a: Skarmory
|-damage|p1a: Skarmory|0 fnt
|faint|p1a: Skarmory
|
|win|monchooo
|c|☆monchooo|gg

</script>
<script type="application/json" class="data" id="replaydata-smogtours-gen3ou-806104">
{"id":"smogtours-gen3ou-806104","format":"[Gen 3] OU","players":["Ooziegib","monchooo"],"uploadtime":1731442239,"views":6,"formatid":"gen3ou","rating":null,"private":1,"password":null}
</script>

<script defer src="js/replays.js?9d40a366"></script>
