<!DOCTYPE html>
<meta charset="utf-8" />
<meta name="viewport" content="width=device-width" />

<title>[Gen 3] OU: ByrneBabyyyyy vs. Xamvius - Replays - Pok&eacute;mon Showdown!</title>

<meta name="description" content="Watch a replay of a Pok&eacute;mon battle between ByrneBabyyyyy and Xamvius! Format: [Gen 3] OU; Date: Oct 13, 2024" />
<!--

Hey, you! Looking in the source for the replay log?

You can find them in JSON format, just add `.json` at the end of a replay URL.

https://replay.pokemonshowdown.com/gen7randomdoublesbattle-865046831.json

Or, if you only need the log itself, add `.log` instead:

https://replay.pokemonshowdown.com/gen7randomdoublesbattle-865046831.log

-->

<link rel="stylesheet" href="//pokemonshowdown.com/style/global.css?0.023195364461161105" />
<link rel="stylesheet" href="//play.pokemonshowdown.com/style/font-awesome.css?0.13261647063804238" />
<link rel="stylesheet" href="//play.pokemonshowdown.com/style/battle.css?0.8753245789963631" />
<link rel="stylesheet" href="//play.pokemonshowdown.com/style/utilichart.css?0.8627959624976733" />

<!-- Global site tag (gtag.js) - Google Analytics -->
<script async src="https://www.googletagmanager.com/gtag/js?id=UA-26211653-1"></script>
<script>
  window.dataLayer = window.dataLayer || [];
  function gtag(){dataLayer.push(arguments);}
  gtag('js', new Date());

  gtag('config', 'UA-26211653-1');
</script>
<!-- End Google Analytics -->
<!-- Venatus Ad Manager - Install in <HEAD> of page -->
	<script src="https://hb.vntsm.com/v3/live/ad-manager.min.js" type="text/javascript" data-site-id="642aba63ec9a7b11c3c9c1be" data-mode="scan" async></script>
<!-- / Venatus Ad Manager -->

<style>
	@media (max-width:820px) {
		.battle {
			margin: 0 auto;
		}
		.battle-log {
			margin: 7px auto 0;
			max-width: 640px;
			height: 300px;
			position: static;
		}
	}
	.optgroup {
		display: inline-block;
		line-height: 22px;
		font-size: 10pt;
	}
	.optgroup .button {
		height: 25px;
		padding-top: 0;
		padding-bottom: 0;
	}
	.optgroup button.button {
		padding-left: 12px;
		padding-right: 12px;
	}
	.linklist {
		list-style: none;
		margin: 0.5em 0;
		padding: 0;
	}
	.linklist li {
		padding: 2px 0;
	}
	.sidebar {
		float: left;
		width: 320px;
	}
	.bar-wrapper {
		max-width: 1100px;
		margin: 0 auto;
	}
	.bar-wrapper.has-sidebar {
		max-width: 1430px;
	}
	.mainbar {
		margin: 0;
		padding-right: 1px;
	}
	.mainbar.has-sidebar {
		margin-left: 330px;
	}
	@media (min-width: 1511px) {
		.sidebar {
			width: 400px;
		}
		.bar-wrapper.has-sidebar {
			max-width: 1510px;
		}
		.mainbar.has-sidebar {
			margin-left: 410px;
		}
	}
	.section.first-section {
		margin-top: 9px;
	}
	.blocklink small {
		white-space: normal;
	}
	.button {
		vertical-align: middle;
	}
	.replay-controls {
		padding-top: 10px;
	}
	.replay-controls h1 {
		font-size: 16pt;
		font-weight: normal;
		color: #CCC;
	}
	.pagelink {
		text-align: center;
	}
	.pagelink a {
		width: 150px;
	}
	.textbox, .button {
		font-size: 11pt;
		vertical-align: middle;
	}
	@media (max-width: 450px) {
		.button {
			font-size: 9pt;
		}
	}
</style>

<div>

	<header>
		<div class="nav-wrapper"><ul class="nav">
			<li><a class="button nav-first" href="//pokemonshowdown.com/"><img src="//pokemonshowdown.com/images/pokemonshowdownbeta.png" srcset="//pokemonshowdown.com/images/pokemonshowdownbeta.png 1x, //pokemonshowdown.com/images/pokemonshowdownbeta@2x.png 2x" alt="Pok&eacute;mon Showdown" width="146" height="44" /> Home</a></li>
			<li><a class="button" href="//pokemonshowdown.com/dex/">Pok&eacute;dex</a></li>
			<li><a class="button cur" href="/">Replays</a></li>
			<li><a class="button" href="//pokemonshowdown.com/ladder/">Ladder</a></li>
			<li><a class="button nav-last" href="//pokemonshowdown.com/forums/">Forum</a></li>
			<li><a class="button greenbutton nav-first nav-last" href="//play.pokemonshowdown.com/">Play</a></li>
		</ul></div>
	</header>

	<div class="main" id="main">

		<noscript><section class="section">You need to enable JavaScript to use this page; sorry!</section></noscript>

	</div>

</div>

<script defer nomodule src="//play.pokemonshowdown.com/js/lib/ps-polyfill.js"></script>
<script defer src="//play.pokemonshowdown.com/js/lib/preact.min.js"></script>

<script defer src="//play.pokemonshowdown.com/config/config.js?2bddbc15"></script>
<script defer src="//play.pokemonshowdown.com/js/lib/jquery-1.11.0.min.js"></script>
<script defer src="//play.pokemonshowdown.com/js/lib/html-sanitizer-minified.js"></script>
<script defer src="//play.pokemonshowdown.com/js/battle-sound.js"></script>
<script defer src="//play.pokemonshowdown.com/js/battledata.js?0.7209276989879541"></script>
<script defer src="//play.pokemonshowdown.com/data/pokedex-mini.js?0.6111056340867951"></script>
<script defer src="//play.pokemonshowdown.com/data/pokedex-mini-bw.js?0.3532142036491459"></script>
<script defer src="//play.pokemonshowdown.com/data/graphics.js?0.24223875632456182"></script>
<script defer src="//play.pokemonshowdown.com/data/pokedex.js?0.38839984266356864"></script>
<script defer src="//play.pokemonshowdown.com/data/moves.js?0.21866028504024015"></script>
<script defer src="//play.pokemonshowdown.com/data/abilities.js?0.2005157953846628"></script>
<script defer src="//play.pokemonshowdown.com/data/items.js?0.9894211263848525"></script>
<script defer src="//play.pokemonshowdown.com/data/teambuilder-tables.js?0.6008791140282215"></script>
<script defer src="//play.pokemonshowdown.com/js/battle-tooltips.js?0.7580118955022959"></script>
<script defer src="//play.pokemonshowdown.com/js/battle.js?0.6057722274234274"></script>

<script defer src="js/utils.js?e31f9a17"></script>
<script defer src="js/replays-battle.js?7008c182"></script>

<!-- don't scrape this data! just add .json or .log after the URL!
Full API docs: https://github.com/smogon/pokemon-showdown-client/blob/master/WEB-API.md -->
<script type="text/plain" class="log" id="replaylog-smogtours-gen3ou-798289">
|inactive|Battle timer is ON: inactive players will automatically lose when time's up.
|t:|1728847017
|gametype|singles
|player|p1|ByrneBabyyyyy|blue-masters|
|player|p2|Xamvius|101|
|teamsize|p1|6
|teamsize|p2|6
|gen|3
|tier|[Gen 3] OU
|rule|Sleep Clause Mod: Limit one foe put to sleep
|rule|Switch Priority Clause Mod: Faster Pokémon switch first
|rule|Species Clause: Limit one of each Pokémon
|rule|OHKO Clause: OHKO moves are banned
|rule|Evasion Items Clause: Evasion items are banned
|rule|Evasion Moves Clause: Evasion moves are banned
|rule|Endless Battle Clause: Forcing endless battles is banned
|rule|HP Percentage Mod: HP is shown in percentages
|rule|One Boost Passer Clause: Limit one Baton Passer that has a way to boost its stats
|rule|Freeze Clause Mod: Limit one foe frozen
|
|t:|1728847017
|start
|switch|p1a: Zapdos|Zapdos|100/100
|switch|p2a: Salamence|Salamence, F|100/100
|-ability|p2a: Salamence|Intimidate|boost
|-unboost|p1a: Zapdos|atk|1
|turn|1
|
|t:|1728847040
|switch|p2a: Steelix|Steelix, F|100/100
|move|p1a: Zapdos|Rain Dance|p1a: Zapdos
|-weather|RainDance
|
|-weather|RainDance|[upkeep]
|upkeep
|turn|2
|
|t:|1728847061
|switch|p1a: Dugtrio|Dugtrio, F|100/100
|move|p2a: Steelix|Rock Slide|p1a: Dugtrio|[miss]
|-miss|p2a: Steelix|p1a: Dugtrio
|
|-weather|RainDance|[upkeep]
|upkeep
|turn|3
|
|t:|1728847077
|switch|p1a: Kingdra|Kingdra, F|100/100
|move|p2a: Steelix|Earthquake|p1a: Kingdra
|-damage|p1a: Kingdra|60/100
|
|-weather|RainDance|[upkeep]
|upkeep
|turn|4
|
|t:|1728847085
|switch|p2a: Milotic|Milotic, F|100/100
|move|p1a: Kingdra|Surf|p2a: Milotic
|-resisted|p2a: Milotic
|-damage|p2a: Milotic|75/100
|
|-weather|RainDance|[upkeep]
|-heal|p2a: Milotic|81/100|[from] item: Leftovers
|upkeep
|turn|5
|
|t:|1728847090
|switch|p1a: Regice|Regice|100/100
|move|p2a: Milotic|Surf|p1a: Regice
|-crit|p1a: Regice
|-damage|p1a: Regice|53/100
|
|-weather|none
|-heal|p2a: Milotic|87/100|[from] item: Leftovers
|-heal|p1a: Regice|59/100|[from] item: Leftovers
|upkeep
|turn|6
|
|t:|1728847101
|move|p2a: Milotic|Toxic|p1a: Regice
|-status|p1a: Regice|tox
|move|p1a: Regice|Ice Beam|p2a: Milotic
|-resisted|p2a: Milotic
|-damage|p2a: Milotic|71/100
|
|-heal|p2a: Milotic|77/100|[from] item: Leftovers
|-heal|p1a: Regice|65/100 tox|[from] item: Leftovers
|-damage|p1a: Regice|59/100 tox|[from] psn
|upkeep
|turn|7
|
|t:|1728847116
|move|p2a: Milotic|Surf|p1a: Regice
|-damage|p1a: Regice|41/100 tox
|move|p1a: Regice|Thunderbolt|p2a: Milotic
|-supereffective|p2a: Milotic
|-damage|p2a: Milotic|33/100
|
|-heal|p2a: Milotic|39/100|[from] item: Leftovers
|-heal|p1a: Regice|47/100 tox|[from] item: Leftovers
|-damage|p1a: Regice|35/100 tox|[from] psn
|upkeep
|turn|8
|
|t:|1728847145
|switch|p2a: Forretress|Forretress, M|100/100
|move|p1a: Regice|Rain Dance|p1a: Regice
|-weather|RainDance
|
|-weather|RainDance|[upkeep]
|-heal|p1a: Regice|41/100 tox|[from] item: Leftovers
|-damage|p1a: Regice|23/100 tox|[from] psn
|upkeep
|turn|9
|
|t:|1728847157
|switch|p1a: Dugtrio|Dugtrio, F|100/100
|move|p2a: Forretress|Spikes|p1a: Dugtrio
|-sidestart|p1: ByrneBabyyyyy|Spikes
|
|-weather|RainDance|[upkeep]
|upkeep
|turn|10
|
|t:|1728847161
|move|p1a: Dugtrio|Earthquake|p2a: Forretress
|-damage|p2a: Forretress|61/100
|move|p2a: Forretress|Earthquake|p1a: Dugtrio
|-damage|p1a: Dugtrio|39/100
|
|-weather|RainDance|[upkeep]
|-heal|p2a: Forretress|67/100|[from] item: Leftovers
|upkeep
|turn|11
|
|t:|1728847169
|switch|p1a: Zapdos|Zapdos|100/100
|move|p2a: Forretress|Earthquake|p1a: Zapdos
|-immune|p1a: Zapdos
|
|-weather|RainDance|[upkeep]
|-heal|p2a: Forretress|73/100|[from] item: Leftovers
|upkeep
|turn|12
|
|t:|1728847173
|switch|p2a: Steelix|Steelix, F|100/100
|move|p1a: Zapdos|Thunder|p2a: Steelix
|-immune|p2a: Steelix
|
|-weather|none
|upkeep
|turn|13
|
|t:|1728847186
|move|p1a: Zapdos|Hidden Power|p2a: Steelix
|-damage|p2a: Steelix|75/100
|move|p2a: Steelix|Rock Slide|p1a: Zapdos
|-supereffective|p1a: Zapdos
|-damage|p1a: Zapdos|62/100
|
|-heal|p1a: Zapdos|68/100|[from] item: Leftovers
|-heal|p2a: Steelix|81/100|[from] item: Leftovers
|upkeep
|turn|14
|
|t:|1728847205
|switch|p1a: Forretress|Forretress, F|100/100
|-damage|p1a: Forretress|88/100|[from] Spikes
|move|p2a: Steelix|Rock Slide|p1a: Forretress
|-damage|p1a: Forretress|76/100
|
|-heal|p1a: Forretress|82/100|[from] item: Leftovers
|-heal|p2a: Steelix|87/100|[from] item: Leftovers
|upkeep
|turn|15
|
|t:|1728847211
|move|p1a: Forretress|Rapid Spin|p2a: Steelix
|-resisted|p2a: Steelix
|-damage|p2a: Steelix|86/100
|-sideend|p1: ByrneBabyyyyy|Spikes|[from] move: Rapid Spin|[of] p1a: Forretress
|move|p2a: Steelix|Roar|p1a: Forretress
|drag|p1a: Kingdra|Kingdra, F|60/100
|
|-heal|p2a: Steelix|93/100|[from] item: Leftovers
|upkeep
|turn|16
|
|t:|1728847221
|switch|p1a: Zapdos|Zapdos|68/100
|switch|p2a: Milotic|Milotic, F|39/100
|
|-heal|p1a: Zapdos|74/100|[from] item: Leftovers
|-heal|p2a: Milotic|45/100|[from] item: Leftovers
|upkeep
|turn|17
|
|t:|1728847231
|switch|p2a: Steelix|Steelix, F|93/100
|move|p1a: Zapdos|Hidden Power|p2a: Steelix
|-damage|p2a: Steelix|66/100
|
|-heal|p1a: Zapdos|80/100|[from] item: Leftovers
|-heal|p2a: Steelix|72/100|[from] item: Leftovers
|upkeep
|turn|18
|
|t:|1728847237
|switch|p1a: Dugtrio|Dugtrio, F|39/100
|move|p2a: Steelix|Rock Slide|p1a: Dugtrio
|-resisted|p1a: Dugtrio
|-damage|p1a: Dugtrio|17/100
|
|-heal|p2a: Steelix|78/100|[from] item: Leftovers
|upkeep
|turn|19
|
|t:|1728847241
|move|p1a: Dugtrio|Earthquake|p2a: Steelix
|-supereffective|p2a: Steelix
|-damage|p2a: Steelix|21/100
|move|p2a: Steelix|Earthquake|p1a: Dugtrio
|-damage|p1a: Dugtrio|0 fnt
|faint|p1a: Dugtrio
|
|t:|1728847247
|switch|p1a: Zapdos|Zapdos|80/100
|
|-heal|p1a: Zapdos|87/100|[from] item: Leftovers
|-heal|p2a: Steelix|27/100|[from] item: Leftovers
|upkeep
|turn|20
|
|t:|1728847260
|switch|p2a: Forretress|Forretress, M|73/100
|move|p1a: Zapdos|Hidden Power|p2a: Forretress
|-resisted|p2a: Forretress
|-damage|p2a: Forretress|68/100
|
|-heal|p1a: Zapdos|93/100|[from] item: Leftovers
|-heal|p2a: Forretress|74/100|[from] item: Leftovers
|upkeep
|turn|21
|
|t:|1728847264
|move|p1a: Zapdos|Hidden Power|p2a: Forretress
|-resisted|p2a: Forretress
|-damage|p2a: Forretress|69/100
|move|p2a: Forretress|Zap Cannon|p1a: Zapdos|[miss]
|-miss|p2a: Forretress|p1a: Zapdos
|
|-heal|p1a: Zapdos|99/100|[from] item: Leftovers
|-heal|p2a: Forretress|75/100|[from] item: Leftovers
|upkeep
|turn|22
|
|t:|1728847290
|move|p1a: Zapdos|Thunder|p2a: Forretress
|-damage|p2a: Forretress|17/100
|-status|p2a: Forretress|par
|move|p2a: Forretress|Zap Cannon|p1a: Zapdos
|-damage|p1a: Zapdos|84/100
|-status|p1a: Zapdos|par
|
|-heal|p1a: Zapdos|90/100 par|[from] item: Leftovers
|-heal|p2a: Forretress|23/100 par|[from] item: Leftovers
|upkeep
|turn|23
|
|t:|1728847298
|move|p1a: Zapdos|Thunder|p2a: Forretress
|-damage|p2a: Forretress|0 fnt
|faint|p2a: Forretress
|
|t:|1728847306
|switch|p2a: Steelix|Steelix, F|27/100
|
|-heal|p2a: Steelix|33/100|[from] item: Leftovers
|-heal|p1a: Zapdos|96/100 par|[from] item: Leftovers
|upkeep
|turn|24
|inactive|ByrneBabyyyyy has 270 seconds left.
|
|t:|1728847346
|move|p2a: Steelix|Rock Slide|p1a: Zapdos
|-supereffective|p1a: Zapdos
|-damage|p1a: Zapdos|56/100 par
|move|p1a: Zapdos|Hidden Power|p2a: Steelix
|-damage|p2a: Steelix|4/100
|
|-heal|p2a: Steelix|10/100|[from] item: Leftovers
|-heal|p1a: Zapdos|62/100 par|[from] item: Leftovers
|upkeep
|turn|25
|
|t:|1728847350
|move|p2a: Steelix|Explosion|p1a: Zapdos
|-damage|p1a: Zapdos|0 fnt
|faint|p2a: Steelix
|faint|p1a: Zapdos
|inactive|ByrneBabyyyyy has 270 seconds left.
|
|t:|1728847386
|switch|p1a: Kingdra|Kingdra, F|60/100
|switch|p2a: Salamence|Salamence, F|100/100
|-ability|p2a: Salamence|Intimidate|boost
|-unboost|p1a: Kingdra|atk|1
|
|upkeep
|turn|26
|
|t:|1728847392
|move|p2a: Salamence|Dragon Claw|p1a: Kingdra
|-supereffective|p1a: Kingdra
|-damage|p1a: Kingdra|0 fnt
|faint|p1a: Kingdra
|
|t:|1728847403
|switch|p1a: Heracross|Heracross, F|100/100
|
|upkeep
|turn|27
|
|t:|1728847410
|move|p2a: Salamence|Fire Blast|p1a: Heracross
|-supereffective|p1a: Heracross
|-damage|p1a: Heracross|1/100
|move|p1a: Heracross|Substitute|p1a: Heracross
|-fail|p1a: Heracross|move: Substitute|[weak]
|
|-enditem|p1a: Heracross|Salac Berry|[eat]
|-boost|p1a: Heracross|spe|1|[from] item: Salac Berry
|upkeep
|turn|28
|
|t:|1728847419
|move|p1a: Heracross|Rock Slide|p2a: Salamence
|-supereffective|p2a: Salamence
|-damage|p2a: Salamence|29/100
|cant|p2a: Salamence|flinch
|
|-heal|p2a: Salamence|36/100|[from] item: Leftovers
|upkeep
|turn|29
|inactive|ByrneBabyyyyy has 270 seconds left.
|
|t:|1728847424
|switch|p2a: Tyranitar|Tyranitar, F|100/100
|-weather|Sandstorm|[from] ability: Sand Stream|[of] p2a: Tyranitar
|move|p1a: Heracross|Rock Slide|p2a: Tyranitar
|-damage|p2a: Tyranitar|73/100
|
|-weather|Sandstorm|[upkeep]
|-damage|p1a: Heracross|0 fnt|[from] Sandstorm
|faint|p1a: Heracross
|upkeep
|inactive|ByrneBabyyyyy has 270 seconds left.
|
|t:|1728847443
|switch|p1a: Forretress|Forretress, F|82/100
|turn|30
|
|t:|1728847449
|move|p2a: Tyranitar|Earthquake|p1a: Forretress
|-damage|p1a: Forretress|42/100
|move|p1a: Forretress|Hidden Power|p2a: Tyranitar
|-supereffective|p2a: Tyranitar
|-damage|p2a: Tyranitar|33/100
|
|-weather|Sandstorm|[upkeep]
|-heal|p1a: Forretress|49/100|[from] item: Leftovers
|upkeep
|turn|31
|inactive|ByrneBabyyyyy has 270 seconds left.
|
|t:|1728847456
|move|p2a: Tyranitar|Earthquake|p1a: Forretress
|-damage|p1a: Forretress|8/100
|move|p1a: Forretress|Hidden Power|p2a: Tyranitar
|-supereffective|p2a: Tyranitar
|-damage|p2a: Tyranitar|0 fnt
|faint|p2a: Tyranitar
|
|t:|1728847458
|switch|p2a: Salamence|Salamence, F|36/100
|-ability|p2a: Salamence|Intimidate|boost
|-unboost|p1a: Forretress|atk|1
|
|-weather|Sandstorm|[upkeep]
|-damage|p2a: Salamence|29/100|[from] Sandstorm
|-heal|p2a: Salamence|36/100|[from] item: Leftovers
|-heal|p1a: Forretress|14/100|[from] item: Leftovers
|upkeep
|turn|32
|
|t:|1728847462
|move|p2a: Salamence|Dragon Claw|p1a: Forretress
|-resisted|p1a: Forretress
|-damage|p1a: Forretress|0 fnt
|faint|p1a: Forretress
|
|t:|1728847465
|switch|p1a: Regice|Regice|23/100 tox
|
|-weather|Sandstorm|[upkeep]
|-damage|p2a: Salamence|29/100|[from] Sandstorm
|-damage|p1a: Regice|17/100 tox|[from] Sandstorm
|-heal|p2a: Salamence|36/100|[from] item: Leftovers
|-heal|p1a: Regice|23/100 tox|[from] item: Leftovers
|-damage|p1a: Regice|17/100 tox|[from] psn
|upkeep
|turn|33
|c|☆ByrneBabyyyyy|gg
|
|t:|1728847471
|move|p2a: Salamence|Dragon Claw|p1a: Regice
|-damage|p1a: Regice|0 fnt
|faint|p1a: Regice
|
|win|Xamvius
|c|☆Xamvius|GG!

</script>
<script type="application/json" class="data" id="replaydata-smogtours-gen3ou-798289">
{"id":"smogtours-gen3ou-798289","format":"[Gen 3] OU","players":["ByrneBabyyyyy","Xamvius"],"uploadtime":1728847471,"views":72,"formatid":"gen3ou","rating":null,"private":0,"password":null}
</script>

<script defer src="js/replays.js?9d40a366"></script>
