<!DOCTYPE html>
<meta charset="utf-8" />
<meta name="viewport" content="width=device-width" />

<title>[Gen 3] OU: pea-kah vs. salto - Replays - Pok&eacute;mon Showdown!</title>

<meta name="description" content="Watch a replay of a Pok&eacute;mon battle between pea-kah and salto! Format: [Gen 3] OU; Date: Oct 3, 2024" />
<!--

Hey, you! Looking in the source for the replay log?

You can find them in JSON format, just add `.json` at the end of a replay URL.

https://replay.pokemonshowdown.com/gen7randomdoublesbattle-865046831.json

Or, if you only need the log itself, add `.log` instead:

https://replay.pokemonshowdown.com/gen7randomdoublesbattle-865046831.log

-->

<link rel="stylesheet" href="//pokemonshowdown.com/style/global.css?0.767286132409787" />
<link rel="stylesheet" href="//play.pokemonshowdown.com/style/font-awesome.css?0.9266228007934947" />
<link rel="stylesheet" href="//play.pokemonshowdown.com/style/battle.css?0.7924700842790926" />
<link rel="stylesheet" href="//play.pokemonshowdown.com/style/utilichart.css?0.8777417872839479" />

<!-- Global site tag (gtag.js) - Google Analytics -->
<script async src="https://www.googletagmanager.com/gtag/js?id=UA-26211653-1"></script>
<script>
  window.dataLayer = window.dataLayer || [];
  function gtag(){dataLayer.push(arguments);}
  gtag('js', new Date());

  gtag('config', 'UA-26211653-1');
</script>
<!-- End Google Analytics -->
<!-- Venatus Ad Manager - Install in <HEAD> of page -->
	<script src="https://hb.vntsm.com/v3/live/ad-manager.min.js" type="text/javascript" data-site-id="642aba63ec9a7b11c3c9c1be" data-mode="scan" async></script>
<!-- / Venatus Ad Manager -->

<style>
	@media (max-width:820px) {
		.battle {
			margin: 0 auto;
		}
		.battle-log {
			margin: 7px auto 0;
			max-width: 640px;
			height: 300px;
			position: static;
		}
	}
	.optgroup {
		display: inline-block;
		line-height: 22px;
		font-size: 10pt;
	}
	.optgroup .button {
		height: 25px;
		padding-top: 0;
		padding-bottom: 0;
	}
	.optgroup button.button {
		padding-left: 12px;
		padding-right: 12px;
	}
	.linklist {
		list-style: none;
		margin: 0.5em 0;
		padding: 0;
	}
	.linklist li {
		padding: 2px 0;
	}
	.sidebar {
		float: left;
		width: 320px;
	}
	.bar-wrapper {
		max-width: 1100px;
		margin: 0 auto;
	}
	.bar-wrapper.has-sidebar {
		max-width: 1430px;
	}
	.mainbar {
		margin: 0;
		padding-right: 1px;
	}
	.mainbar.has-sidebar {
		margin-left: 330px;
	}
	@media (min-width: 1511px) {
		.sidebar {
			width: 400px;
		}
		.bar-wrapper.has-sidebar {
			max-width: 1510px;
		}
		.mainbar.has-sidebar {
			margin-left: 410px;
		}
	}
	.section.first-section {
		margin-top: 9px;
	}
	.blocklink small {
		white-space: normal;
	}
	.button {
		vertical-align: middle;
	}
	.replay-controls {
		padding-top: 10px;
	}
	.replay-controls h1 {
		font-size: 16pt;
		font-weight: normal;
		color: #CCC;
	}
	.pagelink {
		text-align: center;
	}
	.pagelink a {
		width: 150px;
	}
	.textbox, .button {
		font-size: 11pt;
		vertical-align: middle;
	}
	@media (max-width: 450px) {
		.button {
			font-size: 9pt;
		}
	}
</style>

<div>

	<header>
		<div class="nav-wrapper"><ul class="nav">
			<li><a class="button nav-first" href="//pokemonshowdown.com/"><img src="//pokemonshowdown.com/images/pokemonshowdownbeta.png" srcset="//pokemonshowdown.com/images/pokemonshowdownbeta.png 1x, //pokemonshowdown.com/images/pokemonshowdownbeta@2x.png 2x" alt="Pok&eacute;mon Showdown" width="146" height="44" /> Home</a></li>
			<li><a class="button" href="//pokemonshowdown.com/dex/">Pok&eacute;dex</a></li>
			<li><a class="button cur" href="/">Replays</a></li>
			<li><a class="button" href="//pokemonshowdown.com/ladder/">Ladder</a></li>
			<li><a class="button nav-last" href="//pokemonshowdown.com/forums/">Forum</a></li>
			<li><a class="button greenbutton nav-first nav-last" href="//play.pokemonshowdown.com/">Play</a></li>
		</ul></div>
	</header>

	<div class="main" id="main">

		<noscript><section class="section">You need to enable JavaScript to use this page; sorry!</section></noscript>

	</div>

</div>

<script defer nomodule src="//play.pokemonshowdown.com/js/lib/ps-polyfill.js"></script>
<script defer src="//play.pokemonshowdown.com/js/lib/preact.min.js"></script>

<script defer src="//play.pokemonshowdown.com/config/config.js?6dec07f6"></script>
<script defer src="//play.pokemonshowdown.com/js/lib/jquery-1.11.0.min.js"></script>
<script defer src="//play.pokemonshowdown.com/js/lib/html-sanitizer-minified.js"></script>
<script defer src="//play.pokemonshowdown.com/js/battle-sound.js"></script>
<script defer src="//play.pokemonshowdown.com/js/battledata.js?0.6315294753075389"></script>
<script defer src="//play.pokemonshowdown.com/data/pokedex-mini.js?0.7603743185311358"></script>
<script defer src="//play.pokemonshowdown.com/data/pokedex-mini-bw.js?0.030888842834281283"></script>
<script defer src="//play.pokemonshowdown.com/data/graphics.js?0.05593094747507488"></script>
<script defer src="//play.pokemonshowdown.com/data/pokedex.js?0.47064822249611904"></script>
<script defer src="//play.pokemonshowdown.com/data/moves.js?0.8583693120512459"></script>
<script defer src="//play.pokemonshowdown.com/data/abilities.js?0.16017181182386842"></script>
<script defer src="//play.pokemonshowdown.com/data/items.js?0.4163379185673943"></script>
<script defer src="//play.pokemonshowdown.com/data/teambuilder-tables.js?0.31075597372830477"></script>
<script defer src="//play.pokemonshowdown.com/js/battle-tooltips.js?0.6536193500708172"></script>
<script defer src="//play.pokemonshowdown.com/js/battle.js?0.1916591943277901"></script>

<script defer src="js/utils.js?e31f9a17"></script>
<script defer src="js/replays-battle.js?7008c182"></script>

<!-- don't scrape this data! just add .json or .log after the URL!
Full API docs: https://github.com/smogon/pokemon-showdown-client/blob/master/WEB-API.md -->
<script type="text/plain" class="log" id="replaylog-smogtours-gen3ou-794213">
|inactive|Battle timer is ON: inactive players will automatically lose when time's up.
|t:|1727963565
|gametype|singles
|player|p1|pea-kah|1|
|player|p2|salto|grimsley|
|teamsize|p1|6
|teamsize|p2|6
|gen|3
|tier|[Gen 3] OU
|rule|Sleep Clause Mod: Limit one foe put to sleep
|rule|Switch Priority Clause Mod: Faster Pokémon switch first
|rule|Species Clause: Limit one of each Pokémon
|rule|OHKO Clause: OHKO moves are banned
|rule|Evasion Items Clause: Evasion items are banned
|rule|Evasion Moves Clause: Evasion moves are banned
|rule|Endless Battle Clause: Forcing endless battles is banned
|rule|HP Percentage Mod: HP is shown in percentages
|rule|One Boost Passer Clause: Limit one Baton Passer that has a way to boost its stats
|rule|Freeze Clause Mod: Limit one foe frozen
|
|t:|1727963565
|start
|switch|p1a: BOOM?|Metagross|100/100
|switch|p2a: Tyranitar|Tyranitar, M|100/100
|-weather|Sandstorm|[from] ability: Sand Stream|[of] p2a: Tyranitar
|turn|1
|
|t:|1727963593
|switch|p2a: Swampert|Swampert, M|100/100
|move|p1a: BOOM?|Brick Break|p2a: Swampert
|-crit|p2a: Swampert
|-damage|p2a: Swampert|50/100
|
|-weather|Sandstorm|[upkeep]
|-heal|p2a: Swampert|56/100|[from] item: Leftovers
|upkeep
|turn|2
|
|t:|1727963612
|switch|p1a: Papi|Gyarados, F|100/100
|-ability|p1a: Papi|Intimidate|boost
|-unboost|p2a: Swampert|atk|1
|move|p2a: Swampert|Protect||[still]
|-fail|p2a: Swampert
|
|-weather|Sandstorm|[upkeep]
|-damage|p1a: Papi|94/100|[from] Sandstorm
|-heal|p1a: Papi|100/100|[from] item: Leftovers
|-heal|p2a: Swampert|63/100|[from] item: Leftovers
|upkeep
|turn|3
|inactive|pea-kah has 270 seconds left.
|
|t:|1727963648
|move|p1a: Papi|Earthquake|p2a: Swampert
|-damage|p2a: Swampert|40/100
|move|p2a: Swampert|Toxic|p1a: Papi
|-status|p1a: Papi|tox
|
|-weather|Sandstorm|[upkeep]
|-damage|p1a: Papi|94/100 tox|[from] Sandstorm
|-heal|p1a: Papi|100/100 tox|[from] item: Leftovers
|-damage|p1a: Papi|94/100 tox|[from] psn
|-heal|p2a: Swampert|47/100|[from] item: Leftovers
|upkeep
|turn|4
|
|t:|1727963674
|switch|p1a: Milkman|Salamence, M|100/100
|-ability|p1a: Milkman|Intimidate|boost
|-unboost|p2a: Swampert|atk|1
|move|p2a: Swampert|Surf|p1a: Milkman
|-resisted|p1a: Milkman
|-damage|p1a: Milkman|80/100
|
|-weather|Sandstorm|[upkeep]
|-damage|p1a: Milkman|74/100|[from] Sandstorm
|-heal|p1a: Milkman|80/100|[from] item: Leftovers
|-heal|p2a: Swampert|53/100|[from] item: Leftovers
|upkeep
|turn|5
|
|t:|1727963688
|switch|p2a: Snorlax|Snorlax, F|100/100
|move|p1a: Milkman|Hidden Power|p2a: Snorlax
|-damage|p2a: Snorlax|89/100
|
|-weather|Sandstorm|[upkeep]
|-damage|p1a: Milkman|74/100|[from] Sandstorm
|-damage|p2a: Snorlax|83/100|[from] Sandstorm
|-heal|p1a: Milkman|80/100|[from] item: Leftovers
|-heal|p2a: Snorlax|89/100|[from] item: Leftovers
|upkeep
|turn|6
|inactive|pea-kah has 240 seconds left.
|
|t:|1727963705
|switch|p1a: Cabij|Celebi|100/100
|move|p2a: Snorlax|Body Slam|p1a: Cabij
|-damage|p1a: Cabij|65/100
|-status|p1a: Cabij|par
|
|-weather|Sandstorm|[upkeep]
|-damage|p2a: Snorlax|83/100|[from] Sandstorm
|-damage|p1a: Cabij|59/100 par|[from] Sandstorm
|-heal|p2a: Snorlax|89/100|[from] item: Leftovers
|-heal|p1a: Cabij|65/100 par|[from] item: Leftovers
|upkeep
|turn|7
|
|t:|1727963712
|move|p2a: Snorlax|Shadow Ball|p1a: Cabij
|-supereffective|p1a: Cabij
|-damage|p1a: Cabij|21/100 par
|cant|p1a: Cabij|par
|
|-weather|Sandstorm|[upkeep]
|-damage|p2a: Snorlax|83/100|[from] Sandstorm
|-damage|p1a: Cabij|15/100 par|[from] Sandstorm
|-heal|p2a: Snorlax|89/100|[from] item: Leftovers
|-heal|p1a: Cabij|21/100 par|[from] item: Leftovers
|upkeep
|turn|8
|inactive|pea-kah has 240 seconds left.
|
|t:|1727963737
|-curestatus|p1a: Cabij|par|[from] ability: Natural Cure
|switch|p1a: Nemesis|Magneton|100/100
|move|p2a: Snorlax|Body Slam|p1a: Nemesis
|-resisted|p1a: Nemesis
|-damage|p1a: Nemesis|73/100
|
|-weather|Sandstorm|[upkeep]
|-damage|p2a: Snorlax|83/100|[from] Sandstorm
|-heal|p2a: Snorlax|89/100|[from] item: Leftovers
|upkeep
|turn|9
|
|t:|1727963750
|move|p1a: Nemesis|Thunderbolt|p2a: Snorlax
|-damage|p2a: Snorlax|62/100
|move|p2a: Snorlax|Body Slam|p1a: Nemesis
|-resisted|p1a: Nemesis
|-damage|p1a: Nemesis|47/100
|
|-weather|Sandstorm|[upkeep]
|-damage|p2a: Snorlax|56/100|[from] Sandstorm
|-heal|p2a: Snorlax|62/100|[from] item: Leftovers
|upkeep
|turn|10
|
|t:|1727963765
|switch|p1a: Milkman|Salamence, M|80/100
|-ability|p1a: Milkman|Intimidate|boost
|-unboost|p2a: Snorlax|atk|1
|move|p2a: Snorlax|Body Slam|p1a: Milkman
|-damage|p1a: Milkman|49/100
|
|-weather|Sandstorm|[upkeep]
|-damage|p1a: Milkman|43/100|[from] Sandstorm
|-damage|p2a: Snorlax|56/100|[from] Sandstorm
|-heal|p1a: Milkman|49/100|[from] item: Leftovers
|-heal|p2a: Snorlax|62/100|[from] item: Leftovers
|upkeep
|turn|11
|inactive|pea-kah has 210 seconds left.
|inactive|salto has 270 seconds left.
|
|t:|1727963799
|switch|p2a: Raikou|Raikou|100/100
|move|p1a: Milkman|Dragon Claw|p2a: Raikou
|-damage|p2a: Raikou|63/100
|
|-weather|Sandstorm|[upkeep]
|-damage|p2a: Raikou|57/100|[from] Sandstorm
|-damage|p1a: Milkman|43/100|[from] Sandstorm
|-heal|p2a: Raikou|63/100|[from] item: Leftovers
|-heal|p1a: Milkman|49/100|[from] item: Leftovers
|upkeep
|turn|12
|inactive|pea-kah has 210 seconds left.
|
|t:|1727963834
|switch|p1a: Mommy|Tyranitar, F|100/100
|move|p2a: Raikou|Thunderbolt|p1a: Mommy
|-damage|p1a: Mommy|52/100
|
|-weather|Sandstorm|[upkeep]
|-damage|p2a: Raikou|57/100|[from] Sandstorm
|-heal|p2a: Raikou|63/100|[from] item: Leftovers
|upkeep
|turn|13
|inactive|salto has 270 seconds left.
|
|t:|1727963854
|switch|p2a: Armaldo|Armaldo, F|100/100
|move|p1a: Mommy|Dragon Dance|p1a: Mommy
|-boost|p1a: Mommy|atk|1
|-boost|p1a: Mommy|spe|1
|
|-weather|Sandstorm|[upkeep]
|upkeep
|turn|14
|inactive|salto has 270 seconds left.
|inactive|pea-kah has 180 seconds left.
|
|t:|1727963895
|move|p1a: Mommy|Rock Slide|p2a: Armaldo
|-supereffective|p2a: Armaldo
|-damage|p2a: Armaldo|0 fnt
|faint|p2a: Armaldo
|
|t:|1727963900
|switch|p2a: Aerodactyl|Aerodactyl, F|100/100
|
|-weather|Sandstorm|[upkeep]
|upkeep
|turn|15
|inactive|pea-kah has 150 seconds left.
|
|t:|1727963931
|switch|p1a: Papi|Gyarados, F|94/100 tox
|-ability|p1a: Papi|Intimidate|boost
|-unboost|p2a: Aerodactyl|atk|1
|move|p2a: Aerodactyl|Earthquake|p1a: Papi
|-immune|p1a: Papi
|
|-weather|Sandstorm|[upkeep]
|-damage|p1a: Papi|88/100 tox|[from] Sandstorm
|-heal|p1a: Papi|94/100 tox|[from] item: Leftovers
|-damage|p1a: Papi|88/100 tox|[from] psn
|upkeep
|turn|16
|
|t:|1727963942
|switch|p2a: Snorlax|Snorlax, F|62/100
|move|p1a: Papi|Dragon Dance|p1a: Papi
|-boost|p1a: Papi|atk|1
|-boost|p1a: Papi|spe|1
|
|-weather|Sandstorm|[upkeep]
|-damage|p1a: Papi|82/100 tox|[from] Sandstorm
|-damage|p2a: Snorlax|56/100|[from] Sandstorm
|-heal|p1a: Papi|88/100 tox|[from] item: Leftovers
|-damage|p1a: Papi|76/100 tox|[from] psn
|-heal|p2a: Snorlax|62/100|[from] item: Leftovers
|upkeep
|turn|17
|inactive|pea-kah has 150 seconds left.
|inactive|pea-kah has 120 seconds left.
|
|t:|1727964007
|move|p1a: Papi|Hidden Power|p2a: Snorlax
|-damage|p2a: Snorlax|18/100
|move|p2a: Snorlax|Self-Destruct|p1a: Papi
|-damage|p1a: Papi|0 fnt
|faint|p2a: Snorlax
|faint|p1a: Papi
|inactive|salto has 270 seconds left.
|inactive|pea-kah has 90 seconds left.
|
|t:|1727964044
|switch|p1a: Cabij|Celebi|21/100
|switch|p2a: Swampert|Swampert, M|53/100
|
|-weather|Sandstorm|[upkeep]
|-damage|p1a: Cabij|15/100|[from] Sandstorm
|-heal|p1a: Cabij|21/100|[from] item: Leftovers
|-heal|p2a: Swampert|59/100|[from] item: Leftovers
|upkeep
|turn|18
|
|t:|1727964055
|switch|p2a: Aerodactyl|Aerodactyl, F|100/100
|move|p1a: Cabij|Leech Seed|p2a: Aerodactyl
|-start|p2a: Aerodactyl|move: Leech Seed
|
|-weather|Sandstorm|[upkeep]
|-damage|p1a: Cabij|15/100|[from] Sandstorm
|-damage|p2a: Aerodactyl|88/100|[from] Leech Seed|[of] p1a: Cabij
|-heal|p1a: Cabij|24/100|[silent]
|-heal|p1a: Cabij|30/100|[from] item: Leftovers
|upkeep
|turn|19
|
|t:|1727964084
|switch|p1a: Nemesis|Magneton|47/100
|move|p2a: Aerodactyl|Double-Edge|p1a: Nemesis
|-resisted|p1a: Nemesis
|-damage|p1a: Nemesis|10/100
|
|-weather|Sandstorm|[upkeep]
|-damage|p2a: Aerodactyl|76/100|[from] Leech Seed|[of] p1a: Nemesis
|-heal|p1a: Nemesis|25/100|[silent]
|-enditem|p1a: Nemesis|Salac Berry|[eat]
|-boost|p1a: Nemesis|spe|1|[from] item: Salac Berry
|upkeep
|turn|20
|inactive|pea-kah has 60 seconds left.
|
|t:|1727964107
|switch|p2a: Tyranitar|Tyranitar, M|100/100
|move|p1a: Nemesis|Thunderbolt|p2a: Tyranitar
|-damage|p2a: Tyranitar|61/100
|
|-weather|Sandstorm|[upkeep]
|-heal|p2a: Tyranitar|68/100|[from] item: Leftovers
|upkeep
|turn|21
|inactive|pea-kah has 60 seconds left.
|inactive|salto has 270 seconds left.
|inactive|pea-kah has 30 seconds left.
|
|t:|1727964146
|move|p1a: Nemesis|Thunderbolt|p2a: Tyranitar
|-damage|p2a: Tyranitar|31/100
|move|p2a: Tyranitar|Crunch|p1a: Nemesis
|-resisted|p1a: Nemesis
|-damage|p1a: Nemesis|0 fnt
|faint|p1a: Nemesis
|inactive|pea-kah has 30 seconds left.
|
|t:|1727964155
|switch|p1a: Milkman|Salamence, M|49/100
|-ability|p1a: Milkman|Intimidate|boost
|-unboost|p2a: Tyranitar|atk|1
|
|-weather|Sandstorm|[upkeep]
|-damage|p1a: Milkman|43/100|[from] Sandstorm
|-heal|p1a: Milkman|49/100|[from] item: Leftovers
|-heal|p2a: Tyranitar|37/100|[from] item: Leftovers
|upkeep
|turn|22
|
|t:|1727964165
|move|p1a: Milkman|Brick Break|p2a: Tyranitar
|-supereffective|p2a: Tyranitar
|-damage|p2a: Tyranitar|0 fnt
|faint|p2a: Tyranitar
|
|t:|1727964169
|switch|p2a: Raikou|Raikou|63/100
|
|-weather|Sandstorm|[upkeep]
|-damage|p2a: Raikou|57/100|[from] Sandstorm
|-damage|p1a: Milkman|43/100|[from] Sandstorm
|-heal|p2a: Raikou|63/100|[from] item: Leftovers
|-heal|p1a: Milkman|49/100|[from] item: Leftovers
|upkeep
|turn|23
|
|t:|1727964181
|switch|p1a: Mommy|Tyranitar, F|52/100
|move|p2a: Raikou|Thunderbolt|p1a: Mommy
|-damage|p1a: Mommy|6/100
|
|-weather|Sandstorm|[upkeep]
|-damage|p2a: Raikou|57/100|[from] Sandstorm
|-heal|p2a: Raikou|63/100|[from] item: Leftovers
|upkeep
|turn|24
|
|t:|1727964196
|move|p2a: Raikou|Thunderbolt|p1a: Mommy
|-damage|p1a: Mommy|0 fnt
|faint|p1a: Mommy
|inactive|pea-kah has 30 seconds left.
|
|t:|1727964207
|switch|p1a: Cabij|Celebi|30/100
|
|-weather|Sandstorm|[upkeep]
|-damage|p2a: Raikou|57/100|[from] Sandstorm
|-damage|p1a: Cabij|24/100|[from] Sandstorm
|-heal|p2a: Raikou|63/100|[from] item: Leftovers
|-heal|p1a: Cabij|30/100|[from] item: Leftovers
|upkeep
|turn|25
|
|t:|1727964214
|move|p2a: Raikou|Thunderbolt|p1a: Cabij
|-resisted|p1a: Cabij
|-damage|p1a: Cabij|12/100
|move|p1a: Cabij|Leech Seed|p2a: Raikou
|-start|p2a: Raikou|move: Leech Seed
|
|-weather|Sandstorm|[upkeep]
|-damage|p2a: Raikou|57/100|[from] Sandstorm
|-damage|p1a: Cabij|5/100|[from] Sandstorm
|-heal|p2a: Raikou|63/100|[from] item: Leftovers
|-damage|p2a: Raikou|50/100|[from] Leech Seed|[of] p1a: Cabij
|-heal|p1a: Cabij|15/100|[silent]
|-heal|p1a: Cabij|22/100|[from] item: Leftovers
|upkeep
|turn|26
|inactive|pea-kah has 30 seconds left.
|
|t:|1727964229
|switch|p2a: Aerodactyl|Aerodactyl, F|76/100
|move|p1a: Cabij|Leech Seed|p2a: Aerodactyl
|-start|p2a: Aerodactyl|move: Leech Seed
|
|-weather|Sandstorm|[upkeep]
|-damage|p1a: Cabij|15/100|[from] Sandstorm
|-damage|p2a: Aerodactyl|64/100|[from] Leech Seed|[of] p1a: Cabij
|-heal|p1a: Cabij|25/100|[silent]
|-heal|p1a: Cabij|31/100|[from] item: Leftovers
|upkeep
|turn|27
|inactive|pea-kah has 30 seconds left.
|inactive|pea-kah has 20 seconds left.
|
|t:|1727964250
|move|p2a: Aerodactyl|Double-Edge|p1a: Cabij
|-damage|p1a: Cabij|0 fnt
|faint|p1a: Cabij
|inactive|pea-kah has 25 seconds left this turn.
|
|t:|1727964254
|switch|p1a: BOOM?|Metagross|100/100
|
|-weather|Sandstorm|[upkeep]
|-damage|p2a: Aerodactyl|51/100|[from] Leech Seed|[of] p1a: BOOM?
|upkeep
|turn|28
|inactive|pea-kah has 30 seconds left.
|
|t:|1727964263
|switch|p2a: Swampert|Swampert, M|59/100
|move|p1a: BOOM?|Meteor Mash|p2a: Swampert
|-resisted|p2a: Swampert
|-damage|p2a: Swampert|31/100
|
|-weather|Sandstorm|[upkeep]
|-heal|p2a: Swampert|37/100|[from] item: Leftovers
|upkeep
|turn|29
|
|t:|1727964271
|move|p2a: Swampert|Protect|p2a: Swampert
|-singleturn|p2a: Swampert|Protect
|move|p1a: BOOM?|Meteor Mash|p2a: Swampert
|-activate|p2a: Swampert|Protect
|
|-weather|Sandstorm|[upkeep]
|-heal|p2a: Swampert|43/100|[from] item: Leftovers
|upkeep
|turn|30
|
|t:|1727964276
|move|p1a: BOOM?|Meteor Mash|p2a: Swampert
|-resisted|p2a: Swampert
|-damage|p2a: Swampert|14/100
|move|p2a: Swampert|Surf|p1a: BOOM?
|-damage|p1a: BOOM?|55/100
|
|-weather|Sandstorm|[upkeep]
|-heal|p2a: Swampert|20/100|[from] item: Leftovers
|upkeep
|turn|31
|inactive|salto has 270 seconds left.
|
|t:|1727964315
|move|p2a: Swampert|Protect|p2a: Swampert
|-singleturn|p2a: Swampert|Protect
|move|p1a: BOOM?|Meteor Mash|p2a: Swampert
|-activate|p2a: Swampert|Protect
|
|-weather|Sandstorm|[upkeep]
|-heal|p2a: Swampert|26/100|[from] item: Leftovers
|upkeep
|turn|32
|inactive|salto has 270 seconds left.
|
|t:|1727964321
|move|p1a: BOOM?|Meteor Mash|p2a: Swampert
|-resisted|p2a: Swampert
|-damage|p2a: Swampert|0 fnt
|faint|p2a: Swampert
|
|t:|1727964323
|switch|p2a: Aerodactyl|Aerodactyl, F|51/100
|
|-weather|Sandstorm|[upkeep]
|upkeep
|turn|33
|
|t:|1727964328
|move|p2a: Aerodactyl|Double-Edge|p1a: BOOM?
|-resisted|p1a: BOOM?
|-damage|p1a: BOOM?|32/100
|move|p1a: BOOM?|Meteor Mash|p2a: Aerodactyl
|-supereffective|p2a: Aerodactyl
|-damage|p2a: Aerodactyl|0 fnt
|faint|p2a: Aerodactyl
|
|t:|1727964331
|switch|p2a: Raikou|Raikou|50/100
|
|-weather|Sandstorm|[upkeep]
|-damage|p2a: Raikou|44/100|[from] Sandstorm
|-heal|p2a: Raikou|50/100|[from] item: Leftovers
|upkeep
|turn|34
|
|t:|1727964336
|move|p2a: Raikou|Thunderbolt|p1a: BOOM?
|-damage|p1a: BOOM?|0 fnt
|faint|p1a: BOOM?
|
|t:|1727964346
|switch|p1a: Milkman|Salamence, M|49/100
|-ability|p1a: Milkman|Intimidate|boost
|-unboost|p2a: Raikou|atk|1
|
|-weather|Sandstorm|[upkeep]
|-damage|p2a: Raikou|44/100|[from] Sandstorm
|-damage|p1a: Milkman|43/100|[from] Sandstorm
|-heal|p2a: Raikou|50/100|[from] item: Leftovers
|-heal|p1a: Milkman|49/100|[from] item: Leftovers
|upkeep
|turn|35
|c|☆salto|gg
|
|t:|1727964366
|move|p2a: Raikou|Thunderbolt|p1a: Milkman
|-damage|p1a: Milkman|0 fnt
|faint|p1a: Milkman
|
|win|salto
|c|☆salto|that celebi put in work
|c|☆pea-kah|gg
|c|☆pea-kah|close again!
|c|☆salto|very much so

</script>
<script type="application/json" class="data" id="replaydata-smogtours-gen3ou-794213">
{"id":"smogtours-gen3ou-794213","format":"[Gen 3] OU","players":["pea-kah","salto"],"uploadtime":1727964366,"views":100,"formatid":"gen3ou","rating":null,"private":0,"password":null}
</script>

<script defer src="js/replays.js?9d40a366"></script>
