<!DOCTYPE html>
<meta charset="utf-8" />
<meta name="viewport" content="width=device-width" />

<title>[Gen 3] OU: niartvco vs. TheLargestLad - Replays - Pok&eacute;mon Showdown!</title>

<meta name="description" content="Watch a replay of a Pok&eacute;mon battle between niartvco and TheLargestLad! Format: [Gen 3] OU; Date: Oct 8, 2024" />
<!--

Hey, you! Looking in the source for the replay log?

You can find them in JSON format, just add `.json` at the end of a replay URL.

https://replay.pokemonshowdown.com/gen7randomdoublesbattle-865046831.json

Or, if you only need the log itself, add `.log` instead:

https://replay.pokemonshowdown.com/gen7randomdoublesbattle-865046831.log

-->

<link rel="stylesheet" href="//pokemonshowdown.com/style/global.css?0.767286132409787" />
<link rel="stylesheet" href="//play.pokemonshowdown.com/style/font-awesome.css?0.9266228007934947" />
<link rel="stylesheet" href="//play.pokemonshowdown.com/style/battle.css?0.7924700842790926" />
<link rel="stylesheet" href="//play.pokemonshowdown.com/style/utilichart.css?0.8777417872839479" />

<!-- Global site tag (gtag.js) - Google Analytics -->
<script async src="https://www.googletagmanager.com/gtag/js?id=UA-26211653-1"></script>
<script>
  window.dataLayer = window.dataLayer || [];
  function gtag(){dataLayer.push(arguments);}
  gtag('js', new Date());

  gtag('config', 'UA-26211653-1');
</script>
<!-- End Google Analytics -->
<!-- Venatus Ad Manager - Install in <HEAD> of page -->
	<script src="https://hb.vntsm.com/v3/live/ad-manager.min.js" type="text/javascript" data-site-id="642aba63ec9a7b11c3c9c1be" data-mode="scan" async></script>
<!-- / Venatus Ad Manager -->

<style>
	@media (max-width:820px) {
		.battle {
			margin: 0 auto;
		}
		.battle-log {
			margin: 7px auto 0;
			max-width: 640px;
			height: 300px;
			position: static;
		}
	}
	.optgroup {
		display: inline-block;
		line-height: 22px;
		font-size: 10pt;
	}
	.optgroup .button {
		height: 25px;
		padding-top: 0;
		padding-bottom: 0;
	}
	.optgroup button.button {
		padding-left: 12px;
		padding-right: 12px;
	}
	.linklist {
		list-style: none;
		margin: 0.5em 0;
		padding: 0;
	}
	.linklist li {
		padding: 2px 0;
	}
	.sidebar {
		float: left;
		width: 320px;
	}
	.bar-wrapper {
		max-width: 1100px;
		margin: 0 auto;
	}
	.bar-wrapper.has-sidebar {
		max-width: 1430px;
	}
	.mainbar {
		margin: 0;
		padding-right: 1px;
	}
	.mainbar.has-sidebar {
		margin-left: 330px;
	}
	@media (min-width: 1511px) {
		.sidebar {
			width: 400px;
		}
		.bar-wrapper.has-sidebar {
			max-width: 1510px;
		}
		.mainbar.has-sidebar {
			margin-left: 410px;
		}
	}
	.section.first-section {
		margin-top: 9px;
	}
	.blocklink small {
		white-space: normal;
	}
	.button {
		vertical-align: middle;
	}
	.replay-controls {
		padding-top: 10px;
	}
	.replay-controls h1 {
		font-size: 16pt;
		font-weight: normal;
		color: #CCC;
	}
	.pagelink {
		text-align: center;
	}
	.pagelink a {
		width: 150px;
	}
	.textbox, .button {
		font-size: 11pt;
		vertical-align: middle;
	}
	@media (max-width: 450px) {
		.button {
			font-size: 9pt;
		}
	}
</style>

<div>

	<header>
		<div class="nav-wrapper"><ul class="nav">
			<li><a class="button nav-first" href="//pokemonshowdown.com/"><img src="//pokemonshowdown.com/images/pokemonshowdownbeta.png" srcset="//pokemonshowdown.com/images/pokemonshowdownbeta.png 1x, //pokemonshowdown.com/images/pokemonshowdownbeta@2x.png 2x" alt="Pok&eacute;mon Showdown" width="146" height="44" /> Home</a></li>
			<li><a class="button" href="//pokemonshowdown.com/dex/">Pok&eacute;dex</a></li>
			<li><a class="button cur" href="/">Replays</a></li>
			<li><a class="button" href="//pokemonshowdown.com/ladder/">Ladder</a></li>
			<li><a class="button nav-last" href="//pokemonshowdown.com/forums/">Forum</a></li>
			<li><a class="button greenbutton nav-first nav-last" href="//play.pokemonshowdown.com/">Play</a></li>
		</ul></div>
	</header>

	<div class="main" id="main">

		<noscript><section class="section">You need to enable JavaScript to use this page; sorry!</section></noscript>

	</div>

</div>

<script defer nomodule src="//play.pokemonshowdown.com/js/lib/ps-polyfill.js"></script>
<script defer src="//play.pokemonshowdown.com/js/lib/preact.min.js"></script>

<script defer src="//play.pokemonshowdown.com/config/config.js?6dec07f6"></script>
<script defer src="//play.pokemonshowdown.com/js/lib/jquery-1.11.0.min.js"></script>
<script defer src="//play.pokemonshowdown.com/js/lib/html-sanitizer-minified.js"></script>
<script defer src="//play.pokemonshowdown.com/js/battle-sound.js"></script>
<script defer src="//play.pokemonshowdown.com/js/battledata.js?0.6315294753075389"></script>
<script defer src="//play.pokemonshowdown.com/data/pokedex-mini.js?0.7603743185311358"></script>
<script defer src="//play.pokemonshowdown.com/data/pokedex-mini-bw.js?0.030888842834281283"></script>
<script defer src="//play.pokemonshowdown.com/data/graphics.js?0.05593094747507488"></script>
<script defer src="//play.pokemonshowdown.com/data/pokedex.js?0.47064822249611904"></script>
<script defer src="//play.pokemonshowdown.com/data/moves.js?0.8583693120512459"></script>
<script defer src="//play.pokemonshowdown.com/data/abilities.js?0.16017181182386842"></script>
<script defer src="//play.pokemonshowdown.com/data/items.js?0.4163379185673943"></script>
<script defer src="//play.pokemonshowdown.com/data/teambuilder-tables.js?0.31075597372830477"></script>
<script defer src="//play.pokemonshowdown.com/js/battle-tooltips.js?0.6536193500708172"></script>
<script defer src="//play.pokemonshowdown.com/js/battle.js?0.1916591943277901"></script>

<script defer src="js/utils.js?e31f9a17"></script>
<script defer src="js/replays-battle.js?7008c182"></script>

<!-- don't scrape this data! just add .json or .log after the URL!
Full API docs: https://github.com/smogon/pokemon-showdown-client/blob/master/WEB-API.md -->
<script type="text/plain" class="log" id="replaylog-smogtours-gen3ou-796406">
|inactive|Battle timer is ON: inactive players will automatically lose when time's up.
|t:|1728407750
|gametype|singles
|player|p1|niartvco|lucas|
|player|p2|TheLargestLad|kofu|
|teamsize|p1|6
|teamsize|p2|6
|gen|3
|tier|[Gen 3] OU
|rule|Sleep Clause Mod: Limit one foe put to sleep
|rule|Switch Priority Clause Mod: Faster Pokémon switch first
|rule|Species Clause: Limit one of each Pokémon
|rule|OHKO Clause: OHKO moves are banned
|rule|Evasion Items Clause: Evasion items are banned
|rule|Evasion Moves Clause: Evasion moves are banned
|rule|Endless Battle Clause: Forcing endless battles is banned
|rule|HP Percentage Mod: HP is shown in percentages
|rule|One Boost Passer Clause: Limit one Baton Passer that has a way to boost its stats
|rule|Freeze Clause Mod: Limit one foe frozen
|
|t:|1728407750
|start
|switch|p1a: Salamence|Salamence, M|100/100
|switch|p2a: SogDog|Suicune|100/100
|-ability|p1a: Salamence|Intimidate|boost
|-unboost|p2a: SogDog|atk|1
|turn|1
|c|☆niartvco|hf
|
|t:|1728407766
|switch|p1a: Suicune|Suicune|100/100
|move|p2a: SogDog|Ice Beam|p1a: Suicune
|-resisted|p1a: Suicune
|-damage|p1a: Suicune|91/100
|
|-heal|p1a: Suicune|97/100|[from] item: Leftovers
|upkeep
|turn|2
|
|t:|1728407771
|move|p2a: SogDog|Roar|p1a: Suicune
|drag|p1a: Dugtrio|Dugtrio, F|100/100
|
|upkeep
|turn|3
|
|t:|1728407780
|switch|p1a: Suicune|Suicune|97/100
|move|p2a: SogDog|Calm Mind|p2a: SogDog
|-boost|p2a: SogDog|spa|1
|-boost|p2a: SogDog|spd|1
|
|-heal|p1a: Suicune|100/100|[from] item: Leftovers
|upkeep
|turn|4
|
|t:|1728407783
|move|p2a: SogDog|Surf|p1a: Suicune
|-resisted|p1a: Suicune
|-damage|p1a: Suicune|76/100
|move|p1a: Suicune|Roar|p2a: SogDog
|drag|p2a: Soil Enthusiast|Tyranitar, F|100/100
|-weather|Sandstorm|[from] ability: Sand Stream|[of] p2a: Soil Enthusiast
|
|-weather|Sandstorm|[upkeep]
|-damage|p1a: Suicune|70/100|[from] Sandstorm
|-heal|p1a: Suicune|76/100|[from] item: Leftovers
|upkeep
|turn|5
|
|t:|1728407789
|switch|p2a: Onyon|Celebi|100/100
|move|p1a: Suicune|Roar|p2a: Onyon
|drag|p2a: Gamerchair|Swampert, M|100/100
|
|-weather|Sandstorm|[upkeep]
|-damage|p1a: Suicune|70/100|[from] Sandstorm
|-heal|p1a: Suicune|76/100|[from] item: Leftovers
|upkeep
|turn|6
|
|t:|1728407803
|switch|p2a: The Zappening|Zapdos|100/100
|move|p1a: Suicune|Roar|p2a: The Zappening
|drag|p2a: SogDog|Suicune|100/100
|
|-weather|Sandstorm|[upkeep]
|-damage|p2a: SogDog|95/100|[from] Sandstorm
|-damage|p1a: Suicune|70/100|[from] Sandstorm
|-heal|p2a: SogDog|100/100|[from] item: Leftovers
|-heal|p1a: Suicune|76/100|[from] item: Leftovers
|upkeep
|turn|7
|
|t:|1728407810
|move|p2a: SogDog|Roar|p1a: Suicune
|drag|p1a: Miltank|Miltank, F|100/100
|
|-weather|Sandstorm|[upkeep]
|-damage|p1a: Miltank|94/100|[from] Sandstorm
|-damage|p2a: SogDog|95/100|[from] Sandstorm
|-heal|p2a: SogDog|100/100|[from] item: Leftovers
|-heal|p1a: Miltank|100/100|[from] item: Leftovers
|upkeep
|turn|8
|
|t:|1728407815
|move|p1a: Miltank|Body Slam|p2a: SogDog
|-damage|p2a: SogDog|81/100
|move|p2a: SogDog|Surf|p1a: Miltank
|-damage|p1a: Miltank|63/100
|
|-weather|Sandstorm|[upkeep]
|-damage|p2a: SogDog|75/100|[from] Sandstorm
|-damage|p1a: Miltank|57/100|[from] Sandstorm
|-heal|p2a: SogDog|81/100|[from] item: Leftovers
|-heal|p1a: Miltank|63/100|[from] item: Leftovers
|upkeep
|turn|9
|
|t:|1728407822
|switch|p2a: Onyon|Celebi|100/100
|move|p1a: Miltank|Body Slam|p2a: Onyon
|-damage|p2a: Onyon|80/100
|-status|p2a: Onyon|par
|
|-weather|Sandstorm|[upkeep]
|-damage|p1a: Miltank|57/100|[from] Sandstorm
|-damage|p2a: Onyon|74/100 par|[from] Sandstorm
|-heal|p1a: Miltank|63/100|[from] item: Leftovers
|-heal|p2a: Onyon|80/100 par|[from] item: Leftovers
|upkeep
|turn|10
|
|t:|1728407827
|move|p1a: Miltank|Milk Drink|p1a: Miltank
|-heal|p1a: Miltank|100/100
|cant|p2a: Onyon|par
|
|-weather|Sandstorm|[upkeep]
|-damage|p1a: Miltank|94/100|[from] Sandstorm
|-damage|p2a: Onyon|74/100 par|[from] Sandstorm
|-heal|p1a: Miltank|100/100|[from] item: Leftovers
|-heal|p2a: Onyon|80/100 par|[from] item: Leftovers
|upkeep
|turn|11
|
|t:|1728407833
|move|p1a: Miltank|Curse|p1a: Miltank
|-unboost|p1a: Miltank|spe|1
|-boost|p1a: Miltank|atk|1
|-boost|p1a: Miltank|def|1
|cant|p2a: Onyon|par
|
|-weather|Sandstorm|[upkeep]
|-damage|p1a: Miltank|94/100|[from] Sandstorm
|-damage|p2a: Onyon|74/100 par|[from] Sandstorm
|-heal|p1a: Miltank|100/100|[from] item: Leftovers
|-heal|p2a: Onyon|80/100 par|[from] item: Leftovers
|upkeep
|turn|12
|
|t:|1728407838
|-curestatus|p2a: Onyon|par|[from] ability: Natural Cure
|switch|p2a: SogDog|Suicune|81/100
|move|p1a: Miltank|Body Slam|p2a: SogDog
|-damage|p2a: SogDog|50/100
|
|-weather|Sandstorm|[upkeep]
|-damage|p2a: SogDog|44/100|[from] Sandstorm
|-damage|p1a: Miltank|94/100|[from] Sandstorm
|-heal|p2a: SogDog|50/100|[from] item: Leftovers
|-heal|p1a: Miltank|100/100|[from] item: Leftovers
|upkeep
|turn|13
|
|t:|1728407842
|move|p1a: Miltank|Body Slam|p2a: SogDog
|-damage|p2a: SogDog|18/100
|move|p2a: SogDog|Roar|p1a: Miltank
|drag|p1a: Suicune|Suicune|76/100
|
|-weather|Sandstorm|[upkeep]
|-damage|p2a: SogDog|12/100|[from] Sandstorm
|-damage|p1a: Suicune|70/100|[from] Sandstorm
|-heal|p2a: SogDog|18/100|[from] item: Leftovers
|-heal|p1a: Suicune|76/100|[from] item: Leftovers
|upkeep
|turn|14
|
|t:|1728407849
|switch|p1a: Dugtrio|Dugtrio, F|100/100
|move|p2a: SogDog|Roar|p1a: Dugtrio
|drag|p1a: Miltank|Miltank, F|100/100
|
|-weather|Sandstorm|[upkeep]
|-damage|p1a: Miltank|94/100|[from] Sandstorm
|-damage|p2a: SogDog|12/100|[from] Sandstorm
|-heal|p1a: Miltank|100/100|[from] item: Leftovers
|-heal|p2a: SogDog|18/100|[from] item: Leftovers
|upkeep
|turn|15
|
|t:|1728407856
|move|p1a: Miltank|Body Slam|p2a: SogDog
|-damage|p2a: SogDog|0 fnt
|faint|p2a: SogDog
|
|t:|1728407860
|switch|p2a: Starbaby|Jirachi|100/100
|
|-weather|Sandstorm|[upkeep]
|-damage|p1a: Miltank|94/100|[from] Sandstorm
|-heal|p1a: Miltank|100/100|[from] item: Leftovers
|upkeep
|turn|16
|
|t:|1728407868
|switch|p1a: Magneton|Magneton|100/100
|move|p2a: Starbaby|Substitute|p2a: Starbaby
|-start|p2a: Starbaby|Substitute
|-damage|p2a: Starbaby|75/100
|
|-weather|Sandstorm|[upkeep]
|-heal|p2a: Starbaby|82/100|[from] item: Leftovers
|upkeep
|turn|17
|
|t:|1728407871
|move|p2a: Starbaby|Calm Mind|p2a: Starbaby
|-boost|p2a: Starbaby|spa|1
|-boost|p2a: Starbaby|spd|1
|move|p1a: Magneton|Thunderbolt|p2a: Starbaby
|-end|p2a: Starbaby|Substitute
|
|-weather|Sandstorm|[upkeep]
|-heal|p2a: Starbaby|88/100|[from] item: Leftovers
|upkeep
|turn|18
|
|t:|1728407875
|move|p2a: Starbaby|Calm Mind|p2a: Starbaby
|-boost|p2a: Starbaby|spa|1
|-boost|p2a: Starbaby|spd|1
|move|p1a: Magneton|Thunderbolt|p2a: Starbaby
|-damage|p2a: Starbaby|62/100
|
|-weather|Sandstorm|[upkeep]
|-heal|p2a: Starbaby|68/100|[from] item: Leftovers
|upkeep
|turn|19
|
|t:|1728407885
|switch|p1a: Salamence|Salamence, M|100/100
|-ability|p1a: Salamence|Intimidate|boost
|-unboost|p2a: Starbaby|atk|1
|move|p2a: Starbaby|Substitute|p2a: Starbaby
|-start|p2a: Starbaby|Substitute
|-damage|p2a: Starbaby|43/100
|
|-weather|Sandstorm|[upkeep]
|-damage|p1a: Salamence|94/100|[from] Sandstorm
|-heal|p2a: Starbaby|49/100|[from] item: Leftovers
|upkeep
|turn|20
|
|t:|1728407888
|move|p1a: Salamence|Earthquake|p2a: Starbaby
|-supereffective|p2a: Starbaby
|-end|p2a: Starbaby|Substitute
|move|p2a: Starbaby|Thunderbolt|p1a: Salamence
|-damage|p1a: Salamence|28/100
|
|-weather|Sandstorm|[upkeep]
|-damage|p1a: Salamence|22/100|[from] Sandstorm
|-heal|p2a: Starbaby|55/100|[from] item: Leftovers
|upkeep
|turn|21
|
|t:|1728407899
|switch|p1a: Magneton|Magneton|100/100
|switch|p2a: The Zappening|Zapdos|100/100
|
|-weather|Sandstorm|[upkeep]
|-damage|p2a: The Zappening|94/100|[from] Sandstorm
|-heal|p2a: The Zappening|100/100|[from] item: Leftovers
|upkeep
|turn|22
|
|t:|1728407904
|switch|p2a: Onyon|Celebi|80/100
|move|p1a: Magneton|Thunderbolt|p2a: Onyon
|-resisted|p2a: Onyon
|-damage|p2a: Onyon|56/100
|-status|p2a: Onyon|par
|
|-weather|Sandstorm|[upkeep]
|-damage|p2a: Onyon|50/100 par|[from] Sandstorm
|-heal|p2a: Onyon|56/100 par|[from] item: Leftovers
|upkeep
|turn|23
|
|t:|1728407907
|move|p1a: Magneton|Hidden Power|p2a: Onyon
|-supereffective|p2a: Onyon
|-damage|p2a: Onyon|13/100 par
|move|p2a: Onyon|Baton Pass|p2a: Onyon
|
|t:|1728407913
|-curestatus|p2a: Onyon|par|[from] ability: Natural Cure
|switch|p2a: Gamerchair|Swampert, M|100/100|[from] Baton Pass
|
|-weather|Sandstorm|[upkeep]
|upkeep
|turn|24
|
|t:|1728407924
|-singleturn|p2a: Gamerchair|move: Focus Punch
|switch|p1a: Umbreon|Umbreon, M|100/100
|move|p2a: Gamerchair|Focus Punch|p1a: Umbreon
|-supereffective|p1a: Umbreon
|-damage|p1a: Umbreon|49/100
|
|-weather|Sandstorm|[upkeep]
|-damage|p1a: Umbreon|43/100|[from] Sandstorm
|-heal|p1a: Umbreon|49/100|[from] item: Leftovers
|upkeep
|turn|25
|
|t:|1728407938
|move|p2a: Gamerchair|Surf|p1a: Umbreon
|-damage|p1a: Umbreon|27/100
|move|p1a: Umbreon|Wish|p1a: Umbreon
|
|-weather|Sandstorm|[upkeep]
|-damage|p1a: Umbreon|21/100|[from] Sandstorm
|-heal|p1a: Umbreon|27/100|[from] item: Leftovers
|upkeep
|turn|26
|
|t:|1728407946
|-singleturn|p2a: Gamerchair|move: Focus Punch
|move|p1a: Umbreon|Protect|p1a: Umbreon
|-singleturn|p1a: Umbreon|Protect
|move|p2a: Gamerchair|Focus Punch|p1a: Umbreon
|-activate|p1a: Umbreon|Protect
|
|-heal|p1a: Umbreon|77/100|[from] move: Wish|[wisher] Umbreon
|-weather|Sandstorm|[upkeep]
|-damage|p1a: Umbreon|71/100|[from] Sandstorm
|-heal|p1a: Umbreon|77/100|[from] item: Leftovers
|upkeep
|turn|27
|
|t:|1728407950
|-singleturn|p2a: Gamerchair|move: Focus Punch
|move|p1a: Umbreon|Wish|p1a: Umbreon
|move|p2a: Gamerchair|Focus Punch|p1a: Umbreon
|-supereffective|p1a: Umbreon
|-damage|p1a: Umbreon|24/100
|
|-weather|Sandstorm|[upkeep]
|-damage|p1a: Umbreon|18/100|[from] Sandstorm
|-heal|p1a: Umbreon|24/100|[from] item: Leftovers
|upkeep
|turn|28
|
|t:|1728407960
|switch|p1a: Suicune|Suicune|76/100
|move|p2a: Gamerchair|Substitute|p2a: Gamerchair
|-start|p2a: Gamerchair|Substitute
|-damage|p2a: Gamerchair|75/100
|
|-heal|p1a: Suicune|100/100|[from] move: Wish|[wisher] Umbreon
|-weather|Sandstorm|[upkeep]
|-damage|p1a: Suicune|94/100|[from] Sandstorm
|-heal|p1a: Suicune|100/100|[from] item: Leftovers
|-heal|p2a: Gamerchair|82/100|[from] item: Leftovers
|upkeep
|turn|29
|
|t:|1728407965
|-singleturn|p2a: Gamerchair|move: Focus Punch
|move|p1a: Suicune|Calm Mind|p1a: Suicune
|-boost|p1a: Suicune|spa|1
|-boost|p1a: Suicune|spd|1
|move|p2a: Gamerchair|Focus Punch|p1a: Suicune
|-damage|p1a: Suicune|77/100
|
|-weather|Sandstorm|[upkeep]
|-damage|p1a: Suicune|71/100|[from] Sandstorm
|-heal|p1a: Suicune|77/100|[from] item: Leftovers
|-heal|p2a: Gamerchair|88/100|[from] item: Leftovers
|upkeep
|turn|30
|
|t:|1728407969
|-singleturn|p2a: Gamerchair|move: Focus Punch
|move|p2a: Gamerchair|Focus Punch|p1a: Suicune
|-damage|p1a: Suicune|57/100
|move|p1a: Suicune|Roar|p2a: Gamerchair
|drag|p2a: Onyon|Celebi|13/100
|
|-weather|Sandstorm|[upkeep]
|-damage|p2a: Onyon|6/100|[from] Sandstorm
|-damage|p1a: Suicune|51/100|[from] Sandstorm
|-heal|p2a: Onyon|13/100|[from] item: Leftovers
|-heal|p1a: Suicune|57/100|[from] item: Leftovers
|upkeep
|turn|31
|
|t:|1728407973
|switch|p1a: Dugtrio|Dugtrio, F|100/100
|move|p2a: Onyon|Psychic|p1a: Dugtrio
|-damage|p1a: Dugtrio|40/100
|
|-weather|Sandstorm|[upkeep]
|-damage|p2a: Onyon|6/100|[from] Sandstorm
|-heal|p2a: Onyon|13/100|[from] item: Leftovers
|upkeep
|turn|32
|
|t:|1728407977
|move|p1a: Dugtrio|Hidden Power|p2a: Onyon
|-supereffective|p2a: Onyon
|-damage|p2a: Onyon|0 fnt
|faint|p2a: Onyon
|
|t:|1728407980
|switch|p2a: The Zappening|Zapdos|100/100
|
|-weather|Sandstorm|[upkeep]
|-damage|p2a: The Zappening|94/100|[from] Sandstorm
|-heal|p2a: The Zappening|100/100|[from] item: Leftovers
|upkeep
|turn|33
|
|t:|1728407993
|switch|p1a: Umbreon|Umbreon, M|24/100
|move|p2a: The Zappening|Thunderbolt|p1a: Umbreon
|-damage|p1a: Umbreon|0 fnt
|faint|p1a: Umbreon
|
|t:|1728407997
|switch|p1a: Magneton|Magneton|100/100
|
|-weather|Sandstorm|[upkeep]
|-damage|p2a: The Zappening|94/100|[from] Sandstorm
|-heal|p2a: The Zappening|100/100|[from] item: Leftovers
|upkeep
|turn|34
|
|t:|1728408014
|switch|p2a: Gamerchair|Swampert, M|88/100
|move|p1a: Magneton|Toxic|p2a: Gamerchair
|-status|p2a: Gamerchair|tox
|
|-weather|Sandstorm|[upkeep]
|-heal|p2a: Gamerchair|94/100 tox|[from] item: Leftovers
|-damage|p2a: Gamerchair|88/100 tox|[from] psn
|upkeep
|turn|35
|
|t:|1728408019
|move|p1a: Magneton|Protect|p1a: Magneton
|-singleturn|p1a: Magneton|Protect
|move|p2a: Gamerchair|Surf|p1a: Magneton
|-activate|p1a: Magneton|Protect
|
|-weather|Sandstorm|[upkeep]
|-heal|p2a: Gamerchair|94/100 tox|[from] item: Leftovers
|-damage|p2a: Gamerchair|82/100 tox|[from] psn
|upkeep
|turn|36
|
|t:|1728408037
|-singleturn|p2a: Gamerchair|move: Focus Punch
|switch|p1a: Suicune|Suicune|57/100
|move|p2a: Gamerchair|Focus Punch|p1a: Suicune
|-damage|p1a: Suicune|36/100
|
|-weather|Sandstorm|[upkeep]
|-damage|p1a: Suicune|30/100|[from] Sandstorm
|-heal|p1a: Suicune|36/100|[from] item: Leftovers
|-heal|p2a: Gamerchair|88/100 tox|[from] item: Leftovers
|-damage|p2a: Gamerchair|69/100 tox|[from] psn
|upkeep
|turn|37
|
|t:|1728408042
|switch|p2a: The Zappening|Zapdos|100/100
|move|p1a: Suicune|Rest|p1a: Suicune
|-status|p1a: Suicune|slp|[from] move: Rest
|-heal|p1a: Suicune|100/100 slp|[silent]
|
|-weather|Sandstorm|[upkeep]
|-damage|p2a: The Zappening|94/100|[from] Sandstorm
|-damage|p1a: Suicune|94/100 slp|[from] Sandstorm
|-heal|p2a: The Zappening|100/100|[from] item: Leftovers
|-heal|p1a: Suicune|100/100 slp|[from] item: Leftovers
|upkeep
|turn|38
|inactive|niartvco has 270 seconds left.
|inactive|niartvco has 240 seconds left.
|
|t:|1728408103
|switch|p1a: Magneton|Magneton|100/100
|move|p2a: The Zappening|Thunderbolt|p1a: Magneton
|-resisted|p1a: Magneton
|-damage|p1a: Magneton|51/100
|
|-weather|Sandstorm|[upkeep]
|-damage|p2a: The Zappening|94/100|[from] Sandstorm
|-heal|p2a: The Zappening|100/100|[from] item: Leftovers
|upkeep
|turn|39
|inactive|niartvco has 240 seconds left.
|
|t:|1728408117
|switch|p2a: Soil Enthusiast|Tyranitar, F|100/100
|move|p1a: Magneton|Toxic|p2a: Soil Enthusiast
|-status|p2a: Soil Enthusiast|tox
|
|-weather|Sandstorm|[upkeep]
|-damage|p2a: Soil Enthusiast|94/100 tox|[from] psn
|upkeep
|turn|40
|inactive|niartvco has 240 seconds left.
|
|t:|1728408128
|move|p1a: Magneton|Protect|p1a: Magneton
|-singleturn|p1a: Magneton|Protect
|move|p2a: Soil Enthusiast|Earthquake|p1a: Magneton
|-activate|p1a: Magneton|Protect
|
|-weather|Sandstorm|[upkeep]
|-heal|p2a: Soil Enthusiast|100/100 tox|[from] item: Leftovers
|-damage|p2a: Soil Enthusiast|88/100 tox|[from] psn
|upkeep
|turn|41
|
|t:|1728408133
|-singleturn|p2a: Soil Enthusiast|move: Focus Punch
|switch|p1a: Miltank|Miltank, F|100/100
|move|p2a: Soil Enthusiast|Focus Punch|p1a: Miltank
|-supereffective|p1a: Miltank
|-damage|p1a: Miltank|5/100
|
|-weather|Sandstorm|[upkeep]
|-damage|p1a: Miltank|0 fnt|[from] Sandstorm
|faint|p1a: Miltank
|-heal|p2a: Soil Enthusiast|94/100 tox|[from] item: Leftovers
|-damage|p2a: Soil Enthusiast|76/100 tox|[from] psn
|upkeep
|
|t:|1728408138
|switch|p1a: Dugtrio|Dugtrio, F|40/100
|turn|42
|
|t:|1728408145
|move|p1a: Dugtrio|Earthquake|p2a: Soil Enthusiast
|-supereffective|p2a: Soil Enthusiast
|-damage|p2a: Soil Enthusiast|0 fnt
|faint|p2a: Soil Enthusiast
|
|t:|1728408148
|switch|p2a: The Zappening|Zapdos|100/100
|
|-weather|Sandstorm|[upkeep]
|-damage|p2a: The Zappening|94/100|[from] Sandstorm
|-heal|p2a: The Zappening|100/100|[from] item: Leftovers
|upkeep
|turn|43
|inactive|niartvco has 270 seconds left.
|inactive|niartvco has 240 seconds left.
|
|t:|1728408199
|switch|p1a: Suicune|Suicune|100/100 slp
|move|p2a: The Zappening|Thunderbolt|p1a: Suicune
|-supereffective|p1a: Suicune
|-damage|p1a: Suicune|18/100 slp
|
|-weather|Sandstorm|[upkeep]
|-damage|p2a: The Zappening|94/100|[from] Sandstorm
|-damage|p1a: Suicune|12/100 slp|[from] Sandstorm
|-heal|p2a: The Zappening|100/100|[from] item: Leftovers
|-heal|p1a: Suicune|18/100 slp|[from] item: Leftovers
|upkeep
|turn|44
|
|t:|1728408208
|move|p2a: The Zappening|Thunderbolt|p1a: Suicune
|-supereffective|p1a: Suicune
|-damage|p1a: Suicune|0 fnt
|faint|p1a: Suicune
|
|t:|1728408215
|switch|p1a: Salamence|Salamence, M|22/100
|-ability|p1a: Salamence|Intimidate|boost
|-unboost|p2a: The Zappening|atk|1
|
|-weather|Sandstorm|[upkeep]
|-damage|p1a: Salamence|16/100|[from] Sandstorm
|-damage|p2a: The Zappening|94/100|[from] Sandstorm
|-heal|p2a: The Zappening|100/100|[from] item: Leftovers
|upkeep
|turn|45
|inactive|niartvco has 240 seconds left.
|
|t:|1728408220
|switch|p1a: Dugtrio|Dugtrio, F|40/100
|switch|p2a: Gamerchair|Swampert, M|69/100 tox
|
|-weather|Sandstorm|[upkeep]
|-heal|p2a: Gamerchair|75/100 tox|[from] item: Leftovers
|-damage|p2a: Gamerchair|69/100 tox|[from] psn
|upkeep
|turn|46
|inactive|niartvco has 240 seconds left.
|inactive|niartvco has 210 seconds left.
|inactive|niartvco has 180 seconds left.
|
|t:|1728408293
|move|p1a: Dugtrio|Earthquake|p2a: Gamerchair
|-damage|p2a: Gamerchair|14/100 tox
|move|p2a: Gamerchair|Surf|p1a: Dugtrio
|-supereffective|p1a: Dugtrio
|-damage|p1a: Dugtrio|0 fnt
|faint|p1a: Dugtrio
|inactive|niartvco has 180 seconds left.
|inactive|niartvco has 150 seconds left.
|
|t:|1728408334
|switch|p1a: Magneton|Magneton|51/100
|
|-weather|Sandstorm|[upkeep]
|-heal|p2a: Gamerchair|20/100 tox|[from] item: Leftovers
|-damage|p2a: Gamerchair|8/100 tox|[from] psn
|upkeep
|turn|47
|inactive|niartvco has 150 seconds left.
|
|t:|1728408358
|move|p1a: Magneton|Protect|p1a: Magneton
|-singleturn|p1a: Magneton|Protect
|move|p2a: Gamerchair|Surf|p1a: Magneton
|-activate|p1a: Magneton|Protect
|
|-weather|Sandstorm|[upkeep]
|-heal|p2a: Gamerchair|14/100 tox|[from] item: Leftovers
|-damage|p2a: Gamerchair|0 fnt|[from] psn
|faint|p2a: Gamerchair
|upkeep
|
|t:|1728408360
|switch|p2a: The Zappening|Zapdos|100/100
|turn|48
|inactive|niartvco has 150 seconds left.
|
|t:|1728408369
|move|p2a: The Zappening|Thunderbolt|p1a: Magneton
|-resisted|p1a: Magneton
|-damage|p1a: Magneton|0 fnt
|faint|p1a: Magneton
|
|t:|1728408373
|switch|p1a: Salamence|Salamence, M|16/100
|-ability|p1a: Salamence|Intimidate|boost
|-unboost|p2a: The Zappening|atk|1
|
|-weather|Sandstorm|[upkeep]
|-damage|p1a: Salamence|10/100|[from] Sandstorm
|-damage|p2a: The Zappening|94/100|[from] Sandstorm
|-heal|p2a: The Zappening|100/100|[from] item: Leftovers
|upkeep
|turn|49
|c|☆niartvco|ggs
|
|t:|1728408380
|switch|p2a: Starbaby|Jirachi|55/100
|move|p1a: Salamence|Rock Slide|p2a: Starbaby
|-resisted|p2a: Starbaby
|-damage|p2a: Starbaby|39/100
|
|-weather|Sandstorm|[upkeep]
|-damage|p1a: Salamence|4/100|[from] Sandstorm
|-heal|p2a: Starbaby|46/100|[from] item: Leftovers
|upkeep
|turn|50
|c|☆TheLargestLad|GGs
|
|t:|1728408387
|move|p1a: Salamence|Rock Slide|p2a: Starbaby
|-resisted|p2a: Starbaby
|-damage|p2a: Starbaby|29/100
|move|p2a: Starbaby|Hidden Power|p1a: Salamence
|-resisted|p1a: Salamence
|-damage|p1a: Salamence|0 fnt
|faint|p1a: Salamence
|
|win|TheLargestLad

</script>
<script type="application/json" class="data" id="replaydata-smogtours-gen3ou-796406">
{"id":"smogtours-gen3ou-796406","format":"[Gen 3] OU","players":["niartvco","TheLargestLad"],"uploadtime":1728408387,"views":111,"formatid":"gen3ou","rating":null,"private":1,"password":null}
</script>

<script defer src="js/replays.js?9d40a366"></script>
