<!DOCTYPE html>
<meta charset="utf-8" />
<meta name="viewport" content="width=device-width" />

<title>[Gen 3] OU: EG Zelph vs. Outlandish Obloquy - Replays - Pok&eacute;mon Showdown!</title>

<meta name="description" content="Watch a replay of a Pok&eacute;mon battle between EG Zelph and Outlandish Obloquy! Format: [Gen 3] OU; Date: Oct 4, 2024" />
<!--

Hey, you! Looking in the source for the replay log?

You can find them in JSON format, just add `.json` at the end of a replay URL.

https://replay.pokemonshowdown.com/gen7randomdoublesbattle-865046831.json

Or, if you only need the log itself, add `.log` instead:

https://replay.pokemonshowdown.com/gen7randomdoublesbattle-865046831.log

-->

<link rel="stylesheet" href="//pokemonshowdown.com/style/global.css?0.023195364461161105" />
<link rel="stylesheet" href="//play.pokemonshowdown.com/style/font-awesome.css?0.13261647063804238" />
<link rel="stylesheet" href="//play.pokemonshowdown.com/style/battle.css?0.8753245789963631" />
<link rel="stylesheet" href="//play.pokemonshowdown.com/style/utilichart.css?0.8627959624976733" />

<!-- Global site tag (gtag.js) - Google Analytics -->
<script async src="https://www.googletagmanager.com/gtag/js?id=UA-26211653-1"></script>
<script>
  window.dataLayer = window.dataLayer || [];
  function gtag(){dataLayer.push(arguments);}
  gtag('js', new Date());

  gtag('config', 'UA-26211653-1');
</script>
<!-- End Google Analytics -->
<!-- Venatus Ad Manager - Install in <HEAD> of page -->
	<script src="https://hb.vntsm.com/v3/live/ad-manager.min.js" type="text/javascript" data-site-id="642aba63ec9a7b11c3c9c1be" data-mode="scan" async></script>
<!-- / Venatus Ad Manager -->

<style>
	@media (max-width:820px) {
		.battle {
			margin: 0 auto;
		}
		.battle-log {
			margin: 7px auto 0;
			max-width: 640px;
			height: 300px;
			position: static;
		}
	}
	.optgroup {
		display: inline-block;
		line-height: 22px;
		font-size: 10pt;
	}
	.optgroup .button {
		height: 25px;
		padding-top: 0;
		padding-bottom: 0;
	}
	.optgroup button.button {
		padding-left: 12px;
		padding-right: 12px;
	}
	.linklist {
		list-style: none;
		margin: 0.5em 0;
		padding: 0;
	}
	.linklist li {
		padding: 2px 0;
	}
	.sidebar {
		float: left;
		width: 320px;
	}
	.bar-wrapper {
		max-width: 1100px;
		margin: 0 auto;
	}
	.bar-wrapper.has-sidebar {
		max-width: 1430px;
	}
	.mainbar {
		margin: 0;
		padding-right: 1px;
	}
	.mainbar.has-sidebar {
		margin-left: 330px;
	}
	@media (min-width: 1511px) {
		.sidebar {
			width: 400px;
		}
		.bar-wrapper.has-sidebar {
			max-width: 1510px;
		}
		.mainbar.has-sidebar {
			margin-left: 410px;
		}
	}
	.section.first-section {
		margin-top: 9px;
	}
	.blocklink small {
		white-space: normal;
	}
	.button {
		vertical-align: middle;
	}
	.replay-controls {
		padding-top: 10px;
	}
	.replay-controls h1 {
		font-size: 16pt;
		font-weight: normal;
		color: #CCC;
	}
	.pagelink {
		text-align: center;
	}
	.pagelink a {
		width: 150px;
	}
	.textbox, .button {
		font-size: 11pt;
		vertical-align: middle;
	}
	@media (max-width: 450px) {
		.button {
			font-size: 9pt;
		}
	}
</style>

<div>

	<header>
		<div class="nav-wrapper"><ul class="nav">
			<li><a class="button nav-first" href="//pokemonshowdown.com/"><img src="//pokemonshowdown.com/images/pokemonshowdownbeta.png" srcset="//pokemonshowdown.com/images/pokemonshowdownbeta.png 1x, //pokemonshowdown.com/images/pokemonshowdownbeta@2x.png 2x" alt="Pok&eacute;mon Showdown" width="146" height="44" /> Home</a></li>
			<li><a class="button" href="//pokemonshowdown.com/dex/">Pok&eacute;dex</a></li>
			<li><a class="button cur" href="/">Replays</a></li>
			<li><a class="button" href="//pokemonshowdown.com/ladder/">Ladder</a></li>
			<li><a class="button nav-last" href="//pokemonshowdown.com/forums/">Forum</a></li>
			<li><a class="button greenbutton nav-first nav-last" href="//play.pokemonshowdown.com/">Play</a></li>
		</ul></div>
	</header>

	<div class="main" id="main">

		<noscript><section class="section">You need to enable JavaScript to use this page; sorry!</section></noscript>

	</div>

</div>

<script defer nomodule src="//play.pokemonshowdown.com/js/lib/ps-polyfill.js"></script>
<script defer src="//play.pokemonshowdown.com/js/lib/preact.min.js"></script>

<script defer src="//play.pokemonshowdown.com/config/config.js?2bddbc15"></script>
<script defer src="//play.pokemonshowdown.com/js/lib/jquery-1.11.0.min.js"></script>
<script defer src="//play.pokemonshowdown.com/js/lib/html-sanitizer-minified.js"></script>
<script defer src="//play.pokemonshowdown.com/js/battle-sound.js"></script>
<script defer src="//play.pokemonshowdown.com/js/battledata.js?0.7209276989879541"></script>
<script defer src="//play.pokemonshowdown.com/data/pokedex-mini.js?0.6111056340867951"></script>
<script defer src="//play.pokemonshowdown.com/data/pokedex-mini-bw.js?0.3532142036491459"></script>
<script defer src="//play.pokemonshowdown.com/data/graphics.js?0.24223875632456182"></script>
<script defer src="//play.pokemonshowdown.com/data/pokedex.js?0.38839984266356864"></script>
<script defer src="//play.pokemonshowdown.com/data/moves.js?0.21866028504024015"></script>
<script defer src="//play.pokemonshowdown.com/data/abilities.js?0.2005157953846628"></script>
<script defer src="//play.pokemonshowdown.com/data/items.js?0.9894211263848525"></script>
<script defer src="//play.pokemonshowdown.com/data/teambuilder-tables.js?0.6008791140282215"></script>
<script defer src="//play.pokemonshowdown.com/js/battle-tooltips.js?0.7580118955022959"></script>
<script defer src="//play.pokemonshowdown.com/js/battle.js?0.6057722274234274"></script>

<script defer src="js/utils.js?e31f9a17"></script>
<script defer src="js/replays-battle.js?7008c182"></script>

<!-- don't scrape this data! just add .json or .log after the URL!
Full API docs: https://github.com/smogon/pokemon-showdown-client/blob/master/WEB-API.md -->
<script type="text/plain" class="log" id="replaylog-gen3ou-2215436857-iumzekl0fm3radvtodd8cm6ca48xfw4pw">
|j|☆EG Zelph
|j|☆Outlandish Obloquy
|t:|1728001692
|gametype|singles
|player|p1|EG Zelph|parasollady|
|player|p2|Outlandish Obloquy|guitarist-gen4|
|teamsize|p1|6
|teamsize|p2|6
|gen|3
|tier|[Gen 3] OU
|rule|Sleep Clause Mod: Limit one foe put to sleep
|rule|Switch Priority Clause Mod: Faster Pokémon switch first
|rule|Species Clause: Limit one of each Pokémon
|rule|OHKO Clause: OHKO moves are banned
|rule|Evasion Items Clause: Evasion items are banned
|rule|Evasion Moves Clause: Evasion moves are banned
|rule|Endless Battle Clause: Forcing endless battles is banned
|rule|HP Percentage Mod: HP is shown in percentages
|rule|One Boost Passer Clause: Limit one Baton Passer that has a way to boost its stats
|rule|Freeze Clause Mod: Limit one foe frozen
|
|t:|1728001692
|start
|switch|p1a: Swampert|Swampert, M|100/100
|switch|p2a: Vein|Skarmory, F|100/100
|turn|1
|inactive|Battle timer is ON: inactive players will automatically lose when time's up. (requested by EG Zelph)
|
|t:|1728001713
|switch|p1a: Forretress|Forretress, F|100/100
|move|p2a: Vein|Toxic|p1a: Forretress
|-immune|p1a: Forretress
|
|upkeep
|turn|2
|
|t:|1728001729
|switch|p2a: Melter|Moltres|100/100
|move|p1a: Forretress|Spikes|p2a: Melter
|-sidestart|p2: Outlandish Obloquy|Spikes
|
|upkeep
|turn|3
|j| EG Sato
|
|t:|1728001742
|switch|p1a: Blissey|Blissey, F, shiny|100/100
|move|p2a: Melter|Roar|p1a: Blissey
|drag|p1a: Gengar|Gengar, M, shiny|100/100
|
|upkeep
|turn|4
|
|t:|1728001751
|switch|p1a: Blissey|Blissey, F, shiny|100/100
|move|p2a: Melter|Overheat|p1a: Blissey
|-damage|p1a: Blissey|74/100
|-unboost|p2a: Melter|spa|2
|
|-heal|p1a: Blissey|80/100|[from] item: Leftovers
|upkeep
|turn|5
|
|t:|1728001767
|switch|p2a: Chameleon|Tyranitar, M|100/100
|-damage|p2a: Chameleon|88/100|[from] Spikes
|-weather|Sandstorm|[from] ability: Sand Stream|[of] p2a: Chameleon
|move|p1a: Blissey|Thunderbolt|p2a: Chameleon
|-damage|p2a: Chameleon|66/100
|
|-weather|Sandstorm|[upkeep]
|-damage|p1a: Blissey|74/100|[from] Sandstorm
|-heal|p2a: Chameleon|72/100|[from] item: Leftovers
|-heal|p1a: Blissey|80/100|[from] item: Leftovers
|upkeep
|turn|6
|
|t:|1728001784
|switch|p1a: Swampert|Swampert, M|100/100
|move|p2a: Chameleon|Rock Slide|p1a: Swampert
|-resisted|p1a: Swampert
|-damage|p1a: Swampert|86/100
|
|-weather|Sandstorm|[upkeep]
|-heal|p2a: Chameleon|79/100|[from] item: Leftovers
|-heal|p1a: Swampert|92/100|[from] item: Leftovers
|upkeep
|turn|7
|
|t:|1728001800
|switch|p2a: Regice|Regice|100/100
|-damage|p2a: Regice|88/100|[from] Spikes
|move|p1a: Swampert|Earthquake|p2a: Regice
|-damage|p2a: Regice|55/100
|
|-weather|Sandstorm|[upkeep]
|-damage|p2a: Regice|49/100|[from] Sandstorm
|-heal|p1a: Swampert|98/100|[from] item: Leftovers
|-heal|p2a: Regice|55/100|[from] item: Leftovers
|upkeep
|turn|8
|inactive|Outlandish Obloquy has 270 seconds left.
|
|t:|1728001819
|move|p1a: Swampert|Protect|p1a: Swampert
|-singleturn|p1a: Swampert|Protect
|move|p2a: Regice|Explosion|p1a: Swampert
|-activate|p1a: Swampert|Protect
|faint|p2a: Regice
|inactive|Outlandish Obloquy has 270 seconds left.
|
|t:|1728001829
|switch|p2a: Melter|Moltres|100/100
|
|-weather|Sandstorm|[upkeep]
|-damage|p2a: Melter|94/100|[from] Sandstorm
|-heal|p2a: Melter|100/100|[from] item: Leftovers
|-heal|p1a: Swampert|100/100|[from] item: Leftovers
|upkeep
|turn|9
|
|t:|1728001838
|switch|p1a: Blissey|Blissey, F, shiny|80/100
|move|p2a: Melter|Will-O-Wisp|p1a: Blissey|[miss]
|-miss|p2a: Melter|p1a: Blissey
|
|-weather|Sandstorm|[upkeep]
|-damage|p2a: Melter|94/100|[from] Sandstorm
|-damage|p1a: Blissey|74/100|[from] Sandstorm
|-heal|p2a: Melter|100/100|[from] item: Leftovers
|-heal|p1a: Blissey|80/100|[from] item: Leftovers
|upkeep
|turn|10
|inactive|Outlandish Obloquy has 270 seconds left.
|
|t:|1728001854
|switch|p2a: Man|Metagross|100/100
|-damage|p2a: Man|88/100|[from] Spikes
|move|p1a: Blissey|Thunderbolt|p2a: Man
|-damage|p2a: Man|60/100
|
|-weather|Sandstorm|[upkeep]
|-damage|p1a: Blissey|74/100|[from] Sandstorm
|-heal|p1a: Blissey|80/100|[from] item: Leftovers
|upkeep
|turn|11
|inactive|Outlandish Obloquy has 270 seconds left.
|
|t:|1728001869
|switch|p1a: Forretress|Forretress, F|100/100
|move|p2a: Man|Meteor Mash|p1a: Forretress
|-resisted|p1a: Forretress
|-damage|p1a: Forretress|71/100
|
|-weather|Sandstorm|[upkeep]
|-heal|p1a: Forretress|77/100|[from] item: Leftovers
|upkeep
|turn|12
|
|t:|1728001881
|move|p2a: Man|Meteor Mash|p1a: Forretress
|-resisted|p1a: Forretress
|-damage|p1a: Forretress|43/100
|move|p1a: Forretress|Spikes|p2a: Man
|-sidestart|p2: Outlandish Obloquy|Spikes
|
|-weather|Sandstorm|[upkeep]
|-heal|p1a: Forretress|49/100|[from] item: Leftovers
|upkeep
|turn|13
|
|t:|1728001894
|switch|p2a: Melter|Moltres|100/100
|move|p1a: Forretress|Explosion|p2a: Melter
|-damage|p2a: Melter|0 fnt
|faint|p1a: Forretress
|faint|p2a: Melter
|inactive|Outlandish Obloquy has 270 seconds left.
|
|t:|1728001910
|switch|p2a: Man|Metagross|60/100
|switch|p1a: Salamence|Salamence, M|100/100
|-ability|p1a: Salamence|Intimidate|boost
|-fail|p2a: Man|unboost|[from] ability: Clear Body|[of] p2a: Man
|-damage|p2a: Man|44/100|[from] Spikes
|
|-weather|Sandstorm|[upkeep]
|-damage|p1a: Salamence|94/100|[from] Sandstorm
|-heal|p1a: Salamence|100/100|[from] item: Leftovers
|upkeep
|turn|14
|inactive|Outlandish Obloquy has 270 seconds left.
|
|t:|1728001924
|switch|p2a: Chameleon|Tyranitar, M|79/100
|-damage|p2a: Chameleon|62/100|[from] Spikes
|move|p1a: Salamence|Fire Blast|p2a: Chameleon
|-resisted|p2a: Chameleon
|-damage|p2a: Chameleon|46/100
|
|-weather|Sandstorm|[upkeep]
|-damage|p1a: Salamence|94/100|[from] Sandstorm
|-heal|p1a: Salamence|100/100|[from] item: Leftovers
|-heal|p2a: Chameleon|52/100|[from] item: Leftovers
|upkeep
|turn|15
|inactive|Outlandish Obloquy has 270 seconds left.
|
|t:|1728001938
|move|p1a: Salamence|Brick Break|p2a: Chameleon
|-supereffective|p2a: Chameleon
|-damage|p2a: Chameleon|0 fnt
|faint|p2a: Chameleon
|inactive|Outlandish Obloquy has 270 seconds left.
|
|t:|1728001943
|switch|p2a: Vein|Skarmory, F|100/100
|
|-weather|Sandstorm|[upkeep]
|-damage|p1a: Salamence|94/100|[from] Sandstorm
|-heal|p1a: Salamence|100/100|[from] item: Leftovers
|upkeep
|turn|16
|
|t:|1728001951
|switch|p1a: Gengar|Gengar, M, shiny|100/100
|move|p2a: Vein|Spikes|p1a: Gengar
|-sidestart|p1: EG Zelph|Spikes
|
|-weather|Sandstorm|[upkeep]
|-damage|p1a: Gengar|94/100|[from] Sandstorm
|-heal|p1a: Gengar|100/100|[from] item: Leftovers
|upkeep
|turn|17
|
|t:|1728001962
|move|p2a: Vein|Protect|p2a: Vein
|-singleturn|p2a: Vein|Protect
|move|p1a: Gengar|Will-O-Wisp|p2a: Vein
|-activate|p2a: Vein|Protect
|
|-weather|Sandstorm|[upkeep]
|-damage|p1a: Gengar|94/100|[from] Sandstorm
|-heal|p1a: Gengar|100/100|[from] item: Leftovers
|upkeep
|turn|18
|
|t:|1728001976
|switch|p2a: Watermelon|Dragonite, F|100/100
|move|p1a: Gengar|Will-O-Wisp|p2a: Watermelon|[miss]
|-miss|p1a: Gengar|p2a: Watermelon
|
|-weather|Sandstorm|[upkeep]
|-damage|p1a: Gengar|94/100|[from] Sandstorm
|-damage|p2a: Watermelon|95/100|[from] Sandstorm
|-heal|p1a: Gengar|100/100|[from] item: Leftovers
|-heal|p2a: Watermelon|100/100|[from] item: Leftovers
|upkeep
|turn|19
|
|t:|1728001986
|move|p1a: Gengar|Ice Punch|p2a: Watermelon
|-supereffective|p2a: Watermelon
|-damage|p2a: Watermelon|11/100
|move|p2a: Watermelon|Dragon Dance|p2a: Watermelon
|-boost|p2a: Watermelon|atk|1
|-boost|p2a: Watermelon|spe|1
|
|-weather|Sandstorm|[upkeep]
|-damage|p2a: Watermelon|5/100|[from] Sandstorm
|-damage|p1a: Gengar|94/100|[from] Sandstorm
|-heal|p2a: Watermelon|11/100|[from] item: Leftovers
|-heal|p1a: Gengar|100/100|[from] item: Leftovers
|upkeep
|turn|20
|
|t:|1728001996
|move|p2a: Watermelon|Hidden Power|p1a: Gengar
|-damage|p1a: Gengar|0 fnt
|faint|p1a: Gengar
|
|t:|1728002000
|switch|p1a: Swampert|Swampert, M|100/100
|-damage|p1a: Swampert|88/100|[from] Spikes
|
|-weather|Sandstorm|[upkeep]
|-damage|p2a: Watermelon|5/100|[from] Sandstorm
|-heal|p2a: Watermelon|11/100|[from] item: Leftovers
|-heal|p1a: Swampert|94/100|[from] item: Leftovers
|upkeep
|turn|21
|
|t:|1728002007
|move|p2a: Watermelon|Hidden Power|p1a: Swampert
|-crit|p1a: Swampert
|-damage|p1a: Swampert|13/100
|move|p1a: Swampert|Ice Beam|p2a: Watermelon
|-supereffective|p2a: Watermelon
|-damage|p2a: Watermelon|0 fnt
|faint|p2a: Watermelon
|
|t:|1728002015
|switch|p2a: Vein|Skarmory, F|100/100
|
|-weather|Sandstorm|[upkeep]
|-heal|p1a: Swampert|19/100|[from] item: Leftovers
|upkeep
|turn|22
|
|t:|1728002020
|move|p1a: Swampert|Protect|p1a: Swampert
|-singleturn|p1a: Swampert|Protect
|move|p2a: Vein|Toxic|p1a: Swampert
|-activate|p1a: Swampert|Protect
|
|-weather|Sandstorm|[upkeep]
|-heal|p1a: Swampert|26/100|[from] item: Leftovers
|upkeep
|turn|23
|
|t:|1728002029
|switch|p1a: Blissey|Blissey, F, shiny|80/100
|-damage|p1a: Blissey|67/100|[from] Spikes
|move|p2a: Vein|Toxic|p1a: Blissey|[miss]
|-miss|p2a: Vein|p1a: Blissey
|
|-weather|Sandstorm|[upkeep]
|-damage|p1a: Blissey|61/100|[from] Sandstorm
|-heal|p1a: Blissey|67/100|[from] item: Leftovers
|upkeep
|turn|24
|
|t:|1728002039
|move|p2a: Vein|Toxic|p1a: Blissey
|-status|p1a: Blissey|tox
|move|p1a: Blissey|Thunderbolt|p2a: Vein
|-supereffective|p2a: Vein
|-damage|p2a: Vein|52/100
|
|-weather|Sandstorm|[upkeep]
|-damage|p1a: Blissey|61/100 tox|[from] Sandstorm
|-heal|p2a: Vein|58/100|[from] item: Leftovers
|-heal|p1a: Blissey|67/100 tox|[from] item: Leftovers
|-damage|p1a: Blissey|61/100 tox|[from] psn
|upkeep
|turn|25
|
|t:|1728002051
|move|p2a: Vein|Spikes|p1a: Blissey
|-sidestart|p1: EG Zelph|Spikes
|move|p1a: Blissey|Soft-Boiled|p1a: Blissey
|-heal|p1a: Blissey|100/100 tox
|
|-weather|Sandstorm|[upkeep]
|-damage|p1a: Blissey|94/100 tox|[from] Sandstorm
|-heal|p2a: Vein|64/100|[from] item: Leftovers
|-heal|p1a: Blissey|100/100 tox|[from] item: Leftovers
|-damage|p1a: Blissey|88/100 tox|[from] psn
|upkeep
|turn|26
|
|t:|1728002066
|move|p1a: Blissey|Thunderbolt|p2a: Vein
|-supereffective|p2a: Vein
|-damage|p2a: Vein|15/100
|move|p2a: Vein|Roar|p1a: Blissey
|-curestatus|p1a: Blissey|tox|[from] ability: Natural Cure
|drag|p1a: Tyranitar|Tyranitar, M|100/100
|-damage|p1a: Tyranitar|84/100|[from] Spikes
|
|-weather|Sandstorm|[upkeep]
|-heal|p1a: Tyranitar|90/100|[from] item: Leftovers
|-heal|p2a: Vein|21/100|[from] item: Leftovers
|upkeep
|turn|27
|
|t:|1728002078
|move|p1a: Tyranitar|Fire Blast|p2a: Vein|[miss]
|-miss|p1a: Tyranitar|p2a: Vein
|move|p2a: Vein|Toxic|p1a: Tyranitar
|-status|p1a: Tyranitar|tox
|
|-weather|Sandstorm|[upkeep]
|-heal|p1a: Tyranitar|96/100 tox|[from] item: Leftovers
|-damage|p1a: Tyranitar|90/100 tox|[from] psn
|-heal|p2a: Vein|27/100|[from] item: Leftovers
|upkeep
|turn|28
|
|t:|1728002089
|move|p1a: Tyranitar|Fire Blast|p2a: Vein|[miss]
|-miss|p1a: Tyranitar|p2a: Vein
|move|p2a: Vein|Spikes|p1a: Tyranitar
|-sidestart|p1: EG Zelph|Spikes
|
|-weather|Sandstorm|[upkeep]
|-heal|p1a: Tyranitar|96/100 tox|[from] item: Leftovers
|-damage|p1a: Tyranitar|84/100 tox|[from] psn
|-heal|p2a: Vein|33/100|[from] item: Leftovers
|upkeep
|turn|29
|
|t:|1728002100
|move|p1a: Tyranitar|Fire Blast|p2a: Vein
|-supereffective|p2a: Vein
|-damage|p2a: Vein|0 fnt
|faint|p2a: Vein
|
|t:|1728002106
|switch|p2a: Man|Metagross|44/100
|-damage|p2a: Man|27/100|[from] Spikes
|
|-weather|Sandstorm|[upkeep]
|-heal|p1a: Tyranitar|90/100 tox|[from] item: Leftovers
|-damage|p1a: Tyranitar|72/100 tox|[from] psn
|upkeep
|turn|30
|
|t:|1728002115
|move|p2a: Man|Meteor Mash|p1a: Tyranitar
|-supereffective|p1a: Tyranitar
|-damage|p1a: Tyranitar|0 fnt
|faint|p1a: Tyranitar
|
|t:|1728002127
|switch|p1a: Salamence|Salamence, M|100/100
|-ability|p1a: Salamence|Intimidate|boost
|-fail|p2a: Man|unboost|[from] ability: Clear Body|[of] p2a: Man
|
|-weather|Sandstorm|[upkeep]
|-damage|p1a: Salamence|94/100|[from] Sandstorm
|-heal|p1a: Salamence|100/100|[from] item: Leftovers
|upkeep
|turn|31
|
|t:|1728002134
|move|p1a: Salamence|Fire Blast|p2a: Man
|-supereffective|p2a: Man
|-damage|p2a: Man|0 fnt
|faint|p2a: Man
|
|win|EG Zelph

</script>
<script type="application/json" class="data" id="replaydata-gen3ou-2215436857-iumzekl0fm3radvtodd8cm6ca48xfw4pw">
{"id":"gen3ou-2215436857","format":"[Gen 3] OU","players":["EG Zelph","Outlandish Obloquy"],"uploadtime":1728002137,"views":98,"formatid":"gen3ou","rating":null,"private":1,"password":"iumzekl0fm3radvtodd8cm6ca48xfw4"}
</script>

<script defer src="js/replays.js?9d40a366"></script>
