<!DOCTYPE html>
<meta charset="utf-8" />
<meta name="viewport" content="width=device-width" />

<title>[Gen 3] OU: tsukinomiko vs. klird - Replays - Pok&eacute;mon Showdown!</title>

<meta name="description" content="Watch a replay of a Pok&eacute;mon battle between tsukinomiko and klird! Format: [Gen 3] OU; Date: Oct 30, 2024" />
<!--

Hey, you! Looking in the source for the replay log?

You can find them in JSON format, just add `.json` at the end of a replay URL.

https://replay.pokemonshowdown.com/gen7randomdoublesbattle-865046831.json

Or, if you only need the log itself, add `.log` instead:

https://replay.pokemonshowdown.com/gen7randomdoublesbattle-865046831.log

-->

<link rel="stylesheet" href="//pokemonshowdown.com/style/global.css?0.023195364461161105" />
<link rel="stylesheet" href="//play.pokemonshowdown.com/style/font-awesome.css?0.13261647063804238" />
<link rel="stylesheet" href="//play.pokemonshowdown.com/style/battle.css?0.8753245789963631" />
<link rel="stylesheet" href="//play.pokemonshowdown.com/style/utilichart.css?0.8627959624976733" />

<!-- Global site tag (gtag.js) - Google Analytics -->
<script async src="https://www.googletagmanager.com/gtag/js?id=UA-26211653-1"></script>
<script>
  window.dataLayer = window.dataLayer || [];
  function gtag(){dataLayer.push(arguments);}
  gtag('js', new Date());

  gtag('config', 'UA-26211653-1');
</script>
<!-- End Google Analytics -->
<!-- Venatus Ad Manager - Install in <HEAD> of page -->
	<script src="https://hb.vntsm.com/v3/live/ad-manager.min.js" type="text/javascript" data-site-id="642aba63ec9a7b11c3c9c1be" data-mode="scan" async></script>
<!-- / Venatus Ad Manager -->

<style>
	@media (max-width:820px) {
		.battle {
			margin: 0 auto;
		}
		.battle-log {
			margin: 7px auto 0;
			max-width: 640px;
			height: 300px;
			position: static;
		}
	}
	.optgroup {
		display: inline-block;
		line-height: 22px;
		font-size: 10pt;
	}
	.optgroup .button {
		height: 25px;
		padding-top: 0;
		padding-bottom: 0;
	}
	.optgroup button.button {
		padding-left: 12px;
		padding-right: 12px;
	}
	.linklist {
		list-style: none;
		margin: 0.5em 0;
		padding: 0;
	}
	.linklist li {
		padding: 2px 0;
	}
	.sidebar {
		float: left;
		width: 320px;
	}
	.bar-wrapper {
		max-width: 1100px;
		margin: 0 auto;
	}
	.bar-wrapper.has-sidebar {
		max-width: 1430px;
	}
	.mainbar {
		margin: 0;
		padding-right: 1px;
	}
	.mainbar.has-sidebar {
		margin-left: 330px;
	}
	@media (min-width: 1511px) {
		.sidebar {
			width: 400px;
		}
		.bar-wrapper.has-sidebar {
			max-width: 1510px;
		}
		.mainbar.has-sidebar {
			margin-left: 410px;
		}
	}
	.section.first-section {
		margin-top: 9px;
	}
	.blocklink small {
		white-space: normal;
	}
	.button {
		vertical-align: middle;
	}
	.replay-controls {
		padding-top: 10px;
	}
	.replay-controls h1 {
		font-size: 16pt;
		font-weight: normal;
		color: #CCC;
	}
	.pagelink {
		text-align: center;
	}
	.pagelink a {
		width: 150px;
	}
	.textbox, .button {
		font-size: 11pt;
		vertical-align: middle;
	}
	@media (max-width: 450px) {
		.button {
			font-size: 9pt;
		}
	}
</style>

<div>

	<header>
		<div class="nav-wrapper"><ul class="nav">
			<li><a class="button nav-first" href="//pokemonshowdown.com/"><img src="//pokemonshowdown.com/images/pokemonshowdownbeta.png" srcset="//pokemonshowdown.com/images/pokemonshowdownbeta.png 1x, //pokemonshowdown.com/images/pokemonshowdownbeta@2x.png 2x" alt="Pok&eacute;mon Showdown" width="146" height="44" /> Home</a></li>
			<li><a class="button" href="//pokemonshowdown.com/dex/">Pok&eacute;dex</a></li>
			<li><a class="button cur" href="/">Replays</a></li>
			<li><a class="button" href="//pokemonshowdown.com/ladder/">Ladder</a></li>
			<li><a class="button nav-last" href="//pokemonshowdown.com/forums/">Forum</a></li>
			<li><a class="button greenbutton nav-first nav-last" href="//play.pokemonshowdown.com/">Play</a></li>
		</ul></div>
	</header>

	<div class="main" id="main">

		<noscript><section class="section">You need to enable JavaScript to use this page; sorry!</section></noscript>

	</div>

</div>

<script defer nomodule src="//play.pokemonshowdown.com/js/lib/ps-polyfill.js"></script>
<script defer src="//play.pokemonshowdown.com/js/lib/preact.min.js"></script>

<script defer src="//play.pokemonshowdown.com/config/config.js?2bddbc15"></script>
<script defer src="//play.pokemonshowdown.com/js/lib/jquery-1.11.0.min.js"></script>
<script defer src="//play.pokemonshowdown.com/js/lib/html-sanitizer-minified.js"></script>
<script defer src="//play.pokemonshowdown.com/js/battle-sound.js"></script>
<script defer src="//play.pokemonshowdown.com/js/battledata.js?0.7209276989879541"></script>
<script defer src="//play.pokemonshowdown.com/data/pokedex-mini.js?0.6111056340867951"></script>
<script defer src="//play.pokemonshowdown.com/data/pokedex-mini-bw.js?0.3532142036491459"></script>
<script defer src="//play.pokemonshowdown.com/data/graphics.js?0.24223875632456182"></script>
<script defer src="//play.pokemonshowdown.com/data/pokedex.js?0.38839984266356864"></script>
<script defer src="//play.pokemonshowdown.com/data/moves.js?0.21866028504024015"></script>
<script defer src="//play.pokemonshowdown.com/data/abilities.js?0.2005157953846628"></script>
<script defer src="//play.pokemonshowdown.com/data/items.js?0.9894211263848525"></script>
<script defer src="//play.pokemonshowdown.com/data/teambuilder-tables.js?0.6008791140282215"></script>
<script defer src="//play.pokemonshowdown.com/js/battle-tooltips.js?0.7580118955022959"></script>
<script defer src="//play.pokemonshowdown.com/js/battle.js?0.6057722274234274"></script>

<script defer src="js/utils.js?e31f9a17"></script>
<script defer src="js/replays-battle.js?7008c182"></script>

<!-- don't scrape this data! just add .json or .log after the URL!
Full API docs: https://github.com/smogon/pokemon-showdown-client/blob/master/WEB-API.md -->
<script type="text/plain" class="log" id="replaylog-smogtours-gen3ou-803448">
|inactive|Battle timer is ON: inactive players will automatically lose when time's up.
|t:|1730315323
|gametype|singles
|player|p1|tsukinomiko|bellelba|
|player|p2|klird|giovanni|
|teamsize|p1|6
|teamsize|p2|6
|gen|3
|tier|[Gen 3] OU
|rule|Sleep Clause Mod: Limit one foe put to sleep
|rule|Switch Priority Clause Mod: Faster Pokémon switch first
|rule|Species Clause: Limit one of each Pokémon
|rule|OHKO Clause: OHKO moves are banned
|rule|Evasion Items Clause: Evasion items are banned
|rule|Evasion Moves Clause: Evasion moves are banned
|rule|Endless Battle Clause: Forcing endless battles is banned
|rule|HP Percentage Mod: HP is shown in percentages
|rule|One Boost Passer Clause: Limit one Baton Passer that has a way to boost its stats
|rule|Freeze Clause Mod: Limit one foe frozen
|
|t:|1730315323
|start
|switch|p1a: RX-0 Unicorn|Metagross, shiny|100/100
|switch|p2a: Suicune|Suicune|100/100
|turn|1
|
|t:|1730315341
|move|p2a: Suicune|Substitute|p2a: Suicune
|-start|p2a: Suicune|Substitute
|-damage|p2a: Suicune|76/100
|move|p1a: RX-0 Unicorn|Meteor Mash|p2a: Suicune
|-resisted|p2a: Suicune
|-end|p2a: Suicune|Substitute
|-boost|p1a: RX-0 Unicorn|atk|1
|
|-heal|p2a: Suicune|82/100|[from] item: Leftovers
|upkeep
|turn|2
|
|t:|1730315349
|switch|p2a: Magneton|Magneton|100/100
|move|p1a: RX-0 Unicorn|Meteor Mash|p2a: Magneton|[miss]
|-miss|p1a: RX-0 Unicorn|p2a: Magneton
|
|upkeep
|turn|3
|
|t:|1730315353
|move|p2a: Magneton|Thunderbolt|p1a: RX-0 Unicorn
|-damage|p1a: RX-0 Unicorn|34/100
|-status|p1a: RX-0 Unicorn|par
|move|p1a: RX-0 Unicorn|Meteor Mash|p2a: Magneton
|-resisted|p2a: Magneton
|-damage|p2a: Magneton|55/100
|
|upkeep
|turn|4
|
|t:|1730315360
|move|p2a: Magneton|Thunderbolt|p1a: RX-0 Unicorn
|-damage|p1a: RX-0 Unicorn|0 fnt
|faint|p1a: RX-0 Unicorn
|
|t:|1730315366
|switch|p1a: Despotar|Tyranitar, F|100/100
|-weather|Sandstorm|[from] ability: Sand Stream|[of] p1a: Despotar
|
|-weather|Sandstorm|[upkeep]
|upkeep
|turn|5
|
|t:|1730315390
|move|p2a: Magneton|Thunderbolt|p1a: Despotar
|-damage|p1a: Despotar|50/100
|move|p1a: Despotar|Fire Blast|p2a: Magneton
|-supereffective|p2a: Magneton
|-damage|p2a: Magneton|0 fnt
|faint|p2a: Magneton
|inactive|klird has 270 seconds left.
|
|t:|1730315407
|switch|p2a: Suicune|Suicune|82/100
|
|-weather|Sandstorm|[upkeep]
|-damage|p2a: Suicune|76/100|[from] Sandstorm
|-heal|p2a: Suicune|82/100|[from] item: Leftovers
|upkeep
|turn|6
|
|t:|1730315416
|switch|p2a: Celebi|Celebi|100/100
|switch|p1a: Oishi|Snorlax, F, shiny|100/100
|
|-weather|Sandstorm|[upkeep]
|-damage|p2a: Celebi|94/100|[from] Sandstorm
|-damage|p1a: Oishi|94/100|[from] Sandstorm
|-heal|p2a: Celebi|100/100|[from] item: Leftovers
|-heal|p1a: Oishi|100/100|[from] item: Leftovers
|upkeep
|turn|7
|
|t:|1730315426
|move|p2a: Celebi|Leech Seed|p1a: Oishi
|-start|p1a: Oishi|move: Leech Seed
|move|p1a: Oishi|Body Slam|p2a: Celebi
|-damage|p2a: Celebi|73/100
|
|-weather|Sandstorm|[upkeep]
|-damage|p2a: Celebi|66/100|[from] Sandstorm
|-damage|p1a: Oishi|94/100|[from] Sandstorm
|-heal|p2a: Celebi|73/100|[from] item: Leftovers
|-heal|p1a: Oishi|100/100|[from] item: Leftovers
|-damage|p1a: Oishi|88/100|[from] Leech Seed|[of] p2a: Celebi
|-heal|p2a: Celebi|87/100|[silent]
|upkeep
|turn|8
|
|t:|1730315445
|switch|p1a: Tiamat|Salamence, F|100/100
|-ability|p1a: Tiamat|Intimidate|boost
|-unboost|p2a: Celebi|atk|1
|move|p2a: Celebi|Psychic|p1a: Tiamat
|-damage|p1a: Tiamat|59/100
|
|-weather|Sandstorm|[upkeep]
|-damage|p1a: Tiamat|53/100|[from] Sandstorm
|-damage|p2a: Celebi|81/100|[from] Sandstorm
|-heal|p1a: Tiamat|59/100|[from] item: Leftovers
|-heal|p2a: Celebi|87/100|[from] item: Leftovers
|upkeep
|turn|9
|
|t:|1730315456
|switch|p2a: Swampert|Swampert, F|100/100
|move|p1a: Tiamat|Hidden Power|p2a: Swampert
|-damage|p2a: Swampert|75/100
|
|-weather|Sandstorm|[upkeep]
|-damage|p1a: Tiamat|53/100|[from] Sandstorm
|-heal|p1a: Tiamat|59/100|[from] item: Leftovers
|-heal|p2a: Swampert|81/100|[from] item: Leftovers
|upkeep
|turn|10
|inactive|klird has 270 seconds left.
|
|t:|1730315477
|switch|p1a: Ame-no-Habakiri|Suicune, shiny|100/100
|switch|p2a: Celebi|Celebi|87/100
|
|-weather|Sandstorm|[upkeep]
|-damage|p1a: Ame-no-Habakiri|94/100|[from] Sandstorm
|-damage|p2a: Celebi|81/100|[from] Sandstorm
|-heal|p1a: Ame-no-Habakiri|100/100|[from] item: Leftovers
|-heal|p2a: Celebi|87/100|[from] item: Leftovers
|upkeep
|turn|11
|inactive|klird has 270 seconds left.
|inactive|tsukinomiko has 270 seconds left.
|
|t:|1730315516
|move|p1a: Ame-no-Habakiri|Calm Mind|p1a: Ame-no-Habakiri
|-boost|p1a: Ame-no-Habakiri|spa|1
|-boost|p1a: Ame-no-Habakiri|spd|1
|move|p2a: Celebi|Leech Seed|p1a: Ame-no-Habakiri
|-start|p1a: Ame-no-Habakiri|move: Leech Seed
|
|-weather|Sandstorm|[upkeep]
|-damage|p1a: Ame-no-Habakiri|94/100|[from] Sandstorm
|-damage|p2a: Celebi|81/100|[from] Sandstorm
|-heal|p1a: Ame-no-Habakiri|100/100|[from] item: Leftovers
|-damage|p1a: Ame-no-Habakiri|88/100|[from] Leech Seed|[of] p2a: Celebi
|-heal|p2a: Celebi|92/100|[silent]
|-heal|p2a: Celebi|98/100|[from] item: Leftovers
|upkeep
|turn|12
|
|t:|1730315521
|switch|p2a: Suicune|Suicune|82/100
|move|p1a: Ame-no-Habakiri|Ice Beam|p2a: Suicune
|-resisted|p2a: Suicune
|-damage|p2a: Suicune|63/100
|
|-weather|Sandstorm|[upkeep]
|-damage|p2a: Suicune|57/100|[from] Sandstorm
|-damage|p1a: Ame-no-Habakiri|82/100|[from] Sandstorm
|-heal|p2a: Suicune|63/100|[from] item: Leftovers
|-heal|p1a: Ame-no-Habakiri|88/100|[from] item: Leftovers
|-damage|p1a: Ame-no-Habakiri|76/100|[from] Leech Seed|[of] p2a: Suicune
|-heal|p2a: Suicune|76/100|[silent]
|upkeep
|turn|13
|
|t:|1730315527
|switch|p1a: Oishi|Snorlax, F, shiny|88/100
|move|p2a: Suicune|Calm Mind|p2a: Suicune
|-boost|p2a: Suicune|spa|1
|-boost|p2a: Suicune|spd|1
|
|-weather|Sandstorm|[upkeep]
|-damage|p2a: Suicune|70/100|[from] Sandstorm
|-damage|p1a: Oishi|82/100|[from] Sandstorm
|-heal|p2a: Suicune|76/100|[from] item: Leftovers
|-heal|p1a: Oishi|88/100|[from] item: Leftovers
|upkeep
|turn|14
|
|t:|1730315533
|move|p2a: Suicune|Hydro Pump|p1a: Oishi
|-damage|p1a: Oishi|49/100
|move|p1a: Oishi|Body Slam|p2a: Suicune
|-crit|p2a: Suicune
|-damage|p2a: Suicune|10/100
|
|-weather|Sandstorm|[upkeep]
|-damage|p2a: Suicune|4/100|[from] Sandstorm
|-damage|p1a: Oishi|43/100|[from] Sandstorm
|-heal|p2a: Suicune|10/100|[from] item: Leftovers
|-heal|p1a: Oishi|49/100|[from] item: Leftovers
|upkeep
|turn|15
|
|t:|1730315540
|move|p2a: Suicune|Ice Beam|p1a: Oishi
|-crit|p1a: Oishi
|-damage|p1a: Oishi|3/100
|move|p1a: Oishi|Body Slam|p2a: Suicune
|-damage|p2a: Suicune|0 fnt
|faint|p2a: Suicune
|c|☆klird|mb
|inactive|klird has 270 seconds left.
|c|☆tsukinomiko|is ok
|
|t:|1730315558
|switch|p2a: Jirachi|Jirachi|100/100
|
|-weather|Sandstorm|[upkeep]
|-damage|p1a: Oishi|0 fnt|[from] Sandstorm
|faint|p1a: Oishi
|upkeep
|
|t:|1730315573
|switch|p1a: Despotar|Tyranitar, F|50/100
|turn|16
|inactive|klird has 270 seconds left.
|inactive|klird has 240 seconds left.
|inactive|klird has 210 seconds left.
|inactive|klird has 180 seconds left.
|inactive|klird has 150 seconds left.
|
|t:|1730315728
|move|p2a: Jirachi|Calm Mind|p2a: Jirachi
|-boost|p2a: Jirachi|spa|1
|-boost|p2a: Jirachi|spd|1
|move|p1a: Despotar|Fire Blast|p2a: Jirachi
|-supereffective|p2a: Jirachi
|-damage|p2a: Jirachi|60/100
|
|-weather|Sandstorm|[upkeep]
|-heal|p2a: Jirachi|66/100|[from] item: Leftovers
|upkeep
|turn|17
|inactive|tsukinomiko has 270 seconds left.
|
|t:|1730315746
|move|p2a: Jirachi|Calm Mind|p2a: Jirachi
|-boost|p2a: Jirachi|spa|1
|-boost|p2a: Jirachi|spd|1
|move|p1a: Despotar|Crunch|p2a: Jirachi
|-damage|p2a: Jirachi|50/100
|
|-weather|Sandstorm|[upkeep]
|-heal|p2a: Jirachi|56/100|[from] item: Leftovers
|upkeep
|turn|18
|inactive|klird has 120 seconds left.
|inactive|klird has 90 seconds left.
|
|t:|1730315806
|move|p2a: Jirachi|Wish|p2a: Jirachi
|move|p1a: Despotar|Fire Blast|p2a: Jirachi
|-supereffective|p2a: Jirachi
|-damage|p2a: Jirachi|27/100
|
|-weather|Sandstorm|[upkeep]
|-heal|p2a: Jirachi|33/100|[from] item: Leftovers
|upkeep
|turn|19
|
|t:|1730315815
|move|p2a: Jirachi|Calm Mind|p2a: Jirachi
|-boost|p2a: Jirachi|spa|1
|-boost|p2a: Jirachi|spd|1
|move|p1a: Despotar|Fire Blast|p2a: Jirachi
|-supereffective|p2a: Jirachi
|-damage|p2a: Jirachi|6/100
|
|-heal|p2a: Jirachi|56/100|[from] move: Wish|[wisher] Jirachi
|-weather|Sandstorm|[upkeep]
|-heal|p2a: Jirachi|62/100|[from] item: Leftovers
|upkeep
|turn|20
|inactive|klird has 90 seconds left.
|
|t:|1730315843
|move|p2a: Jirachi|Wish|p2a: Jirachi
|move|p1a: Despotar|Fire Blast|p2a: Jirachi
|-supereffective|p2a: Jirachi
|-damage|p2a: Jirachi|37/100
|
|-weather|Sandstorm|[upkeep]
|-heal|p2a: Jirachi|43/100|[from] item: Leftovers
|upkeep
|turn|21
|
|t:|1730315855
|move|p2a: Jirachi|Calm Mind|p2a: Jirachi
|-boost|p2a: Jirachi|spa|1
|-boost|p2a: Jirachi|spd|1
|move|p1a: Despotar|Fire Blast|p2a: Jirachi
|-supereffective|p2a: Jirachi
|-damage|p2a: Jirachi|21/100
|
|-heal|p2a: Jirachi|71/100|[from] move: Wish|[wisher] Jirachi
|-weather|Sandstorm|[upkeep]
|-heal|p2a: Jirachi|77/100|[from] item: Leftovers
|upkeep
|turn|22
|
|t:|1730315871
|move|p2a: Jirachi|Wish|p2a: Jirachi
|move|p1a: Despotar|Fire Blast|p2a: Jirachi
|-supereffective|p2a: Jirachi
|-damage|p2a: Jirachi|56/100
|
|-weather|Sandstorm|[upkeep]
|-heal|p2a: Jirachi|63/100|[from] item: Leftovers
|upkeep
|turn|23
|
|t:|1730315890
|move|p2a: Jirachi|Calm Mind|p2a: Jirachi
|-boost|p2a: Jirachi|spa|1
|-boost|p2a: Jirachi|spd|1
|move|p1a: Despotar|Fire Blast|p2a: Jirachi|[miss]
|-miss|p1a: Despotar|p2a: Jirachi
|
|-heal|p2a: Jirachi|100/100|[from] move: Wish|[wisher] Jirachi
|-weather|Sandstorm|[upkeep]
|upkeep
|turn|24
|
|t:|1730315897
|move|p2a: Jirachi|Calm Mind|p2a: Jirachi
|-boost|p2a: Jirachi|spa|1
|-boost|p2a: Jirachi|spd|1
|move|p1a: Despotar|Crunch|p2a: Jirachi
|-damage|p2a: Jirachi|92/100
|
|-weather|Sandstorm|[upkeep]
|-heal|p2a: Jirachi|98/100|[from] item: Leftovers
|upkeep
|turn|25
|
|t:|1730315902
|move|p2a: Jirachi|Wish|p2a: Jirachi
|move|p1a: Despotar|Crunch|p2a: Jirachi
|-damage|p2a: Jirachi|90/100
|
|-weather|Sandstorm|[upkeep]
|-heal|p2a: Jirachi|96/100|[from] item: Leftovers
|upkeep
|turn|26
|
|t:|1730315906
|move|p2a: Jirachi|Thunderbolt|p1a: Despotar
|-damage|p1a: Despotar|0 fnt
|faint|p1a: Despotar
|
|t:|1730315909
|switch|p1a: Panopticon|Claydol|100/100
|
|-heal|p2a: Jirachi|100/100|[from] move: Wish|[wisher] Jirachi
|-weather|Sandstorm|[upkeep]
|upkeep
|turn|27
|
|t:|1730315912
|move|p2a: Jirachi|Ice Punch|p1a: Panopticon
|-supereffective|p1a: Panopticon
|-damage|p1a: Panopticon|0 fnt
|faint|p1a: Panopticon
|c|☆tsukinomiko|wtv
|c|☆tsukinomiko|shit set
|c|☆tsukinomiko|gg
|-message|tsukinomiko forfeited.
|
|win|klird
|c|☆klird|ggs

</script>
<script type="application/json" class="data" id="replaydata-smogtours-gen3ou-803448">
{"id":"smogtours-gen3ou-803448","format":"[Gen 3] OU","players":["tsukinomiko","klird"],"uploadtime":1730315923,"views":88,"formatid":"gen3ou","rating":null,"private":0,"password":null}
</script>

<script defer src="js/replays.js?9d40a366"></script>
