<!DOCTYPE html>
<meta charset="utf-8" />
<meta name="viewport" content="width=device-width" />

<title>[Gen 3] OU: Tasmanian Demon vs. LTG - Replays - Pok&eacute;mon Showdown!</title>

<meta name="description" content="Watch a replay of a Pok&eacute;mon battle between Tasmanian Demon and LTG! Format: [Gen 3] OU; Date: Oct 24, 2024" />
<!--

Hey, you! Looking in the source for the replay log?

You can find them in JSON format, just add `.json` at the end of a replay URL.

https://replay.pokemonshowdown.com/gen7randomdoublesbattle-865046831.json

Or, if you only need the log itself, add `.log` instead:

https://replay.pokemonshowdown.com/gen7randomdoublesbattle-865046831.log

-->

<link rel="stylesheet" href="//pokemonshowdown.com/style/global.css?0.023195364461161105" />
<link rel="stylesheet" href="//play.pokemonshowdown.com/style/font-awesome.css?0.13261647063804238" />
<link rel="stylesheet" href="//play.pokemonshowdown.com/style/battle.css?0.8753245789963631" />
<link rel="stylesheet" href="//play.pokemonshowdown.com/style/utilichart.css?0.8627959624976733" />

<!-- Global site tag (gtag.js) - Google Analytics -->
<script async src="https://www.googletagmanager.com/gtag/js?id=UA-26211653-1"></script>
<script>
  window.dataLayer = window.dataLayer || [];
  function gtag(){dataLayer.push(arguments);}
  gtag('js', new Date());

  gtag('config', 'UA-26211653-1');
</script>
<!-- End Google Analytics -->
<!-- Venatus Ad Manager - Install in <HEAD> of page -->
	<script src="https://hb.vntsm.com/v3/live/ad-manager.min.js" type="text/javascript" data-site-id="642aba63ec9a7b11c3c9c1be" data-mode="scan" async></script>
<!-- / Venatus Ad Manager -->

<style>
	@media (max-width:820px) {
		.battle {
			margin: 0 auto;
		}
		.battle-log {
			margin: 7px auto 0;
			max-width: 640px;
			height: 300px;
			position: static;
		}
	}
	.optgroup {
		display: inline-block;
		line-height: 22px;
		font-size: 10pt;
	}
	.optgroup .button {
		height: 25px;
		padding-top: 0;
		padding-bottom: 0;
	}
	.optgroup button.button {
		padding-left: 12px;
		padding-right: 12px;
	}
	.linklist {
		list-style: none;
		margin: 0.5em 0;
		padding: 0;
	}
	.linklist li {
		padding: 2px 0;
	}
	.sidebar {
		float: left;
		width: 320px;
	}
	.bar-wrapper {
		max-width: 1100px;
		margin: 0 auto;
	}
	.bar-wrapper.has-sidebar {
		max-width: 1430px;
	}
	.mainbar {
		margin: 0;
		padding-right: 1px;
	}
	.mainbar.has-sidebar {
		margin-left: 330px;
	}
	@media (min-width: 1511px) {
		.sidebar {
			width: 400px;
		}
		.bar-wrapper.has-sidebar {
			max-width: 1510px;
		}
		.mainbar.has-sidebar {
			margin-left: 410px;
		}
	}
	.section.first-section {
		margin-top: 9px;
	}
	.blocklink small {
		white-space: normal;
	}
	.button {
		vertical-align: middle;
	}
	.replay-controls {
		padding-top: 10px;
	}
	.replay-controls h1 {
		font-size: 16pt;
		font-weight: normal;
		color: #CCC;
	}
	.pagelink {
		text-align: center;
	}
	.pagelink a {
		width: 150px;
	}
	.textbox, .button {
		font-size: 11pt;
		vertical-align: middle;
	}
	@media (max-width: 450px) {
		.button {
			font-size: 9pt;
		}
	}
</style>

<div>

	<header>
		<div class="nav-wrapper"><ul class="nav">
			<li><a class="button nav-first" href="//pokemonshowdown.com/"><img src="//pokemonshowdown.com/images/pokemonshowdownbeta.png" srcset="//pokemonshowdown.com/images/pokemonshowdownbeta.png 1x, //pokemonshowdown.com/images/pokemonshowdownbeta@2x.png 2x" alt="Pok&eacute;mon Showdown" width="146" height="44" /> Home</a></li>
			<li><a class="button" href="//pokemonshowdown.com/dex/">Pok&eacute;dex</a></li>
			<li><a class="button cur" href="/">Replays</a></li>
			<li><a class="button" href="//pokemonshowdown.com/ladder/">Ladder</a></li>
			<li><a class="button nav-last" href="//pokemonshowdown.com/forums/">Forum</a></li>
			<li><a class="button greenbutton nav-first nav-last" href="//play.pokemonshowdown.com/">Play</a></li>
		</ul></div>
	</header>

	<div class="main" id="main">

		<noscript><section class="section">You need to enable JavaScript to use this page; sorry!</section></noscript>

	</div>

</div>

<script defer nomodule src="//play.pokemonshowdown.com/js/lib/ps-polyfill.js"></script>
<script defer src="//play.pokemonshowdown.com/js/lib/preact.min.js"></script>

<script defer src="//play.pokemonshowdown.com/config/config.js?2bddbc15"></script>
<script defer src="//play.pokemonshowdown.com/js/lib/jquery-1.11.0.min.js"></script>
<script defer src="//play.pokemonshowdown.com/js/lib/html-sanitizer-minified.js"></script>
<script defer src="//play.pokemonshowdown.com/js/battle-sound.js"></script>
<script defer src="//play.pokemonshowdown.com/js/battledata.js?0.7209276989879541"></script>
<script defer src="//play.pokemonshowdown.com/data/pokedex-mini.js?0.6111056340867951"></script>
<script defer src="//play.pokemonshowdown.com/data/pokedex-mini-bw.js?0.3532142036491459"></script>
<script defer src="//play.pokemonshowdown.com/data/graphics.js?0.24223875632456182"></script>
<script defer src="//play.pokemonshowdown.com/data/pokedex.js?0.38839984266356864"></script>
<script defer src="//play.pokemonshowdown.com/data/moves.js?0.21866028504024015"></script>
<script defer src="//play.pokemonshowdown.com/data/abilities.js?0.2005157953846628"></script>
<script defer src="//play.pokemonshowdown.com/data/items.js?0.9894211263848525"></script>
<script defer src="//play.pokemonshowdown.com/data/teambuilder-tables.js?0.6008791140282215"></script>
<script defer src="//play.pokemonshowdown.com/js/battle-tooltips.js?0.7580118955022959"></script>
<script defer src="//play.pokemonshowdown.com/js/battle.js?0.6057722274234274"></script>

<script defer src="js/utils.js?e31f9a17"></script>
<script defer src="js/replays-battle.js?7008c182"></script>

<!-- don't scrape this data! just add .json or .log after the URL!
Full API docs: https://github.com/smogon/pokemon-showdown-client/blob/master/WEB-API.md -->
<script type="text/plain" class="log" id="replaylog-smogtours-gen3ou-801575">
|inactive|Battle timer is ON: inactive players will automatically lose when time's up.
|t:|1729789690
|gametype|singles
|player|p1|Tasmanian Demon|janitor|
|player|p2|LTG|#ltg|
|teamsize|p1|6
|teamsize|p2|6
|gen|3
|tier|[Gen 3] OU
|rule|Sleep Clause Mod: Limit one foe put to sleep
|rule|Switch Priority Clause Mod: Faster Pokémon switch first
|rule|Species Clause: Limit one of each Pokémon
|rule|OHKO Clause: OHKO moves are banned
|rule|Evasion Items Clause: Evasion items are banned
|rule|Evasion Moves Clause: Evasion moves are banned
|rule|Endless Battle Clause: Forcing endless battles is banned
|rule|HP Percentage Mod: HP is shown in percentages
|rule|One Boost Passer Clause: Limit one Baton Passer that has a way to boost its stats
|rule|Freeze Clause Mod: Limit one foe frozen
|
|t:|1729789690
|start
|switch|p1a: Hariyama|Hariyama, M|100/100
|switch|p2a: Forretress|Forretress, M|100/100
|turn|1
|
|t:|1729789703
|move|p1a: Hariyama|Knock Off|p2a: Forretress
|-resisted|p2a: Forretress
|-damage|p2a: Forretress|99/100
|-enditem|p2a: Forretress|Leftovers|[from] move: Knock Off|[of] p1a: Hariyama
|-hint|In Gens 3-4, Knock Off only makes the target's item unusable; it cannot obtain a new item.
|move|p2a: Forretress|Spikes|p1a: Hariyama
|-sidestart|p1: Tasmanian Demon|Spikes
|
|upkeep
|turn|2
|
|t:|1729789714
|-singleturn|p1a: Hariyama|move: Focus Punch
|switch|p2a: Salamence|Salamence, M|100/100
|-ability|p2a: Salamence|Intimidate|boost
|-unboost|p1a: Hariyama|atk|1
|move|p1a: Hariyama|Focus Punch|p2a: Salamence
|-resisted|p2a: Salamence
|-crit|p2a: Salamence
|-damage|p2a: Salamence|23/100
|
|-heal|p2a: Salamence|29/100|[from] item: Leftovers
|upkeep
|turn|3
|
|t:|1729789726
|switch|p1a: Suicune|Suicune|100/100
|-damage|p1a: Suicune|88/100|[from] Spikes
|move|p2a: Salamence|Hidden Power|p1a: Suicune
|-damage|p1a: Suicune|65/100
|
|-heal|p2a: Salamence|35/100|[from] item: Leftovers
|-heal|p1a: Suicune|71/100|[from] item: Leftovers
|upkeep
|turn|4
|
|t:|1729789738
|switch|p2a: Forretress|Forretress, M|99/100
|move|p1a: Suicune|Surf|p2a: Forretress
|-damage|p2a: Forretress|70/100
|
|-heal|p1a: Suicune|77/100|[from] item: Leftovers
|upkeep
|turn|5
|
|t:|1729789746
|switch|p1a: Jirachi|Jirachi|100/100
|-damage|p1a: Jirachi|88/100|[from] Spikes
|switch|p2a: Zapdos|Zapdos|100/100
|
|-heal|p1a: Jirachi|94/100|[from] item: Leftovers
|upkeep
|turn|6
|
|t:|1729789753
|move|p2a: Zapdos|Baton Pass|p2a: Zapdos
|
|t:|1729789758
|switch|p2a: Swampert|Swampert, M|100/100|[from] Baton Pass
|move|p1a: Jirachi|Toxic|p2a: Swampert
|-status|p2a: Swampert|tox
|
|-heal|p1a: Jirachi|100/100|[from] item: Leftovers
|-damage|p2a: Swampert|94/100 tox|[from] psn
|upkeep
|turn|7
|
|t:|1729789765
|move|p1a: Jirachi|Wish|p1a: Jirachi
|move|p2a: Swampert|Earthquake|p1a: Jirachi
|-supereffective|p1a: Jirachi
|-damage|p1a: Jirachi|53/100
|
|-heal|p1a: Jirachi|59/100|[from] item: Leftovers
|-heal|p2a: Swampert|100/100 tox|[from] item: Leftovers
|-damage|p2a: Swampert|88/100 tox|[from] psn
|upkeep
|turn|8
|
|t:|1729789779
|switch|p2a: Blaziken|Blaziken, M|100/100
|move|p1a: Jirachi|Fire Punch|p2a: Blaziken
|-resisted|p2a: Blaziken
|-damage|p2a: Blaziken|87/100
|
|-heal|p1a: Jirachi|100/100|[from] move: Wish|[wisher] Jirachi
|-heal|p2a: Blaziken|93/100|[from] item: Leftovers
|upkeep
|turn|9
|
|t:|1729789791
|switch|p1a: Salamence|Salamence, F|100/100
|-ability|p1a: Salamence|Intimidate|boost
|-unboost|p2a: Blaziken|atk|1
|move|p2a: Blaziken|Fire Blast|p1a: Salamence
|-resisted|p1a: Salamence
|-damage|p1a: Salamence|63/100
|
|-heal|p2a: Blaziken|99/100|[from] item: Leftovers
|upkeep
|turn|10
|
|t:|1729789807
|switch|p2a: Zapdos|Zapdos|100/100
|move|p1a: Salamence|Hidden Power|p2a: Zapdos
|-resisted|p2a: Zapdos
|-damage|p2a: Zapdos|64/100
|
|-heal|p2a: Zapdos|70/100|[from] item: Leftovers
|upkeep
|turn|11
|
|t:|1729789815
|switch|p1a: Claydol|Claydol|100/100
|move|p2a: Zapdos|Thunderbolt|p1a: Claydol
|-immune|p1a: Claydol
|
|-heal|p2a: Zapdos|77/100|[from] item: Leftovers
|upkeep
|turn|12
|
|t:|1729789824
|move|p2a: Zapdos|Hidden Power|p1a: Claydol
|-supereffective|p1a: Claydol
|-damage|p1a: Claydol|47/100
|move|p1a: Claydol|Rapid Spin|p2a: Zapdos
|-damage|p2a: Zapdos|70/100
|-sideend|p1: Tasmanian Demon|Spikes|[from] move: Rapid Spin|[of] p1a: Claydol
|
|-heal|p2a: Zapdos|76/100|[from] item: Leftovers
|-heal|p1a: Claydol|54/100|[from] item: Leftovers
|upkeep
|turn|13
|
|t:|1729789832
|switch|p1a: Blissey|Blissey, F|100/100
|move|p2a: Zapdos|Hidden Power|p1a: Blissey
|-damage|p1a: Blissey|90/100
|
|-heal|p2a: Zapdos|82/100|[from] item: Leftovers
|-heal|p1a: Blissey|96/100|[from] item: Leftovers
|upkeep
|turn|14
|
|t:|1729789844
|switch|p2a: Camerupt|Camerupt, M|100/100
|move|p1a: Blissey|Ice Beam|p2a: Camerupt
|-damage|p2a: Camerupt|75/100
|
|-heal|p1a: Blissey|100/100|[from] item: Leftovers
|-heal|p2a: Camerupt|81/100|[from] item: Leftovers
|upkeep
|turn|15
|
|t:|1729789858
|switch|p1a: Suicune|Suicune|77/100
|move|p2a: Camerupt|Earthquake|p1a: Suicune
|-damage|p1a: Suicune|51/100
|
|-heal|p1a: Suicune|57/100|[from] item: Leftovers
|-heal|p2a: Camerupt|88/100|[from] item: Leftovers
|upkeep
|turn|16
|
|t:|1729789872
|switch|p2a: Swampert|Swampert, M|88/100 tox
|move|p1a: Suicune|Surf|p2a: Swampert
|-damage|p2a: Swampert|61/100 tox
|
|-heal|p1a: Suicune|63/100|[from] item: Leftovers
|-heal|p2a: Swampert|67/100 tox|[from] item: Leftovers
|-damage|p2a: Swampert|61/100 tox|[from] psn
|upkeep
|turn|17
|
|t:|1729789881
|switch|p2a: Zapdos|Zapdos|82/100
|move|p1a: Suicune|Surf|p2a: Zapdos
|-damage|p2a: Zapdos|51/100
|
|-heal|p2a: Zapdos|58/100|[from] item: Leftovers
|-heal|p1a: Suicune|69/100|[from] item: Leftovers
|upkeep
|turn|18
|
|t:|1729789888
|switch|p1a: Blissey|Blissey, F|100/100
|move|p2a: Zapdos|Thunderbolt|p1a: Blissey
|-damage|p1a: Blissey|81/100
|-status|p1a: Blissey|par
|
|-heal|p2a: Zapdos|64/100|[from] item: Leftovers
|-heal|p1a: Blissey|87/100 par|[from] item: Leftovers
|upkeep
|turn|19
|
|t:|1729789896
|switch|p2a: Camerupt|Camerupt, M|88/100
|move|p1a: Blissey|Ice Beam|p2a: Camerupt
|-damage|p2a: Camerupt|62/100
|
|-heal|p2a: Camerupt|69/100|[from] item: Leftovers
|-heal|p1a: Blissey|93/100 par|[from] item: Leftovers
|upkeep
|turn|20
|
|t:|1729789908
|-curestatus|p1a: Blissey|par|[from] ability: Natural Cure
|switch|p1a: Suicune|Suicune|69/100
|move|p2a: Camerupt|Earthquake|p1a: Suicune
|-damage|p1a: Suicune|45/100
|
|-heal|p1a: Suicune|51/100|[from] item: Leftovers
|-heal|p2a: Camerupt|75/100|[from] item: Leftovers
|upkeep
|turn|21
|
|t:|1729789917
|switch|p2a: Forretress|Forretress, M|70/100
|move|p1a: Suicune|Surf|p2a: Forretress
|-damage|p2a: Forretress|43/100
|
|-heal|p1a: Suicune|57/100|[from] item: Leftovers
|upkeep
|turn|22
|
|t:|1729789923
|switch|p1a: Jirachi|Jirachi|100/100
|move|p2a: Forretress|Spikes|p1a: Jirachi
|-sidestart|p1: Tasmanian Demon|Spikes
|
|upkeep
|turn|23
|
|t:|1729789930
|switch|p2a: Camerupt|Camerupt, M|75/100
|move|p1a: Jirachi|Wish|p1a: Jirachi
|
|-heal|p2a: Camerupt|81/100|[from] item: Leftovers
|upkeep
|turn|24
|
|t:|1729789944
|switch|p1a: Salamence|Salamence, F|63/100
|-ability|p1a: Salamence|Intimidate|boost
|-unboost|p2a: Camerupt|atk|1
|move|p2a: Camerupt|Earthquake|p1a: Salamence
|-immune|p1a: Salamence
|
|-heal|p1a: Salamence|100/100|[from] move: Wish|[wisher] Jirachi
|-heal|p2a: Camerupt|87/100|[from] item: Leftovers
|upkeep
|turn|25
|
|t:|1729789966
|switch|p2a: Forretress|Forretress, M|43/100
|move|p1a: Salamence|Earthquake|p2a: Forretress
|-damage|p2a: Forretress|2/100
|
|upkeep
|turn|26
|
|t:|1729789971
|switch|p2a: Salamence|Salamence, M|35/100
|-ability|p2a: Salamence|Intimidate|boost
|-unboost|p1a: Salamence|atk|1
|move|p1a: Salamence|Earthquake|p2a: Salamence
|-immune|p2a: Salamence
|
|-heal|p2a: Salamence|41/100|[from] item: Leftovers
|upkeep
|turn|27
|
|t:|1729789986
|switch|p1a: Claydol|Claydol|54/100
|move|p2a: Salamence|Hidden Power|p1a: Claydol
|-damage|p1a: Claydol|8/100
|
|-heal|p2a: Salamence|47/100|[from] item: Leftovers
|-heal|p1a: Claydol|14/100|[from] item: Leftovers
|upkeep
|turn|28
|
|t:|1729789991
|move|p2a: Salamence|Hidden Power|p1a: Claydol
|-damage|p1a: Claydol|0 fnt
|faint|p1a: Claydol
|
|t:|1729790000
|switch|p1a: Salamence|Salamence, F|100/100
|-ability|p1a: Salamence|Intimidate|boost
|-unboost|p2a: Salamence|atk|1
|
|-heal|p2a: Salamence|54/100|[from] item: Leftovers
|upkeep
|turn|29
|
|t:|1729790009
|switch|p2a: Forretress|Forretress, M|2/100
|move|p1a: Salamence|Rock Slide|p2a: Forretress
|-damage|p2a: Forretress|0 fnt
|faint|p2a: Forretress
|
|t:|1729790024
|switch|p2a: Swampert|Swampert, M|61/100 tox
|
|-heal|p2a: Swampert|67/100 tox|[from] item: Leftovers
|-damage|p2a: Swampert|61/100 tox|[from] psn
|upkeep
|turn|30
|
|t:|1729790032
|switch|p1a: Suicune|Suicune|57/100
|-damage|p1a: Suicune|45/100|[from] Spikes
|move|p2a: Swampert|Ice Beam|p1a: Suicune
|-resisted|p1a: Suicune
|-damage|p1a: Suicune|38/100
|
|-heal|p1a: Suicune|44/100|[from] item: Leftovers
|-heal|p2a: Swampert|67/100 tox|[from] item: Leftovers
|-damage|p2a: Swampert|55/100 tox|[from] psn
|upkeep
|turn|31
|
|t:|1729790044
|move|p1a: Suicune|Surf|p2a: Swampert
|-damage|p2a: Swampert|27/100 tox
|move|p2a: Swampert|Earthquake|p1a: Suicune
|-damage|p1a: Suicune|21/100
|
|-heal|p1a: Suicune|27/100|[from] item: Leftovers
|-heal|p2a: Swampert|34/100 tox|[from] item: Leftovers
|-damage|p2a: Swampert|15/100 tox|[from] psn
|upkeep
|turn|32
|
|t:|1729790051
|move|p1a: Suicune|Rest|p1a: Suicune
|-status|p1a: Suicune|slp|[from] move: Rest
|-heal|p1a: Suicune|100/100 slp|[silent]
|move|p2a: Swampert|Earthquake|p1a: Suicune
|-crit|p1a: Suicune
|-damage|p1a: Suicune|57/100 slp
|
|-heal|p1a: Suicune|64/100 slp|[from] item: Leftovers
|-heal|p2a: Swampert|21/100 tox|[from] item: Leftovers
|-damage|p2a: Swampert|0 fnt|[from] psn
|faint|p2a: Swampert
|upkeep
|
|t:|1729790069
|switch|p2a: Salamence|Salamence, M|54/100
|-ability|p2a: Salamence|Intimidate|boost
|-unboost|p1a: Suicune|atk|1
|turn|33
|
|t:|1729790074
|switch|p1a: Blissey|Blissey, F|93/100
|-damage|p1a: Blissey|81/100|[from] Spikes
|move|p2a: Salamence|Dragon Dance|p2a: Salamence
|-boost|p2a: Salamence|atk|1
|-boost|p2a: Salamence|spe|1
|
|-heal|p2a: Salamence|60/100|[from] item: Leftovers
|-heal|p1a: Blissey|87/100|[from] item: Leftovers
|upkeep
|turn|34
|
|t:|1729790099
|switch|p2a: Blaziken|Blaziken, M|99/100
|move|p1a: Blissey|Ice Beam|p2a: Blaziken
|-resisted|p2a: Blaziken
|-damage|p2a: Blaziken|79/100
|
|-heal|p2a: Blaziken|85/100|[from] item: Leftovers
|-heal|p1a: Blissey|93/100|[from] item: Leftovers
|upkeep
|turn|35
|
|t:|1729790111
|switch|p1a: Salamence|Salamence, F|100/100
|-ability|p1a: Salamence|Intimidate|boost
|-unboost|p2a: Blaziken|atk|1
|move|p2a: Blaziken|Sky Uppercut|p1a: Salamence
|-resisted|p1a: Salamence
|-crit|p1a: Salamence
|-damage|p1a: Salamence|55/100
|
|-heal|p2a: Blaziken|92/100|[from] item: Leftovers
|upkeep
|turn|36
|
|t:|1729790118
|switch|p2a: Zapdos|Zapdos|64/100
|move|p1a: Salamence|Rock Slide|p2a: Zapdos
|-supereffective|p2a: Zapdos
|-damage|p2a: Zapdos|0 fnt
|faint|p2a: Zapdos
|
|t:|1729790129
|switch|p2a: Salamence|Salamence, M|60/100
|-ability|p2a: Salamence|Intimidate|boost
|-unboost|p1a: Salamence|atk|1
|
|-heal|p2a: Salamence|66/100|[from] item: Leftovers
|upkeep
|turn|37
|
|t:|1729790134
|switch|p2a: Camerupt|Camerupt, M|87/100
|move|p1a: Salamence|Rock Slide|p2a: Camerupt|[miss]
|-miss|p1a: Salamence|p2a: Camerupt
|
|-heal|p2a: Camerupt|94/100|[from] item: Leftovers
|upkeep
|turn|38
|
|t:|1729790144
|switch|p1a: Hariyama|Hariyama, M|100/100
|-damage|p1a: Hariyama|88/100|[from] Spikes
|move|p2a: Camerupt|Flamethrower|p1a: Hariyama
|-damage|p1a: Hariyama|55/100
|
|-heal|p1a: Hariyama|61/100|[from] item: Leftovers
|-heal|p2a: Camerupt|99/100|[from] item: Leftovers
|upkeep
|turn|39
|inactive|Tasmanian Demon has 270 seconds left.
|
|t:|1729790179
|-singleturn|p1a: Hariyama|move: Focus Punch
|move|p2a: Camerupt|Earthquake|p1a: Hariyama
|-damage|p1a: Hariyama|21/100
|move|p1a: Hariyama|Focus Punch||[still]
|cant|p1a: Hariyama|Focus Punch|Focus Punch
|
|-heal|p1a: Hariyama|27/100|[from] item: Leftovers
|-heal|p2a: Camerupt|100/100|[from] item: Leftovers
|upkeep
|turn|40
|inactive|Tasmanian Demon has 270 seconds left.
|
|t:|1729790197
|-singleturn|p1a: Hariyama|move: Focus Punch
|move|p2a: Camerupt|Flamethrower|p1a: Hariyama
|-damage|p1a: Hariyama|0 fnt
|faint|p1a: Hariyama
|inactive|Tasmanian Demon has 270 seconds left.
|
|t:|1729790203
|switch|p1a: Salamence|Salamence, F|55/100
|-ability|p1a: Salamence|Intimidate|boost
|-unboost|p2a: Camerupt|atk|1
|
|upkeep
|turn|41
|inactive|Tasmanian Demon has 270 seconds left.
|
|t:|1729790222
|switch|p2a: Salamence|Salamence, M|66/100
|-ability|p2a: Salamence|Intimidate|boost
|-unboost|p1a: Salamence|atk|1
|move|p1a: Salamence|Rock Slide|p2a: Salamence
|-supereffective|p2a: Salamence
|-damage|p2a: Salamence|1/100
|
|-heal|p2a: Salamence|7/100|[from] item: Leftovers
|upkeep
|turn|42
|inactive|LTG has 270 seconds left.
|
|t:|1729790238
|switch|p2a: Camerupt|Camerupt, M|100/100
|move|p1a: Salamence|Rock Slide|p2a: Camerupt
|-damage|p2a: Camerupt|61/100
|
|-heal|p2a: Camerupt|67/100|[from] item: Leftovers
|upkeep
|turn|43
|
|t:|1729790248
|move|p1a: Salamence|Rock Slide|p2a: Camerupt
|-damage|p2a: Camerupt|25/100
|move|p2a: Camerupt|Flamethrower|p1a: Salamence
|-resisted|p1a: Salamence
|-damage|p1a: Salamence|34/100
|
|-heal|p2a: Camerupt|31/100|[from] item: Leftovers
|upkeep
|turn|44
|
|t:|1729790257
|switch|p2a: Salamence|Salamence, M|7/100
|-ability|p2a: Salamence|Intimidate|boost
|-unboost|p1a: Salamence|atk|1
|move|p1a: Salamence|Rock Slide|p2a: Salamence
|-supereffective|p2a: Salamence
|-damage|p2a: Salamence|0 fnt
|faint|p2a: Salamence
|
|t:|1729790259
|switch|p2a: Camerupt|Camerupt, M|31/100
|
|-heal|p2a: Camerupt|38/100|[from] item: Leftovers
|upkeep
|turn|45
|
|t:|1729790266
|switch|p1a: Jirachi|Jirachi|100/100
|-damage|p1a: Jirachi|88/100|[from] Spikes
|move|p2a: Camerupt|Rest|p2a: Camerupt
|-status|p2a: Camerupt|slp|[from] move: Rest
|-heal|p2a: Camerupt|100/100 slp|[silent]
|
|-heal|p1a: Jirachi|94/100|[from] item: Leftovers
|upkeep
|turn|46
|
|t:|1729790270
|move|p1a: Jirachi|Wish|p1a: Jirachi
|cant|p2a: Camerupt|slp
|move|p2a: Camerupt|Sleep Talk|p2a: Camerupt
|move|p2a: Camerupt|Flamethrower|p1a: Jirachi|[from]Sleep Talk
|-supereffective|p1a: Jirachi
|-damage|p1a: Jirachi|35/100
|
|-heal|p1a: Jirachi|41/100|[from] item: Leftovers
|upkeep
|turn|47
|
|t:|1729790280
|switch|p1a: Salamence|Salamence, F|34/100
|-ability|p1a: Salamence|Intimidate|boost
|-unboost|p2a: Camerupt|atk|1
|switch|p2a: Blaziken|Blaziken, M|92/100
|
|-heal|p1a: Salamence|84/100|[from] move: Wish|[wisher] Jirachi
|-heal|p2a: Blaziken|98/100|[from] item: Leftovers
|upkeep
|turn|48
|c|☆LTG|gg
|c|☆Tasmanian Demon|gg
|-message|LTG forfeited.
|
|win|Tasmanian Demon

</script>
<script type="application/json" class="data" id="replaydata-smogtours-gen3ou-801575">
{"id":"smogtours-gen3ou-801575","format":"[Gen 3] OU","players":["Tasmanian Demon","LTG"],"uploadtime":1729790286,"views":68,"formatid":"gen3ou","rating":null,"private":0,"password":null}
</script>

<script defer src="js/replays.js?9d40a366"></script>
