<!DOCTYPE html>
<meta charset="utf-8" />
<meta name="viewport" content="width=device-width" />

<title>[Gen 3] OU: leoperi99 vs. Just_Leonardo - Replays - Pok&eacute;mon Showdown!</title>

<meta name="description" content="Watch a replay of a Pok&eacute;mon battle between leoperi99 and Just_Leonardo! Format: [Gen 3] OU; Date: Oct 8, 2024" />
<!--

Hey, you! Looking in the source for the replay log?

You can find them in JSON format, just add `.json` at the end of a replay URL.

https://replay.pokemonshowdown.com/gen7randomdoublesbattle-865046831.json

Or, if you only need the log itself, add `.log` instead:

https://replay.pokemonshowdown.com/gen7randomdoublesbattle-865046831.log

-->

<link rel="stylesheet" href="//pokemonshowdown.com/style/global.css?0.767286132409787" />
<link rel="stylesheet" href="//play.pokemonshowdown.com/style/font-awesome.css?0.9266228007934947" />
<link rel="stylesheet" href="//play.pokemonshowdown.com/style/battle.css?0.7924700842790926" />
<link rel="stylesheet" href="//play.pokemonshowdown.com/style/utilichart.css?0.8777417872839479" />

<!-- Global site tag (gtag.js) - Google Analytics -->
<script async src="https://www.googletagmanager.com/gtag/js?id=UA-26211653-1"></script>
<script>
  window.dataLayer = window.dataLayer || [];
  function gtag(){dataLayer.push(arguments);}
  gtag('js', new Date());

  gtag('config', 'UA-26211653-1');
</script>
<!-- End Google Analytics -->
<!-- Venatus Ad Manager - Install in <HEAD> of page -->
	<script src="https://hb.vntsm.com/v3/live/ad-manager.min.js" type="text/javascript" data-site-id="642aba63ec9a7b11c3c9c1be" data-mode="scan" async></script>
<!-- / Venatus Ad Manager -->

<style>
	@media (max-width:820px) {
		.battle {
			margin: 0 auto;
		}
		.battle-log {
			margin: 7px auto 0;
			max-width: 640px;
			height: 300px;
			position: static;
		}
	}
	.optgroup {
		display: inline-block;
		line-height: 22px;
		font-size: 10pt;
	}
	.optgroup .button {
		height: 25px;
		padding-top: 0;
		padding-bottom: 0;
	}
	.optgroup button.button {
		padding-left: 12px;
		padding-right: 12px;
	}
	.linklist {
		list-style: none;
		margin: 0.5em 0;
		padding: 0;
	}
	.linklist li {
		padding: 2px 0;
	}
	.sidebar {
		float: left;
		width: 320px;
	}
	.bar-wrapper {
		max-width: 1100px;
		margin: 0 auto;
	}
	.bar-wrapper.has-sidebar {
		max-width: 1430px;
	}
	.mainbar {
		margin: 0;
		padding-right: 1px;
	}
	.mainbar.has-sidebar {
		margin-left: 330px;
	}
	@media (min-width: 1511px) {
		.sidebar {
			width: 400px;
		}
		.bar-wrapper.has-sidebar {
			max-width: 1510px;
		}
		.mainbar.has-sidebar {
			margin-left: 410px;
		}
	}
	.section.first-section {
		margin-top: 9px;
	}
	.blocklink small {
		white-space: normal;
	}
	.button {
		vertical-align: middle;
	}
	.replay-controls {
		padding-top: 10px;
	}
	.replay-controls h1 {
		font-size: 16pt;
		font-weight: normal;
		color: #CCC;
	}
	.pagelink {
		text-align: center;
	}
	.pagelink a {
		width: 150px;
	}
	.textbox, .button {
		font-size: 11pt;
		vertical-align: middle;
	}
	@media (max-width: 450px) {
		.button {
			font-size: 9pt;
		}
	}
</style>

<div>

	<header>
		<div class="nav-wrapper"><ul class="nav">
			<li><a class="button nav-first" href="//pokemonshowdown.com/"><img src="//pokemonshowdown.com/images/pokemonshowdownbeta.png" srcset="//pokemonshowdown.com/images/pokemonshowdownbeta.png 1x, //pokemonshowdown.com/images/pokemonshowdownbeta@2x.png 2x" alt="Pok&eacute;mon Showdown" width="146" height="44" /> Home</a></li>
			<li><a class="button" href="//pokemonshowdown.com/dex/">Pok&eacute;dex</a></li>
			<li><a class="button cur" href="/">Replays</a></li>
			<li><a class="button" href="//pokemonshowdown.com/ladder/">Ladder</a></li>
			<li><a class="button nav-last" href="//pokemonshowdown.com/forums/">Forum</a></li>
			<li><a class="button greenbutton nav-first nav-last" href="//play.pokemonshowdown.com/">Play</a></li>
		</ul></div>
	</header>

	<div class="main" id="main">

		<noscript><section class="section">You need to enable JavaScript to use this page; sorry!</section></noscript>

	</div>

</div>

<script defer nomodule src="//play.pokemonshowdown.com/js/lib/ps-polyfill.js"></script>
<script defer src="//play.pokemonshowdown.com/js/lib/preact.min.js"></script>

<script defer src="//play.pokemonshowdown.com/config/config.js?6dec07f6"></script>
<script defer src="//play.pokemonshowdown.com/js/lib/jquery-1.11.0.min.js"></script>
<script defer src="//play.pokemonshowdown.com/js/lib/html-sanitizer-minified.js"></script>
<script defer src="//play.pokemonshowdown.com/js/battle-sound.js"></script>
<script defer src="//play.pokemonshowdown.com/js/battledata.js?0.6315294753075389"></script>
<script defer src="//play.pokemonshowdown.com/data/pokedex-mini.js?0.7603743185311358"></script>
<script defer src="//play.pokemonshowdown.com/data/pokedex-mini-bw.js?0.030888842834281283"></script>
<script defer src="//play.pokemonshowdown.com/data/graphics.js?0.05593094747507488"></script>
<script defer src="//play.pokemonshowdown.com/data/pokedex.js?0.47064822249611904"></script>
<script defer src="//play.pokemonshowdown.com/data/moves.js?0.8583693120512459"></script>
<script defer src="//play.pokemonshowdown.com/data/abilities.js?0.16017181182386842"></script>
<script defer src="//play.pokemonshowdown.com/data/items.js?0.4163379185673943"></script>
<script defer src="//play.pokemonshowdown.com/data/teambuilder-tables.js?0.31075597372830477"></script>
<script defer src="//play.pokemonshowdown.com/js/battle-tooltips.js?0.6536193500708172"></script>
<script defer src="//play.pokemonshowdown.com/js/battle.js?0.1916591943277901"></script>

<script defer src="js/utils.js?e31f9a17"></script>
<script defer src="js/replays-battle.js?7008c182"></script>

<!-- don't scrape this data! just add .json or .log after the URL!
Full API docs: https://github.com/smogon/pokemon-showdown-client/blob/master/WEB-API.md -->
<script type="text/plain" class="log" id="replaylog-smogtours-gen3ou-796431">
|inactive|Battle timer is ON: inactive players will automatically lose when time's up.
|t:|1728411706
|gametype|singles
|player|p1|leoperi99|hala|
|player|p2|Just_Leonardo|hiker-gen4|
|teamsize|p1|6
|teamsize|p2|6
|gen|3
|tier|[Gen 3] OU
|rule|Sleep Clause Mod: Limit one foe put to sleep
|rule|Switch Priority Clause Mod: Faster Pokémon switch first
|rule|Species Clause: Limit one of each Pokémon
|rule|OHKO Clause: OHKO moves are banned
|rule|Evasion Items Clause: Evasion items are banned
|rule|Evasion Moves Clause: Evasion moves are banned
|rule|Endless Battle Clause: Forcing endless battles is banned
|rule|HP Percentage Mod: HP is shown in percentages
|rule|One Boost Passer Clause: Limit one Baton Passer that has a way to boost its stats
|rule|Freeze Clause Mod: Limit one foe frozen
|
|t:|1728411706
|start
|switch|p1a: Tyranitar|Tyranitar, F|100/100
|switch|p2a: Jim|Medicham, M, shiny|100/100
|-weather|Sandstorm|[from] ability: Sand Stream|[of] p1a: Tyranitar
|turn|1
|c|☆Just_Leonardo|hf
|
|t:|1728411728
|switch|p1a: Skarmory|Skarmory, F|100/100
|move|p2a: Jim|Brick Break|p1a: Skarmory
|-damage|p1a: Skarmory|66/100
|
|-weather|Sandstorm|[upkeep]
|-damage|p2a: Jim|94/100|[from] Sandstorm
|-heal|p1a: Skarmory|72/100|[from] item: Leftovers
|upkeep
|turn|2
|
|t:|1728411736
|switch|p2a: Muzio|Magneton, shiny|100/100
|move|p1a: Skarmory|Spikes|p2a: Muzio
|-sidestart|p2: Just_Leonardo|Spikes
|
|-weather|Sandstorm|[upkeep]
|-heal|p1a: Skarmory|78/100|[from] item: Leftovers
|upkeep
|turn|3
|
|t:|1728411738
|move|p2a: Muzio|Thunderbolt|p1a: Skarmory
|-supereffective|p1a: Skarmory
|-damage|p1a: Skarmory|0 fnt
|faint|p1a: Skarmory
|c|+Girls See Ghosts|LET'S GO LEO WOOOOOO
|
|t:|1728411748
|switch|p1a: Jolteon|Jolteon, F|100/100
|
|-weather|Sandstorm|[upkeep]
|-damage|p1a: Jolteon|94/100|[from] Sandstorm
|-heal|p1a: Jolteon|100/100|[from] item: Leftovers
|upkeep
|turn|4
|c|☆Just_Leonardo|Which one?
|c|+Girls See Ghosts|oh snap
|c|+Girls See Ghosts|LET'S GO LEO
|inactive|Just_Leonardo has 270 seconds left.
|
|t:|1728411782
|move|p1a: Jolteon|Substitute|p1a: Jolteon
|-start|p1a: Jolteon|Substitute
|-damage|p1a: Jolteon|76/100
|move|p2a: Muzio|Hidden Power|p1a: Jolteon
|-crit|p1a: Jolteon
|-end|p1a: Jolteon|Substitute
|
|-weather|Sandstorm|[upkeep]
|-damage|p1a: Jolteon|69/100|[from] Sandstorm
|-heal|p1a: Jolteon|76/100|[from] item: Leftovers
|upkeep
|turn|5
|inactive|Just_Leonardo has 270 seconds left.
|
|t:|1728411808
|move|p1a: Jolteon|Thunderbolt|p2a: Muzio
|-resisted|p2a: Muzio
|-damage|p2a: Muzio|60/100
|move|p2a: Muzio|Hidden Power|p1a: Jolteon
|-damage|p1a: Jolteon|40/100
|
|-weather|Sandstorm|[upkeep]
|-damage|p1a: Jolteon|34/100|[from] Sandstorm
|-heal|p1a: Jolteon|40/100|[from] item: Leftovers
|upkeep
|turn|6
|inactive|Just_Leonardo has 270 seconds left.
|c|☆Just_Leonardo|I take it as a "LETS GO LEO" For both
|
|t:|1728411822
|move|p1a: Jolteon|Baton Pass|p1a: Jolteon
|
|t:|1728411830
|switch|p1a: Aerodactyl|Aerodactyl, F|100/100|[from] Baton Pass
|move|p2a: Muzio|Hidden Power|p1a: Aerodactyl
|-resisted|p1a: Aerodactyl
|-damage|p1a: Aerodactyl|82/100
|
|-weather|Sandstorm|[upkeep]
|upkeep
|turn|7
|inactive|Just_Leonardo has 270 seconds left.
|
|t:|1728411844
|move|p1a: Aerodactyl|Earthquake|p2a: Muzio
|-supereffective|p2a: Muzio
|-damage|p2a: Muzio|0 fnt
|faint|p2a: Muzio
|
|t:|1728411846
|switch|p2a: Drake|Salamence, M|100/100
|-ability|p2a: Drake|Intimidate|boost
|-unboost|p1a: Aerodactyl|atk|1
|
|-weather|Sandstorm|[upkeep]
|-damage|p2a: Drake|94/100|[from] Sandstorm
|-heal|p2a: Drake|100/100|[from] item: Leftovers
|upkeep
|turn|8
|
|t:|1728411857
|switch|p1a: Metagross|Metagross|100/100
|move|p2a: Drake|Dragon Dance|p2a: Drake
|-boost|p2a: Drake|atk|1
|-boost|p2a: Drake|spe|1
|
|-weather|Sandstorm|[upkeep]
|-damage|p2a: Drake|94/100|[from] Sandstorm
|-heal|p2a: Drake|100/100|[from] item: Leftovers
|upkeep
|turn|9
|inactive|Just_Leonardo has 270 seconds left.
|inactive|Just_Leonardo has 240 seconds left.
|
|t:|1728411906
|switch|p2a: Cogito|Metagross, shiny|100/100
|-damage|p2a: Cogito|88/100|[from] Spikes
|move|p1a: Metagross|Explosion|p2a: Cogito
|-resisted|p2a: Cogito
|-damage|p2a: Cogito|37/100
|faint|p1a: Metagross
|
|t:|1728411918
|switch|p1a: Aerodactyl|Aerodactyl, F|82/100
|
|-weather|Sandstorm|[upkeep]
|-heal|p2a: Cogito|43/100|[from] item: Leftovers
|upkeep
|turn|10
|inactive|Just_Leonardo has 240 seconds left.
|
|t:|1728411934
|move|p1a: Aerodactyl|Earthquake|p2a: Cogito
|-supereffective|p2a: Cogito
|-damage|p2a: Cogito|0 fnt
|faint|p2a: Cogito
|
|t:|1728411936
|switch|p2a: Drake|Salamence, M|100/100
|-ability|p2a: Drake|Intimidate|boost
|-unboost|p1a: Aerodactyl|atk|1
|
|-weather|Sandstorm|[upkeep]
|-damage|p2a: Drake|94/100|[from] Sandstorm
|-heal|p2a: Drake|100/100|[from] item: Leftovers
|upkeep
|turn|11
|
|t:|1728411940
|switch|p1a: Swampert|Swampert, F|100/100
|move|p2a: Drake|Earthquake|p1a: Swampert
|-damage|p1a: Swampert|66/100
|
|-weather|Sandstorm|[upkeep]
|-damage|p2a: Drake|94/100|[from] Sandstorm
|-heal|p2a: Drake|100/100|[from] item: Leftovers
|-heal|p1a: Swampert|72/100|[from] item: Leftovers
|upkeep
|turn|12
|
|t:|1728411942
|switch|p2a: Suicune|Suicune|100/100
|-damage|p2a: Suicune|88/100|[from] Spikes
|move|p1a: Swampert|Ice Beam|p2a: Suicune
|-resisted|p2a: Suicune
|-damage|p2a: Suicune|79/100
|
|-weather|Sandstorm|[upkeep]
|-damage|p2a: Suicune|73/100|[from] Sandstorm
|-heal|p2a: Suicune|79/100|[from] item: Leftovers
|-heal|p1a: Swampert|78/100|[from] item: Leftovers
|upkeep
|turn|13
|inactive|Just_Leonardo has 270 seconds left.
|
|t:|1728411950
|move|p2a: Suicune|Calm Mind|p2a: Suicune
|-boost|p2a: Suicune|spa|1
|-boost|p2a: Suicune|spd|1
|move|p1a: Swampert|Earthquake|p2a: Suicune
|-damage|p2a: Suicune|50/100
|
|-weather|Sandstorm|[upkeep]
|-damage|p2a: Suicune|44/100|[from] Sandstorm
|-heal|p2a: Suicune|50/100|[from] item: Leftovers
|-heal|p1a: Swampert|84/100|[from] item: Leftovers
|upkeep
|turn|14
|
|t:|1728411953
|move|p2a: Suicune|Surf|p1a: Swampert
|-damage|p1a: Swampert|35/100
|move|p1a: Swampert|Earthquake|p2a: Suicune
|-damage|p2a: Suicune|21/100
|
|-weather|Sandstorm|[upkeep]
|-damage|p2a: Suicune|15/100|[from] Sandstorm
|-heal|p2a: Suicune|21/100|[from] item: Leftovers
|-heal|p1a: Swampert|41/100|[from] item: Leftovers
|upkeep
|turn|15
|
|t:|1728411956
|move|p2a: Suicune|Rest|p2a: Suicune
|-status|p2a: Suicune|slp|[from] move: Rest
|-heal|p2a: Suicune|100/100 slp|[silent]
|move|p1a: Swampert|Earthquake|p2a: Suicune
|-damage|p2a: Suicune|75/100 slp
|
|-weather|Sandstorm|[upkeep]
|-damage|p2a: Suicune|69/100 slp|[from] Sandstorm
|-heal|p2a: Suicune|75/100 slp|[from] item: Leftovers
|-heal|p1a: Swampert|47/100|[from] item: Leftovers
|upkeep
|turn|16
|
|t:|1728411959
|cant|p2a: Suicune|slp
|move|p1a: Swampert|Earthquake|p2a: Suicune
|-damage|p2a: Suicune|49/100 slp
|
|-weather|Sandstorm|[upkeep]
|-damage|p2a: Suicune|43/100 slp|[from] Sandstorm
|-heal|p2a: Suicune|49/100 slp|[from] item: Leftovers
|-heal|p1a: Swampert|53/100|[from] item: Leftovers
|upkeep
|turn|17
|
|t:|1728411965
|switch|p1a: Jolteon|Jolteon, F|40/100
|cant|p2a: Suicune|slp
|
|-weather|Sandstorm|[upkeep]
|-damage|p1a: Jolteon|34/100|[from] Sandstorm
|-damage|p2a: Suicune|43/100 slp|[from] Sandstorm
|-heal|p1a: Jolteon|40/100|[from] item: Leftovers
|-heal|p2a: Suicune|49/100 slp|[from] item: Leftovers
|upkeep
|turn|18
|inactive|Just_Leonardo has 270 seconds left.
|
|t:|1728412010
|move|p1a: Jolteon|Thunderbolt|p2a: Suicune
|-supereffective|p2a: Suicune
|-damage|p2a: Suicune|9/100 slp
|-curestatus|p2a: Suicune|slp|[msg]
|move|p2a: Suicune|Rest|p2a: Suicune
|-status|p2a: Suicune|slp|[from] move: Rest
|-heal|p2a: Suicune|100/100 slp|[silent]
|
|-weather|Sandstorm|[upkeep]
|-damage|p1a: Jolteon|34/100|[from] Sandstorm
|-damage|p2a: Suicune|94/100 slp|[from] Sandstorm
|-heal|p1a: Jolteon|40/100|[from] item: Leftovers
|-heal|p2a: Suicune|100/100 slp|[from] item: Leftovers
|upkeep
|turn|19
|
|t:|1728412017
|switch|p2a: Ciccio|Snorlax, M|100/100
|-damage|p2a: Ciccio|88/100|[from] Spikes
|move|p1a: Jolteon|Thunderbolt|p2a: Ciccio
|-damage|p2a: Ciccio|63/100
|
|-weather|Sandstorm|[upkeep]
|-damage|p1a: Jolteon|34/100|[from] Sandstorm
|-damage|p2a: Ciccio|57/100|[from] Sandstorm
|-heal|p1a: Jolteon|40/100|[from] item: Leftovers
|-heal|p2a: Ciccio|63/100|[from] item: Leftovers
|upkeep
|turn|20
|
|t:|1728412031
|move|p1a: Jolteon|Baton Pass|p1a: Jolteon
|
|t:|1728412038
|switch|p1a: Tyranitar|Tyranitar, F|100/100|[from] Baton Pass
|move|p2a: Ciccio|Body Slam|p1a: Tyranitar
|-resisted|p1a: Tyranitar
|-damage|p1a: Tyranitar|86/100
|
|-weather|Sandstorm|[upkeep]
|-damage|p2a: Ciccio|57/100|[from] Sandstorm
|-heal|p1a: Tyranitar|92/100|[from] item: Leftovers
|-heal|p2a: Ciccio|63/100|[from] item: Leftovers
|upkeep
|turn|21
|inactive|Just_Leonardo has 270 seconds left.
|
|t:|1728412057
|switch|p2a: Drake|Salamence, M|100/100
|-ability|p2a: Drake|Intimidate|boost
|-unboost|p1a: Tyranitar|atk|1
|move|p1a: Tyranitar|Dragon Dance|p1a: Tyranitar
|-boost|p1a: Tyranitar|atk|1
|-boost|p1a: Tyranitar|spe|1
|
|-weather|Sandstorm|[upkeep]
|-damage|p2a: Drake|94/100|[from] Sandstorm
|-heal|p1a: Tyranitar|99/100|[from] item: Leftovers
|-heal|p2a: Drake|100/100|[from] item: Leftovers
|upkeep
|turn|22
|inactive|Just_Leonardo has 240 seconds left.
|inactive|Just_Leonardo has 210 seconds left.
|
|t:|1728412121
|move|p1a: Tyranitar|Dragon Dance|p1a: Tyranitar
|-boost|p1a: Tyranitar|atk|1
|-boost|p1a: Tyranitar|spe|1
|move|p2a: Drake|Earthquake|p1a: Tyranitar
|-supereffective|p1a: Tyranitar
|-damage|p1a: Tyranitar|43/100
|
|-weather|Sandstorm|[upkeep]
|-damage|p2a: Drake|94/100|[from] Sandstorm
|-heal|p1a: Tyranitar|49/100|[from] item: Leftovers
|-heal|p2a: Drake|100/100|[from] item: Leftovers
|upkeep
|turn|23
|inactive|Just_Leonardo has 210 seconds left.
|
|t:|1728412132
|switch|p2a: Ciccio|Snorlax, M|63/100
|-damage|p2a: Ciccio|51/100|[from] Spikes
|move|p1a: Tyranitar|Rock Slide|p2a: Ciccio
|-damage|p2a: Ciccio|0 fnt
|faint|p2a: Ciccio
|
|t:|1728412134
|switch|p2a: Drake|Salamence, M|100/100
|-ability|p2a: Drake|Intimidate|boost
|-unboost|p1a: Tyranitar|atk|1
|
|-weather|Sandstorm|[upkeep]
|-damage|p2a: Drake|94/100|[from] Sandstorm
|-heal|p1a: Tyranitar|55/100|[from] item: Leftovers
|-heal|p2a: Drake|100/100|[from] item: Leftovers
|upkeep
|turn|24
|
|t:|1728412137
|move|p1a: Tyranitar|Rock Slide|p2a: Drake
|-supereffective|p2a: Drake
|-damage|p2a: Drake|2/100
|move|p2a: Drake|Earthquake|p1a: Tyranitar
|-supereffective|p1a: Tyranitar
|-damage|p1a: Tyranitar|0 fnt
|faint|p1a: Tyranitar
|
|t:|1728412147
|switch|p1a: Aerodactyl|Aerodactyl, F|82/100
|
|-weather|Sandstorm|[upkeep]
|-damage|p2a: Drake|0 fnt|[from] Sandstorm
|faint|p2a: Drake
|upkeep
|
|t:|1728412165
|switch|p2a: Suicune|Suicune|100/100 slp
|-damage|p2a: Suicune|88/100 slp|[from] Spikes
|turn|25
|c|☆Just_Leonardo|gg
|
|t:|1728412181
|move|p1a: Aerodactyl|Double-Edge|p2a: Suicune
|-damage|p2a: Suicune|51/100 slp
|cant|p2a: Suicune|slp
|
|-weather|Sandstorm|[upkeep]
|-damage|p2a: Suicune|45/100 slp|[from] Sandstorm
|-heal|p2a: Suicune|51/100 slp|[from] item: Leftovers
|upkeep
|turn|26
|c|☆leoperi99|gg
|
|t:|1728412192
|move|p1a: Aerodactyl|Double-Edge|p2a: Suicune
|-damage|p2a: Suicune|8/100 slp
|cant|p2a: Suicune|slp
|
|-weather|Sandstorm|[upkeep]
|-damage|p2a: Suicune|2/100 slp|[from] Sandstorm
|-heal|p2a: Suicune|8/100 slp|[from] item: Leftovers
|upkeep
|turn|27
|
|t:|1728412196
|move|p1a: Aerodactyl|Double-Edge|p2a: Suicune
|-damage|p2a: Suicune|0 fnt
|faint|p2a: Suicune
|
|t:|1728412198
|switch|p2a: Jim|Medicham, M, shiny|94/100
|-damage|p2a: Jim|82/100|[from] Spikes
|
|-weather|Sandstorm|[upkeep]
|-damage|p2a: Jim|76/100|[from] Sandstorm
|upkeep
|turn|28
|
|t:|1728412203
|move|p1a: Aerodactyl|Double-Edge|p2a: Jim
|-damage|p2a: Jim|0 fnt
|faint|p2a: Jim
|
|win|leoperi99

</script>
<script type="application/json" class="data" id="replaydata-smogtours-gen3ou-796431">
{"id":"smogtours-gen3ou-796431","format":"[Gen 3] OU","players":["leoperi99","Just_Leonardo"],"uploadtime":1728412203,"views":159,"formatid":"gen3ou","rating":null,"private":0,"password":null}
</script>

<script defer src="js/replays.js?9d40a366"></script>
