<!DOCTYPE html>
<meta charset="utf-8" />
<meta name="viewport" content="width=device-width" />

<title>[Gen 3] OU: SgtPingwen vs. Xurkiyee - Replays - Pok&eacute;mon Showdown!</title>

<meta name="description" content="Watch a replay of a Pok&eacute;mon battle between SgtPingwen and Xurkiyee! Format: [Gen 3] OU; Date: Oct 24, 2024" />
<!--

Hey, you! Looking in the source for the replay log?

You can find them in JSON format, just add `.json` at the end of a replay URL.

https://replay.pokemonshowdown.com/gen7randomdoublesbattle-865046831.json

Or, if you only need the log itself, add `.log` instead:

https://replay.pokemonshowdown.com/gen7randomdoublesbattle-865046831.log

-->

<link rel="stylesheet" href="//pokemonshowdown.com/style/global.css?0.023195364461161105" />
<link rel="stylesheet" href="//play.pokemonshowdown.com/style/font-awesome.css?0.13261647063804238" />
<link rel="stylesheet" href="//play.pokemonshowdown.com/style/battle.css?0.8753245789963631" />
<link rel="stylesheet" href="//play.pokemonshowdown.com/style/utilichart.css?0.8627959624976733" />

<!-- Global site tag (gtag.js) - Google Analytics -->
<script async src="https://www.googletagmanager.com/gtag/js?id=UA-26211653-1"></script>
<script>
  window.dataLayer = window.dataLayer || [];
  function gtag(){dataLayer.push(arguments);}
  gtag('js', new Date());

  gtag('config', 'UA-26211653-1');
</script>
<!-- End Google Analytics -->
<!-- Venatus Ad Manager - Install in <HEAD> of page -->
	<script src="https://hb.vntsm.com/v3/live/ad-manager.min.js" type="text/javascript" data-site-id="642aba63ec9a7b11c3c9c1be" data-mode="scan" async></script>
<!-- / Venatus Ad Manager -->

<style>
	@media (max-width:820px) {
		.battle {
			margin: 0 auto;
		}
		.battle-log {
			margin: 7px auto 0;
			max-width: 640px;
			height: 300px;
			position: static;
		}
	}
	.optgroup {
		display: inline-block;
		line-height: 22px;
		font-size: 10pt;
	}
	.optgroup .button {
		height: 25px;
		padding-top: 0;
		padding-bottom: 0;
	}
	.optgroup button.button {
		padding-left: 12px;
		padding-right: 12px;
	}
	.linklist {
		list-style: none;
		margin: 0.5em 0;
		padding: 0;
	}
	.linklist li {
		padding: 2px 0;
	}
	.sidebar {
		float: left;
		width: 320px;
	}
	.bar-wrapper {
		max-width: 1100px;
		margin: 0 auto;
	}
	.bar-wrapper.has-sidebar {
		max-width: 1430px;
	}
	.mainbar {
		margin: 0;
		padding-right: 1px;
	}
	.mainbar.has-sidebar {
		margin-left: 330px;
	}
	@media (min-width: 1511px) {
		.sidebar {
			width: 400px;
		}
		.bar-wrapper.has-sidebar {
			max-width: 1510px;
		}
		.mainbar.has-sidebar {
			margin-left: 410px;
		}
	}
	.section.first-section {
		margin-top: 9px;
	}
	.blocklink small {
		white-space: normal;
	}
	.button {
		vertical-align: middle;
	}
	.replay-controls {
		padding-top: 10px;
	}
	.replay-controls h1 {
		font-size: 16pt;
		font-weight: normal;
		color: #CCC;
	}
	.pagelink {
		text-align: center;
	}
	.pagelink a {
		width: 150px;
	}
	.textbox, .button {
		font-size: 11pt;
		vertical-align: middle;
	}
	@media (max-width: 450px) {
		.button {
			font-size: 9pt;
		}
	}
</style>

<div>

	<header>
		<div class="nav-wrapper"><ul class="nav">
			<li><a class="button nav-first" href="//pokemonshowdown.com/"><img src="//pokemonshowdown.com/images/pokemonshowdownbeta.png" srcset="//pokemonshowdown.com/images/pokemonshowdownbeta.png 1x, //pokemonshowdown.com/images/pokemonshowdownbeta@2x.png 2x" alt="Pok&eacute;mon Showdown" width="146" height="44" /> Home</a></li>
			<li><a class="button" href="//pokemonshowdown.com/dex/">Pok&eacute;dex</a></li>
			<li><a class="button cur" href="/">Replays</a></li>
			<li><a class="button" href="//pokemonshowdown.com/ladder/">Ladder</a></li>
			<li><a class="button nav-last" href="//pokemonshowdown.com/forums/">Forum</a></li>
			<li><a class="button greenbutton nav-first nav-last" href="//play.pokemonshowdown.com/">Play</a></li>
		</ul></div>
	</header>

	<div class="main" id="main">

		<noscript><section class="section">You need to enable JavaScript to use this page; sorry!</section></noscript>

	</div>

</div>

<script defer nomodule src="//play.pokemonshowdown.com/js/lib/ps-polyfill.js"></script>
<script defer src="//play.pokemonshowdown.com/js/lib/preact.min.js"></script>

<script defer src="//play.pokemonshowdown.com/config/config.js?2bddbc15"></script>
<script defer src="//play.pokemonshowdown.com/js/lib/jquery-1.11.0.min.js"></script>
<script defer src="//play.pokemonshowdown.com/js/lib/html-sanitizer-minified.js"></script>
<script defer src="//play.pokemonshowdown.com/js/battle-sound.js"></script>
<script defer src="//play.pokemonshowdown.com/js/battledata.js?0.7209276989879541"></script>
<script defer src="//play.pokemonshowdown.com/data/pokedex-mini.js?0.6111056340867951"></script>
<script defer src="//play.pokemonshowdown.com/data/pokedex-mini-bw.js?0.3532142036491459"></script>
<script defer src="//play.pokemonshowdown.com/data/graphics.js?0.24223875632456182"></script>
<script defer src="//play.pokemonshowdown.com/data/pokedex.js?0.38839984266356864"></script>
<script defer src="//play.pokemonshowdown.com/data/moves.js?0.21866028504024015"></script>
<script defer src="//play.pokemonshowdown.com/data/abilities.js?0.2005157953846628"></script>
<script defer src="//play.pokemonshowdown.com/data/items.js?0.9894211263848525"></script>
<script defer src="//play.pokemonshowdown.com/data/teambuilder-tables.js?0.6008791140282215"></script>
<script defer src="//play.pokemonshowdown.com/js/battle-tooltips.js?0.7580118955022959"></script>
<script defer src="//play.pokemonshowdown.com/js/battle.js?0.6057722274234274"></script>

<script defer src="js/utils.js?e31f9a17"></script>
<script defer src="js/replays-battle.js?7008c182"></script>

<!-- don't scrape this data! just add .json or .log after the URL!
Full API docs: https://github.com/smogon/pokemon-showdown-client/blob/master/WEB-API.md -->
<script type="text/plain" class="log" id="replaylog-smogtours-gen3ou-801509">
|inactive|Battle timer is ON: inactive players will automatically lose when time's up.
|t:|1729737876
|gametype|singles
|player|p1|SgtPingwen|falkner|
|player|p2|Xurkiyee|waiter-gen4|
|teamsize|p1|6
|teamsize|p2|6
|gen|3
|tier|[Gen 3] OU
|rule|Sleep Clause Mod: Limit one foe put to sleep
|rule|Switch Priority Clause Mod: Faster Pokémon switch first
|rule|Species Clause: Limit one of each Pokémon
|rule|OHKO Clause: OHKO moves are banned
|rule|Evasion Items Clause: Evasion items are banned
|rule|Evasion Moves Clause: Evasion moves are banned
|rule|Endless Battle Clause: Forcing endless battles is banned
|rule|HP Percentage Mod: HP is shown in percentages
|rule|One Boost Passer Clause: Limit one Baton Passer that has a way to boost its stats
|rule|Freeze Clause Mod: Limit one foe frozen
|
|t:|1729737876
|start
|switch|p1a: Skarmory|Skarmory, F|100/100
|switch|p2a: Cloyster|Cloyster, M|100/100
|turn|1
|c|☆Xurkiyee|glhf
|
|t:|1729737897
|move|p2a: Cloyster|Spikes|p1a: Skarmory
|-sidestart|p1: SgtPingwen|Spikes
|move|p1a: Skarmory|Roar|p2a: Cloyster
|drag|p2a: Jirachi|Jirachi|100/100
|
|upkeep
|turn|2
|
|t:|1729737903
|move|p2a: Jirachi|Calm Mind|p2a: Jirachi
|-boost|p2a: Jirachi|spa|1
|-boost|p2a: Jirachi|spd|1
|move|p1a: Skarmory|Spikes|p2a: Jirachi
|-sidestart|p2: Xurkiyee|Spikes
|
|upkeep
|turn|3
|
|t:|1729737907
|move|p2a: Jirachi|Fire Punch|p1a: Skarmory
|-supereffective|p1a: Skarmory
|-damage|p1a: Skarmory|50/100
|move|p1a: Skarmory|Roar|p2a: Jirachi
|drag|p2a: Dugtrio|Dugtrio, M|100/100
|-damage|p2a: Dugtrio|88/100|[from] Spikes
|
|-heal|p1a: Skarmory|56/100|[from] item: Leftovers
|upkeep
|turn|4
|
|t:|1729737918
|switch|p2a: Cloyster|Cloyster, M|100/100
|-damage|p2a: Cloyster|88/100|[from] Spikes
|switch|p1a: Regice|Regice|100/100
|-damage|p1a: Regice|88/100|[from] Spikes
|
|-heal|p2a: Cloyster|94/100|[from] item: Leftovers
|-heal|p1a: Regice|94/100|[from] item: Leftovers
|upkeep
|turn|5
|inactive|Xurkiyee has 270 seconds left.
|
|t:|1729737952
|move|p2a: Cloyster|Spikes|p1a: Regice
|-sidestart|p1: SgtPingwen|Spikes
|move|p1a: Regice|Thunder Wave|p2a: Cloyster
|-status|p2a: Cloyster|par
|
|-heal|p1a: Regice|99/100|[from] item: Leftovers
|-heal|p2a: Cloyster|100/100 par|[from] item: Leftovers
|upkeep
|turn|6
|
|t:|1729737957
|move|p1a: Regice|Thunderbolt|p2a: Cloyster
|-supereffective|p2a: Cloyster
|-damage|p2a: Cloyster|4/100 par
|move|p2a: Cloyster|Spikes|p1a: Regice
|-sidestart|p1: SgtPingwen|Spikes
|
|-heal|p1a: Regice|100/100|[from] item: Leftovers
|-heal|p2a: Cloyster|10/100 par|[from] item: Leftovers
|upkeep
|turn|7
|
|t:|1729737966
|switch|p2a: Jirachi|Jirachi|100/100
|-damage|p2a: Jirachi|88/100|[from] Spikes
|move|p1a: Regice|Ice Beam|p2a: Jirachi
|-resisted|p2a: Jirachi
|-damage|p2a: Jirachi|70/100
|
|-heal|p2a: Jirachi|76/100|[from] item: Leftovers
|upkeep
|turn|8
|
|t:|1729737971
|move|p2a: Jirachi|Wish|p2a: Jirachi
|move|p1a: Regice|Thunder Wave|p2a: Jirachi
|-status|p2a: Jirachi|par
|
|-heal|p2a: Jirachi|82/100 par|[from] item: Leftovers
|upkeep
|turn|9
|
|t:|1729737978
|move|p1a: Regice|Thunderbolt|p2a: Jirachi
|-damage|p2a: Jirachi|55/100 par
|move|p2a: Jirachi|Calm Mind|p2a: Jirachi
|-boost|p2a: Jirachi|spa|1
|-boost|p2a: Jirachi|spd|1
|
|-heal|p2a: Jirachi|100/100 par|[from] move: Wish|[wisher] Jirachi
|upkeep
|turn|10
|
|t:|1729737997
|switch|p1a: Skarmory|Skarmory, F|56/100
|move|p2a: Jirachi|Psychic|p1a: Skarmory
|-resisted|p1a: Skarmory
|-damage|p1a: Skarmory|36/100
|
|-heal|p1a: Skarmory|42/100|[from] item: Leftovers
|upkeep
|turn|11
|
|t:|1729738001
|move|p1a: Skarmory|Protect|p1a: Skarmory
|-singleturn|p1a: Skarmory|Protect
|cant|p2a: Jirachi|par
|
|-heal|p1a: Skarmory|48/100|[from] item: Leftovers
|upkeep
|turn|12
|
|t:|1729738007
|cant|p2a: Jirachi|par
|move|p1a: Skarmory|Roar|p2a: Jirachi
|drag|p2a: Suicune|Suicune|100/100
|-damage|p2a: Suicune|88/100|[from] Spikes
|
|-heal|p2a: Suicune|94/100|[from] item: Leftovers
|-heal|p1a: Skarmory|54/100|[from] item: Leftovers
|upkeep
|turn|13
|
|t:|1729738014
|move|p2a: Suicune|Calm Mind|p2a: Suicune
|-boost|p2a: Suicune|spa|1
|-boost|p2a: Suicune|spd|1
|move|p1a: Skarmory|Spikes|p2a: Suicune
|-sidestart|p2: Xurkiyee|Spikes
|
|-heal|p2a: Suicune|100/100|[from] item: Leftovers
|-heal|p1a: Skarmory|60/100|[from] item: Leftovers
|upkeep
|turn|14
|
|t:|1729738017
|move|p2a: Suicune|Hydro Pump|p1a: Skarmory
|-damage|p1a: Skarmory|0 fnt
|faint|p1a: Skarmory
|
|t:|1729738024
|switch|p1a: Regice|Regice|100/100
|-damage|p1a: Regice|76/100|[from] Spikes
|
|-heal|p1a: Regice|82/100|[from] item: Leftovers
|upkeep
|turn|15
|
|t:|1729738029
|switch|p2a: Jirachi|Jirachi|100/100 par
|-damage|p2a: Jirachi|84/100 par|[from] Spikes
|move|p1a: Regice|Thunder Wave|p2a: Jirachi
|-fail|p2a: Jirachi|par
|
|-heal|p1a: Regice|88/100|[from] item: Leftovers
|-heal|p2a: Jirachi|90/100 par|[from] item: Leftovers
|upkeep
|turn|16
|
|t:|1729738033
|switch|p1a: Metagross|Metagross|100/100
|-damage|p1a: Metagross|76/100|[from] Spikes
|move|p2a: Jirachi|Wish|p2a: Jirachi
|
|-heal|p1a: Metagross|82/100|[from] item: Leftovers
|-heal|p2a: Jirachi|96/100 par|[from] item: Leftovers
|upkeep
|turn|17
|
|t:|1729738040
|move|p1a: Metagross|Agility|p1a: Metagross
|-boost|p1a: Metagross|spe|2
|cant|p2a: Jirachi|par
|
|-heal|p2a: Jirachi|100/100 par|[from] move: Wish|[wisher] Jirachi
|-heal|p1a: Metagross|88/100|[from] item: Leftovers
|upkeep
|turn|18
|
|t:|1729738060
|switch|p2a: Cloyster|Cloyster, M|10/100 par
|-damage|p2a: Cloyster|0 fnt|[from] Spikes
|faint|p2a: Cloyster
|
|t:|1729738065
|switch|p2a: Suicune|Suicune|100/100
|-damage|p2a: Suicune|84/100|[from] Spikes
|
|-heal|p1a: Metagross|94/100|[from] item: Leftovers
|-heal|p2a: Suicune|90/100|[from] item: Leftovers
|upkeep
|turn|19
|
|t:|1729738086
|move|p1a: Metagross|Meteor Mash|p2a: Suicune
|-resisted|p2a: Suicune
|-damage|p2a: Suicune|64/100
|move|p2a: Suicune|Roar|p1a: Metagross
|drag|p1a: Regice|Regice|88/100
|-damage|p1a: Regice|63/100|[from] Spikes
|
|-heal|p2a: Suicune|71/100|[from] item: Leftovers
|-heal|p1a: Regice|69/100|[from] item: Leftovers
|upkeep
|turn|20
|
|t:|1729738097
|switch|p2a: Jirachi|Jirachi|100/100 par
|-damage|p2a: Jirachi|84/100 par|[from] Spikes
|move|p1a: Regice|Explosion|p2a: Jirachi
|-resisted|p2a: Jirachi
|-damage|p2a: Jirachi|62/100 par
|faint|p1a: Regice
|
|t:|1729738106
|switch|p1a: Claydol|Claydol|100/100
|
|-heal|p2a: Jirachi|69/100 par|[from] item: Leftovers
|upkeep
|turn|21
|
|t:|1729738114
|switch|p2a: Gengar|Gengar, M|100/100
|move|p1a: Claydol|Earthquake|p2a: Gengar
|-immune|p2a: Gengar
|
|upkeep
|turn|22
|
|t:|1729738126
|move|p2a: Gengar|Will-O-Wisp|p1a: Claydol|[miss]
|-miss|p2a: Gengar|p1a: Claydol
|move|p1a: Claydol|Psychic|p2a: Gengar
|-supereffective|p2a: Gengar
|-damage|p2a: Gengar|52/100
|
|-heal|p2a: Gengar|58/100|[from] item: Leftovers
|upkeep
|turn|23
|
|t:|1729738132
|move|p2a: Gengar|Ice Punch|p1a: Claydol
|-supereffective|p1a: Claydol
|-damage|p1a: Claydol|54/100
|move|p1a: Claydol|Psychic|p2a: Gengar
|-supereffective|p2a: Gengar
|-damage|p2a: Gengar|10/100
|
|-heal|p2a: Gengar|16/100|[from] item: Leftovers
|-heal|p1a: Claydol|60/100|[from] item: Leftovers
|upkeep
|turn|24
|
|t:|1729738144
|move|p2a: Gengar|Explosion|p1a: Claydol
|-crit|p1a: Claydol
|-damage|p1a: Claydol|0 fnt
|faint|p2a: Gengar
|faint|p1a: Claydol
|
|t:|1729738163
|switch|p2a: Dugtrio|Dugtrio, M|88/100
|switch|p1a: Gengar|Gengar, F|100/100
|-damage|p2a: Dugtrio|72/100|[from] Spikes
|
|upkeep
|turn|25
|
|t:|1729738180
|switch|p2a: Jirachi|Jirachi|69/100 par
|-damage|p2a: Jirachi|52/100 par|[from] Spikes
|move|p1a: Gengar|Fire Punch|p2a: Jirachi
|-supereffective|p2a: Jirachi
|-damage|p2a: Jirachi|4/100 par
|
|-heal|p2a: Jirachi|11/100 par|[from] item: Leftovers
|upkeep
|turn|26
|
|t:|1729738189
|move|p1a: Gengar|Hidden Power|p2a: Jirachi
|-resisted|p2a: Jirachi
|-damage|p2a: Jirachi|1/100 par
|move|p2a: Jirachi|Psychic|p1a: Gengar
|-supereffective|p1a: Gengar
|-damage|p1a: Gengar|10/100
|
|-heal|p1a: Gengar|16/100|[from] item: Leftovers
|-heal|p2a: Jirachi|7/100 par|[from] item: Leftovers
|upkeep
|turn|27
|
|t:|1729738194
|move|p1a: Gengar|Fire Punch|p2a: Jirachi
|-supereffective|p2a: Jirachi
|-damage|p2a: Jirachi|0 fnt
|faint|p2a: Jirachi
|c|☆SgtPingwen|oops
|inactive|Xurkiyee has 270 seconds left.
|inactive|Xurkiyee has 240 seconds left.
|
|t:|1729738257
|switch|p2a: Celebi|Celebi|100/100
|-damage|p2a: Celebi|84/100|[from] Spikes
|
|-heal|p1a: Gengar|22/100|[from] item: Leftovers
|-heal|p2a: Celebi|90/100|[from] item: Leftovers
|upkeep
|turn|28
|
|t:|1729738261
|move|p1a: Gengar|Explosion|p2a: Celebi
|-damage|p2a: Celebi|46/100
|faint|p1a: Gengar
|
|t:|1729738267
|switch|p1a: Metagross|Metagross|94/100
|-damage|p1a: Metagross|69/100|[from] Spikes
|
|-heal|p2a: Celebi|52/100|[from] item: Leftovers
|-heal|p1a: Metagross|75/100|[from] item: Leftovers
|upkeep
|turn|29
|
|t:|1729738269
|switch|p2a: Suicune|Suicune|71/100
|-damage|p2a: Suicune|54/100|[from] Spikes
|move|p1a: Metagross|Agility|p1a: Metagross
|-boost|p1a: Metagross|spe|2
|
|-heal|p1a: Metagross|82/100|[from] item: Leftovers
|-heal|p2a: Suicune|60/100|[from] item: Leftovers
|upkeep
|turn|30
|
|t:|1729738273
|move|p1a: Metagross|Meteor Mash|p2a: Suicune|[miss]
|-miss|p1a: Metagross|p2a: Suicune
|move|p2a: Suicune|Roar|p1a: Metagross
|drag|p1a: Suicune|Suicune|100/100
|-damage|p1a: Suicune|76/100|[from] Spikes
|
|-heal|p2a: Suicune|66/100|[from] item: Leftovers
|-heal|p1a: Suicune|82/100|[from] item: Leftovers
|upkeep
|turn|31
|
|t:|1729738278
|move|p2a: Suicune|Calm Mind|p2a: Suicune
|-boost|p2a: Suicune|spa|1
|-boost|p2a: Suicune|spd|1
|move|p1a: Suicune|Calm Mind|p1a: Suicune
|-boost|p1a: Suicune|spa|1
|-boost|p1a: Suicune|spd|1
|
|-heal|p2a: Suicune|73/100|[from] item: Leftovers
|-heal|p1a: Suicune|88/100|[from] item: Leftovers
|upkeep
|turn|32
|
|t:|1729738282
|move|p1a: Suicune|Surf|p2a: Suicune
|-resisted|p2a: Suicune
|-damage|p2a: Suicune|55/100
|move|p2a: Suicune|Roar|p1a: Suicune
|drag|p1a: Metagross|Metagross|82/100
|-damage|p1a: Metagross|57/100|[from] Spikes
|
|-heal|p2a: Suicune|61/100|[from] item: Leftovers
|-heal|p1a: Metagross|63/100|[from] item: Leftovers
|upkeep
|turn|33
|
|t:|1729738290
|move|p1a: Metagross|Meteor Mash|p2a: Suicune
|-resisted|p2a: Suicune
|-damage|p2a: Suicune|37/100
|move|p2a: Suicune|Roar|p1a: Metagross
|drag|p1a: Suicune|Suicune|88/100
|-damage|p1a: Suicune|63/100|[from] Spikes
|
|-heal|p2a: Suicune|43/100|[from] item: Leftovers
|-heal|p1a: Suicune|69/100|[from] item: Leftovers
|upkeep
|turn|34
|
|t:|1729738296
|move|p2a: Suicune|Calm Mind|p2a: Suicune
|-boost|p2a: Suicune|spa|1
|-boost|p2a: Suicune|spd|1
|move|p1a: Suicune|Rest|p1a: Suicune
|-status|p1a: Suicune|slp|[from] move: Rest
|-heal|p1a: Suicune|100/100 slp|[silent]
|
|-heal|p2a: Suicune|49/100|[from] item: Leftovers
|upkeep
|turn|35
|
|t:|1729738299
|move|p2a: Suicune|Calm Mind|p2a: Suicune
|-boost|p2a: Suicune|spa|1
|-boost|p2a: Suicune|spd|1
|cant|p1a: Suicune|slp
|move|p1a: Suicune|Sleep Talk|p1a: Suicune
|move|p1a: Suicune|Rest|p1a: Suicune|[from]Sleep Talk
|
|-heal|p2a: Suicune|55/100|[from] item: Leftovers
|upkeep
|turn|36
|
|t:|1729738302
|move|p2a: Suicune|Calm Mind|p2a: Suicune
|-boost|p2a: Suicune|spa|1
|-boost|p2a: Suicune|spd|1
|cant|p1a: Suicune|slp
|move|p1a: Suicune|Sleep Talk|p1a: Suicune
|move|p1a: Suicune|Rest|p1a: Suicune|[from]Sleep Talk
|
|-heal|p2a: Suicune|61/100|[from] item: Leftovers
|upkeep
|turn|37
|
|t:|1729738304
|move|p2a: Suicune|Calm Mind|p2a: Suicune
|-boost|p2a: Suicune|spa|1
|-boost|p2a: Suicune|spd|1
|-curestatus|p1a: Suicune|slp|[msg]
|move|p1a: Suicune|Sleep Talk|p1a: Suicune
|
|-heal|p2a: Suicune|67/100|[from] item: Leftovers
|upkeep
|turn|38
|inactive|SgtPingwen disconnected and has 300 seconds to reconnect!
|player|p1|
|inactive|SgtPingwen has 270 seconds to reconnect!
|inactive|SgtPingwen has 240 seconds to reconnect!
|inactive|SgtPingwen has 210 seconds to reconnect!
|inactive|SgtPingwen has 180 seconds to reconnect!
|inactive|SgtPingwen has 150 seconds to reconnect!
|inactive|SgtPingwen has 120 seconds to reconnect!
|inactive|SgtPingwen has 90 seconds to reconnect!
|inactive|SgtPingwen has 60 seconds to reconnect!
|inactive|SgtPingwen has 30 seconds to reconnect!
|inactive|SgtPingwen has 20 seconds to reconnect!
|inactive|SgtPingwen has 15 seconds to reconnect!
|inactive|SgtPingwen has 10 seconds to reconnect!
|inactive|SgtPingwen has 5 seconds to reconnect!
|-message|SgtPingwen lost due to inactivity.
|
|win|Xurkiyee

</script>
<script type="application/json" class="data" id="replaydata-smogtours-gen3ou-801509">
{"id":"smogtours-gen3ou-801509","format":"[Gen 3] OU","players":["SgtPingwen","Xurkiyee"],"uploadtime":1729738604,"views":92,"formatid":"gen3ou","rating":null,"private":0,"password":null}
</script>

<script defer src="js/replays.js?9d40a366"></script>
