<!DOCTYPE html>
<meta charset="utf-8" />
<meta name="viewport" content="width=device-width" />

<title>[Gen 3] OU: MeatballSpaghetti vs. a nu treid - Replays - Pok&eacute;mon Showdown!</title>

<meta name="description" content="Watch a replay of a Pok&eacute;mon battle between MeatballSpaghetti and a nu treid! Format: [Gen 3] OU; Date: Oct 3, 2024" />
<!--

Hey, you! Looking in the source for the replay log?

You can find them in JSON format, just add `.json` at the end of a replay URL.

https://replay.pokemonshowdown.com/gen7randomdoublesbattle-865046831.json

Or, if you only need the log itself, add `.log` instead:

https://replay.pokemonshowdown.com/gen7randomdoublesbattle-865046831.log

-->

<link rel="stylesheet" href="//pokemonshowdown.com/style/global.css?0.023195364461161105" />
<link rel="stylesheet" href="//play.pokemonshowdown.com/style/font-awesome.css?0.13261647063804238" />
<link rel="stylesheet" href="//play.pokemonshowdown.com/style/battle.css?0.8753245789963631" />
<link rel="stylesheet" href="//play.pokemonshowdown.com/style/utilichart.css?0.8627959624976733" />

<!-- Global site tag (gtag.js) - Google Analytics -->
<script async src="https://www.googletagmanager.com/gtag/js?id=UA-26211653-1"></script>
<script>
  window.dataLayer = window.dataLayer || [];
  function gtag(){dataLayer.push(arguments);}
  gtag('js', new Date());

  gtag('config', 'UA-26211653-1');
</script>
<!-- End Google Analytics -->
<!-- Venatus Ad Manager - Install in <HEAD> of page -->
	<script src="https://hb.vntsm.com/v3/live/ad-manager.min.js" type="text/javascript" data-site-id="642aba63ec9a7b11c3c9c1be" data-mode="scan" async></script>
<!-- / Venatus Ad Manager -->

<style>
	@media (max-width:820px) {
		.battle {
			margin: 0 auto;
		}
		.battle-log {
			margin: 7px auto 0;
			max-width: 640px;
			height: 300px;
			position: static;
		}
	}
	.optgroup {
		display: inline-block;
		line-height: 22px;
		font-size: 10pt;
	}
	.optgroup .button {
		height: 25px;
		padding-top: 0;
		padding-bottom: 0;
	}
	.optgroup button.button {
		padding-left: 12px;
		padding-right: 12px;
	}
	.linklist {
		list-style: none;
		margin: 0.5em 0;
		padding: 0;
	}
	.linklist li {
		padding: 2px 0;
	}
	.sidebar {
		float: left;
		width: 320px;
	}
	.bar-wrapper {
		max-width: 1100px;
		margin: 0 auto;
	}
	.bar-wrapper.has-sidebar {
		max-width: 1430px;
	}
	.mainbar {
		margin: 0;
		padding-right: 1px;
	}
	.mainbar.has-sidebar {
		margin-left: 330px;
	}
	@media (min-width: 1511px) {
		.sidebar {
			width: 400px;
		}
		.bar-wrapper.has-sidebar {
			max-width: 1510px;
		}
		.mainbar.has-sidebar {
			margin-left: 410px;
		}
	}
	.section.first-section {
		margin-top: 9px;
	}
	.blocklink small {
		white-space: normal;
	}
	.button {
		vertical-align: middle;
	}
	.replay-controls {
		padding-top: 10px;
	}
	.replay-controls h1 {
		font-size: 16pt;
		font-weight: normal;
		color: #CCC;
	}
	.pagelink {
		text-align: center;
	}
	.pagelink a {
		width: 150px;
	}
	.textbox, .button {
		font-size: 11pt;
		vertical-align: middle;
	}
	@media (max-width: 450px) {
		.button {
			font-size: 9pt;
		}
	}
</style>

<div>

	<header>
		<div class="nav-wrapper"><ul class="nav">
			<li><a class="button nav-first" href="//pokemonshowdown.com/"><img src="//pokemonshowdown.com/images/pokemonshowdownbeta.png" srcset="//pokemonshowdown.com/images/pokemonshowdownbeta.png 1x, //pokemonshowdown.com/images/pokemonshowdownbeta@2x.png 2x" alt="Pok&eacute;mon Showdown" width="146" height="44" /> Home</a></li>
			<li><a class="button" href="//pokemonshowdown.com/dex/">Pok&eacute;dex</a></li>
			<li><a class="button cur" href="/">Replays</a></li>
			<li><a class="button" href="//pokemonshowdown.com/ladder/">Ladder</a></li>
			<li><a class="button nav-last" href="//pokemonshowdown.com/forums/">Forum</a></li>
			<li><a class="button greenbutton nav-first nav-last" href="//play.pokemonshowdown.com/">Play</a></li>
		</ul></div>
	</header>

	<div class="main" id="main">

		<noscript><section class="section">You need to enable JavaScript to use this page; sorry!</section></noscript>

	</div>

</div>

<script defer nomodule src="//play.pokemonshowdown.com/js/lib/ps-polyfill.js"></script>
<script defer src="//play.pokemonshowdown.com/js/lib/preact.min.js"></script>

<script defer src="//play.pokemonshowdown.com/config/config.js?2bddbc15"></script>
<script defer src="//play.pokemonshowdown.com/js/lib/jquery-1.11.0.min.js"></script>
<script defer src="//play.pokemonshowdown.com/js/lib/html-sanitizer-minified.js"></script>
<script defer src="//play.pokemonshowdown.com/js/battle-sound.js"></script>
<script defer src="//play.pokemonshowdown.com/js/battledata.js?0.7209276989879541"></script>
<script defer src="//play.pokemonshowdown.com/data/pokedex-mini.js?0.6111056340867951"></script>
<script defer src="//play.pokemonshowdown.com/data/pokedex-mini-bw.js?0.3532142036491459"></script>
<script defer src="//play.pokemonshowdown.com/data/graphics.js?0.24223875632456182"></script>
<script defer src="//play.pokemonshowdown.com/data/pokedex.js?0.38839984266356864"></script>
<script defer src="//play.pokemonshowdown.com/data/moves.js?0.21866028504024015"></script>
<script defer src="//play.pokemonshowdown.com/data/abilities.js?0.2005157953846628"></script>
<script defer src="//play.pokemonshowdown.com/data/items.js?0.9894211263848525"></script>
<script defer src="//play.pokemonshowdown.com/data/teambuilder-tables.js?0.6008791140282215"></script>
<script defer src="//play.pokemonshowdown.com/js/battle-tooltips.js?0.7580118955022959"></script>
<script defer src="//play.pokemonshowdown.com/js/battle.js?0.6057722274234274"></script>

<script defer src="js/utils.js?e31f9a17"></script>
<script defer src="js/replays-battle.js?7008c182"></script>

<!-- don't scrape this data! just add .json or .log after the URL!
Full API docs: https://github.com/smogon/pokemon-showdown-client/blob/master/WEB-API.md -->
<script type="text/plain" class="log" id="replaylog-smogtours-gen3ou-794180">
|inactive|Battle timer is ON: inactive players will automatically lose when time's up.
|t:|1727928762
|gametype|singles
|player|p1|MeatballSpaghetti|170|
|player|p2|a nu treid|1|
|teamsize|p1|6
|teamsize|p2|6
|gen|3
|tier|[Gen 3] OU
|rule|Sleep Clause Mod: Limit one foe put to sleep
|rule|Switch Priority Clause Mod: Faster Pokémon switch first
|rule|Species Clause: Limit one of each Pokémon
|rule|OHKO Clause: OHKO moves are banned
|rule|Evasion Items Clause: Evasion items are banned
|rule|Evasion Moves Clause: Evasion moves are banned
|rule|Endless Battle Clause: Forcing endless battles is banned
|rule|HP Percentage Mod: HP is shown in percentages
|rule|One Boost Passer Clause: Limit one Baton Passer that has a way to boost its stats
|rule|Freeze Clause Mod: Limit one foe frozen
|
|t:|1727928762
|start
|switch|p1a: Tyranitar|Tyranitar, F|100/100
|switch|p2a: Standard Agility|Metagross|100/100
|-weather|Sandstorm|[from] ability: Sand Stream|[of] p1a: Tyranitar
|turn|1
|c|☆MeatballSpaghetti|gl hf
|
|t:|1727928776
|switch|p1a: Skarmory|Skarmory, F|100/100
|move|p2a: Standard Agility|Agility|p2a: Standard Agility
|-boost|p2a: Standard Agility|spe|2
|
|-weather|Sandstorm|[upkeep]
|upkeep
|turn|2
|
|t:|1727928789
|move|p2a: Standard Agility|Meteor Mash|p1a: Skarmory
|-resisted|p1a: Skarmory
|-damage|p1a: Skarmory|80/100
|-boost|p2a: Standard Agility|atk|1
|move|p1a: Skarmory|Roar|p2a: Standard Agility
|drag|p2a: Ludicolo|Ludicolo, F|100/100
|
|-weather|Sandstorm|[upkeep]
|-damage|p2a: Ludicolo|94/100|[from] Sandstorm
|-heal|p2a: Ludicolo|100/100|[from] item: Leftovers
|-heal|p1a: Skarmory|86/100|[from] item: Leftovers
|upkeep
|turn|3
|
|t:|1727928805
|move|p2a: Ludicolo|Rain Dance|p2a: Ludicolo
|-weather|RainDance
|move|p1a: Skarmory|Roar|p2a: Ludicolo
|drag|p2a: Standard Agility|Metagross|100/100
|
|-weather|RainDance|[upkeep]
|-heal|p1a: Skarmory|92/100|[from] item: Leftovers
|upkeep
|turn|4
|
|t:|1727928817
|switch|p2a: Kingdra|Kingdra, M|100/100
|move|p1a: Skarmory|Spikes|p2a: Kingdra
|-sidestart|p2: a nu treid|Spikes
|
|-weather|RainDance|[upkeep]
|-heal|p1a: Skarmory|98/100|[from] item: Leftovers
|upkeep
|turn|5
|
|t:|1727928825
|move|p1a: Skarmory|Protect|p1a: Skarmory
|-singleturn|p1a: Skarmory|Protect
|move|p2a: Kingdra|Surf|p1a: Skarmory
|-activate|p1a: Skarmory|Protect
|
|-weather|RainDance|[upkeep]
|-heal|p1a: Skarmory|100/100|[from] item: Leftovers
|upkeep
|turn|6
|
|t:|1727928836
|move|p2a: Kingdra|Hidden Power|p1a: Skarmory
|-resisted|p1a: Skarmory
|-damage|p1a: Skarmory|96/100
|move|p1a: Skarmory|Spikes|p2a: Kingdra
|-sidestart|p2: a nu treid|Spikes
|
|-weather|RainDance|[upkeep]
|-heal|p1a: Skarmory|100/100|[from] item: Leftovers
|upkeep
|turn|7
|
|t:|1727928845
|move|p1a: Skarmory|Protect|p1a: Skarmory
|-singleturn|p1a: Skarmory|Protect
|move|p2a: Kingdra|Surf|p1a: Skarmory
|-activate|p1a: Skarmory|Protect
|
|-weather|none
|upkeep
|turn|8
|
|t:|1727928851
|move|p2a: Kingdra|Surf|p1a: Skarmory
|-damage|p1a: Skarmory|59/100
|move|p1a: Skarmory|Spikes|p2a: Kingdra
|-sidestart|p2: a nu treid|Spikes
|
|-heal|p1a: Skarmory|65/100|[from] item: Leftovers
|upkeep
|turn|9
|
|t:|1727928858
|move|p2a: Kingdra|Surf|p1a: Skarmory
|-damage|p1a: Skarmory|21/100
|move|p1a: Skarmory|Roar|p2a: Kingdra
|drag|p2a: Tyranitar|Tyranitar, M|100/100
|-damage|p2a: Tyranitar|76/100|[from] Spikes
|-weather|Sandstorm|[from] ability: Sand Stream|[of] p2a: Tyranitar
|
|-weather|Sandstorm|[upkeep]
|-heal|p2a: Tyranitar|82/100|[from] item: Leftovers
|-heal|p1a: Skarmory|27/100|[from] item: Leftovers
|upkeep
|turn|10
|
|t:|1727928873
|move|p1a: Skarmory|Protect|p1a: Skarmory
|-singleturn|p1a: Skarmory|Protect
|move|p2a: Tyranitar|Dragon Dance|p2a: Tyranitar
|-boost|p2a: Tyranitar|atk|1
|-boost|p2a: Tyranitar|spe|1
|
|-weather|Sandstorm|[upkeep]
|-heal|p2a: Tyranitar|88/100|[from] item: Leftovers
|-heal|p1a: Skarmory|33/100|[from] item: Leftovers
|upkeep
|turn|11
|
|t:|1727928882
|move|p2a: Tyranitar|Rock Slide|p1a: Skarmory
|-damage|p1a: Skarmory|0 fnt
|faint|p1a: Skarmory
|
|t:|1727928889
|switch|p1a: Flygon|Flygon, M|100/100
|
|-weather|Sandstorm|[upkeep]
|-heal|p2a: Tyranitar|94/100|[from] item: Leftovers
|upkeep
|turn|12
|
|t:|1727928899
|move|p2a: Tyranitar|Earthquake|p1a: Flygon
|-immune|p1a: Flygon
|move|p1a: Flygon|Earthquake|p2a: Tyranitar
|-supereffective|p2a: Tyranitar
|-damage|p2a: Tyranitar|36/100
|
|-weather|Sandstorm|[upkeep]
|-heal|p2a: Tyranitar|43/100|[from] item: Leftovers
|upkeep
|turn|13
|c|☆a nu treid|i am so bad
|
|t:|1727928910
|move|p2a: Tyranitar|Rock Slide|p1a: Flygon
|-resisted|p1a: Flygon
|-damage|p1a: Flygon|79/100
|move|p1a: Flygon|Earthquake|p2a: Tyranitar
|-supereffective|p2a: Tyranitar
|-damage|p2a: Tyranitar|0 fnt
|faint|p2a: Tyranitar
|
|t:|1727928923
|switch|p2a: Suicune|Suicune|100/100
|-damage|p2a: Suicune|75/100|[from] Spikes
|
|-weather|Sandstorm|[upkeep]
|-damage|p2a: Suicune|69/100|[from] Sandstorm
|-heal|p2a: Suicune|75/100|[from] item: Leftovers
|-heal|p1a: Flygon|85/100|[from] item: Leftovers
|upkeep
|turn|14
|
|t:|1727928935
|move|p2a: Suicune|Substitute|p2a: Suicune
|-start|p2a: Suicune|Substitute
|-damage|p2a: Suicune|50/100
|move|p1a: Flygon|Toxic||[still]
|-fail|p1a: Flygon
|
|-weather|Sandstorm|[upkeep]
|-damage|p2a: Suicune|44/100|[from] Sandstorm
|-heal|p2a: Suicune|50/100|[from] item: Leftovers
|-heal|p1a: Flygon|91/100|[from] item: Leftovers
|upkeep
|turn|15
|
|t:|1727928949
|switch|p1a: Gengar|Gengar, M|100/100
|move|p2a: Suicune|Calm Mind|p2a: Suicune
|-boost|p2a: Suicune|spa|1
|-boost|p2a: Suicune|spd|1
|
|-weather|Sandstorm|[upkeep]
|-damage|p1a: Gengar|94/100|[from] Sandstorm
|-damage|p2a: Suicune|44/100|[from] Sandstorm
|-heal|p1a: Gengar|100/100|[from] item: Leftovers
|-heal|p2a: Suicune|50/100|[from] item: Leftovers
|upkeep
|turn|16
|
|t:|1727928961
|move|p1a: Gengar|Taunt|p2a: Suicune
|-start|p2a: Suicune|move: Taunt
|move|p2a: Suicune|Surf|p1a: Gengar
|-damage|p1a: Gengar|33/100
|
|-weather|Sandstorm|[upkeep]
|-damage|p1a: Gengar|27/100|[from] Sandstorm
|-damage|p2a: Suicune|44/100|[from] Sandstorm
|-heal|p1a: Gengar|33/100|[from] item: Leftovers
|-heal|p2a: Suicune|50/100|[from] item: Leftovers
|upkeep
|turn|17
|
|t:|1727928971
|move|p1a: Gengar|Thunderbolt|p2a: Suicune
|-supereffective|p2a: Suicune
|-end|p2a: Suicune|Substitute
|move|p2a: Suicune|Surf|p1a: Gengar
|-damage|p1a: Gengar|0 fnt
|faint|p1a: Gengar
|
|t:|1727928977
|switch|p1a: Jirachi|Jirachi|100/100
|
|-weather|Sandstorm|[upkeep]
|-damage|p2a: Suicune|44/100|[from] Sandstorm
|-heal|p2a: Suicune|50/100|[from] item: Leftovers
|-end|p2a: Suicune|move: Taunt|[silent]
|upkeep
|turn|18
|
|t:|1727928985
|move|p2a: Suicune|Surf|p1a: Jirachi
|-damage|p1a: Jirachi|59/100
|move|p1a: Jirachi|Body Slam|p2a: Suicune
|-damage|p2a: Suicune|36/100
|-status|p2a: Suicune|par
|
|-weather|Sandstorm|[upkeep]
|-damage|p2a: Suicune|30/100 par|[from] Sandstorm
|-heal|p1a: Jirachi|66/100|[from] item: Leftovers
|-heal|p2a: Suicune|36/100 par|[from] item: Leftovers
|upkeep
|turn|19
|
|t:|1727929000
|move|p1a: Jirachi|Wish|p1a: Jirachi
|move|p2a: Suicune|Calm Mind|p2a: Suicune
|-boost|p2a: Suicune|spa|1
|-boost|p2a: Suicune|spd|1
|
|-weather|Sandstorm|[upkeep]
|-damage|p2a: Suicune|30/100 par|[from] Sandstorm
|-heal|p1a: Jirachi|72/100|[from] item: Leftovers
|-heal|p2a: Suicune|36/100 par|[from] item: Leftovers
|upkeep
|turn|20
|
|t:|1727929008
|move|p1a: Jirachi|Body Slam|p2a: Suicune
|-damage|p2a: Suicune|20/100 par
|move|p2a: Suicune|Surf|p1a: Jirachi
|-damage|p1a: Jirachi|23/100
|
|-heal|p1a: Jirachi|72/100|[from] move: Wish|[wisher] Jirachi
|-weather|Sandstorm|[upkeep]
|-damage|p2a: Suicune|14/100 par|[from] Sandstorm
|-heal|p1a: Jirachi|79/100|[from] item: Leftovers
|-heal|p2a: Suicune|20/100 par|[from] item: Leftovers
|upkeep
|turn|21
|
|t:|1727929019
|move|p1a: Jirachi|Body Slam|p2a: Suicune
|-damage|p2a: Suicune|4/100 par
|move|p2a: Suicune|Surf|p1a: Jirachi
|-damage|p1a: Jirachi|26/100
|
|-weather|Sandstorm|[upkeep]
|-damage|p2a: Suicune|0 fnt|[from] Sandstorm
|faint|p2a: Suicune
|-heal|p1a: Jirachi|33/100|[from] item: Leftovers
|upkeep
|
|t:|1727929042
|switch|p2a: Standard Agility|Metagross|100/100
|-damage|p2a: Standard Agility|76/100|[from] Spikes
|turn|22
|
|t:|1727929054
|move|p1a: Jirachi|Fire Punch|p2a: Standard Agility
|-supereffective|p2a: Standard Agility
|-damage|p2a: Standard Agility|40/100
|move|p2a: Standard Agility|Agility|p2a: Standard Agility
|-boost|p2a: Standard Agility|spe|2
|
|-weather|Sandstorm|[upkeep]
|-heal|p2a: Standard Agility|46/100|[from] item: Leftovers
|-heal|p1a: Jirachi|39/100|[from] item: Leftovers
|upkeep
|turn|23
|
|t:|1727929066
|switch|p1a: Moltres|Moltres|100/100
|move|p2a: Standard Agility|Earthquake|p1a: Moltres
|-immune|p1a: Moltres
|
|-weather|Sandstorm|[upkeep]
|-damage|p1a: Moltres|94/100|[from] Sandstorm
|-heal|p2a: Standard Agility|52/100|[from] item: Leftovers
|-heal|p1a: Moltres|100/100|[from] item: Leftovers
|upkeep
|turn|24
|
|t:|1727929079
|move|p2a: Standard Agility|Explosion|p1a: Moltres
|-crit|p1a: Moltres
|-damage|p1a: Moltres|0 fnt
|faint|p2a: Standard Agility
|faint|p1a: Moltres
|
|t:|1727929086
|switch|p1a: Tyranitar|Tyranitar, F|100/100
|switch|p2a: Ludicolo|Ludicolo, F|100/100
|-damage|p2a: Ludicolo|76/100|[from] Spikes
|
|-weather|Sandstorm|[upkeep]
|-damage|p2a: Ludicolo|70/100|[from] Sandstorm
|-heal|p2a: Ludicolo|76/100|[from] item: Leftovers
|upkeep
|turn|25
|
|t:|1727929093
|move|p2a: Ludicolo|Rain Dance|p2a: Ludicolo
|-weather|RainDance
|move|p1a: Tyranitar|Crunch|p2a: Ludicolo
|-damage|p2a: Ludicolo|39/100
|
|-weather|RainDance|[upkeep]
|-heal|p2a: Ludicolo|45/100|[from] item: Leftovers
|upkeep
|turn|26
|
|t:|1727929105
|move|p2a: Ludicolo|Surf|p1a: Tyranitar
|-supereffective|p1a: Tyranitar
|-damage|p1a: Tyranitar|2/100
|move|p1a: Tyranitar|Crunch|p2a: Ludicolo
|-damage|p2a: Ludicolo|6/100
|
|-weather|RainDance|[upkeep]
|-heal|p2a: Ludicolo|12/100|[from] item: Leftovers
|-heal|p1a: Tyranitar|8/100|[from] item: Leftovers
|upkeep
|turn|27
|
|t:|1727929113
|move|p2a: Ludicolo|Surf|p1a: Tyranitar
|-supereffective|p1a: Tyranitar
|-damage|p1a: Tyranitar|0 fnt
|faint|p1a: Tyranitar
|
|t:|1727929116
|switch|p1a: Jirachi|Jirachi|39/100
|
|-weather|RainDance|[upkeep]
|-heal|p2a: Ludicolo|18/100|[from] item: Leftovers
|-heal|p1a: Jirachi|45/100|[from] item: Leftovers
|upkeep
|turn|28
|
|t:|1727929124
|move|p1a: Jirachi|Protect|p1a: Jirachi
|-singleturn|p1a: Jirachi|Protect
|move|p2a: Ludicolo|Leech Seed|p1a: Jirachi|[miss]
|-miss|p2a: Ludicolo|p1a: Jirachi
|
|-weather|RainDance|[upkeep]
|-heal|p2a: Ludicolo|25/100|[from] item: Leftovers
|-heal|p1a: Jirachi|51/100|[from] item: Leftovers
|upkeep
|turn|29
|
|t:|1727929132
|switch|p1a: Flygon|Flygon, M|91/100
|move|p2a: Ludicolo|Leech Seed|p1a: Flygon
|-start|p1a: Flygon|move: Leech Seed
|
|-weather|none
|-heal|p2a: Ludicolo|31/100|[from] item: Leftovers
|-heal|p1a: Flygon|97/100|[from] item: Leftovers
|-damage|p1a: Flygon|85/100|[from] Leech Seed|[of] p2a: Ludicolo
|-heal|p2a: Ludicolo|44/100|[silent]
|upkeep
|turn|30
|
|t:|1727929148
|move|p1a: Flygon|Toxic|p2a: Ludicolo|[miss]
|-miss|p1a: Flygon|p2a: Ludicolo
|move|p2a: Ludicolo|Rain Dance|p2a: Ludicolo
|-weather|RainDance
|
|-weather|RainDance|[upkeep]
|-heal|p2a: Ludicolo|50/100|[from] item: Leftovers
|-heal|p1a: Flygon|91/100|[from] item: Leftovers
|-damage|p1a: Flygon|78/100|[from] Leech Seed|[of] p2a: Ludicolo
|-heal|p2a: Ludicolo|64/100|[silent]
|upkeep
|turn|31
|
|t:|1727929157
|move|p2a: Ludicolo|Surf|p1a: Flygon
|-damage|p1a: Flygon|3/100
|move|p1a: Flygon|Toxic|p2a: Ludicolo
|-status|p2a: Ludicolo|tox
|
|-weather|RainDance|[upkeep]
|-heal|p2a: Ludicolo|70/100 tox|[from] item: Leftovers
|-damage|p2a: Ludicolo|64/100 tox|[from] psn
|-heal|p1a: Flygon|9/100|[from] item: Leftovers
|-damage|p1a: Flygon|0 fnt|[from] Leech Seed|[of] p2a: Ludicolo
|-heal|p2a: Ludicolo|73/100 tox|[silent]
|faint|p1a: Flygon
|upkeep
|
|t:|1727929162
|switch|p1a: Jirachi|Jirachi|51/100
|turn|32
|
|t:|1727929170
|move|p1a: Jirachi|Protect|p1a: Jirachi
|-singleturn|p1a: Jirachi|Protect
|move|p2a: Ludicolo|Surf|p1a: Jirachi
|-activate|p1a: Jirachi|Protect
|
|-weather|RainDance|[upkeep]
|-heal|p2a: Ludicolo|79/100 tox|[from] item: Leftovers
|-damage|p2a: Ludicolo|67/100 tox|[from] psn
|-heal|p1a: Jirachi|57/100|[from] item: Leftovers
|upkeep
|turn|33
|c|☆MeatballSpaghetti|gg
|
|t:|1727929180
|move|p2a: Ludicolo|Surf|p1a: Jirachi
|-damage|p1a: Jirachi|16/100
|move|p1a: Jirachi|Wish|p1a: Jirachi
|
|-weather|RainDance|[upkeep]
|-heal|p2a: Ludicolo|73/100 tox|[from] item: Leftovers
|-damage|p2a: Ludicolo|54/100 tox|[from] psn
|-heal|p1a: Jirachi|23/100|[from] item: Leftovers
|upkeep
|turn|34
|
|t:|1727929189
|move|p1a: Jirachi|Protect|p1a: Jirachi
|-singleturn|p1a: Jirachi|Protect
|move|p2a: Ludicolo|Leech Seed|p1a: Jirachi
|-activate|p1a: Jirachi|Protect
|
|-heal|p1a: Jirachi|72/100|[from] move: Wish|[wisher] Jirachi
|-weather|none
|-heal|p2a: Ludicolo|61/100 tox|[from] item: Leftovers
|-damage|p2a: Ludicolo|36/100 tox|[from] psn
|-heal|p1a: Jirachi|79/100|[from] item: Leftovers
|upkeep
|turn|35
|
|t:|1727929200
|move|p1a: Jirachi|Body Slam|p2a: Ludicolo
|-damage|p2a: Ludicolo|8/100 tox
|move|p2a: Ludicolo|Leech Seed|p1a: Jirachi
|-start|p1a: Jirachi|move: Leech Seed
|
|-heal|p1a: Jirachi|85/100|[from] item: Leftovers
|-damage|p1a: Jirachi|72/100|[from] Leech Seed|[of] p2a: Ludicolo
|-heal|p2a: Ludicolo|23/100 tox|[silent]
|-heal|p2a: Ludicolo|29/100 tox|[from] item: Leftovers
|-damage|p2a: Ludicolo|0 fnt|[from] psn
|faint|p2a: Ludicolo
|upkeep
|
|t:|1727929221
|switch|p2a: Kingdra|Kingdra, M|100/100
|-damage|p2a: Kingdra|76/100|[from] Spikes
|turn|36
|
|t:|1727929230
|move|p2a: Kingdra|Surf|p1a: Jirachi
|-crit|p1a: Jirachi
|-damage|p1a: Jirachi|15/100
|move|p1a: Jirachi|Body Slam|p2a: Kingdra
|-damage|p2a: Kingdra|52/100
|
|-heal|p1a: Jirachi|21/100|[from] item: Leftovers
|-damage|p1a: Jirachi|9/100|[from] Leech Seed|[of] p2a: Kingdra
|-heal|p2a: Kingdra|67/100|[silent]
|upkeep
|turn|37
|
|t:|1727929238
|move|p2a: Kingdra|Surf|p1a: Jirachi
|-damage|p1a: Jirachi|0 fnt
|faint|p1a: Jirachi
|
|win|a nu treid
|c|☆MeatballSpaghetti|gg
|c|☆a nu treid|gg
|player|p1|
|player|p1|MeatballSpaghetti|170|

</script>
<script type="application/json" class="data" id="replaydata-smogtours-gen3ou-794180">
{"id":"smogtours-gen3ou-794180","format":"[Gen 3] OU","players":["MeatballSpaghetti","a nu treid"],"uploadtime":1727929238,"views":101,"formatid":"gen3ou","rating":null,"private":0,"password":null}
</script>

<script defer src="js/replays.js?9d40a366"></script>
