<!DOCTYPE html>
<meta charset="utf-8" />
<meta name="viewport" content="width=device-width" />

<title>[Gen 3] OU: Oskari SOSA vs. LemonLC - Replays - Pok&eacute;mon Showdown!</title>

<meta name="description" content="Watch a replay of a Pok&eacute;mon battle between Oskari SOSA and LemonLC! Format: [Gen 3] OU; Date: Oct 15, 2024" />
<!--

Hey, you! Looking in the source for the replay log?

You can find them in JSON format, just add `.json` at the end of a replay URL.

https://replay.pokemonshowdown.com/gen7randomdoublesbattle-865046831.json

Or, if you only need the log itself, add `.log` instead:

https://replay.pokemonshowdown.com/gen7randomdoublesbattle-865046831.log

-->

<link rel="stylesheet" href="//pokemonshowdown.com/style/global.css?0.023195364461161105" />
<link rel="stylesheet" href="//play.pokemonshowdown.com/style/font-awesome.css?0.13261647063804238" />
<link rel="stylesheet" href="//play.pokemonshowdown.com/style/battle.css?0.8753245789963631" />
<link rel="stylesheet" href="//play.pokemonshowdown.com/style/utilichart.css?0.8627959624976733" />

<!-- Global site tag (gtag.js) - Google Analytics -->
<script async src="https://www.googletagmanager.com/gtag/js?id=UA-26211653-1"></script>
<script>
  window.dataLayer = window.dataLayer || [];
  function gtag(){dataLayer.push(arguments);}
  gtag('js', new Date());

  gtag('config', 'UA-26211653-1');
</script>
<!-- End Google Analytics -->
<!-- Venatus Ad Manager - Install in <HEAD> of page -->
	<script src="https://hb.vntsm.com/v3/live/ad-manager.min.js" type="text/javascript" data-site-id="642aba63ec9a7b11c3c9c1be" data-mode="scan" async></script>
<!-- / Venatus Ad Manager -->

<style>
	@media (max-width:820px) {
		.battle {
			margin: 0 auto;
		}
		.battle-log {
			margin: 7px auto 0;
			max-width: 640px;
			height: 300px;
			position: static;
		}
	}
	.optgroup {
		display: inline-block;
		line-height: 22px;
		font-size: 10pt;
	}
	.optgroup .button {
		height: 25px;
		padding-top: 0;
		padding-bottom: 0;
	}
	.optgroup button.button {
		padding-left: 12px;
		padding-right: 12px;
	}
	.linklist {
		list-style: none;
		margin: 0.5em 0;
		padding: 0;
	}
	.linklist li {
		padding: 2px 0;
	}
	.sidebar {
		float: left;
		width: 320px;
	}
	.bar-wrapper {
		max-width: 1100px;
		margin: 0 auto;
	}
	.bar-wrapper.has-sidebar {
		max-width: 1430px;
	}
	.mainbar {
		margin: 0;
		padding-right: 1px;
	}
	.mainbar.has-sidebar {
		margin-left: 330px;
	}
	@media (min-width: 1511px) {
		.sidebar {
			width: 400px;
		}
		.bar-wrapper.has-sidebar {
			max-width: 1510px;
		}
		.mainbar.has-sidebar {
			margin-left: 410px;
		}
	}
	.section.first-section {
		margin-top: 9px;
	}
	.blocklink small {
		white-space: normal;
	}
	.button {
		vertical-align: middle;
	}
	.replay-controls {
		padding-top: 10px;
	}
	.replay-controls h1 {
		font-size: 16pt;
		font-weight: normal;
		color: #CCC;
	}
	.pagelink {
		text-align: center;
	}
	.pagelink a {
		width: 150px;
	}
	.textbox, .button {
		font-size: 11pt;
		vertical-align: middle;
	}
	@media (max-width: 450px) {
		.button {
			font-size: 9pt;
		}
	}
</style>

<div>

	<header>
		<div class="nav-wrapper"><ul class="nav">
			<li><a class="button nav-first" href="//pokemonshowdown.com/"><img src="//pokemonshowdown.com/images/pokemonshowdownbeta.png" srcset="//pokemonshowdown.com/images/pokemonshowdownbeta.png 1x, //pokemonshowdown.com/images/pokemonshowdownbeta@2x.png 2x" alt="Pok&eacute;mon Showdown" width="146" height="44" /> Home</a></li>
			<li><a class="button" href="//pokemonshowdown.com/dex/">Pok&eacute;dex</a></li>
			<li><a class="button cur" href="/">Replays</a></li>
			<li><a class="button" href="//pokemonshowdown.com/ladder/">Ladder</a></li>
			<li><a class="button nav-last" href="//pokemonshowdown.com/forums/">Forum</a></li>
			<li><a class="button greenbutton nav-first nav-last" href="//play.pokemonshowdown.com/">Play</a></li>
		</ul></div>
	</header>

	<div class="main" id="main">

		<noscript><section class="section">You need to enable JavaScript to use this page; sorry!</section></noscript>

	</div>

</div>

<script defer nomodule src="//play.pokemonshowdown.com/js/lib/ps-polyfill.js"></script>
<script defer src="//play.pokemonshowdown.com/js/lib/preact.min.js"></script>

<script defer src="//play.pokemonshowdown.com/config/config.js?2bddbc15"></script>
<script defer src="//play.pokemonshowdown.com/js/lib/jquery-1.11.0.min.js"></script>
<script defer src="//play.pokemonshowdown.com/js/lib/html-sanitizer-minified.js"></script>
<script defer src="//play.pokemonshowdown.com/js/battle-sound.js"></script>
<script defer src="//play.pokemonshowdown.com/js/battledata.js?0.7209276989879541"></script>
<script defer src="//play.pokemonshowdown.com/data/pokedex-mini.js?0.6111056340867951"></script>
<script defer src="//play.pokemonshowdown.com/data/pokedex-mini-bw.js?0.3532142036491459"></script>
<script defer src="//play.pokemonshowdown.com/data/graphics.js?0.24223875632456182"></script>
<script defer src="//play.pokemonshowdown.com/data/pokedex.js?0.38839984266356864"></script>
<script defer src="//play.pokemonshowdown.com/data/moves.js?0.21866028504024015"></script>
<script defer src="//play.pokemonshowdown.com/data/abilities.js?0.2005157953846628"></script>
<script defer src="//play.pokemonshowdown.com/data/items.js?0.9894211263848525"></script>
<script defer src="//play.pokemonshowdown.com/data/teambuilder-tables.js?0.6008791140282215"></script>
<script defer src="//play.pokemonshowdown.com/js/battle-tooltips.js?0.7580118955022959"></script>
<script defer src="//play.pokemonshowdown.com/js/battle.js?0.6057722274234274"></script>

<script defer src="js/utils.js?e31f9a17"></script>
<script defer src="js/replays-battle.js?7008c182"></script>

<!-- don't scrape this data! just add .json or .log after the URL!
Full API docs: https://github.com/smogon/pokemon-showdown-client/blob/master/WEB-API.md -->
<script type="text/plain" class="log" id="replaylog-smogtours-gen3ou-798987">
|inactive|Battle timer is ON: inactive players will automatically lose when time's up.
|t:|1729021896
|gametype|singles
|player|p1|Oskari SOSA|101|
|player|p2|LemonLC|102|
|teamsize|p1|6
|teamsize|p2|6
|gen|3
|tier|[Gen 3] OU
|rule|Sleep Clause Mod: Limit one foe put to sleep
|rule|Switch Priority Clause Mod: Faster Pokémon switch first
|rule|Species Clause: Limit one of each Pokémon
|rule|OHKO Clause: OHKO moves are banned
|rule|Evasion Items Clause: Evasion items are banned
|rule|Evasion Moves Clause: Evasion moves are banned
|rule|Endless Battle Clause: Forcing endless battles is banned
|rule|HP Percentage Mod: HP is shown in percentages
|rule|One Boost Passer Clause: Limit one Baton Passer that has a way to boost its stats
|rule|Freeze Clause Mod: Limit one foe frozen
|
|t:|1729021896
|start
|switch|p1a: Salamence|Salamence, M|100/100
|switch|p2a: Harry Souttar|Swampert, F|100/100
|-ability|p1a: Salamence|Intimidate|boost
|-unboost|p2a: Harry Souttar|atk|1
|turn|1
|
|t:|1729021917
|switch|p1a: Forretress|Forretress, M|100/100
|move|p2a: Harry Souttar|Protect||[still]
|-fail|p2a: Harry Souttar
|
|upkeep
|turn|2
|
|t:|1729021939
|move|p2a: Harry Souttar|Surf|p1a: Forretress
|-damage|p1a: Forretress|74/100
|move|p1a: Forretress|Spikes|p2a: Harry Souttar
|-sidestart|p2: LemonLC|Spikes
|
|-heal|p1a: Forretress|80/100|[from] item: Leftovers
|upkeep
|turn|3
|
|t:|1729021962
|switch|p2a: Jesuran Rak-Sakyi|Starmie|100/100
|-damage|p2a: Jesuran Rak-Sakyi|88/100|[from] Spikes
|switch|p1a: Blissey|Blissey, F|100/100
|
|-heal|p2a: Jesuran Rak-Sakyi|94/100|[from] item: Leftovers
|upkeep
|turn|4
|
|t:|1729021973
|switch|p1a: Tyranitar|Tyranitar, M|100/100
|-weather|Sandstorm|[from] ability: Sand Stream|[of] p1a: Tyranitar
|move|p2a: Jesuran Rak-Sakyi|Rapid Spin|p1a: Tyranitar
|-resisted|p1a: Tyranitar
|-damage|p1a: Tyranitar|99/100
|-sideend|p2: LemonLC|Spikes|[from] move: Rapid Spin|[of] p2a: Jesuran Rak-Sakyi
|
|-weather|Sandstorm|[upkeep]
|-damage|p2a: Jesuran Rak-Sakyi|88/100|[from] Sandstorm
|-heal|p2a: Jesuran Rak-Sakyi|94/100|[from] item: Leftovers
|-heal|p1a: Tyranitar|100/100|[from] item: Leftovers
|upkeep
|turn|5
|
|t:|1729021981
|move|p2a: Jesuran Rak-Sakyi|Surf|p1a: Tyranitar
|-supereffective|p1a: Tyranitar
|-damage|p1a: Tyranitar|43/100
|move|p1a: Tyranitar|Crunch|p2a: Jesuran Rak-Sakyi
|-supereffective|p2a: Jesuran Rak-Sakyi
|-damage|p2a: Jesuran Rak-Sakyi|16/100
|-unboost|p2a: Jesuran Rak-Sakyi|spd|1
|
|-weather|Sandstorm|[upkeep]
|-damage|p2a: Jesuran Rak-Sakyi|9/100|[from] Sandstorm
|-heal|p2a: Jesuran Rak-Sakyi|16/100|[from] item: Leftovers
|-heal|p1a: Tyranitar|49/100|[from] item: Leftovers
|upkeep
|turn|6
|inactive|Oskari SOSA has 270 seconds left.
|
|t:|1729022027
|switch|p1a: Blissey|Blissey, F|100/100
|move|p2a: Jesuran Rak-Sakyi|Surf|p1a: Blissey
|-damage|p1a: Blissey|89/100
|
|-weather|Sandstorm|[upkeep]
|-damage|p2a: Jesuran Rak-Sakyi|9/100|[from] Sandstorm
|-damage|p1a: Blissey|82/100|[from] Sandstorm
|-heal|p2a: Jesuran Rak-Sakyi|16/100|[from] item: Leftovers
|-heal|p1a: Blissey|89/100|[from] item: Leftovers
|upkeep
|turn|7
|
|t:|1729022041
|switch|p2a: Ollie Arblaster|Celebi|100/100
|move|p1a: Blissey|Seismic Toss|p2a: Ollie Arblaster
|-damage|p2a: Ollie Arblaster|76/100
|
|-weather|Sandstorm|[upkeep]
|-damage|p2a: Ollie Arblaster|70/100|[from] Sandstorm
|-damage|p1a: Blissey|82/100|[from] Sandstorm
|-heal|p2a: Ollie Arblaster|76/100|[from] item: Leftovers
|-heal|p1a: Blissey|89/100|[from] item: Leftovers
|upkeep
|turn|8
|
|t:|1729022052
|move|p2a: Ollie Arblaster|Leech Seed|p1a: Blissey
|-start|p1a: Blissey|move: Leech Seed
|move|p1a: Blissey|Thunder Wave|p2a: Ollie Arblaster
|-status|p2a: Ollie Arblaster|par
|
|-weather|Sandstorm|[upkeep]
|-damage|p1a: Blissey|82/100|[from] Sandstorm
|-damage|p2a: Ollie Arblaster|70/100 par|[from] Sandstorm
|-heal|p1a: Blissey|89/100|[from] item: Leftovers
|-damage|p1a: Blissey|76/100|[from] Leech Seed|[of] p2a: Ollie Arblaster
|-heal|p2a: Ollie Arblaster|92/100 par|[silent]
|-heal|p2a: Ollie Arblaster|98/100 par|[from] item: Leftovers
|upkeep
|turn|9
|
|t:|1729022061
|move|p1a: Blissey|Seismic Toss|p2a: Ollie Arblaster
|-damage|p2a: Ollie Arblaster|73/100 par
|move|p2a: Ollie Arblaster|Baton Pass|p2a: Ollie Arblaster
|
|t:|1729022064
|-curestatus|p2a: Ollie Arblaster|par|[from] ability: Natural Cure
|switch|p2a: Jesuran Rak-Sakyi|Starmie|16/100|[from] Baton Pass
|
|-weather|Sandstorm|[upkeep]
|-damage|p2a: Jesuran Rak-Sakyi|9/100|[from] Sandstorm
|-damage|p1a: Blissey|70/100|[from] Sandstorm
|-heal|p2a: Jesuran Rak-Sakyi|16/100|[from] item: Leftovers
|-heal|p1a: Blissey|76/100|[from] item: Leftovers
|-damage|p1a: Blissey|64/100|[from] Leech Seed|[of] p2a: Jesuran Rak-Sakyi
|-heal|p2a: Jesuran Rak-Sakyi|43/100|[silent]
|upkeep
|turn|10
|
|t:|1729022076
|switch|p1a: Forretress|Forretress, M|80/100
|move|p2a: Jesuran Rak-Sakyi|Recover|p2a: Jesuran Rak-Sakyi
|-heal|p2a: Jesuran Rak-Sakyi|93/100
|
|-weather|Sandstorm|[upkeep]
|-damage|p2a: Jesuran Rak-Sakyi|87/100|[from] Sandstorm
|-heal|p2a: Jesuran Rak-Sakyi|93/100|[from] item: Leftovers
|-heal|p1a: Forretress|86/100|[from] item: Leftovers
|upkeep
|turn|11
|
|t:|1729022086
|switch|p1a: Blissey|Blissey, F|64/100
|move|p2a: Jesuran Rak-Sakyi|Thunder Wave|p1a: Blissey
|-status|p1a: Blissey|par
|
|-weather|Sandstorm|[upkeep]
|-damage|p2a: Jesuran Rak-Sakyi|87/100|[from] Sandstorm
|-damage|p1a: Blissey|58/100 par|[from] Sandstorm
|-heal|p2a: Jesuran Rak-Sakyi|93/100|[from] item: Leftovers
|-heal|p1a: Blissey|64/100 par|[from] item: Leftovers
|upkeep
|turn|12
|
|t:|1729022096
|switch|p2a: Rhian Brewster|Dugtrio, F|100/100
|move|p1a: Blissey|Seismic Toss|p2a: Rhian Brewster
|-damage|p2a: Rhian Brewster|45/100
|
|-weather|Sandstorm|[upkeep]
|-damage|p1a: Blissey|58/100 par|[from] Sandstorm
|-heal|p2a: Rhian Brewster|51/100|[from] item: Leftovers
|-heal|p1a: Blissey|64/100 par|[from] item: Leftovers
|upkeep
|turn|13
|
|t:|1729022107
|move|p2a: Rhian Brewster|Protect|p2a: Rhian Brewster
|-singleturn|p2a: Rhian Brewster|Protect
|cant|p1a: Blissey|par
|
|-weather|Sandstorm|[upkeep]
|-damage|p1a: Blissey|58/100 par|[from] Sandstorm
|-heal|p2a: Rhian Brewster|57/100|[from] item: Leftovers
|-heal|p1a: Blissey|64/100 par|[from] item: Leftovers
|upkeep
|turn|14
|
|t:|1729022113
|move|p2a: Rhian Brewster|Substitute|p2a: Rhian Brewster
|-start|p2a: Rhian Brewster|Substitute
|-damage|p2a: Rhian Brewster|32/100
|move|p1a: Blissey|Counter|p2a: Rhian Brewster
|
|-weather|Sandstorm|[upkeep]
|-damage|p1a: Blissey|58/100 par|[from] Sandstorm
|-heal|p2a: Rhian Brewster|38/100|[from] item: Leftovers
|-heal|p1a: Blissey|64/100 par|[from] item: Leftovers
|upkeep
|turn|15
|
|t:|1729022121
|move|p2a: Rhian Brewster|Screech|p1a: Blissey
|-unboost|p1a: Blissey|def|2
|move|p1a: Blissey|Soft-Boiled|p1a: Blissey
|-heal|p1a: Blissey|100/100 par
|
|-weather|Sandstorm|[upkeep]
|-damage|p1a: Blissey|94/100 par|[from] Sandstorm
|-heal|p2a: Rhian Brewster|44/100|[from] item: Leftovers
|-heal|p1a: Blissey|100/100 par|[from] item: Leftovers
|upkeep
|turn|16
|
|t:|1729022127
|move|p2a: Rhian Brewster|Protect|p2a: Rhian Brewster
|-singleturn|p2a: Rhian Brewster|Protect
|cant|p1a: Blissey|par
|
|-weather|Sandstorm|[upkeep]
|-damage|p1a: Blissey|94/100 par|[from] Sandstorm
|-heal|p2a: Rhian Brewster|50/100|[from] item: Leftovers
|-heal|p1a: Blissey|100/100 par|[from] item: Leftovers
|upkeep
|turn|17
|
|t:|1729022134
|move|p2a: Rhian Brewster|Screech|p1a: Blissey
|-unboost|p1a: Blissey|def|2
|cant|p1a: Blissey|par
|
|-weather|Sandstorm|[upkeep]
|-damage|p1a: Blissey|94/100 par|[from] Sandstorm
|-heal|p2a: Rhian Brewster|57/100|[from] item: Leftovers
|-heal|p1a: Blissey|100/100 par|[from] item: Leftovers
|upkeep
|turn|18
|
|t:|1729022140
|move|p2a: Rhian Brewster|Protect|p2a: Rhian Brewster
|-singleturn|p2a: Rhian Brewster|Protect
|move|p1a: Blissey|Seismic Toss|p2a: Rhian Brewster
|-activate|p2a: Rhian Brewster|Protect
|
|-weather|Sandstorm|[upkeep]
|-damage|p1a: Blissey|94/100 par|[from] Sandstorm
|-heal|p2a: Rhian Brewster|63/100|[from] item: Leftovers
|-heal|p1a: Blissey|100/100 par|[from] item: Leftovers
|upkeep
|turn|19
|
|t:|1729022142
|move|p2a: Rhian Brewster|Earthquake|p1a: Blissey
|-damage|p1a: Blissey|0 fnt
|faint|p1a: Blissey
|
|t:|1729022145
|switch|p1a: Salamence|Salamence, M|100/100
|
|-weather|Sandstorm|[upkeep]
|-damage|p1a: Salamence|95/100|[from] Sandstorm
|-heal|p2a: Rhian Brewster|69/100|[from] item: Leftovers
|-heal|p1a: Salamence|100/100|[from] item: Leftovers
|upkeep
|turn|20
|
|t:|1729022155
|move|p2a: Rhian Brewster|Screech|p1a: Salamence
|-unboost|p1a: Salamence|def|2
|move|p1a: Salamence|Dragon Claw|p2a: Rhian Brewster
|-end|p2a: Rhian Brewster|Substitute
|
|-weather|Sandstorm|[upkeep]
|-damage|p1a: Salamence|95/100|[from] Sandstorm
|-heal|p2a: Rhian Brewster|75/100|[from] item: Leftovers
|-heal|p1a: Salamence|100/100|[from] item: Leftovers
|upkeep
|turn|21
|
|t:|1729022171
|move|p2a: Rhian Brewster|Protect|p2a: Rhian Brewster
|-singleturn|p2a: Rhian Brewster|Protect
|move|p1a: Salamence|Dragon Claw|p2a: Rhian Brewster
|-activate|p2a: Rhian Brewster|Protect
|
|-weather|Sandstorm|[upkeep]
|-damage|p1a: Salamence|95/100|[from] Sandstorm
|-heal|p2a: Rhian Brewster|81/100|[from] item: Leftovers
|-heal|p1a: Salamence|100/100|[from] item: Leftovers
|upkeep
|turn|22
|
|t:|1729022180
|switch|p2a: Gustavo Hamer|Skarmory, M|100/100
|move|p1a: Salamence|Dragon Claw|p2a: Gustavo Hamer
|-resisted|p2a: Gustavo Hamer
|-damage|p2a: Gustavo Hamer|83/100
|
|-weather|Sandstorm|[upkeep]
|-damage|p1a: Salamence|95/100|[from] Sandstorm
|-heal|p1a: Salamence|100/100|[from] item: Leftovers
|-heal|p2a: Gustavo Hamer|89/100|[from] item: Leftovers
|upkeep
|turn|23
|
|t:|1729022187
|move|p1a: Salamence|Fire Blast|p2a: Gustavo Hamer
|-supereffective|p2a: Gustavo Hamer
|-damage|p2a: Gustavo Hamer|18/100
|move|p2a: Gustavo Hamer|Drill Peck|p1a: Salamence
|-damage|p1a: Salamence|55/100
|
|-weather|Sandstorm|[upkeep]
|-damage|p1a: Salamence|49/100|[from] Sandstorm
|-heal|p1a: Salamence|55/100|[from] item: Leftovers
|-heal|p2a: Gustavo Hamer|24/100|[from] item: Leftovers
|upkeep
|turn|24
|
|t:|1729022196
|move|p2a: Gustavo Hamer|Protect|p2a: Gustavo Hamer
|-singleturn|p2a: Gustavo Hamer|Protect
|move|p1a: Salamence|Dragon Claw|p2a: Gustavo Hamer
|-activate|p2a: Gustavo Hamer|Protect
|
|-weather|Sandstorm|[upkeep]
|-damage|p1a: Salamence|49/100|[from] Sandstorm
|-heal|p1a: Salamence|55/100|[from] item: Leftovers
|-heal|p2a: Gustavo Hamer|30/100|[from] item: Leftovers
|upkeep
|turn|25
|
|t:|1729022202
|switch|p2a: Michael Cooper|Blissey, F|100/100
|move|p1a: Salamence|Dragon Claw|p2a: Michael Cooper
|-damage|p2a: Michael Cooper|85/100
|
|-weather|Sandstorm|[upkeep]
|-damage|p1a: Salamence|49/100|[from] Sandstorm
|-damage|p2a: Michael Cooper|79/100|[from] Sandstorm
|-heal|p1a: Salamence|55/100|[from] item: Leftovers
|-heal|p2a: Michael Cooper|85/100|[from] item: Leftovers
|upkeep
|turn|26
|
|t:|1729022215
|switch|p1a: Forretress|Forretress, M|86/100
|move|p2a: Michael Cooper|Thunderbolt|p1a: Forretress
|-damage|p1a: Forretress|62/100
|
|-weather|Sandstorm|[upkeep]
|-damage|p2a: Michael Cooper|79/100|[from] Sandstorm
|-heal|p2a: Michael Cooper|85/100|[from] item: Leftovers
|-heal|p1a: Forretress|68/100|[from] item: Leftovers
|upkeep
|turn|27
|
|t:|1729022231
|switch|p2a: Gustavo Hamer|Skarmory, M|30/100
|move|p1a: Forretress|Spikes|p2a: Gustavo Hamer
|-sidestart|p2: LemonLC|Spikes
|
|-weather|Sandstorm|[upkeep]
|-heal|p2a: Gustavo Hamer|36/100|[from] item: Leftovers
|-heal|p1a: Forretress|74/100|[from] item: Leftovers
|upkeep
|turn|28
|
|t:|1729022237
|move|p2a: Gustavo Hamer|Spikes|p1a: Forretress
|-sidestart|p1: Oskari SOSA|Spikes
|move|p1a: Forretress|Spikes|p2a: Gustavo Hamer
|-sidestart|p2: LemonLC|Spikes
|
|-weather|Sandstorm|[upkeep]
|-heal|p2a: Gustavo Hamer|42/100|[from] item: Leftovers
|-heal|p1a: Forretress|80/100|[from] item: Leftovers
|upkeep
|turn|29
|
|t:|1729022242
|move|p2a: Gustavo Hamer|Drill Peck|p1a: Forretress
|-damage|p1a: Forretress|64/100
|move|p1a: Forretress|Rapid Spin|p2a: Gustavo Hamer
|-resisted|p2a: Gustavo Hamer
|-damage|p2a: Gustavo Hamer|40/100
|-sideend|p1: Oskari SOSA|Spikes|[from] move: Rapid Spin|[of] p1a: Forretress
|
|-weather|Sandstorm|[upkeep]
|-heal|p2a: Gustavo Hamer|46/100|[from] item: Leftovers
|-heal|p1a: Forretress|70/100|[from] item: Leftovers
|upkeep
|turn|30
|
|t:|1729022247
|move|p2a: Gustavo Hamer|Drill Peck|p1a: Forretress
|-damage|p1a: Forretress|52/100
|move|p1a: Forretress|Spikes|p2a: Gustavo Hamer
|-sidestart|p2: LemonLC|Spikes
|
|-weather|Sandstorm|[upkeep]
|-heal|p2a: Gustavo Hamer|52/100|[from] item: Leftovers
|-heal|p1a: Forretress|59/100|[from] item: Leftovers
|upkeep
|turn|31
|
|t:|1729022252
|switch|p1a: Salamence|Salamence, M|55/100
|-ability|p1a: Salamence|Intimidate|boost
|-unboost|p2a: Gustavo Hamer|atk|1
|move|p2a: Gustavo Hamer|Drill Peck|p1a: Salamence
|-damage|p1a: Salamence|38/100
|
|-weather|Sandstorm|[upkeep]
|-damage|p1a: Salamence|32/100|[from] Sandstorm
|-heal|p1a: Salamence|38/100|[from] item: Leftovers
|-heal|p2a: Gustavo Hamer|58/100|[from] item: Leftovers
|upkeep
|turn|32
|
|t:|1729022259
|move|p2a: Gustavo Hamer|Protect|p2a: Gustavo Hamer
|-singleturn|p2a: Gustavo Hamer|Protect
|move|p1a: Salamence|Fire Blast|p2a: Gustavo Hamer
|-activate|p2a: Gustavo Hamer|Protect
|
|-weather|Sandstorm|[upkeep]
|-damage|p1a: Salamence|32/100|[from] Sandstorm
|-heal|p1a: Salamence|38/100|[from] item: Leftovers
|-heal|p2a: Gustavo Hamer|64/100|[from] item: Leftovers
|upkeep
|turn|33
|
|t:|1729022267
|switch|p2a: Michael Cooper|Blissey, F|85/100
|-damage|p2a: Michael Cooper|60/100|[from] Spikes
|move|p1a: Salamence|Dragon Claw|p2a: Michael Cooper
|-crit|p2a: Michael Cooper
|-damage|p2a: Michael Cooper|27/100
|
|-weather|Sandstorm|[upkeep]
|-damage|p1a: Salamence|32/100|[from] Sandstorm
|-damage|p2a: Michael Cooper|21/100|[from] Sandstorm
|-heal|p1a: Salamence|38/100|[from] item: Leftovers
|-heal|p2a: Michael Cooper|27/100|[from] item: Leftovers
|upkeep
|turn|34
|
|t:|1729022281
|move|p1a: Salamence|Brick Break|p2a: Michael Cooper
|-supereffective|p2a: Michael Cooper
|-damage|p2a: Michael Cooper|0 fnt
|faint|p2a: Michael Cooper
|
|t:|1729022286
|switch|p2a: Jesuran Rak-Sakyi|Starmie|93/100
|-damage|p2a: Jesuran Rak-Sakyi|68/100|[from] Spikes
|
|-weather|Sandstorm|[upkeep]
|-damage|p2a: Jesuran Rak-Sakyi|62/100|[from] Sandstorm
|-damage|p1a: Salamence|32/100|[from] Sandstorm
|-heal|p2a: Jesuran Rak-Sakyi|68/100|[from] item: Leftovers
|-heal|p1a: Salamence|38/100|[from] item: Leftovers
|upkeep
|turn|35
|
|t:|1729022293
|switch|p1a: Tyranitar|Tyranitar, M|49/100
|move|p2a: Jesuran Rak-Sakyi|Thunder Wave|p1a: Tyranitar
|-status|p1a: Tyranitar|par
|
|-weather|Sandstorm|[upkeep]
|-damage|p2a: Jesuran Rak-Sakyi|62/100|[from] Sandstorm
|-heal|p2a: Jesuran Rak-Sakyi|68/100|[from] item: Leftovers
|-heal|p1a: Tyranitar|55/100 par|[from] item: Leftovers
|upkeep
|turn|36
|
|t:|1729022309
|move|p2a: Jesuran Rak-Sakyi|Surf|p1a: Tyranitar
|-supereffective|p1a: Tyranitar
|-damage|p1a: Tyranitar|2/100 par
|cant|p1a: Tyranitar|par
|
|-weather|Sandstorm|[upkeep]
|-damage|p2a: Jesuran Rak-Sakyi|62/100|[from] Sandstorm
|-heal|p2a: Jesuran Rak-Sakyi|68/100|[from] item: Leftovers
|-heal|p1a: Tyranitar|8/100 par|[from] item: Leftovers
|upkeep
|turn|37
|
|t:|1729022314
|move|p2a: Jesuran Rak-Sakyi|Surf|p1a: Tyranitar
|-supereffective|p1a: Tyranitar
|-damage|p1a: Tyranitar|0 fnt
|faint|p1a: Tyranitar
|
|t:|1729022317
|switch|p1a: Aerodactyl|Aerodactyl, M|100/100
|
|-weather|Sandstorm|[upkeep]
|-damage|p2a: Jesuran Rak-Sakyi|62/100|[from] Sandstorm
|-heal|p2a: Jesuran Rak-Sakyi|68/100|[from] item: Leftovers
|upkeep
|turn|38
|
|t:|1729022324
|move|p1a: Aerodactyl|Rock Slide|p2a: Jesuran Rak-Sakyi
|-damage|p2a: Jesuran Rak-Sakyi|13/100
|move|p2a: Jesuran Rak-Sakyi|Thunder Wave|p1a: Aerodactyl
|-status|p1a: Aerodactyl|par
|
|-weather|Sandstorm|[upkeep]
|-damage|p2a: Jesuran Rak-Sakyi|6/100|[from] Sandstorm
|-heal|p2a: Jesuran Rak-Sakyi|13/100|[from] item: Leftovers
|upkeep
|turn|39
|
|t:|1729022336
|move|p2a: Jesuran Rak-Sakyi|Recover|p2a: Jesuran Rak-Sakyi
|-heal|p2a: Jesuran Rak-Sakyi|63/100
|move|p1a: Aerodactyl|Rock Slide|p2a: Jesuran Rak-Sakyi
|-damage|p2a: Jesuran Rak-Sakyi|1/100
|
|-weather|Sandstorm|[upkeep]
|-damage|p2a: Jesuran Rak-Sakyi|0 fnt|[from] Sandstorm
|faint|p2a: Jesuran Rak-Sakyi
|upkeep
|
|t:|1729022344
|switch|p2a: Harry Souttar|Swampert, F|100/100
|-damage|p2a: Harry Souttar|76/100|[from] Spikes
|turn|40
|
|t:|1729022350
|switch|p2a: Gustavo Hamer|Skarmory, M|64/100
|switch|p1a: Jirachi|Jirachi|100/100
|
|-weather|Sandstorm|[upkeep]
|-heal|p2a: Gustavo Hamer|70/100|[from] item: Leftovers
|upkeep
|turn|41
|
|t:|1729022358
|move|p1a: Jirachi|Fire Punch|p2a: Gustavo Hamer
|-supereffective|p2a: Gustavo Hamer
|-crit|p2a: Gustavo Hamer
|-damage|p2a: Gustavo Hamer|6/100
|move|p2a: Gustavo Hamer|Spikes|p1a: Jirachi
|-sidestart|p1: Oskari SOSA|Spikes
|
|-weather|Sandstorm|[upkeep]
|-heal|p2a: Gustavo Hamer|12/100|[from] item: Leftovers
|upkeep
|turn|42
|
|t:|1729022364
|move|p2a: Gustavo Hamer|Protect|p2a: Gustavo Hamer
|-singleturn|p2a: Gustavo Hamer|Protect
|move|p1a: Jirachi|Fire Punch|p2a: Gustavo Hamer
|-activate|p2a: Gustavo Hamer|Protect
|
|-weather|Sandstorm|[upkeep]
|-heal|p2a: Gustavo Hamer|18/100|[from] item: Leftovers
|upkeep
|turn|43
|
|t:|1729022376
|switch|p2a: Harry Souttar|Swampert, F|76/100
|-damage|p2a: Harry Souttar|51/100|[from] Spikes
|move|p1a: Jirachi|Fire Punch|p2a: Harry Souttar
|-resisted|p2a: Harry Souttar
|-damage|p2a: Harry Souttar|43/100
|
|-weather|Sandstorm|[upkeep]
|-heal|p2a: Harry Souttar|49/100|[from] item: Leftovers
|upkeep
|turn|44
|
|t:|1729022388
|move|p2a: Harry Souttar|Protect|p2a: Harry Souttar
|-singleturn|p2a: Harry Souttar|Protect
|move|p1a: Jirachi|Toxic|p2a: Harry Souttar
|-activate|p2a: Harry Souttar|Protect
|
|-weather|Sandstorm|[upkeep]
|-heal|p2a: Harry Souttar|56/100|[from] item: Leftovers
|upkeep
|turn|45
|
|t:|1729022393
|move|p1a: Jirachi|Toxic|p2a: Harry Souttar
|-status|p2a: Harry Souttar|tox
|move|p2a: Harry Souttar|Roar|p1a: Jirachi
|drag|p1a: Forretress|Forretress, M|59/100
|-damage|p1a: Forretress|46/100|[from] Spikes
|
|-weather|Sandstorm|[upkeep]
|-heal|p2a: Harry Souttar|62/100 tox|[from] item: Leftovers
|-damage|p2a: Harry Souttar|56/100 tox|[from] psn
|-heal|p1a: Forretress|52/100|[from] item: Leftovers
|upkeep
|turn|46
|
|t:|1729022399
|move|p2a: Harry Souttar|Surf|p1a: Forretress
|-damage|p1a: Forretress|24/100
|move|p1a: Forretress|Rapid Spin|p2a: Harry Souttar
|-damage|p2a: Harry Souttar|53/100 tox
|-sideend|p1: Oskari SOSA|Spikes|[from] move: Rapid Spin|[of] p1a: Forretress
|
|-weather|Sandstorm|[upkeep]
|-heal|p2a: Harry Souttar|59/100 tox|[from] item: Leftovers
|-damage|p2a: Harry Souttar|46/100 tox|[from] psn
|-heal|p1a: Forretress|30/100|[from] item: Leftovers
|upkeep
|turn|47
|
|t:|1729022404
|switch|p1a: Jirachi|Jirachi|100/100
|move|p2a: Harry Souttar|Surf|p1a: Jirachi
|-damage|p1a: Jirachi|75/100
|
|-weather|Sandstorm|[upkeep]
|-heal|p1a: Jirachi|82/100|[from] item: Leftovers
|-heal|p2a: Harry Souttar|53/100 tox|[from] item: Leftovers
|-damage|p2a: Harry Souttar|34/100 tox|[from] psn
|upkeep
|turn|48
|
|t:|1729022409
|move|p1a: Jirachi|Wish|p1a: Jirachi
|move|p2a: Harry Souttar|Roar|p1a: Jirachi
|drag|p1a: Forretress|Forretress, M|30/100
|
|-weather|Sandstorm|[upkeep]
|-heal|p2a: Harry Souttar|40/100 tox|[from] item: Leftovers
|-damage|p2a: Harry Souttar|15/100 tox|[from] psn
|-heal|p1a: Forretress|36/100|[from] item: Leftovers
|upkeep
|turn|49
|
|t:|1729022425
|move|p2a: Harry Souttar|Surf|p1a: Forretress
|-damage|p1a: Forretress|0 fnt
|faint|p1a: Forretress
|
|t:|1729022428
|switch|p1a: Salamence|Salamence, M|38/100
|-ability|p1a: Salamence|Intimidate|boost
|-unboost|p2a: Harry Souttar|atk|1
|
|-heal|p1a: Salamence|88/100|[from] move: Wish|[wisher] Jirachi
|-weather|Sandstorm|[upkeep]
|-damage|p1a: Salamence|82/100|[from] Sandstorm
|-heal|p1a: Salamence|88/100|[from] item: Leftovers
|-heal|p2a: Harry Souttar|22/100 tox|[from] item: Leftovers
|-damage|p2a: Harry Souttar|0 fnt|[from] psn
|faint|p2a: Harry Souttar
|upkeep
|
|t:|1729022435
|switch|p2a: Ollie Arblaster|Celebi|73/100
|-damage|p2a: Ollie Arblaster|48/100|[from] Spikes
|turn|50
|
|t:|1729022440
|move|p1a: Salamence|Fire Blast|p2a: Ollie Arblaster
|-supereffective|p2a: Ollie Arblaster
|-damage|p2a: Ollie Arblaster|0 fnt
|faint|p2a: Ollie Arblaster
|
|t:|1729022445
|switch|p2a: Gustavo Hamer|Skarmory, M|18/100
|
|-weather|Sandstorm|[upkeep]
|-damage|p1a: Salamence|82/100|[from] Sandstorm
|-heal|p1a: Salamence|88/100|[from] item: Leftovers
|-heal|p2a: Gustavo Hamer|24/100|[from] item: Leftovers
|upkeep
|turn|51
|
|t:|1729022448
|move|p1a: Salamence|Dragon Claw|p2a: Gustavo Hamer
|-resisted|p2a: Gustavo Hamer
|-damage|p2a: Gustavo Hamer|6/100
|move|p2a: Gustavo Hamer|Toxic|p1a: Salamence
|-status|p1a: Salamence|tox
|
|-weather|Sandstorm|[upkeep]
|-damage|p1a: Salamence|82/100 tox|[from] Sandstorm
|-heal|p1a: Salamence|88/100 tox|[from] item: Leftovers
|-damage|p1a: Salamence|82/100 tox|[from] psn
|-heal|p2a: Gustavo Hamer|12/100|[from] item: Leftovers
|upkeep
|turn|52
|
|t:|1729022453
|move|p2a: Gustavo Hamer|Protect|p2a: Gustavo Hamer
|-singleturn|p2a: Gustavo Hamer|Protect
|move|p1a: Salamence|Dragon Claw|p2a: Gustavo Hamer
|-activate|p2a: Gustavo Hamer|Protect
|
|-weather|Sandstorm|[upkeep]
|-damage|p1a: Salamence|76/100 tox|[from] Sandstorm
|-heal|p1a: Salamence|82/100 tox|[from] item: Leftovers
|-damage|p1a: Salamence|70/100 tox|[from] psn
|-heal|p2a: Gustavo Hamer|18/100|[from] item: Leftovers
|upkeep
|turn|53
|
|t:|1729022458
|move|p2a: Gustavo Hamer|Protect||[still]
|-fail|p2a: Gustavo Hamer
|move|p1a: Salamence|Dragon Claw|p2a: Gustavo Hamer
|-resisted|p2a: Gustavo Hamer
|-damage|p2a: Gustavo Hamer|0 fnt
|faint|p2a: Gustavo Hamer
|
|t:|1729022464
|switch|p2a: Rhian Brewster|Dugtrio, F|81/100
|-damage|p2a: Rhian Brewster|56/100|[from] Spikes
|
|-weather|Sandstorm|[upkeep]
|-damage|p1a: Salamence|64/100 tox|[from] Sandstorm
|-heal|p2a: Rhian Brewster|62/100|[from] item: Leftovers
|-heal|p1a: Salamence|70/100 tox|[from] item: Leftovers
|-damage|p1a: Salamence|52/100 tox|[from] psn
|upkeep
|turn|54
|
|t:|1729022467
|switch|p1a: Aerodactyl|Aerodactyl, M|100/100 par
|move|p2a: Rhian Brewster|Screech|p1a: Aerodactyl
|-unboost|p1a: Aerodactyl|def|2
|
|-weather|Sandstorm|[upkeep]
|-heal|p2a: Rhian Brewster|68/100|[from] item: Leftovers
|upkeep
|turn|55
|
|t:|1729022471
|move|p2a: Rhian Brewster|Screech|p1a: Aerodactyl|[miss]
|-miss|p2a: Rhian Brewster|p1a: Aerodactyl
|cant|p1a: Aerodactyl|par
|
|-weather|Sandstorm|[upkeep]
|-heal|p2a: Rhian Brewster|74/100|[from] item: Leftovers
|upkeep
|turn|56
|
|t:|1729022474
|move|p2a: Rhian Brewster|Screech|p1a: Aerodactyl
|-unboost|p1a: Aerodactyl|def|2
|cant|p1a: Aerodactyl|par
|
|-weather|Sandstorm|[upkeep]
|-heal|p2a: Rhian Brewster|80/100|[from] item: Leftovers
|upkeep
|turn|57
|c|☆LemonLC|just gotta burn 64 pp then I struggle win ez
|
|t:|1729022486
|move|p2a: Rhian Brewster|Screech|p1a: Aerodactyl
|-unboost|p1a: Aerodactyl|def|2
|cant|p1a: Aerodactyl|par
|
|-weather|Sandstorm|[upkeep]
|-heal|p2a: Rhian Brewster|87/100|[from] item: Leftovers
|upkeep
|turn|58
|c|☆Oskari SOSA|lol
|
|t:|1729022494
|move|p2a: Rhian Brewster|Screech|p1a: Aerodactyl
|-unboost|p1a: Aerodactyl|def|0
|move|p1a: Aerodactyl|Earthquake|p2a: Rhian Brewster
|-crit|p2a: Rhian Brewster
|-damage|p2a: Rhian Brewster|0 fnt
|faint|p2a: Rhian Brewster
|
|win|Oskari SOSA
|c|☆LemonLC|gg bro
|c|☆Oskari SOSA|ggs
|c|☆Oskari SOSA|gl in rest
|c|☆LemonLC|Thanks again for the scheduling
|c|☆LemonLC|You 2
|c|☆Oskari SOSA|all good brother
|c|☆Oskari SOSA|mb fir g1
|c|☆Oskari SOSA|for
|c|☆LemonLC|Have a good one
|c|☆LemonLC|Nah alg 
|c|☆Oskari SOSA|see ya mate]

</script>
<script type="application/json" class="data" id="replaydata-smogtours-gen3ou-798987">
{"id":"smogtours-gen3ou-798987","format":"[Gen 3] OU","players":["Oskari SOSA","LemonLC"],"uploadtime":1729022494,"views":125,"formatid":"gen3ou","rating":null,"private":0,"password":null}
</script>

<script defer src="js/replays.js?9d40a366"></script>
