<!DOCTYPE html>
<meta charset="utf-8" />
<meta name="viewport" content="width=device-width" />

<title>[Gen 3] OU: denizzz vs. thedolla - Replays - Pok&eacute;mon Showdown!</title>

<meta name="description" content="Watch a replay of a Pok&eacute;mon battle between denizzz and thedolla! Format: [Gen 3] OU; Date: Oct 10, 2024" />
<!--

Hey, you! Looking in the source for the replay log?

You can find them in JSON format, just add `.json` at the end of a replay URL.

https://replay.pokemonshowdown.com/gen7randomdoublesbattle-865046831.json

Or, if you only need the log itself, add `.log` instead:

https://replay.pokemonshowdown.com/gen7randomdoublesbattle-865046831.log

-->

<link rel="stylesheet" href="//pokemonshowdown.com/style/global.css?0.767286132409787" />
<link rel="stylesheet" href="//play.pokemonshowdown.com/style/font-awesome.css?0.9266228007934947" />
<link rel="stylesheet" href="//play.pokemonshowdown.com/style/battle.css?0.7924700842790926" />
<link rel="stylesheet" href="//play.pokemonshowdown.com/style/utilichart.css?0.8777417872839479" />

<!-- Global site tag (gtag.js) - Google Analytics -->
<script async src="https://www.googletagmanager.com/gtag/js?id=UA-26211653-1"></script>
<script>
  window.dataLayer = window.dataLayer || [];
  function gtag(){dataLayer.push(arguments);}
  gtag('js', new Date());

  gtag('config', 'UA-26211653-1');
</script>
<!-- End Google Analytics -->
<!-- Venatus Ad Manager - Install in <HEAD> of page -->
	<script src="https://hb.vntsm.com/v3/live/ad-manager.min.js" type="text/javascript" data-site-id="642aba63ec9a7b11c3c9c1be" data-mode="scan" async></script>
<!-- / Venatus Ad Manager -->

<style>
	@media (max-width:820px) {
		.battle {
			margin: 0 auto;
		}
		.battle-log {
			margin: 7px auto 0;
			max-width: 640px;
			height: 300px;
			position: static;
		}
	}
	.optgroup {
		display: inline-block;
		line-height: 22px;
		font-size: 10pt;
	}
	.optgroup .button {
		height: 25px;
		padding-top: 0;
		padding-bottom: 0;
	}
	.optgroup button.button {
		padding-left: 12px;
		padding-right: 12px;
	}
	.linklist {
		list-style: none;
		margin: 0.5em 0;
		padding: 0;
	}
	.linklist li {
		padding: 2px 0;
	}
	.sidebar {
		float: left;
		width: 320px;
	}
	.bar-wrapper {
		max-width: 1100px;
		margin: 0 auto;
	}
	.bar-wrapper.has-sidebar {
		max-width: 1430px;
	}
	.mainbar {
		margin: 0;
		padding-right: 1px;
	}
	.mainbar.has-sidebar {
		margin-left: 330px;
	}
	@media (min-width: 1511px) {
		.sidebar {
			width: 400px;
		}
		.bar-wrapper.has-sidebar {
			max-width: 1510px;
		}
		.mainbar.has-sidebar {
			margin-left: 410px;
		}
	}
	.section.first-section {
		margin-top: 9px;
	}
	.blocklink small {
		white-space: normal;
	}
	.button {
		vertical-align: middle;
	}
	.replay-controls {
		padding-top: 10px;
	}
	.replay-controls h1 {
		font-size: 16pt;
		font-weight: normal;
		color: #CCC;
	}
	.pagelink {
		text-align: center;
	}
	.pagelink a {
		width: 150px;
	}
	.textbox, .button {
		font-size: 11pt;
		vertical-align: middle;
	}
	@media (max-width: 450px) {
		.button {
			font-size: 9pt;
		}
	}
</style>

<div>

	<header>
		<div class="nav-wrapper"><ul class="nav">
			<li><a class="button nav-first" href="//pokemonshowdown.com/"><img src="//pokemonshowdown.com/images/pokemonshowdownbeta.png" srcset="//pokemonshowdown.com/images/pokemonshowdownbeta.png 1x, //pokemonshowdown.com/images/pokemonshowdownbeta@2x.png 2x" alt="Pok&eacute;mon Showdown" width="146" height="44" /> Home</a></li>
			<li><a class="button" href="//pokemonshowdown.com/dex/">Pok&eacute;dex</a></li>
			<li><a class="button cur" href="/">Replays</a></li>
			<li><a class="button" href="//pokemonshowdown.com/ladder/">Ladder</a></li>
			<li><a class="button nav-last" href="//pokemonshowdown.com/forums/">Forum</a></li>
			<li><a class="button greenbutton nav-first nav-last" href="//play.pokemonshowdown.com/">Play</a></li>
		</ul></div>
	</header>

	<div class="main" id="main">

		<noscript><section class="section">You need to enable JavaScript to use this page; sorry!</section></noscript>

	</div>

</div>

<script defer nomodule src="//play.pokemonshowdown.com/js/lib/ps-polyfill.js"></script>
<script defer src="//play.pokemonshowdown.com/js/lib/preact.min.js"></script>

<script defer src="//play.pokemonshowdown.com/config/config.js?6dec07f6"></script>
<script defer src="//play.pokemonshowdown.com/js/lib/jquery-1.11.0.min.js"></script>
<script defer src="//play.pokemonshowdown.com/js/lib/html-sanitizer-minified.js"></script>
<script defer src="//play.pokemonshowdown.com/js/battle-sound.js"></script>
<script defer src="//play.pokemonshowdown.com/js/battledata.js?0.6315294753075389"></script>
<script defer src="//play.pokemonshowdown.com/data/pokedex-mini.js?0.7603743185311358"></script>
<script defer src="//play.pokemonshowdown.com/data/pokedex-mini-bw.js?0.030888842834281283"></script>
<script defer src="//play.pokemonshowdown.com/data/graphics.js?0.05593094747507488"></script>
<script defer src="//play.pokemonshowdown.com/data/pokedex.js?0.47064822249611904"></script>
<script defer src="//play.pokemonshowdown.com/data/moves.js?0.8583693120512459"></script>
<script defer src="//play.pokemonshowdown.com/data/abilities.js?0.16017181182386842"></script>
<script defer src="//play.pokemonshowdown.com/data/items.js?0.4163379185673943"></script>
<script defer src="//play.pokemonshowdown.com/data/teambuilder-tables.js?0.31075597372830477"></script>
<script defer src="//play.pokemonshowdown.com/js/battle-tooltips.js?0.6536193500708172"></script>
<script defer src="//play.pokemonshowdown.com/js/battle.js?0.1916591943277901"></script>

<script defer src="js/utils.js?e31f9a17"></script>
<script defer src="js/replays-battle.js?7008c182"></script>

<!-- don't scrape this data! just add .json or .log after the URL!
Full API docs: https://github.com/smogon/pokemon-showdown-client/blob/master/WEB-API.md -->
<script type="text/plain" class="log" id="replaylog-smogtours-gen3ou-797025">
|inactive|Battle timer is ON: inactive players will automatically lose when time's up.
|t:|1728595613
|gametype|singles
|player|p1|denizzz|102|
|player|p2|thedolla|102|
|teamsize|p1|6
|teamsize|p2|6
|gen|3
|tier|[Gen 3] OU
|rule|Sleep Clause Mod: Limit one foe put to sleep
|rule|Switch Priority Clause Mod: Faster Pokémon switch first
|rule|Species Clause: Limit one of each Pokémon
|rule|OHKO Clause: OHKO moves are banned
|rule|Evasion Items Clause: Evasion items are banned
|rule|Evasion Moves Clause: Evasion moves are banned
|rule|Endless Battle Clause: Forcing endless battles is banned
|rule|HP Percentage Mod: HP is shown in percentages
|rule|One Boost Passer Clause: Limit one Baton Passer that has a way to boost its stats
|rule|Freeze Clause Mod: Limit one foe frozen
|
|t:|1728595613
|start
|switch|p1a: Metagross|Metagross|100/100
|switch|p2a: oi UE|Zapdos|100/100
|turn|1
|c|☆thedolla|glhf
|
|t:|1728595621
|switch|p2a: me woif|Swampert, F|100/100
|move|p1a: Metagross|Rock Slide|p2a: me woif
|-resisted|p2a: me woif
|-damage|p2a: me woif|80/100
|
|-heal|p2a: me woif|86/100|[from] item: Leftovers
|upkeep
|turn|2
|c|☆denizzz|u2
|
|t:|1728595629
|switch|p1a: Milotic|Milotic, M|100/100
|move|p2a: me woif|Hydro Pump|p1a: Milotic
|-resisted|p1a: Milotic
|-damage|p1a: Milotic|82/100
|
|-heal|p1a: Milotic|88/100|[from] item: Leftovers
|-heal|p2a: me woif|92/100|[from] item: Leftovers
|upkeep
|turn|3
|
|t:|1728595637
|switch|p2a: homelanda killed|Jirachi|100/100
|move|p1a: Milotic|Toxic|p2a: homelanda killed
|-immune|p2a: homelanda killed
|
|-heal|p1a: Milotic|94/100|[from] item: Leftovers
|upkeep
|turn|4
|
|t:|1728595641
|move|p2a: homelanda killed|Body Slam|p1a: Milotic
|-damage|p1a: Milotic|69/100
|-status|p1a: Milotic|par
|move|p1a: Milotic|Surf|p2a: homelanda killed
|-damage|p2a: homelanda killed|68/100
|
|-heal|p1a: Milotic|75/100 par|[from] item: Leftovers
|upkeep
|turn|5
|
|t:|1728595658
|switch|p2a: oi UE|Zapdos|100/100
|move|p1a: Milotic|Refresh|p1a: Milotic
|-curestatus|p1a: Milotic|par|[msg]
|
|-heal|p1a: Milotic|81/100|[from] item: Leftovers
|upkeep
|turn|6
|
|t:|1728595665
|switch|p1a: Metagross|Metagross|100/100
|move|p2a: oi UE|Thunderbolt|p1a: Metagross
|-damage|p1a: Metagross|40/100
|
|upkeep
|turn|7
|
|t:|1728595669
|switch|p1a: Blissey|Blissey, F|100/100
|move|p2a: oi UE|Thunderbolt|p1a: Blissey
|-damage|p1a: Blissey|79/100
|
|-heal|p1a: Blissey|85/100|[from] item: Leftovers
|upkeep
|turn|8
|
|t:|1728595677
|switch|p2a: ashley look at me|Tyranitar, F|100/100
|-weather|Sandstorm|[from] ability: Sand Stream|[of] p2a: ashley look at me
|move|p1a: Blissey|Ice Beam|p2a: ashley look at me
|-damage|p2a: ashley look at me|79/100
|
|-weather|Sandstorm|[upkeep]
|-damage|p1a: Blissey|79/100|[from] Sandstorm
|-heal|p2a: ashley look at me|85/100|[from] item: Leftovers
|-heal|p1a: Blissey|85/100|[from] item: Leftovers
|upkeep
|turn|9
|
|t:|1728595687
|switch|p2a: homelanda killed|Jirachi|68/100
|switch|p1a: Claydol|Claydol|100/100
|
|-weather|Sandstorm|[upkeep]
|upkeep
|turn|10
|inactive|thedolla has 270 seconds left.
|
|t:|1728595732
|switch|p2a: deep blow a train|Salamence, F|100/100
|-ability|p2a: deep blow a train|Intimidate|boost
|-unboost|p1a: Claydol|atk|1
|move|p1a: Claydol|Earthquake|p2a: deep blow a train
|-immune|p2a: deep blow a train
|
|-weather|Sandstorm|[upkeep]
|-damage|p2a: deep blow a train|94/100|[from] Sandstorm
|-heal|p2a: deep blow a train|100/100|[from] item: Leftovers
|upkeep
|turn|11
|
|t:|1728595753
|switch|p1a: Skarmory|Skarmory, M|100/100
|move|p2a: deep blow a train|Hidden Power|p1a: Skarmory
|-resisted|p1a: Skarmory
|-damage|p1a: Skarmory|96/100
|
|-weather|Sandstorm|[upkeep]
|-damage|p2a: deep blow a train|94/100|[from] Sandstorm
|-heal|p2a: deep blow a train|100/100|[from] item: Leftovers
|-heal|p1a: Skarmory|100/100|[from] item: Leftovers
|upkeep
|turn|12
|
|t:|1728595757
|switch|p1a: Blissey|Blissey, F|85/100
|move|p2a: deep blow a train|Fire Blast|p1a: Blissey
|-damage|p1a: Blissey|70/100
|
|-weather|Sandstorm|[upkeep]
|-damage|p2a: deep blow a train|94/100|[from] Sandstorm
|-damage|p1a: Blissey|64/100|[from] Sandstorm
|-heal|p2a: deep blow a train|100/100|[from] item: Leftovers
|-heal|p1a: Blissey|70/100|[from] item: Leftovers
|upkeep
|turn|13
|
|t:|1728595778
|switch|p2a: me woif|Swampert, F|92/100
|move|p1a: Blissey|Soft-Boiled|p1a: Blissey
|-heal|p1a: Blissey|100/100
|
|-weather|Sandstorm|[upkeep]
|-damage|p1a: Blissey|94/100|[from] Sandstorm
|-heal|p2a: me woif|98/100|[from] item: Leftovers
|-heal|p1a: Blissey|100/100|[from] item: Leftovers
|upkeep
|turn|14
|
|t:|1728595785
|switch|p1a: Milotic|Milotic, M|81/100
|move|p2a: me woif|Earthquake|p1a: Milotic
|-damage|p1a: Milotic|56/100
|
|-weather|Sandstorm|[upkeep]
|-damage|p1a: Milotic|50/100|[from] Sandstorm
|-heal|p1a: Milotic|56/100|[from] item: Leftovers
|-heal|p2a: me woif|100/100|[from] item: Leftovers
|upkeep
|turn|15
|
|t:|1728595788
|switch|p2a: oi UE|Zapdos|100/100
|move|p1a: Milotic|Recover|p1a: Milotic
|-heal|p1a: Milotic|100/100
|
|-weather|Sandstorm|[upkeep]
|-damage|p2a: oi UE|94/100|[from] Sandstorm
|-damage|p1a: Milotic|94/100|[from] Sandstorm
|-heal|p2a: oi UE|100/100|[from] item: Leftovers
|-heal|p1a: Milotic|100/100|[from] item: Leftovers
|upkeep
|turn|16
|
|t:|1728595795
|switch|p1a: Blissey|Blissey, F|100/100
|move|p2a: oi UE|Toxic|p1a: Blissey
|-status|p1a: Blissey|tox
|
|-weather|Sandstorm|[upkeep]
|-damage|p2a: oi UE|94/100|[from] Sandstorm
|-damage|p1a: Blissey|94/100 tox|[from] Sandstorm
|-heal|p2a: oi UE|100/100|[from] item: Leftovers
|-heal|p1a: Blissey|100/100 tox|[from] item: Leftovers
|-damage|p1a: Blissey|94/100 tox|[from] psn
|upkeep
|turn|17
|inactive|thedolla has 270 seconds left.
|
|t:|1728595810
|switch|p2a: me woif|Swampert, F|100/100
|-curestatus|p1a: Blissey|tox|[from] ability: Natural Cure
|switch|p1a: Dugtrio|Dugtrio, F|100/100
|
|-weather|Sandstorm|[upkeep]
|upkeep
|turn|18
|
|t:|1728595815
|switch|p1a: Milotic|Milotic, M|100/100
|move|p2a: me woif|Ice Beam|p1a: Milotic
|-resisted|p1a: Milotic
|-damage|p1a: Milotic|90/100
|-status|p1a: Milotic|frz
|
|-weather|Sandstorm|[upkeep]
|-damage|p1a: Milotic|84/100 frz|[from] Sandstorm
|-heal|p1a: Milotic|90/100 frz|[from] item: Leftovers
|upkeep
|turn|19
|inactive|thedolla has 270 seconds left.
|
|t:|1728595834
|-curestatus|p1a: Milotic|frz|[msg]
|move|p1a: Milotic|Toxic|p2a: me woif
|-status|p2a: me woif|tox
|move|p2a: me woif|Hydro Pump|p1a: Milotic
|-resisted|p1a: Milotic
|-damage|p1a: Milotic|72/100
|
|-weather|Sandstorm|[upkeep]
|-damage|p1a: Milotic|66/100|[from] Sandstorm
|-heal|p1a: Milotic|72/100|[from] item: Leftovers
|-damage|p2a: me woif|94/100 tox|[from] psn
|upkeep
|turn|20
|inactive|thedolla has 270 seconds left.
|
|t:|1728595855
|switch|p2a: 500 yummers|Aerodactyl, F|100/100
|move|p1a: Milotic|Toxic|p2a: 500 yummers
|-status|p2a: 500 yummers|tox
|
|-weather|Sandstorm|[upkeep]
|-damage|p1a: Milotic|66/100|[from] Sandstorm
|-damage|p2a: 500 yummers|95/100 tox|[from] psn
|-heal|p1a: Milotic|72/100|[from] item: Leftovers
|upkeep
|turn|21
|
|t:|1728595860
|switch|p1a: Skarmory|Skarmory, M|100/100
|move|p2a: 500 yummers|Rock Slide|p1a: Skarmory
|-damage|p1a: Skarmory|76/100
|
|-weather|Sandstorm|[upkeep]
|-damage|p2a: 500 yummers|83/100 tox|[from] psn
|-heal|p1a: Skarmory|82/100|[from] item: Leftovers
|upkeep
|turn|22
|
|t:|1728595863
|switch|p2a: deep blow a train|Salamence, F|100/100
|-ability|p2a: deep blow a train|Intimidate|boost
|-unboost|p1a: Skarmory|atk|1
|move|p1a: Skarmory|Spikes|p2a: deep blow a train
|-sidestart|p2: thedolla|Spikes
|
|-weather|Sandstorm|[upkeep]
|-damage|p2a: deep blow a train|94/100|[from] Sandstorm
|-heal|p2a: deep blow a train|100/100|[from] item: Leftovers
|-heal|p1a: Skarmory|88/100|[from] item: Leftovers
|upkeep
|turn|23
|
|t:|1728595870
|switch|p1a: Blissey|Blissey, F|94/100
|move|p2a: deep blow a train|Dragon Claw|p1a: Blissey
|-damage|p1a: Blissey|81/100
|
|-weather|Sandstorm|[upkeep]
|-damage|p2a: deep blow a train|94/100|[from] Sandstorm
|-damage|p1a: Blissey|74/100|[from] Sandstorm
|-heal|p2a: deep blow a train|100/100|[from] item: Leftovers
|-heal|p1a: Blissey|81/100|[from] item: Leftovers
|upkeep
|turn|24
|
|t:|1728595872
|move|p2a: deep blow a train|Brick Break|p1a: Blissey
|-supereffective|p1a: Blissey
|-damage|p1a: Blissey|35/100
|move|p1a: Blissey|Ice Beam|p2a: deep blow a train
|-supereffective|p2a: deep blow a train
|-crit|p2a: deep blow a train
|-damage|p2a: deep blow a train|0 fnt
|faint|p2a: deep blow a train
|inactive|thedolla has 270 seconds left.
|
|t:|1728595907
|switch|p2a: homelanda killed|Jirachi|68/100
|-damage|p2a: homelanda killed|56/100|[from] Spikes
|
|-weather|Sandstorm|[upkeep]
|-damage|p1a: Blissey|29/100|[from] Sandstorm
|-heal|p1a: Blissey|35/100|[from] item: Leftovers
|upkeep
|turn|25
|
|t:|1728595918
|switch|p1a: Claydol|Claydol|100/100
|move|p2a: homelanda killed|Body Slam|p1a: Claydol
|-damage|p1a: Claydol|67/100
|-status|p1a: Claydol|par
|
|-weather|Sandstorm|[upkeep]
|-heal|p1a: Claydol|73/100 par|[from] item: Leftovers
|upkeep
|turn|26
|
|t:|1728595929
|switch|p2a: me woif|Swampert, F|94/100 tox
|-damage|p2a: me woif|82/100 tox|[from] Spikes
|move|p1a: Claydol|Earthquake|p2a: me woif
|-damage|p2a: me woif|58/100 tox
|
|-weather|Sandstorm|[upkeep]
|-heal|p2a: me woif|64/100 tox|[from] item: Leftovers
|-damage|p2a: me woif|58/100 tox|[from] psn
|-heal|p1a: Claydol|79/100 par|[from] item: Leftovers
|upkeep
|turn|27
|
|t:|1728595945
|switch|p1a: Milotic|Milotic, M|72/100
|move|p2a: me woif|Hydro Pump|p1a: Milotic|[miss]
|-miss|p2a: me woif|p1a: Milotic
|
|-weather|Sandstorm|[upkeep]
|-damage|p1a: Milotic|66/100|[from] Sandstorm
|-heal|p1a: Milotic|72/100|[from] item: Leftovers
|-heal|p2a: me woif|64/100 tox|[from] item: Leftovers
|-damage|p2a: me woif|52/100 tox|[from] psn
|upkeep
|turn|28
|
|t:|1728595961
|move|p1a: Milotic|Recover|p1a: Milotic
|-heal|p1a: Milotic|100/100
|move|p2a: me woif|Earthquake|p1a: Milotic
|-damage|p1a: Milotic|75/100
|
|-weather|Sandstorm|[upkeep]
|-damage|p1a: Milotic|69/100|[from] Sandstorm
|-heal|p1a: Milotic|75/100|[from] item: Leftovers
|-heal|p2a: me woif|58/100 tox|[from] item: Leftovers
|-damage|p2a: me woif|39/100 tox|[from] psn
|upkeep
|turn|29
|
|t:|1728595969
|switch|p1a: Skarmory|Skarmory, M|88/100
|switch|p2a: homelanda killed|Jirachi|56/100
|-damage|p2a: homelanda killed|44/100|[from] Spikes
|
|-weather|Sandstorm|[upkeep]
|-heal|p1a: Skarmory|94/100|[from] item: Leftovers
|upkeep
|turn|30
|
|t:|1728595982
|switch|p1a: Claydol|Claydol|79/100 par
|move|p2a: homelanda killed|Body Slam|p1a: Claydol
|-damage|p1a: Claydol|44/100 par
|
|-weather|Sandstorm|[upkeep]
|-heal|p1a: Claydol|50/100 par|[from] item: Leftovers
|upkeep
|turn|31
|
|t:|1728595994
|switch|p2a: ashley look at me|Tyranitar, F|85/100
|-damage|p2a: ashley look at me|73/100|[from] Spikes
|move|p1a: Claydol|Psychic|p2a: ashley look at me
|-immune|p2a: ashley look at me
|
|-weather|Sandstorm|[upkeep]
|-heal|p2a: ashley look at me|79/100|[from] item: Leftovers
|-heal|p1a: Claydol|57/100 par|[from] item: Leftovers
|upkeep
|turn|32
|
|t:|1728595997
|move|p2a: ashley look at me|Ice Beam|p1a: Claydol
|-supereffective|p1a: Claydol
|-damage|p1a: Claydol|14/100 par
|move|p1a: Claydol|Earthquake|p2a: ashley look at me
|-supereffective|p2a: ashley look at me
|-damage|p2a: ashley look at me|39/100
|
|-weather|Sandstorm|[upkeep]
|-heal|p2a: ashley look at me|46/100|[from] item: Leftovers
|-heal|p1a: Claydol|21/100 par|[from] item: Leftovers
|upkeep
|turn|33
|
|t:|1728596000
|move|p2a: ashley look at me|Ice Beam|p1a: Claydol
|-supereffective|p1a: Claydol
|-damage|p1a: Claydol|0 fnt
|faint|p1a: Claydol
|
|t:|1728596018
|switch|p1a: Dugtrio|Dugtrio, F|100/100
|
|-weather|Sandstorm|[upkeep]
|-heal|p2a: ashley look at me|52/100|[from] item: Leftovers
|upkeep
|turn|34
|
|t:|1728596021
|move|p1a: Dugtrio|Earthquake|p2a: ashley look at me
|-supereffective|p2a: ashley look at me
|-damage|p2a: ashley look at me|0 fnt
|faint|p2a: ashley look at me
|
|t:|1728596029
|switch|p2a: oi UE|Zapdos|100/100
|
|-weather|Sandstorm|[upkeep]
|-damage|p2a: oi UE|94/100|[from] Sandstorm
|-heal|p2a: oi UE|100/100|[from] item: Leftovers
|upkeep
|turn|35
|
|t:|1728596033
|switch|p1a: Metagross|Metagross|40/100
|move|p2a: oi UE|Drill Peck|p1a: Metagross
|-resisted|p1a: Metagross
|-damage|p1a: Metagross|28/100
|
|-weather|Sandstorm|[upkeep]
|-damage|p2a: oi UE|94/100|[from] Sandstorm
|-heal|p2a: oi UE|100/100|[from] item: Leftovers
|upkeep
|turn|36
|
|t:|1728596047
|move|p2a: oi UE|Thunderbolt|p1a: Metagross
|-damage|p1a: Metagross|0 fnt
|faint|p1a: Metagross
|
|t:|1728596049
|switch|p1a: Blissey|Blissey, F|35/100
|
|-weather|Sandstorm|[upkeep]
|-damage|p2a: oi UE|94/100|[from] Sandstorm
|-damage|p1a: Blissey|29/100|[from] Sandstorm
|-heal|p2a: oi UE|100/100|[from] item: Leftovers
|-heal|p1a: Blissey|35/100|[from] item: Leftovers
|upkeep
|turn|37
|inactive|thedolla has 270 seconds left.
|
|t:|1728596081
|move|p2a: oi UE|Drill Peck|p1a: Blissey
|-damage|p1a: Blissey|6/100
|move|p1a: Blissey|Soft-Boiled|p1a: Blissey
|-heal|p1a: Blissey|56/100
|
|-weather|Sandstorm|[upkeep]
|-damage|p2a: oi UE|94/100|[from] Sandstorm
|-damage|p1a: Blissey|49/100|[from] Sandstorm
|-heal|p2a: oi UE|100/100|[from] item: Leftovers
|-heal|p1a: Blissey|56/100|[from] item: Leftovers
|upkeep
|turn|38
|
|t:|1728596089
|move|p2a: oi UE|Toxic|p1a: Blissey|[miss]
|-miss|p2a: oi UE|p1a: Blissey
|move|p1a: Blissey|Soft-Boiled|p1a: Blissey
|-heal|p1a: Blissey|100/100
|
|-weather|Sandstorm|[upkeep]
|-damage|p2a: oi UE|94/100|[from] Sandstorm
|-damage|p1a: Blissey|94/100|[from] Sandstorm
|-heal|p2a: oi UE|100/100|[from] item: Leftovers
|-heal|p1a: Blissey|100/100|[from] item: Leftovers
|upkeep
|turn|39
|
|t:|1728596102
|switch|p2a: homelanda killed|Jirachi|44/100
|-damage|p2a: homelanda killed|31/100|[from] Spikes
|move|p1a: Blissey|Ice Beam|p2a: homelanda killed
|-resisted|p2a: homelanda killed
|-crit|p2a: homelanda killed
|-damage|p2a: homelanda killed|6/100
|
|-weather|Sandstorm|[upkeep]
|-damage|p1a: Blissey|94/100|[from] Sandstorm
|-heal|p1a: Blissey|100/100|[from] item: Leftovers
|upkeep
|turn|40
|
|t:|1728596130
|switch|p1a: Milotic|Milotic, M|75/100
|move|p2a: homelanda killed|Body Slam|p1a: Milotic
|-damage|p1a: Milotic|46/100
|-status|p1a: Milotic|par
|
|-weather|Sandstorm|[upkeep]
|-damage|p1a: Milotic|40/100 par|[from] Sandstorm
|-heal|p1a: Milotic|46/100 par|[from] item: Leftovers
|upkeep
|turn|41
|
|t:|1728596136
|move|p2a: homelanda killed|Body Slam|p1a: Milotic
|-damage|p1a: Milotic|29/100 par
|move|p1a: Milotic|Recover|p1a: Milotic
|-heal|p1a: Milotic|79/100 par
|
|-weather|Sandstorm|[upkeep]
|-damage|p1a: Milotic|73/100 par|[from] Sandstorm
|-heal|p1a: Milotic|79/100 par|[from] item: Leftovers
|upkeep
|turn|42
|
|t:|1728596145
|move|p2a: homelanda killed|Body Slam|p1a: Milotic
|-damage|p1a: Milotic|61/100 par
|move|p1a: Milotic|Refresh|p1a: Milotic
|-curestatus|p1a: Milotic|par|[msg]
|
|-weather|Sandstorm|[upkeep]
|-damage|p1a: Milotic|55/100|[from] Sandstorm
|-heal|p1a: Milotic|61/100|[from] item: Leftovers
|upkeep
|turn|43
|
|t:|1728596148
|move|p2a: homelanda killed|Body Slam|p1a: Milotic
|-damage|p1a: Milotic|34/100
|-status|p1a: Milotic|par
|cant|p1a: Milotic|par
|
|-weather|Sandstorm|[upkeep]
|-damage|p1a: Milotic|28/100 par|[from] Sandstorm
|-heal|p1a: Milotic|34/100 par|[from] item: Leftovers
|upkeep
|turn|44
|
|t:|1728596156
|move|p2a: homelanda killed|Body Slam|p1a: Milotic
|-damage|p1a: Milotic|15/100 par
|cant|p1a: Milotic|par
|
|-weather|Sandstorm|[upkeep]
|-damage|p1a: Milotic|9/100 par|[from] Sandstorm
|-heal|p1a: Milotic|15/100 par|[from] item: Leftovers
|upkeep
|turn|45
|
|t:|1728596160
|move|p2a: homelanda killed|Body Slam|p1a: Milotic
|-damage|p1a: Milotic|0 fnt
|faint|p1a: Milotic
|
|t:|1728596162
|switch|p1a: Dugtrio|Dugtrio, F|100/100
|
|-weather|Sandstorm|[upkeep]
|upkeep
|turn|46
|
|t:|1728596164
|move|p1a: Dugtrio|Earthquake|p2a: homelanda killed
|-supereffective|p2a: homelanda killed
|-damage|p2a: homelanda killed|0 fnt
|faint|p2a: homelanda killed
|
|t:|1728596187
|switch|p2a: 500 yummers|Aerodactyl, F|83/100 tox
|
|-weather|Sandstorm|[upkeep]
|-damage|p2a: 500 yummers|77/100 tox|[from] psn
|upkeep
|turn|47
|
|t:|1728596191
|move|p2a: 500 yummers|Double-Edge|p1a: Dugtrio
|-damage|p1a: Dugtrio|0 fnt
|faint|p1a: Dugtrio
|
|t:|1728596194
|switch|p1a: Skarmory|Skarmory, M|94/100
|
|-weather|Sandstorm|[upkeep]
|-damage|p2a: 500 yummers|65/100 tox|[from] psn
|-heal|p1a: Skarmory|100/100|[from] item: Leftovers
|upkeep
|turn|48
|
|t:|1728596216
|switch|p2a: oi UE|Zapdos|100/100
|move|p1a: Skarmory|Drill Peck|p2a: oi UE
|-resisted|p2a: oi UE
|-damage|p2a: oi UE|86/100
|
|-weather|Sandstorm|[upkeep]
|-damage|p2a: oi UE|79/100|[from] Sandstorm
|-heal|p2a: oi UE|86/100|[from] item: Leftovers
|upkeep
|turn|49
|
|t:|1728596219
|switch|p1a: Blissey|Blissey, F|100/100
|move|p2a: oi UE|Thunderbolt|p1a: Blissey
|-damage|p1a: Blissey|80/100
|
|-weather|Sandstorm|[upkeep]
|-damage|p2a: oi UE|79/100|[from] Sandstorm
|-damage|p1a: Blissey|74/100|[from] Sandstorm
|-heal|p2a: oi UE|86/100|[from] item: Leftovers
|-heal|p1a: Blissey|80/100|[from] item: Leftovers
|upkeep
|turn|50
|
|t:|1728596224
|move|p2a: oi UE|Toxic|p1a: Blissey
|-status|p1a: Blissey|tox
|move|p1a: Blissey|Ice Beam|p2a: oi UE
|-supereffective|p2a: oi UE
|-damage|p2a: oi UE|31/100
|
|-weather|Sandstorm|[upkeep]
|-damage|p2a: oi UE|25/100|[from] Sandstorm
|-damage|p1a: Blissey|74/100 tox|[from] Sandstorm
|-heal|p2a: oi UE|31/100|[from] item: Leftovers
|-heal|p1a: Blissey|80/100 tox|[from] item: Leftovers
|-damage|p1a: Blissey|74/100 tox|[from] psn
|upkeep
|turn|51
|
|t:|1728596237
|switch|p2a: me woif|Swampert, F|39/100 tox
|-damage|p2a: me woif|27/100 tox|[from] Spikes
|move|p1a: Blissey|Ice Beam|p2a: me woif
|-damage|p2a: me woif|0 fnt
|faint|p2a: me woif
|
|t:|1728596242
|switch|p2a: 500 yummers|Aerodactyl, F|65/100 tox
|
|-weather|Sandstorm|[upkeep]
|-damage|p1a: Blissey|68/100 tox|[from] Sandstorm
|-damage|p2a: 500 yummers|59/100 tox|[from] psn
|-heal|p1a: Blissey|74/100 tox|[from] item: Leftovers
|-damage|p1a: Blissey|62/100 tox|[from] psn
|upkeep
|turn|52
|
|t:|1728596244
|-curestatus|p1a: Blissey|tox|[from] ability: Natural Cure
|switch|p1a: Skarmory|Skarmory, M|100/100
|move|p2a: 500 yummers|Rock Slide|p1a: Skarmory
|-damage|p1a: Skarmory|73/100
|
|-weather|Sandstorm|[upkeep]
|-damage|p2a: 500 yummers|47/100 tox|[from] psn
|-heal|p1a: Skarmory|79/100|[from] item: Leftovers
|upkeep
|turn|53
|
|t:|1728596256
|move|p1a: Skarmory|Protect|p1a: Skarmory
|-singleturn|p1a: Skarmory|Protect
|move|p2a: 500 yummers|Rock Slide|p1a: Skarmory
|-activate|p1a: Skarmory|Protect
|
|-weather|Sandstorm|[upkeep]
|-damage|p2a: 500 yummers|29/100 tox|[from] psn
|-heal|p1a: Skarmory|85/100|[from] item: Leftovers
|upkeep
|turn|54
|
|t:|1728596259
|move|p1a: Skarmory|Protect||[still]
|-fail|p1a: Skarmory
|move|p2a: 500 yummers|Rock Slide|p1a: Skarmory|[miss]
|-miss|p2a: 500 yummers|p1a: Skarmory
|
|-weather|Sandstorm|[upkeep]
|-damage|p2a: 500 yummers|5/100 tox|[from] psn
|-heal|p1a: Skarmory|91/100|[from] item: Leftovers
|upkeep
|turn|55
|
|t:|1728596265
|switch|p2a: oi UE|Zapdos|31/100
|move|p1a: Skarmory|Protect||[still]
|-fail|p1a: Skarmory
|
|-weather|Sandstorm|[upkeep]
|-damage|p2a: oi UE|25/100|[from] Sandstorm
|-heal|p2a: oi UE|31/100|[from] item: Leftovers
|-heal|p1a: Skarmory|97/100|[from] item: Leftovers
|upkeep
|turn|56
|
|t:|1728596269
|switch|p1a: Blissey|Blissey, F|62/100
|move|p2a: oi UE|Thunderbolt|p1a: Blissey
|-damage|p1a: Blissey|40/100
|
|-weather|Sandstorm|[upkeep]
|-damage|p2a: oi UE|25/100|[from] Sandstorm
|-damage|p1a: Blissey|34/100|[from] Sandstorm
|-heal|p2a: oi UE|31/100|[from] item: Leftovers
|-heal|p1a: Blissey|40/100|[from] item: Leftovers
|upkeep
|turn|57
|
|t:|1728596277
|move|p2a: oi UE|Thunder Wave|p1a: Blissey
|-status|p1a: Blissey|par
|move|p1a: Blissey|Soft-Boiled|p1a: Blissey
|-heal|p1a: Blissey|90/100 par
|
|-weather|Sandstorm|[upkeep]
|-damage|p2a: oi UE|25/100|[from] Sandstorm
|-damage|p1a: Blissey|84/100 par|[from] Sandstorm
|-heal|p2a: oi UE|31/100|[from] item: Leftovers
|-heal|p1a: Blissey|90/100 par|[from] item: Leftovers
|upkeep
|turn|58
|
|t:|1728596286
|move|p2a: oi UE|Drill Peck|p1a: Blissey
|-damage|p1a: Blissey|59/100 par
|move|p1a: Blissey|Ice Beam|p2a: oi UE
|-supereffective|p2a: oi UE
|-damage|p2a: oi UE|0 fnt
|faint|p2a: oi UE
|
|t:|1728596289
|switch|p2a: 500 yummers|Aerodactyl, F|5/100 tox
|
|-weather|Sandstorm|[upkeep]
|-damage|p1a: Blissey|53/100 par|[from] Sandstorm
|-enditem|p2a: 500 yummers|Liechi Berry|[eat]
|-boost|p2a: 500 yummers|atk|1|[from] item: Liechi Berry
|-damage|p2a: 500 yummers|0 fnt|[from] psn
|faint|p2a: 500 yummers
|
|win|denizzz
|upkeep
|c|☆denizzz|gg
|c|☆thedolla|gg

</script>
<script type="application/json" class="data" id="replaydata-smogtours-gen3ou-797025">
{"id":"smogtours-gen3ou-797025","format":"[Gen 3] OU","players":["denizzz","thedolla"],"uploadtime":1728596289,"views":91,"formatid":"gen3ou","rating":null,"private":0,"password":null}
</script>

<script defer src="js/replays.js?9d40a366"></script>
