<!DOCTYPE html>
<meta charset="utf-8" />
<meta name="viewport" content="width=device-width" />

<title>[Gen 3] OU: legoerofeggos vs. Cyberodin - Replays - Pok&eacute;mon Showdown!</title>

<meta name="description" content="Watch a replay of a Pok&eacute;mon battle between legoerofeggos and Cyberodin! Format: [Gen 3] OU; Date: Oct 15, 2024" />
<!--

Hey, you! Looking in the source for the replay log?

You can find them in JSON format, just add `.json` at the end of a replay URL.

https://replay.pokemonshowdown.com/gen7randomdoublesbattle-865046831.json

Or, if you only need the log itself, add `.log` instead:

https://replay.pokemonshowdown.com/gen7randomdoublesbattle-865046831.log

-->

<link rel="stylesheet" href="//pokemonshowdown.com/style/global.css?0.767286132409787" />
<link rel="stylesheet" href="//play.pokemonshowdown.com/style/font-awesome.css?0.9266228007934947" />
<link rel="stylesheet" href="//play.pokemonshowdown.com/style/battle.css?0.7924700842790926" />
<link rel="stylesheet" href="//play.pokemonshowdown.com/style/utilichart.css?0.8777417872839479" />

<!-- Global site tag (gtag.js) - Google Analytics -->
<script async src="https://www.googletagmanager.com/gtag/js?id=UA-26211653-1"></script>
<script>
  window.dataLayer = window.dataLayer || [];
  function gtag(){dataLayer.push(arguments);}
  gtag('js', new Date());

  gtag('config', 'UA-26211653-1');
</script>
<!-- End Google Analytics -->
<!-- Venatus Ad Manager - Install in <HEAD> of page -->
	<script src="https://hb.vntsm.com/v3/live/ad-manager.min.js" type="text/javascript" data-site-id="642aba63ec9a7b11c3c9c1be" data-mode="scan" async></script>
<!-- / Venatus Ad Manager -->

<style>
	@media (max-width:820px) {
		.battle {
			margin: 0 auto;
		}
		.battle-log {
			margin: 7px auto 0;
			max-width: 640px;
			height: 300px;
			position: static;
		}
	}
	.optgroup {
		display: inline-block;
		line-height: 22px;
		font-size: 10pt;
	}
	.optgroup .button {
		height: 25px;
		padding-top: 0;
		padding-bottom: 0;
	}
	.optgroup button.button {
		padding-left: 12px;
		padding-right: 12px;
	}
	.linklist {
		list-style: none;
		margin: 0.5em 0;
		padding: 0;
	}
	.linklist li {
		padding: 2px 0;
	}
	.sidebar {
		float: left;
		width: 320px;
	}
	.bar-wrapper {
		max-width: 1100px;
		margin: 0 auto;
	}
	.bar-wrapper.has-sidebar {
		max-width: 1430px;
	}
	.mainbar {
		margin: 0;
		padding-right: 1px;
	}
	.mainbar.has-sidebar {
		margin-left: 330px;
	}
	@media (min-width: 1511px) {
		.sidebar {
			width: 400px;
		}
		.bar-wrapper.has-sidebar {
			max-width: 1510px;
		}
		.mainbar.has-sidebar {
			margin-left: 410px;
		}
	}
	.section.first-section {
		margin-top: 9px;
	}
	.blocklink small {
		white-space: normal;
	}
	.button {
		vertical-align: middle;
	}
	.replay-controls {
		padding-top: 10px;
	}
	.replay-controls h1 {
		font-size: 16pt;
		font-weight: normal;
		color: #CCC;
	}
	.pagelink {
		text-align: center;
	}
	.pagelink a {
		width: 150px;
	}
	.textbox, .button {
		font-size: 11pt;
		vertical-align: middle;
	}
	@media (max-width: 450px) {
		.button {
			font-size: 9pt;
		}
	}
</style>

<div>

	<header>
		<div class="nav-wrapper"><ul class="nav">
			<li><a class="button nav-first" href="//pokemonshowdown.com/"><img src="//pokemonshowdown.com/images/pokemonshowdownbeta.png" srcset="//pokemonshowdown.com/images/pokemonshowdownbeta.png 1x, //pokemonshowdown.com/images/pokemonshowdownbeta@2x.png 2x" alt="Pok&eacute;mon Showdown" width="146" height="44" /> Home</a></li>
			<li><a class="button" href="//pokemonshowdown.com/dex/">Pok&eacute;dex</a></li>
			<li><a class="button cur" href="/">Replays</a></li>
			<li><a class="button" href="//pokemonshowdown.com/ladder/">Ladder</a></li>
			<li><a class="button nav-last" href="//pokemonshowdown.com/forums/">Forum</a></li>
			<li><a class="button greenbutton nav-first nav-last" href="//play.pokemonshowdown.com/">Play</a></li>
		</ul></div>
	</header>

	<div class="main" id="main">

		<noscript><section class="section">You need to enable JavaScript to use this page; sorry!</section></noscript>

	</div>

</div>

<script defer nomodule src="//play.pokemonshowdown.com/js/lib/ps-polyfill.js"></script>
<script defer src="//play.pokemonshowdown.com/js/lib/preact.min.js"></script>

<script defer src="//play.pokemonshowdown.com/config/config.js?6dec07f6"></script>
<script defer src="//play.pokemonshowdown.com/js/lib/jquery-1.11.0.min.js"></script>
<script defer src="//play.pokemonshowdown.com/js/lib/html-sanitizer-minified.js"></script>
<script defer src="//play.pokemonshowdown.com/js/battle-sound.js"></script>
<script defer src="//play.pokemonshowdown.com/js/battledata.js?0.6315294753075389"></script>
<script defer src="//play.pokemonshowdown.com/data/pokedex-mini.js?0.7603743185311358"></script>
<script defer src="//play.pokemonshowdown.com/data/pokedex-mini-bw.js?0.030888842834281283"></script>
<script defer src="//play.pokemonshowdown.com/data/graphics.js?0.05593094747507488"></script>
<script defer src="//play.pokemonshowdown.com/data/pokedex.js?0.47064822249611904"></script>
<script defer src="//play.pokemonshowdown.com/data/moves.js?0.8583693120512459"></script>
<script defer src="//play.pokemonshowdown.com/data/abilities.js?0.16017181182386842"></script>
<script defer src="//play.pokemonshowdown.com/data/items.js?0.4163379185673943"></script>
<script defer src="//play.pokemonshowdown.com/data/teambuilder-tables.js?0.31075597372830477"></script>
<script defer src="//play.pokemonshowdown.com/js/battle-tooltips.js?0.6536193500708172"></script>
<script defer src="//play.pokemonshowdown.com/js/battle.js?0.1916591943277901"></script>

<script defer src="js/utils.js?e31f9a17"></script>
<script defer src="js/replays-battle.js?7008c182"></script>

<!-- don't scrape this data! just add .json or .log after the URL!
Full API docs: https://github.com/smogon/pokemon-showdown-client/blob/master/WEB-API.md -->
<script type="text/plain" class="log" id="replaylog-smogtours-gen3ou-798916">
|inactive|Battle timer is ON: inactive players will automatically lose when time's up.
|t:|1729012110
|gametype|singles
|player|p1|legoerofeggos|2|
|player|p2|Cyberodin|#wcop2020latinamerica|
|teamsize|p1|6
|teamsize|p2|6
|gen|3
|tier|[Gen 3] OU
|rule|Sleep Clause Mod: Limit one foe put to sleep
|rule|Switch Priority Clause Mod: Faster Pokémon switch first
|rule|Species Clause: Limit one of each Pokémon
|rule|OHKO Clause: OHKO moves are banned
|rule|Evasion Items Clause: Evasion items are banned
|rule|Evasion Moves Clause: Evasion moves are banned
|rule|Endless Battle Clause: Forcing endless battles is banned
|rule|HP Percentage Mod: HP is shown in percentages
|rule|One Boost Passer Clause: Limit one Baton Passer that has a way to boost its stats
|rule|Freeze Clause Mod: Limit one foe frozen
|
|t:|1729012110
|start
|switch|p1a: Hariyama|Hariyama, F|100/100
|switch|p2a: Salamence|Salamence, M|100/100
|-ability|p2a: Salamence|Intimidate|boost
|-unboost|p1a: Hariyama|atk|1
|turn|1
|c|☆Cyberodin|Gl hf bro
|c|☆legoerofeggos|glhf
|
|t:|1729012129
|switch|p1a: Ramón|Salamence, F|100/100
|-ability|p1a: Ramón|Intimidate|boost
|-unboost|p2a: Salamence|atk|1
|move|p2a: Salamence|Hidden Power|p1a: Ramón
|-damage|p1a: Ramón|75/100
|
|-heal|p1a: Ramón|81/100|[from] item: Leftovers
|upkeep
|turn|2
|
|t:|1729012145
|switch|p2a: Suicune|Suicune|100/100
|switch|p1a: Hariyama|Hariyama, F|100/100
|
|upkeep
|turn|3
|
|t:|1729012152
|switch|p2a: Celebi|Celebi|100/100
|move|p1a: Hariyama|Knock Off|p2a: Celebi
|-supereffective|p2a: Celebi
|-damage|p2a: Celebi|97/100
|-enditem|p2a: Celebi|Leftovers|[from] move: Knock Off|[of] p1a: Hariyama
|-hint|In Gens 3-4, Knock Off only makes the target's item unusable; it cannot obtain a new item.
|
|upkeep
|turn|4
|
|t:|1729012157
|switch|p1a: Celebi|Celebi|100/100
|move|p2a: Celebi|Leech Seed|p1a: Celebi
|-immune|p1a: Celebi
|
|upkeep
|turn|5
|
|t:|1729012173
|switch|p1a: Ramón|Salamence, F|81/100
|-ability|p1a: Ramón|Intimidate|boost
|-unboost|p2a: Celebi|atk|1
|move|p2a: Celebi|Leech Seed|p1a: Ramón
|-start|p1a: Ramón|move: Leech Seed
|
|-heal|p1a: Ramón|87/100|[from] item: Leftovers
|-damage|p1a: Ramón|75/100|[from] Leech Seed|[of] p2a: Celebi
|-heal|p2a: Celebi|100/100|[silent]
|upkeep
|turn|6
|
|t:|1729012183
|switch|p1a: Jirachi|Jirachi|100/100
|switch|p2a: Salamence|Salamence, M|100/100
|-ability|p2a: Salamence|Intimidate|boost
|-unboost|p1a: Jirachi|atk|1
|
|upkeep
|turn|7
|
|t:|1729012198
|switch|p1a: Starmie|Starmie|100/100
|move|p2a: Salamence|Earthquake|p1a: Starmie
|-damage|p1a: Starmie|43/100
|
|-heal|p1a: Starmie|49/100|[from] item: Leftovers
|upkeep
|turn|8
|
|t:|1729012216
|move|p1a: Starmie|Recover|p1a: Starmie
|-heal|p1a: Starmie|99/100
|move|p2a: Salamence|Earthquake|p1a: Starmie
|-damage|p1a: Starmie|38/100
|
|-heal|p1a: Starmie|44/100|[from] item: Leftovers
|upkeep
|turn|9
|
|t:|1729012227
|move|p1a: Starmie|Recover|p1a: Starmie
|-heal|p1a: Starmie|94/100
|move|p2a: Salamence|Earthquake|p1a: Starmie
|-damage|p1a: Starmie|29/100
|
|-heal|p1a: Starmie|35/100|[from] item: Leftovers
|upkeep
|turn|10
|
|t:|1729012231
|switch|p1a: Ramón|Salamence, F|75/100
|-ability|p1a: Ramón|Intimidate|boost
|-unboost|p2a: Salamence|atk|1
|move|p2a: Salamence|Earthquake|p1a: Ramón
|-immune|p1a: Ramón
|
|-heal|p1a: Ramón|81/100|[from] item: Leftovers
|upkeep
|turn|11
|
|t:|1729012235
|switch|p2a: Celebi|Celebi|100/100
|move|p1a: Ramón|Toxic|p2a: Celebi|[miss]
|-miss|p1a: Ramón|p2a: Celebi
|
|-heal|p1a: Ramón|87/100|[from] item: Leftovers
|upkeep
|turn|12
|
|t:|1729012242
|move|p1a: Ramón|Toxic|p2a: Celebi
|-status|p2a: Celebi|tox
|move|p2a: Celebi|Leech Seed|p1a: Ramón
|-start|p1a: Ramón|move: Leech Seed
|
|-heal|p1a: Ramón|93/100|[from] item: Leftovers
|-damage|p1a: Ramón|81/100|[from] Leech Seed|[of] p2a: Celebi
|-damage|p2a: Celebi|94/100 tox|[from] psn
|upkeep
|turn|13
|
|t:|1729012250
|switch|p1a: Jirachi|Jirachi|100/100
|move|p2a: Celebi|Leech Seed|p1a: Jirachi
|-start|p1a: Jirachi|move: Leech Seed
|
|-damage|p2a: Celebi|82/100 tox|[from] psn
|-damage|p1a: Jirachi|88/100|[from] Leech Seed|[of] p2a: Celebi
|-heal|p2a: Celebi|94/100 tox|[silent]
|upkeep
|turn|14
|
|t:|1729012253
|-curestatus|p2a: Celebi|tox|[from] ability: Natural Cure
|switch|p2a: Magneton|Magneton|100/100
|move|p1a: Jirachi|Wish|p1a: Jirachi
|
|-heal|p1a: Jirachi|94/100|[from] item: Leftovers
|-damage|p1a: Jirachi|82/100|[from] Leech Seed|[of] p2a: Magneton
|upkeep
|turn|15
|
|t:|1729012259
|move|p1a: Jirachi|Fire Punch|p2a: Magneton
|-supereffective|p2a: Magneton
|-damage|p2a: Magneton|41/100
|move|p2a: Magneton|Thunder Wave|p1a: Jirachi
|-status|p1a: Jirachi|par
|
|-heal|p1a: Jirachi|100/100 par|[from] move: Wish|[wisher] Jirachi
|-heal|p2a: Magneton|47/100|[from] item: Leftovers
|-damage|p1a: Jirachi|88/100 par|[from] Leech Seed|[of] p2a: Magneton
|-heal|p2a: Magneton|64/100|[silent]
|upkeep
|turn|16
|
|t:|1729012263
|move|p2a: Magneton|Thunderbolt|p1a: Jirachi
|-damage|p1a: Jirachi|55/100 par
|move|p1a: Jirachi|Fire Punch|p2a: Magneton
|-supereffective|p2a: Magneton
|-damage|p2a: Magneton|12/100
|
|-heal|p2a: Magneton|18/100|[from] item: Leftovers
|-heal|p1a: Jirachi|61/100 par|[from] item: Leftovers
|-damage|p1a: Jirachi|49/100 par|[from] Leech Seed|[of] p2a: Magneton
|-heal|p2a: Magneton|35/100|[silent]
|upkeep
|turn|17
|
|t:|1729012270
|move|p2a: Magneton|Thunderbolt|p1a: Jirachi
|-damage|p1a: Jirachi|11/100 par
|move|p1a: Jirachi|Fire Punch|p2a: Magneton
|-supereffective|p2a: Magneton
|-damage|p2a: Magneton|0 fnt
|faint|p2a: Magneton
|
|t:|1729012289
|switch|p2a: Snorlax|Snorlax, M|100/100
|
|-heal|p1a: Jirachi|18/100 par|[from] item: Leftovers
|-damage|p1a: Jirachi|5/100 par|[from] Leech Seed|[of] p2a: Snorlax
|upkeep
|turn|18
|
|t:|1729012299
|move|p2a: Snorlax|Body Slam|p1a: Jirachi
|-resisted|p1a: Jirachi
|-damage|p1a: Jirachi|0 fnt
|faint|p1a: Jirachi
|
|t:|1729012300
|switch|p1a: Hariyama|Hariyama, F|100/100
|
|upkeep
|turn|19
|
|t:|1729012307
|-singleturn|p1a: Hariyama|move: Focus Punch
|switch|p2a: Celebi|Celebi|94/100
|move|p1a: Hariyama|Focus Punch|p2a: Celebi
|-resisted|p2a: Celebi
|-damage|p2a: Celebi|66/100
|
|upkeep
|turn|20
|
|t:|1729012309
|move|p2a: Celebi|Leech Seed|p1a: Hariyama
|-start|p1a: Hariyama|move: Leech Seed
|move|p1a: Hariyama|Hidden Power|p2a: Celebi
|-supereffective|p2a: Celebi
|-damage|p2a: Celebi|1/100
|
|-damage|p1a: Hariyama|88/100|[from] Leech Seed|[of] p2a: Celebi
|-heal|p2a: Celebi|14/100|[silent]
|upkeep
|turn|21
|
|t:|1729012323
|move|p2a: Celebi|Recover|p2a: Celebi
|-heal|p2a: Celebi|64/100
|move|p1a: Hariyama|Hidden Power|p2a: Celebi
|-supereffective|p2a: Celebi
|-damage|p2a: Celebi|0 fnt
|faint|p2a: Celebi
|
|t:|1729012326
|switch|p2a: Salamence|Salamence, M|100/100
|-ability|p2a: Salamence|Intimidate|boost
|-unboost|p1a: Hariyama|atk|1
|
|-heal|p1a: Hariyama|94/100|[from] item: Leftovers
|-damage|p1a: Hariyama|82/100|[from] Leech Seed|[of] p2a: Salamence
|upkeep
|turn|22
|
|t:|1729012335
|switch|p1a: Ramón|Salamence, F|81/100
|-ability|p1a: Ramón|Intimidate|boost
|-unboost|p2a: Salamence|atk|1
|move|p2a: Salamence|Hidden Power|p1a: Ramón
|-damage|p1a: Ramón|52/100
|
|-heal|p1a: Ramón|58/100|[from] item: Leftovers
|upkeep
|turn|23
|
|t:|1729012339
|switch|p2a: Snorlax|Snorlax, M|100/100
|move|p1a: Ramón|Wish|p1a: Ramón
|
|-heal|p1a: Ramón|64/100|[from] item: Leftovers
|upkeep
|turn|24
|
|t:|1729012344
|switch|p1a: Hariyama|Hariyama, F|82/100
|move|p2a: Snorlax|Curse|p2a: Snorlax
|-unboost|p2a: Snorlax|spe|1
|-boost|p2a: Snorlax|atk|1
|-boost|p2a: Snorlax|def|1
|
|-heal|p1a: Hariyama|100/100|[from] move: Wish|[wisher] Ramón
|upkeep
|turn|25
|
|t:|1729012349
|move|p1a: Hariyama|Brick Break|p2a: Snorlax
|-supereffective|p2a: Snorlax
|-damage|p2a: Snorlax|53/100
|move|p2a: Snorlax|Body Slam|p1a: Hariyama
|-damage|p1a: Hariyama|44/100
|
|-heal|p1a: Hariyama|50/100|[from] item: Leftovers
|-heal|p2a: Snorlax|60/100|[from] item: Leftovers
|upkeep
|turn|26
|
|t:|1729012359
|switch|p2a: Salamence|Salamence, M|100/100
|-ability|p2a: Salamence|Intimidate|boost
|-unboost|p1a: Hariyama|atk|1
|move|p1a: Hariyama|Brick Break|p2a: Salamence
|-resisted|p2a: Salamence
|-damage|p2a: Salamence|83/100
|
|-heal|p1a: Hariyama|56/100|[from] item: Leftovers
|upkeep
|turn|27
|
|t:|1729012366
|move|p2a: Salamence|Hidden Power|p1a: Hariyama
|-supereffective|p1a: Hariyama
|-damage|p1a: Hariyama|0 fnt
|faint|p1a: Hariyama
|
|t:|1729012368
|switch|p1a: Ramón|Salamence, F|64/100
|-ability|p1a: Ramón|Intimidate|boost
|-unboost|p2a: Salamence|atk|1
|
|-heal|p1a: Ramón|70/100|[from] item: Leftovers
|upkeep
|turn|28
|
|t:|1729012373
|switch|p2a: Snorlax|Snorlax, M|60/100
|move|p1a: Ramón|Wish|p1a: Ramón
|
|-heal|p1a: Ramón|76/100|[from] item: Leftovers
|-heal|p2a: Snorlax|66/100|[from] item: Leftovers
|upkeep
|turn|29
|
|t:|1729012377
|switch|p1a: Celebi|Celebi|100/100
|move|p2a: Snorlax|Curse|p2a: Snorlax
|-unboost|p2a: Snorlax|spe|1
|-boost|p2a: Snorlax|atk|1
|-boost|p2a: Snorlax|def|1
|
|-heal|p2a: Snorlax|72/100|[from] item: Leftovers
|upkeep
|turn|30
|
|t:|1729012381
|move|p1a: Celebi|Leech Seed|p2a: Snorlax|[miss]
|-miss|p1a: Celebi|p2a: Snorlax
|move|p2a: Snorlax|Curse|p2a: Snorlax
|-unboost|p2a: Snorlax|spe|1
|-boost|p2a: Snorlax|atk|1
|-boost|p2a: Snorlax|def|1
|
|-heal|p2a: Snorlax|78/100|[from] item: Leftovers
|upkeep
|turn|31
|
|t:|1729012383
|move|p1a: Celebi|Leech Seed|p2a: Snorlax
|-start|p2a: Snorlax|move: Leech Seed
|move|p2a: Snorlax|Shadow Ball|p1a: Celebi
|-supereffective|p1a: Celebi
|-damage|p1a: Celebi|25/100
|-unboost|p1a: Celebi|spd|1
|
|-heal|p1a: Celebi|31/100|[from] item: Leftovers
|-heal|p2a: Snorlax|84/100|[from] item: Leftovers
|-damage|p2a: Snorlax|72/100|[from] Leech Seed|[of] p1a: Celebi
|-heal|p1a: Celebi|46/100|[silent]
|upkeep
|turn|32
|
|t:|1729012390
|move|p1a: Celebi|Recover|p1a: Celebi
|-heal|p1a: Celebi|96/100
|move|p2a: Snorlax|Body Slam|p1a: Celebi
|-damage|p1a: Celebi|44/100
|
|-heal|p1a: Celebi|50/100|[from] item: Leftovers
|-heal|p2a: Snorlax|78/100|[from] item: Leftovers
|-damage|p2a: Snorlax|66/100|[from] Leech Seed|[of] p1a: Celebi
|-heal|p1a: Celebi|65/100|[silent]
|upkeep
|turn|33
|
|t:|1729012394
|switch|p1a: Ramón|Salamence, F|76/100
|-ability|p1a: Ramón|Intimidate|boost
|-unboost|p2a: Snorlax|atk|1
|move|p2a: Snorlax|Body Slam|p1a: Ramón
|-damage|p1a: Ramón|35/100
|
|-heal|p1a: Ramón|41/100|[from] item: Leftovers
|-heal|p2a: Snorlax|72/100|[from] item: Leftovers
|-damage|p2a: Snorlax|60/100|[from] Leech Seed|[of] p1a: Ramón
|-heal|p1a: Ramón|56/100|[silent]
|upkeep
|turn|34
|
|t:|1729012400
|move|p1a: Ramón|Wish|p1a: Ramón
|move|p2a: Snorlax|Body Slam|p1a: Ramón
|-damage|p1a: Ramón|16/100
|-status|p1a: Ramón|par
|
|-heal|p1a: Ramón|22/100 par|[from] item: Leftovers
|-heal|p2a: Snorlax|66/100|[from] item: Leftovers
|-damage|p2a: Snorlax|53/100|[from] Leech Seed|[of] p1a: Ramón
|-heal|p1a: Ramón|38/100 par|[silent]
|upkeep
|turn|35
|
|t:|1729012407
|move|p1a: Ramón|Protect|p1a: Ramón
|-singleturn|p1a: Ramón|Protect
|move|p2a: Snorlax|Body Slam|p1a: Ramón
|-activate|p1a: Ramón|Protect
|
|-heal|p1a: Ramón|88/100 par|[from] move: Wish|[wisher] Ramón
|-heal|p1a: Ramón|94/100 par|[from] item: Leftovers
|-heal|p2a: Snorlax|60/100|[from] item: Leftovers
|-damage|p2a: Snorlax|47/100|[from] Leech Seed|[of] p1a: Ramón
|-heal|p1a: Ramón|100/100 par|[silent]
|upkeep
|turn|36
|
|t:|1729012411
|switch|p1a: Celebi|Celebi|65/100
|switch|p2a: Suicune|Suicune|100/100
|
|-heal|p1a: Celebi|71/100|[from] item: Leftovers
|upkeep
|turn|37
|
|t:|1729012415
|move|p1a: Celebi|Leech Seed|p2a: Suicune
|-start|p2a: Suicune|move: Leech Seed
|move|p2a: Suicune|Calm Mind|p2a: Suicune
|-boost|p2a: Suicune|spa|1
|-boost|p2a: Suicune|spd|1
|
|-heal|p1a: Celebi|77/100|[from] item: Leftovers
|-damage|p2a: Suicune|88/100|[from] Leech Seed|[of] p1a: Celebi
|-heal|p1a: Celebi|89/100|[silent]
|upkeep
|turn|38
|
|t:|1729012418
|switch|p2a: Snorlax|Snorlax, M|47/100
|move|p1a: Celebi|Hidden Power|p2a: Snorlax
|-crit|p2a: Snorlax
|-damage|p2a: Snorlax|17/100
|
|-heal|p1a: Celebi|96/100|[from] item: Leftovers
|-heal|p2a: Snorlax|24/100|[from] item: Leftovers
|upkeep
|turn|39
|
|t:|1729012431
|move|p1a: Celebi|Psychic|p2a: Snorlax
|-damage|p2a: Snorlax|5/100
|move|p2a: Snorlax|Rest|p2a: Snorlax
|-status|p2a: Snorlax|slp|[from] move: Rest
|-heal|p2a: Snorlax|100/100 slp|[silent]
|
|-heal|p1a: Celebi|100/100|[from] item: Leftovers
|upkeep
|turn|40
|
|t:|1729012434
|move|p1a: Celebi|Leech Seed|p2a: Snorlax
|-start|p2a: Snorlax|move: Leech Seed
|cant|p2a: Snorlax|slp
|
|-damage|p2a: Snorlax|88/100 slp|[from] Leech Seed|[of] p1a: Celebi
|upkeep
|turn|41
|
|t:|1729012441
|switch|p1a: Ramón|Salamence, F|100/100 par
|-ability|p1a: Ramón|Intimidate|boost
|-unboost|p2a: Snorlax|atk|1
|cant|p2a: Snorlax|slp
|
|-heal|p2a: Snorlax|94/100 slp|[from] item: Leftovers
|-damage|p2a: Snorlax|82/100 slp|[from] Leech Seed|[of] p1a: Ramón
|upkeep
|turn|42
|
|t:|1729012445
|switch|p2a: Suicune|Suicune|88/100
|switch|p1a: Celebi|Celebi|100/100
|
|-heal|p2a: Suicune|94/100|[from] item: Leftovers
|upkeep
|turn|43
|
|t:|1729012451
|move|p1a: Celebi|Leech Seed|p2a: Suicune
|-start|p2a: Suicune|move: Leech Seed
|move|p2a: Suicune|Calm Mind|p2a: Suicune
|-boost|p2a: Suicune|spa|1
|-boost|p2a: Suicune|spd|1
|
|-heal|p2a: Suicune|100/100|[from] item: Leftovers
|-damage|p2a: Suicune|88/100|[from] Leech Seed|[of] p1a: Celebi
|upkeep
|turn|44
|
|t:|1729012457
|move|p1a: Celebi|Hidden Power|p2a: Suicune
|-supereffective|p2a: Suicune
|-damage|p2a: Suicune|64/100
|move|p2a: Suicune|Calm Mind|p2a: Suicune
|-boost|p2a: Suicune|spa|1
|-boost|p2a: Suicune|spd|1
|
|-heal|p2a: Suicune|70/100|[from] item: Leftovers
|-damage|p2a: Suicune|57/100|[from] Leech Seed|[of] p1a: Celebi
|upkeep
|turn|45
|
|t:|1729012472
|switch|p2a: Snorlax|Snorlax, M|82/100 slp
|move|p1a: Celebi|Hidden Power|p2a: Snorlax
|-damage|p2a: Snorlax|67/100 slp
|
|-heal|p2a: Snorlax|73/100 slp|[from] item: Leftovers
|upkeep
|turn|46
|
|t:|1729012478
|switch|p2a: Suicune|Suicune|57/100
|move|p1a: Celebi|Leech Seed|p2a: Suicune
|-start|p2a: Suicune|move: Leech Seed
|
|-heal|p2a: Suicune|64/100|[from] item: Leftovers
|-damage|p2a: Suicune|51/100|[from] Leech Seed|[of] p1a: Celebi
|upkeep
|turn|47
|
|t:|1729012483
|switch|p2a: Snorlax|Snorlax, M|73/100 slp
|move|p1a: Celebi|Hidden Power|p2a: Snorlax
|-damage|p2a: Snorlax|60/100 slp
|
|-heal|p2a: Snorlax|66/100 slp|[from] item: Leftovers
|upkeep
|turn|48
|
|t:|1729012485
|switch|p2a: Salamence|Salamence, M|83/100
|-ability|p2a: Salamence|Intimidate|boost
|-unboost|p1a: Celebi|atk|1
|move|p1a: Celebi|Leech Seed|p2a: Salamence
|-start|p2a: Salamence|move: Leech Seed
|
|-damage|p2a: Salamence|71/100|[from] Leech Seed|[of] p1a: Celebi
|upkeep
|turn|49
|
|t:|1729012495
|switch|p2a: Snorlax|Snorlax, M|66/100 slp
|switch|p1a: Ramón|Salamence, F|100/100 par
|-ability|p1a: Ramón|Intimidate|boost
|-unboost|p2a: Snorlax|atk|1
|
|-heal|p2a: Snorlax|73/100 slp|[from] item: Leftovers
|upkeep
|turn|50
|
|t:|1729012502
|switch|p1a: Sofía|Marowak, F|100/100
|-curestatus|p2a: Snorlax|slp|[msg]
|move|p2a: Snorlax|Curse|p2a: Snorlax
|-unboost|p2a: Snorlax|spe|1
|-boost|p2a: Snorlax|atk|1
|-boost|p2a: Snorlax|def|1
|
|-heal|p2a: Snorlax|79/100|[from] item: Leftovers
|upkeep
|turn|51
|
|t:|1729012511
|move|p1a: Sofía|Earthquake|p2a: Snorlax
|-damage|p2a: Snorlax|34/100
|move|p2a: Snorlax|Body Slam|p1a: Sofía
|-damage|p1a: Sofía|57/100
|
|-heal|p2a: Snorlax|40/100|[from] item: Leftovers
|upkeep
|turn|52
|
|t:|1729012515
|switch|p2a: Claydol|Claydol|100/100
|move|p1a: Sofía|Earthquake|p2a: Claydol
|-immune|p2a: Claydol
|
|upkeep
|turn|53
|
|t:|1729012520
|switch|p1a: Ramón|Salamence, F|100/100 par
|-ability|p1a: Ramón|Intimidate|boost
|-unboost|p2a: Claydol|atk|1
|move|p2a: Claydol|Psychic|p1a: Ramón
|-damage|p1a: Ramón|78/100 par
|
|-heal|p1a: Ramón|84/100 par|[from] item: Leftovers
|upkeep
|turn|54
|
|t:|1729012524
|move|p2a: Claydol|Psychic|p1a: Ramón
|-damage|p1a: Ramón|60/100 par
|move|p1a: Ramón|Wish|p1a: Ramón
|
|-heal|p1a: Ramón|66/100 par|[from] item: Leftovers
|upkeep
|turn|55
|
|t:|1729012528
|switch|p2a: Snorlax|Snorlax, M|40/100
|move|p1a: Ramón|Toxic|p2a: Snorlax
|-immune|p2a: Snorlax|[from] ability: Immunity
|
|-heal|p1a: Ramón|100/100 par|[from] move: Wish|[wisher] Ramón
|-heal|p2a: Snorlax|46/100|[from] item: Leftovers
|upkeep
|turn|56
|
|t:|1729012530
|switch|p1a: Sofía|Marowak, F|57/100
|move|p2a: Snorlax|Curse|p2a: Snorlax
|-unboost|p2a: Snorlax|spe|1
|-boost|p2a: Snorlax|atk|1
|-boost|p2a: Snorlax|def|1
|
|-heal|p2a: Snorlax|53/100|[from] item: Leftovers
|upkeep
|turn|57
|
|t:|1729012544
|switch|p1a: Ramón|Salamence, F|100/100 par
|-ability|p1a: Ramón|Intimidate|boost
|-unboost|p2a: Snorlax|atk|1
|move|p2a: Snorlax|Body Slam|p1a: Ramón
|-damage|p1a: Ramón|74/100 par
|
|-heal|p2a: Snorlax|59/100|[from] item: Leftovers
|-heal|p1a: Ramón|80/100 par|[from] item: Leftovers
|upkeep
|turn|58
|
|t:|1729012546
|switch|p1a: Celebi|Celebi|100/100
|move|p2a: Snorlax|Curse|p2a: Snorlax
|-unboost|p2a: Snorlax|spe|1
|-boost|p2a: Snorlax|atk|1
|-boost|p2a: Snorlax|def|1
|
|-heal|p2a: Snorlax|65/100|[from] item: Leftovers
|upkeep
|turn|59
|
|t:|1729012550
|move|p1a: Celebi|Leech Seed|p2a: Snorlax
|-start|p2a: Snorlax|move: Leech Seed
|move|p2a: Snorlax|Shadow Ball|p1a: Celebi
|-supereffective|p1a: Celebi
|-damage|p1a: Celebi|52/100
|
|-heal|p1a: Celebi|58/100|[from] item: Leftovers
|-heal|p2a: Snorlax|71/100|[from] item: Leftovers
|-damage|p2a: Snorlax|59/100|[from] Leech Seed|[of] p1a: Celebi
|-heal|p1a: Celebi|73/100|[silent]
|upkeep
|turn|60
|
|t:|1729012556
|switch|p2a: Salamence|Salamence, M|71/100
|-ability|p2a: Salamence|Intimidate|boost
|-unboost|p1a: Celebi|atk|1
|move|p1a: Celebi|Recover|p1a: Celebi
|-heal|p1a: Celebi|100/100
|
|upkeep
|turn|61
|
|t:|1729012562
|switch|p1a: Ramón|Salamence, F|80/100 par
|-ability|p1a: Ramón|Intimidate|boost
|-unboost|p2a: Salamence|atk|1
|move|p2a: Salamence|Hidden Power|p1a: Ramón
|-damage|p1a: Ramón|53/100 par
|
|-heal|p1a: Ramón|59/100 par|[from] item: Leftovers
|upkeep
|turn|62
|
|t:|1729012570
|switch|p2a: Suicune|Suicune|51/100
|switch|p1a: Sofía|Marowak, F|57/100
|
|-heal|p2a: Suicune|57/100|[from] item: Leftovers
|upkeep
|turn|63
|
|t:|1729012573
|switch|p2a: Salamence|Salamence, M|71/100
|-ability|p2a: Salamence|Intimidate|boost
|-unboost|p1a: Sofía|atk|1
|switch|p1a: Celebi|Celebi|100/100
|
|upkeep
|turn|64
|
|t:|1729012581
|switch|p1a: Ramón|Salamence, F|59/100 par
|-ability|p1a: Ramón|Intimidate|boost
|-unboost|p2a: Salamence|atk|1
|move|p2a: Salamence|Hidden Power|p1a: Ramón
|-damage|p1a: Ramón|32/100 par
|
|-heal|p1a: Ramón|38/100 par|[from] item: Leftovers
|upkeep
|turn|65
|
|t:|1729012583
|move|p2a: Salamence|Hidden Power|p1a: Ramón
|-damage|p1a: Ramón|11/100 par
|cant|p1a: Ramón|par
|
|-heal|p1a: Ramón|17/100 par|[from] item: Leftovers
|upkeep
|turn|66
|
|t:|1729012593
|cant|p1a: Ramón|par
|move|p2a: Salamence|Hidden Power|p1a: Ramón
|-damage|p1a: Ramón|0 fnt
|faint|p1a: Ramón
|
|t:|1729012596
|switch|p1a: Starmie|Starmie|35/100
|
|-heal|p1a: Starmie|41/100|[from] item: Leftovers
|upkeep
|turn|67
|
|t:|1729012601
|switch|p2a: Suicune|Suicune|57/100
|move|p1a: Starmie|Thunder Wave|p2a: Suicune
|-status|p2a: Suicune|par
|
|-heal|p1a: Starmie|47/100|[from] item: Leftovers
|-heal|p2a: Suicune|64/100 par|[from] item: Leftovers
|upkeep
|turn|68
|
|t:|1729012605
|switch|p1a: Celebi|Celebi|100/100
|switch|p2a: Salamence|Salamence, M|71/100
|-ability|p2a: Salamence|Intimidate|boost
|-unboost|p1a: Celebi|atk|1
|
|upkeep
|turn|69
|
|t:|1729012610
|move|p2a: Salamence|Hidden Power|p1a: Celebi
|-supereffective|p1a: Celebi
|-damage|p1a: Celebi|22/100
|move|p1a: Celebi|Leech Seed|p2a: Salamence
|-start|p2a: Salamence|move: Leech Seed
|
|-damage|p2a: Salamence|58/100|[from] Leech Seed|[of] p1a: Celebi
|-heal|p1a: Celebi|32/100|[silent]
|-heal|p1a: Celebi|38/100|[from] item: Leftovers
|upkeep
|turn|70
|
|t:|1729012620
|move|p2a: Salamence|Hidden Power|p1a: Celebi
|-supereffective|p1a: Celebi
|-damage|p1a: Celebi|0 fnt
|faint|p1a: Celebi
|
|t:|1729012622
|switch|p1a: Starmie|Starmie|47/100
|
|-heal|p1a: Starmie|54/100|[from] item: Leftovers
|-damage|p2a: Salamence|46/100|[from] Leech Seed|[of] p1a: Starmie
|-heal|p1a: Starmie|66/100|[silent]
|upkeep
|turn|71
|
|t:|1729012628
|switch|p1a: Sofía|Marowak, F|57/100
|switch|p2a: Suicune|Suicune|64/100 par
|
|-heal|p2a: Suicune|70/100 par|[from] item: Leftovers
|upkeep
|turn|72
|
|t:|1729012633
|move|p1a: Sofía|Rock Slide|p2a: Suicune
|-crit|p2a: Suicune
|-damage|p2a: Suicune|24/100 par
|move|p2a: Suicune|Surf|p1a: Sofía
|-supereffective|p1a: Sofía
|-damage|p1a: Sofía|0 fnt
|faint|p1a: Sofía
|
|t:|1729012636
|switch|p1a: Starmie|Starmie|66/100
|
|-heal|p1a: Starmie|72/100|[from] item: Leftovers
|-heal|p2a: Suicune|30/100 par|[from] item: Leftovers
|upkeep
|turn|73
|
|t:|1729012639
|move|p1a: Starmie|Surf|p2a: Suicune
|-resisted|p2a: Suicune
|-damage|p2a: Suicune|18/100 par
|move|p2a: Suicune|Rest|p2a: Suicune
|-status|p2a: Suicune|slp|[from] move: Rest
|-heal|p2a: Suicune|100/100 slp|[silent]
|
|-heal|p1a: Starmie|79/100|[from] item: Leftovers
|upkeep
|turn|74
|c|☆legoerofeggos|gg
|c|☆Cyberodin|Gg
|-message|legoerofeggos forfeited.
|
|win|Cyberodin
|player|p1|

</script>
<script type="application/json" class="data" id="replaydata-smogtours-gen3ou-798916">
{"id":"smogtours-gen3ou-798916","format":"[Gen 3] OU","players":["legoerofeggos","Cyberodin"],"uploadtime":1729012650,"views":121,"formatid":"gen3ou","rating":null,"private":0,"password":null}
</script>

<script defer src="js/replays.js?9d40a366"></script>
