<!DOCTYPE html>
<meta charset="utf-8" />
<meta name="viewport" content="width=device-width" />

<title>[Gen 3] OU: ali.gnome vs. yeamints - Replays - Pok&eacute;mon Showdown!</title>

<meta name="description" content="Watch a replay of a Pok&eacute;mon battle between ali.gnome and yeamints! Format: [Gen 3] OU; Date: Oct 14, 2024" />
<!--

Hey, you! Looking in the source for the replay log?

You can find them in JSON format, just add `.json` at the end of a replay URL.

https://replay.pokemonshowdown.com/gen7randomdoublesbattle-865046831.json

Or, if you only need the log itself, add `.log` instead:

https://replay.pokemonshowdown.com/gen7randomdoublesbattle-865046831.log

-->

<link rel="stylesheet" href="//pokemonshowdown.com/style/global.css?0.767286132409787" />
<link rel="stylesheet" href="//play.pokemonshowdown.com/style/font-awesome.css?0.9266228007934947" />
<link rel="stylesheet" href="//play.pokemonshowdown.com/style/battle.css?0.7924700842790926" />
<link rel="stylesheet" href="//play.pokemonshowdown.com/style/utilichart.css?0.8777417872839479" />

<!-- Global site tag (gtag.js) - Google Analytics -->
<script async src="https://www.googletagmanager.com/gtag/js?id=UA-26211653-1"></script>
<script>
  window.dataLayer = window.dataLayer || [];
  function gtag(){dataLayer.push(arguments);}
  gtag('js', new Date());

  gtag('config', 'UA-26211653-1');
</script>
<!-- End Google Analytics -->
<!-- Venatus Ad Manager - Install in <HEAD> of page -->
	<script src="https://hb.vntsm.com/v3/live/ad-manager.min.js" type="text/javascript" data-site-id="642aba63ec9a7b11c3c9c1be" data-mode="scan" async></script>
<!-- / Venatus Ad Manager -->

<style>
	@media (max-width:820px) {
		.battle {
			margin: 0 auto;
		}
		.battle-log {
			margin: 7px auto 0;
			max-width: 640px;
			height: 300px;
			position: static;
		}
	}
	.optgroup {
		display: inline-block;
		line-height: 22px;
		font-size: 10pt;
	}
	.optgroup .button {
		height: 25px;
		padding-top: 0;
		padding-bottom: 0;
	}
	.optgroup button.button {
		padding-left: 12px;
		padding-right: 12px;
	}
	.linklist {
		list-style: none;
		margin: 0.5em 0;
		padding: 0;
	}
	.linklist li {
		padding: 2px 0;
	}
	.sidebar {
		float: left;
		width: 320px;
	}
	.bar-wrapper {
		max-width: 1100px;
		margin: 0 auto;
	}
	.bar-wrapper.has-sidebar {
		max-width: 1430px;
	}
	.mainbar {
		margin: 0;
		padding-right: 1px;
	}
	.mainbar.has-sidebar {
		margin-left: 330px;
	}
	@media (min-width: 1511px) {
		.sidebar {
			width: 400px;
		}
		.bar-wrapper.has-sidebar {
			max-width: 1510px;
		}
		.mainbar.has-sidebar {
			margin-left: 410px;
		}
	}
	.section.first-section {
		margin-top: 9px;
	}
	.blocklink small {
		white-space: normal;
	}
	.button {
		vertical-align: middle;
	}
	.replay-controls {
		padding-top: 10px;
	}
	.replay-controls h1 {
		font-size: 16pt;
		font-weight: normal;
		color: #CCC;
	}
	.pagelink {
		text-align: center;
	}
	.pagelink a {
		width: 150px;
	}
	.textbox, .button {
		font-size: 11pt;
		vertical-align: middle;
	}
	@media (max-width: 450px) {
		.button {
			font-size: 9pt;
		}
	}
</style>

<div>

	<header>
		<div class="nav-wrapper"><ul class="nav">
			<li><a class="button nav-first" href="//pokemonshowdown.com/"><img src="//pokemonshowdown.com/images/pokemonshowdownbeta.png" srcset="//pokemonshowdown.com/images/pokemonshowdownbeta.png 1x, //pokemonshowdown.com/images/pokemonshowdownbeta@2x.png 2x" alt="Pok&eacute;mon Showdown" width="146" height="44" /> Home</a></li>
			<li><a class="button" href="//pokemonshowdown.com/dex/">Pok&eacute;dex</a></li>
			<li><a class="button cur" href="/">Replays</a></li>
			<li><a class="button" href="//pokemonshowdown.com/ladder/">Ladder</a></li>
			<li><a class="button nav-last" href="//pokemonshowdown.com/forums/">Forum</a></li>
			<li><a class="button greenbutton nav-first nav-last" href="//play.pokemonshowdown.com/">Play</a></li>
		</ul></div>
	</header>

	<div class="main" id="main">

		<noscript><section class="section">You need to enable JavaScript to use this page; sorry!</section></noscript>

	</div>

</div>

<script defer nomodule src="//play.pokemonshowdown.com/js/lib/ps-polyfill.js"></script>
<script defer src="//play.pokemonshowdown.com/js/lib/preact.min.js"></script>

<script defer src="//play.pokemonshowdown.com/config/config.js?6dec07f6"></script>
<script defer src="//play.pokemonshowdown.com/js/lib/jquery-1.11.0.min.js"></script>
<script defer src="//play.pokemonshowdown.com/js/lib/html-sanitizer-minified.js"></script>
<script defer src="//play.pokemonshowdown.com/js/battle-sound.js"></script>
<script defer src="//play.pokemonshowdown.com/js/battledata.js?0.6315294753075389"></script>
<script defer src="//play.pokemonshowdown.com/data/pokedex-mini.js?0.7603743185311358"></script>
<script defer src="//play.pokemonshowdown.com/data/pokedex-mini-bw.js?0.030888842834281283"></script>
<script defer src="//play.pokemonshowdown.com/data/graphics.js?0.05593094747507488"></script>
<script defer src="//play.pokemonshowdown.com/data/pokedex.js?0.47064822249611904"></script>
<script defer src="//play.pokemonshowdown.com/data/moves.js?0.8583693120512459"></script>
<script defer src="//play.pokemonshowdown.com/data/abilities.js?0.16017181182386842"></script>
<script defer src="//play.pokemonshowdown.com/data/items.js?0.4163379185673943"></script>
<script defer src="//play.pokemonshowdown.com/data/teambuilder-tables.js?0.31075597372830477"></script>
<script defer src="//play.pokemonshowdown.com/js/battle-tooltips.js?0.6536193500708172"></script>
<script defer src="//play.pokemonshowdown.com/js/battle.js?0.1916591943277901"></script>

<script defer src="js/utils.js?e31f9a17"></script>
<script defer src="js/replays-battle.js?7008c182"></script>

<!-- don't scrape this data! just add .json or .log after the URL!
Full API docs: https://github.com/smogon/pokemon-showdown-client/blob/master/WEB-API.md -->
<script type="text/plain" class="log" id="replaylog-smogtours-gen3ou-798759">
|inactive|Battle timer is ON: inactive players will automatically lose when time's up.
|t:|1728938739
|gametype|singles
|player|p1|ali.gnome|sage|
|player|p2|yeamints|pokemonbreederf-gen4|
|teamsize|p1|6
|teamsize|p2|6
|gen|3
|tier|[Gen 3] OU
|rule|Sleep Clause Mod: Limit one foe put to sleep
|rule|Switch Priority Clause Mod: Faster Pokémon switch first
|rule|Species Clause: Limit one of each Pokémon
|rule|OHKO Clause: OHKO moves are banned
|rule|Evasion Items Clause: Evasion items are banned
|rule|Evasion Moves Clause: Evasion moves are banned
|rule|Endless Battle Clause: Forcing endless battles is banned
|rule|HP Percentage Mod: HP is shown in percentages
|rule|One Boost Passer Clause: Limit one Baton Passer that has a way to boost its stats
|rule|Freeze Clause Mod: Limit one foe frozen
|
|t:|1728938739
|start
|switch|p1a: Zapdos|Zapdos|100/100
|switch|p2a: Home|Wailord, M|100/100
|turn|1
|
|t:|1728938747
|switch|p2a: Relax|Jolteon, F|100/100
|move|p1a: Zapdos|Thunderbolt|p2a: Relax
|-immune|p2a: Relax|[from] ability: Volt Absorb
|
|upkeep
|turn|2
|
|t:|1728938759
|switch|p1a: Dugtrio|Dugtrio, F|100/100
|move|p2a: Relax|Hidden Power|p1a: Dugtrio
|-supereffective|p1a: Dugtrio
|-damage|p1a: Dugtrio|20/100
|
|upkeep
|turn|3
|
|t:|1728938772
|switch|p1a: Tyranitar|Tyranitar, F|100/100
|-weather|Sandstorm|[from] ability: Sand Stream|[of] p1a: Tyranitar
|move|p2a: Relax|Hidden Power|p1a: Tyranitar
|-damage|p1a: Tyranitar|83/100
|
|-weather|Sandstorm|[upkeep]
|-damage|p2a: Relax|94/100|[from] Sandstorm
|-heal|p2a: Relax|100/100|[from] item: Leftovers
|upkeep
|turn|4
|
|t:|1728938783
|move|p2a: Relax|Baton Pass|p2a: Relax
|inactive|yeamints has 270 seconds left.
|
|t:|1728938821
|switch|p2a: Away|Gengar, M|100/100|[from] Baton Pass
|move|p1a: Tyranitar|Earthquake|p2a: Away
|-immune|p2a: Away
|
|-weather|Sandstorm|[upkeep]
|-damage|p2a: Away|94/100|[from] Sandstorm
|-heal|p2a: Away|100/100|[from] item: Leftovers
|upkeep
|turn|5
|inactive|yeamints has 270 seconds left.
|inactive|ali.gnome has 270 seconds left.
|
|t:|1728938855
|move|p2a: Away|Hidden Power|p1a: Tyranitar
|-supereffective|p1a: Tyranitar
|-damage|p1a: Tyranitar|40/100
|move|p1a: Tyranitar|Rock Slide|p2a: Away
|-damage|p2a: Away|20/100
|
|-weather|Sandstorm|[upkeep]
|-damage|p2a: Away|14/100|[from] Sandstorm
|-heal|p2a: Away|20/100|[from] item: Leftovers
|upkeep
|turn|6
|inactive|yeamints has 270 seconds left.
|inactive|ali.gnome has 270 seconds left.
|
|t:|1728938866
|move|p2a: Away|Hidden Power|p1a: Tyranitar
|-supereffective|p1a: Tyranitar
|-damage|p1a: Tyranitar|1/100
|move|p1a: Tyranitar|Rock Slide|p2a: Away
|-damage|p2a: Away|0 fnt
|faint|p2a: Away
|inactive|yeamints has 270 seconds left.
|
|t:|1728938871
|switch|p2a: Relax|Jolteon, F|100/100
|
|-weather|Sandstorm|[upkeep]
|-damage|p2a: Relax|94/100|[from] Sandstorm
|-heal|p2a: Relax|100/100|[from] item: Leftovers
|upkeep
|turn|7
|
|t:|1728938875
|move|p2a: Relax|Hidden Power|p1a: Tyranitar
|-damage|p1a: Tyranitar|0 fnt
|faint|p1a: Tyranitar
|
|t:|1728938878
|switch|p1a: Celebi|Celebi|100/100
|
|-weather|Sandstorm|[upkeep]
|-damage|p2a: Relax|94/100|[from] Sandstorm
|-damage|p1a: Celebi|94/100|[from] Sandstorm
|-heal|p2a: Relax|100/100|[from] item: Leftovers
|-heal|p1a: Celebi|100/100|[from] item: Leftovers
|upkeep
|turn|8
|
|t:|1728938883
|move|p1a: Celebi|Calm Mind|p1a: Celebi
|-boost|p1a: Celebi|spa|1
|-boost|p1a: Celebi|spd|1
|move|p2a: Relax|Roar|p1a: Celebi
|drag|p1a: Starmie|Starmie|100/100
|
|-weather|Sandstorm|[upkeep]
|-damage|p2a: Relax|94/100|[from] Sandstorm
|-damage|p1a: Starmie|94/100|[from] Sandstorm
|-heal|p2a: Relax|100/100|[from] item: Leftovers
|-heal|p1a: Starmie|100/100|[from] item: Leftovers
|upkeep
|turn|9
|
|t:|1728938891
|switch|p1a: Celebi|Celebi|100/100
|move|p2a: Relax|Thunderbolt|p1a: Celebi
|-resisted|p1a: Celebi
|-damage|p1a: Celebi|87/100
|
|-weather|Sandstorm|[upkeep]
|-damage|p2a: Relax|94/100|[from] Sandstorm
|-damage|p1a: Celebi|80/100|[from] Sandstorm
|-heal|p2a: Relax|100/100|[from] item: Leftovers
|-heal|p1a: Celebi|87/100|[from] item: Leftovers
|upkeep
|turn|10
|
|t:|1728938896
|move|p2a: Relax|Baton Pass|p2a: Relax
|
|t:|1728938898
|switch|p2a: Friends|Dugtrio, M|100/100|[from] Baton Pass
|move|p1a: Celebi|Leech Seed|p2a: Friends
|-start|p2a: Friends|move: Leech Seed
|
|-weather|Sandstorm|[upkeep]
|-damage|p1a: Celebi|80/100|[from] Sandstorm
|-damage|p2a: Friends|88/100|[from] Leech Seed|[of] p1a: Celebi
|-heal|p1a: Celebi|87/100|[silent]
|-heal|p1a: Celebi|93/100|[from] item: Leftovers
|upkeep
|turn|11
|
|t:|1728938907
|move|p2a: Friends|Hidden Power|p1a: Celebi
|-supereffective|p1a: Celebi
|-damage|p1a: Celebi|5/100
|move|p1a: Celebi|Psychic|p2a: Friends
|-damage|p2a: Friends|26/100
|
|-weather|Sandstorm|[upkeep]
|-damage|p1a: Celebi|0 fnt|[from] Sandstorm
|faint|p1a: Celebi
|upkeep
|
|t:|1728938928
|switch|p1a: Swampert|Swampert, F|100/100
|turn|12
|
|t:|1728938949
|switch|p2a: Home|Wailord, M|100/100
|move|p1a: Swampert|Earthquake|p2a: Home
|-damage|p2a: Home|53/100
|
|-weather|Sandstorm|[upkeep]
|-damage|p2a: Home|47/100|[from] Sandstorm
|-heal|p2a: Home|53/100|[from] item: Leftovers
|upkeep
|turn|13
|
|t:|1728938967
|move|p1a: Swampert|Protect|p1a: Swampert
|-singleturn|p1a: Swampert|Protect
|move|p2a: Home|Self-Destruct|p1a: Swampert
|-activate|p1a: Swampert|Protect
|faint|p2a: Home
|
|t:|1728938977
|switch|p2a: Young|Celebi|100/100
|
|-weather|Sandstorm|[upkeep]
|-damage|p2a: Young|94/100|[from] Sandstorm
|-heal|p2a: Young|100/100|[from] item: Leftovers
|upkeep
|turn|14
|
|t:|1728938984
|switch|p1a: Zapdos|Zapdos|100/100
|move|p2a: Young|Hidden Power|p1a: Zapdos
|-resisted|p1a: Zapdos
|-damage|p1a: Zapdos|87/100
|
|-weather|Sandstorm|[upkeep]
|-damage|p1a: Zapdos|80/100|[from] Sandstorm
|-damage|p2a: Young|94/100|[from] Sandstorm
|-heal|p1a: Zapdos|87/100|[from] item: Leftovers
|-heal|p2a: Young|100/100|[from] item: Leftovers
|upkeep
|turn|15
|
|t:|1728938989
|move|p1a: Zapdos|Baton Pass|p1a: Zapdos
|
|t:|1728938996
|switch|p1a: Starmie|Starmie|100/100|[from] Baton Pass
|move|p2a: Young|Leech Seed|p1a: Starmie
|-start|p1a: Starmie|move: Leech Seed
|
|-weather|Sandstorm|[upkeep]
|-damage|p1a: Starmie|94/100|[from] Sandstorm
|-damage|p2a: Young|94/100|[from] Sandstorm
|-heal|p1a: Starmie|100/100|[from] item: Leftovers
|-damage|p1a: Starmie|88/100|[from] Leech Seed|[of] p2a: Young
|-heal|p2a: Young|100/100|[silent]
|upkeep
|turn|16
|
|t:|1728939014
|switch|p1a: Zapdos|Zapdos|87/100
|switch|p2a: Dave Brubeck|Metagross|100/100
|
|-weather|Sandstorm|[upkeep]
|-damage|p1a: Zapdos|80/100|[from] Sandstorm
|-heal|p1a: Zapdos|87/100|[from] item: Leftovers
|upkeep
|turn|17
|inactive|ali.gnome has 270 seconds left.
|
|t:|1728939054
|move|p1a: Zapdos|Thunderbolt|p2a: Dave Brubeck
|-damage|p2a: Dave Brubeck|44/100
|move|p2a: Dave Brubeck|Rock Slide|p1a: Zapdos
|-supereffective|p1a: Zapdos
|-damage|p1a: Zapdos|0 fnt
|faint|p1a: Zapdos
|
|t:|1728939059
|switch|p1a: Dugtrio|Dugtrio, F|20/100
|
|-weather|Sandstorm|[upkeep]
|upkeep
|turn|18
|
|t:|1728939061
|move|p1a: Dugtrio|Earthquake|p2a: Dave Brubeck
|-supereffective|p2a: Dave Brubeck
|-damage|p2a: Dave Brubeck|0 fnt
|faint|p2a: Dave Brubeck
|
|t:|1728939067
|switch|p2a: Relax|Jolteon, F|100/100
|
|-weather|Sandstorm|[upkeep]
|-damage|p2a: Relax|94/100|[from] Sandstorm
|-heal|p2a: Relax|100/100|[from] item: Leftovers
|upkeep
|turn|19
|
|t:|1728939077
|switch|p1a: Starmie|Starmie|88/100
|move|p2a: Relax|Hidden Power|p1a: Starmie
|-resisted|p1a: Starmie
|-damage|p1a: Starmie|72/100
|
|-weather|Sandstorm|[upkeep]
|-damage|p2a: Relax|94/100|[from] Sandstorm
|-damage|p1a: Starmie|66/100|[from] Sandstorm
|-heal|p2a: Relax|100/100|[from] item: Leftovers
|-heal|p1a: Starmie|72/100|[from] item: Leftovers
|upkeep
|turn|20
|
|t:|1728939086
|switch|p1a: Swampert|Swampert, F|100/100
|move|p2a: Relax|Thunderbolt|p1a: Swampert
|-immune|p1a: Swampert
|
|-weather|Sandstorm|[upkeep]
|-damage|p2a: Relax|94/100|[from] Sandstorm
|-heal|p2a: Relax|100/100|[from] item: Leftovers
|upkeep
|turn|21
|
|t:|1728939092
|move|p2a: Relax|Baton Pass|p2a: Relax
|
|t:|1728939095
|switch|p2a: Young|Celebi|100/100|[from] Baton Pass
|move|p1a: Swampert|Ice Beam|p2a: Young
|-supereffective|p2a: Young
|-damage|p2a: Young|67/100
|
|-weather|Sandstorm|[upkeep]
|-damage|p2a: Young|61/100|[from] Sandstorm
|-heal|p2a: Young|67/100|[from] item: Leftovers
|upkeep
|turn|22
|
|t:|1728939105
|switch|p1a: Starmie|Starmie|72/100
|move|p2a: Young|Hidden Power|p1a: Starmie
|-supereffective|p1a: Starmie
|-damage|p1a: Starmie|0 fnt
|faint|p1a: Starmie
|
|t:|1728939107
|switch|p1a: Dugtrio|Dugtrio, F|20/100
|
|-weather|Sandstorm|[upkeep]
|-damage|p2a: Young|61/100|[from] Sandstorm
|-heal|p2a: Young|67/100|[from] item: Leftovers
|upkeep
|turn|23
|
|t:|1728939110
|move|p1a: Dugtrio|Hidden Power|p2a: Young
|-supereffective|p2a: Young
|-damage|p2a: Young|3/100
|move|p2a: Young|Hidden Power|p1a: Dugtrio
|-supereffective|p1a: Dugtrio
|-damage|p1a: Dugtrio|0 fnt
|faint|p1a: Dugtrio
|
|t:|1728939114
|switch|p1a: Swampert|Swampert, F|100/100
|
|-weather|Sandstorm|[upkeep]
|-damage|p2a: Young|0 fnt|[from] Sandstorm
|faint|p2a: Young
|upkeep
|
|t:|1728939118
|switch|p2a: Friends|Dugtrio, M|26/100
|turn|24
|
|t:|1728939123
|move|p2a: Friends|Earthquake|p1a: Swampert
|-damage|p1a: Swampert|63/100
|move|p1a: Swampert|Earthquake|p2a: Friends
|-damage|p2a: Friends|0 fnt
|faint|p2a: Friends
|
|t:|1728939127
|switch|p2a: Relax|Jolteon, F|100/100
|
|-weather|Sandstorm|[upkeep]
|-damage|p2a: Relax|94/100|[from] Sandstorm
|-heal|p2a: Relax|100/100|[from] item: Leftovers
|-heal|p1a: Swampert|69/100|[from] item: Leftovers
|upkeep
|turn|25
|
|t:|1728939134
|move|p1a: Swampert|Protect|p1a: Swampert
|-singleturn|p1a: Swampert|Protect
|move|p2a: Relax|Hidden Power|p1a: Swampert
|-activate|p1a: Swampert|Protect
|
|-weather|Sandstorm|[upkeep]
|-damage|p2a: Relax|94/100|[from] Sandstorm
|-heal|p2a: Relax|100/100|[from] item: Leftovers
|-heal|p1a: Swampert|75/100|[from] item: Leftovers
|upkeep
|turn|26
|
|t:|1728939136
|move|p2a: Relax|Hidden Power|p1a: Swampert
|-damage|p1a: Swampert|56/100
|move|p1a: Swampert|Earthquake|p2a: Relax
|-supereffective|p2a: Relax
|-crit|p2a: Relax
|-damage|p2a: Relax|0 fnt
|faint|p2a: Relax
|
|win|ali.gnome
|c|☆yeamints|ggs wp
|c|☆ali.gnome|ggs!

</script>
<script type="application/json" class="data" id="replaydata-smogtours-gen3ou-798759">
{"id":"smogtours-gen3ou-798759","format":"[Gen 3] OU","players":["ali.gnome","yeamints"],"uploadtime":1728939136,"views":96,"formatid":"gen3ou","rating":null,"private":0,"password":null}
</script>

<script defer src="js/replays.js?9d40a366"></script>
