<!DOCTYPE html>
<meta charset="utf-8" />
<meta name="viewport" content="width=device-width" />

<title>[Gen 3] OU: 3 blades vs. jlev - Replays - Pok&eacute;mon Showdown!</title>

<meta name="description" content="Watch a replay of a Pok&eacute;mon battle between 3 blades and jlev! Format: [Gen 3] OU; Date: Oct 5, 2024" />
<!--

Hey, you! Looking in the source for the replay log?

You can find them in JSON format, just add `.json` at the end of a replay URL.

https://replay.pokemonshowdown.com/gen7randomdoublesbattle-865046831.json

Or, if you only need the log itself, add `.log` instead:

https://replay.pokemonshowdown.com/gen7randomdoublesbattle-865046831.log

-->

<link rel="stylesheet" href="//pokemonshowdown.com/style/global.css?0.023195364461161105" />
<link rel="stylesheet" href="//play.pokemonshowdown.com/style/font-awesome.css?0.13261647063804238" />
<link rel="stylesheet" href="//play.pokemonshowdown.com/style/battle.css?0.8753245789963631" />
<link rel="stylesheet" href="//play.pokemonshowdown.com/style/utilichart.css?0.8627959624976733" />

<!-- Global site tag (gtag.js) - Google Analytics -->
<script async src="https://www.googletagmanager.com/gtag/js?id=UA-26211653-1"></script>
<script>
  window.dataLayer = window.dataLayer || [];
  function gtag(){dataLayer.push(arguments);}
  gtag('js', new Date());

  gtag('config', 'UA-26211653-1');
</script>
<!-- End Google Analytics -->
<!-- Venatus Ad Manager - Install in <HEAD> of page -->
	<script src="https://hb.vntsm.com/v3/live/ad-manager.min.js" type="text/javascript" data-site-id="642aba63ec9a7b11c3c9c1be" data-mode="scan" async></script>
<!-- / Venatus Ad Manager -->

<style>
	@media (max-width:820px) {
		.battle {
			margin: 0 auto;
		}
		.battle-log {
			margin: 7px auto 0;
			max-width: 640px;
			height: 300px;
			position: static;
		}
	}
	.optgroup {
		display: inline-block;
		line-height: 22px;
		font-size: 10pt;
	}
	.optgroup .button {
		height: 25px;
		padding-top: 0;
		padding-bottom: 0;
	}
	.optgroup button.button {
		padding-left: 12px;
		padding-right: 12px;
	}
	.linklist {
		list-style: none;
		margin: 0.5em 0;
		padding: 0;
	}
	.linklist li {
		padding: 2px 0;
	}
	.sidebar {
		float: left;
		width: 320px;
	}
	.bar-wrapper {
		max-width: 1100px;
		margin: 0 auto;
	}
	.bar-wrapper.has-sidebar {
		max-width: 1430px;
	}
	.mainbar {
		margin: 0;
		padding-right: 1px;
	}
	.mainbar.has-sidebar {
		margin-left: 330px;
	}
	@media (min-width: 1511px) {
		.sidebar {
			width: 400px;
		}
		.bar-wrapper.has-sidebar {
			max-width: 1510px;
		}
		.mainbar.has-sidebar {
			margin-left: 410px;
		}
	}
	.section.first-section {
		margin-top: 9px;
	}
	.blocklink small {
		white-space: normal;
	}
	.button {
		vertical-align: middle;
	}
	.replay-controls {
		padding-top: 10px;
	}
	.replay-controls h1 {
		font-size: 16pt;
		font-weight: normal;
		color: #CCC;
	}
	.pagelink {
		text-align: center;
	}
	.pagelink a {
		width: 150px;
	}
	.textbox, .button {
		font-size: 11pt;
		vertical-align: middle;
	}
	@media (max-width: 450px) {
		.button {
			font-size: 9pt;
		}
	}
</style>

<div>

	<header>
		<div class="nav-wrapper"><ul class="nav">
			<li><a class="button nav-first" href="//pokemonshowdown.com/"><img src="//pokemonshowdown.com/images/pokemonshowdownbeta.png" srcset="//pokemonshowdown.com/images/pokemonshowdownbeta.png 1x, //pokemonshowdown.com/images/pokemonshowdownbeta@2x.png 2x" alt="Pok&eacute;mon Showdown" width="146" height="44" /> Home</a></li>
			<li><a class="button" href="//pokemonshowdown.com/dex/">Pok&eacute;dex</a></li>
			<li><a class="button cur" href="/">Replays</a></li>
			<li><a class="button" href="//pokemonshowdown.com/ladder/">Ladder</a></li>
			<li><a class="button nav-last" href="//pokemonshowdown.com/forums/">Forum</a></li>
			<li><a class="button greenbutton nav-first nav-last" href="//play.pokemonshowdown.com/">Play</a></li>
		</ul></div>
	</header>

	<div class="main" id="main">

		<noscript><section class="section">You need to enable JavaScript to use this page; sorry!</section></noscript>

	</div>

</div>

<script defer nomodule src="//play.pokemonshowdown.com/js/lib/ps-polyfill.js"></script>
<script defer src="//play.pokemonshowdown.com/js/lib/preact.min.js"></script>

<script defer src="//play.pokemonshowdown.com/config/config.js?2bddbc15"></script>
<script defer src="//play.pokemonshowdown.com/js/lib/jquery-1.11.0.min.js"></script>
<script defer src="//play.pokemonshowdown.com/js/lib/html-sanitizer-minified.js"></script>
<script defer src="//play.pokemonshowdown.com/js/battle-sound.js"></script>
<script defer src="//play.pokemonshowdown.com/js/battledata.js?0.7209276989879541"></script>
<script defer src="//play.pokemonshowdown.com/data/pokedex-mini.js?0.6111056340867951"></script>
<script defer src="//play.pokemonshowdown.com/data/pokedex-mini-bw.js?0.3532142036491459"></script>
<script defer src="//play.pokemonshowdown.com/data/graphics.js?0.24223875632456182"></script>
<script defer src="//play.pokemonshowdown.com/data/pokedex.js?0.38839984266356864"></script>
<script defer src="//play.pokemonshowdown.com/data/moves.js?0.21866028504024015"></script>
<script defer src="//play.pokemonshowdown.com/data/abilities.js?0.2005157953846628"></script>
<script defer src="//play.pokemonshowdown.com/data/items.js?0.9894211263848525"></script>
<script defer src="//play.pokemonshowdown.com/data/teambuilder-tables.js?0.6008791140282215"></script>
<script defer src="//play.pokemonshowdown.com/js/battle-tooltips.js?0.7580118955022959"></script>
<script defer src="//play.pokemonshowdown.com/js/battle.js?0.6057722274234274"></script>

<script defer src="js/utils.js?e31f9a17"></script>
<script defer src="js/replays-battle.js?7008c182"></script>

<!-- don't scrape this data! just add .json or .log after the URL!
Full API docs: https://github.com/smogon/pokemon-showdown-client/blob/master/WEB-API.md -->
<script type="text/plain" class="log" id="replaylog-smogtours-gen3ou-795055">
|inactive|Battle timer is ON: inactive players will automatically lose when time's up.
|t:|1728149489
|gametype|singles
|player|p1|3 blades|guzma|
|player|p2|jlev|265|
|teamsize|p1|6
|teamsize|p2|6
|gen|3
|tier|[Gen 3] OU
|rule|Sleep Clause Mod: Limit one foe put to sleep
|rule|Switch Priority Clause Mod: Faster Pokémon switch first
|rule|Species Clause: Limit one of each Pokémon
|rule|OHKO Clause: OHKO moves are banned
|rule|Evasion Items Clause: Evasion items are banned
|rule|Evasion Moves Clause: Evasion moves are banned
|rule|Endless Battle Clause: Forcing endless battles is banned
|rule|HP Percentage Mod: HP is shown in percentages
|rule|One Boost Passer Clause: Limit one Baton Passer that has a way to boost its stats
|rule|Freeze Clause Mod: Limit one foe frozen
|
|t:|1728149489
|start
|switch|p1a: GOLDEN EXPERIENCE|Zapdos|100/100
|switch|p2a: Aerodactyl|Aerodactyl, F|100/100
|turn|1
|
|t:|1728149508
|switch|p1a: STAR PLATINUM|Swampert, M|100/100
|move|p2a: Aerodactyl|Earthquake|p1a: STAR PLATINUM
|-damage|p1a: STAR PLATINUM|52/100
|
|-heal|p1a: STAR PLATINUM|58/100|[from] item: Leftovers
|upkeep
|turn|2
|c|☆3 blades|hf
|
|t:|1728149526
|switch|p2a: Forretress|Forretress, F|100/100
|move|p1a: STAR PLATINUM|Surf|p2a: Forretress
|-damage|p2a: Forretress|67/100
|
|-heal|p1a: STAR PLATINUM|65/100|[from] item: Leftovers
|-heal|p2a: Forretress|73/100|[from] item: Leftovers
|upkeep
|turn|3
|inactive|3 blades has 270 seconds left.
|inactive|jlev has 270 seconds left.
|
|t:|1728149567
|move|p1a: STAR PLATINUM|Surf|p2a: Forretress
|-damage|p2a: Forretress|40/100
|move|p2a: Forretress|Spikes|p1a: STAR PLATINUM
|-sidestart|p1: 3 blades|Spikes
|
|-heal|p1a: STAR PLATINUM|71/100|[from] item: Leftovers
|-heal|p2a: Forretress|46/100|[from] item: Leftovers
|upkeep
|turn|4
|
|t:|1728149585
|switch|p2a: Zapdos|Zapdos|100/100
|move|p1a: STAR PLATINUM|Surf|p2a: Zapdos
|-damage|p2a: Zapdos|76/100
|
|-heal|p2a: Zapdos|83/100|[from] item: Leftovers
|-heal|p1a: STAR PLATINUM|77/100|[from] item: Leftovers
|upkeep
|turn|5
|
|t:|1728149594
|switch|p1a: STONE FREE|Celebi|100/100
|-damage|p1a: STONE FREE|88/100|[from] Spikes
|move|p2a: Zapdos|Roar|p1a: STONE FREE
|drag|p1a: CRAZY DIAMOND|Tyranitar, M|100/100
|-damage|p1a: CRAZY DIAMOND|88/100|[from] Spikes
|-weather|Sandstorm|[from] ability: Sand Stream|[of] p1a: CRAZY DIAMOND
|
|-weather|Sandstorm|[upkeep]
|-damage|p2a: Zapdos|76/100|[from] Sandstorm
|-heal|p2a: Zapdos|83/100|[from] item: Leftovers
|-heal|p1a: CRAZY DIAMOND|94/100|[from] item: Leftovers
|upkeep
|turn|6
|
|t:|1728149614
|switch|p2a: Swampert|Swampert, F|100/100
|move|p1a: CRAZY DIAMOND|Hidden Power|p2a: Swampert
|-supereffective|p2a: Swampert
|-damage|p2a: Swampert|43/100
|
|-weather|Sandstorm|[upkeep]
|-heal|p1a: CRAZY DIAMOND|100/100|[from] item: Leftovers
|-heal|p2a: Swampert|50/100|[from] item: Leftovers
|upkeep
|turn|7
|
|t:|1728149627
|move|p2a: Swampert|Protect|p2a: Swampert
|-singleturn|p2a: Swampert|Protect
|move|p1a: CRAZY DIAMOND|Hidden Power|p2a: Swampert
|-activate|p2a: Swampert|Protect
|
|-weather|Sandstorm|[upkeep]
|-heal|p2a: Swampert|56/100|[from] item: Leftovers
|upkeep
|turn|8
|inactive|jlev has 240 seconds left.
|inactive|jlev has 210 seconds left.
|
|t:|1728149674
|move|p1a: CRAZY DIAMOND|Hidden Power|p2a: Swampert
|-supereffective|p2a: Swampert
|-damage|p2a: Swampert|5/100
|move|p2a: Swampert|Surf|p1a: CRAZY DIAMOND
|-supereffective|p1a: CRAZY DIAMOND
|-damage|p1a: CRAZY DIAMOND|14/100
|
|-weather|Sandstorm|[upkeep]
|-heal|p1a: CRAZY DIAMOND|20/100|[from] item: Leftovers
|-heal|p2a: Swampert|11/100|[from] item: Leftovers
|upkeep
|turn|9
|inactive|jlev has 210 seconds left.
|inactive|jlev has 180 seconds left.
|
|t:|1728149718
|move|p2a: Swampert|Protect|p2a: Swampert
|-singleturn|p2a: Swampert|Protect
|move|p1a: CRAZY DIAMOND|Rock Slide|p2a: Swampert
|-activate|p2a: Swampert|Protect
|
|-weather|Sandstorm|[upkeep]
|-heal|p1a: CRAZY DIAMOND|27/100|[from] item: Leftovers
|-heal|p2a: Swampert|17/100|[from] item: Leftovers
|upkeep
|turn|10
|inactive|jlev has 180 seconds left.
|inactive|3 blades has 270 seconds left.
|
|t:|1728149760
|move|p1a: CRAZY DIAMOND|Hidden Power|p2a: Swampert
|-supereffective|p2a: Swampert
|-damage|p2a: Swampert|0 fnt
|faint|p2a: Swampert
|
|t:|1728149765
|switch|p2a: Aerodactyl|Aerodactyl, F|100/100
|
|-weather|Sandstorm|[upkeep]
|-heal|p1a: CRAZY DIAMOND|33/100|[from] item: Leftovers
|upkeep
|turn|11
|inactive|3 blades has 270 seconds left.
|
|t:|1728149794
|move|p2a: Aerodactyl|Rock Slide|p1a: CRAZY DIAMOND
|-damage|p1a: CRAZY DIAMOND|0 fnt
|faint|p1a: CRAZY DIAMOND
|inactive|3 blades has 270 seconds left.
|
|t:|1728149800
|switch|p1a: HERMIT PURPLE|Metagross|100/100
|-damage|p1a: HERMIT PURPLE|88/100|[from] Spikes
|
|-weather|Sandstorm|[upkeep]
|upkeep
|turn|12
|
|t:|1728149810
|switch|p2a: Zapdos|Zapdos|83/100
|move|p1a: HERMIT PURPLE|Meteor Mash|p2a: Zapdos|[miss]
|-miss|p1a: HERMIT PURPLE|p2a: Zapdos
|
|-weather|Sandstorm|[upkeep]
|-damage|p2a: Zapdos|76/100|[from] Sandstorm
|-heal|p2a: Zapdos|83/100|[from] item: Leftovers
|upkeep
|turn|13
|
|t:|1728149821
|switch|p1a: STONE FREE|Celebi|88/100
|-damage|p1a: STONE FREE|76/100|[from] Spikes
|move|p2a: Zapdos|Thunderbolt|p1a: STONE FREE
|-resisted|p1a: STONE FREE
|-damage|p1a: STONE FREE|57/100
|
|-weather|Sandstorm|[upkeep]
|-damage|p1a: STONE FREE|51/100|[from] Sandstorm
|-damage|p2a: Zapdos|76/100|[from] Sandstorm
|-heal|p1a: STONE FREE|57/100|[from] item: Leftovers
|-heal|p2a: Zapdos|83/100|[from] item: Leftovers
|upkeep
|turn|14
|
|t:|1728149835
|move|p1a: STONE FREE|Calm Mind|p1a: STONE FREE
|-boost|p1a: STONE FREE|spa|1
|-boost|p1a: STONE FREE|spd|1
|move|p2a: Zapdos|Roar|p1a: STONE FREE
|drag|p1a: GOLDEN EXPERIENCE|Zapdos|100/100
|
|-weather|Sandstorm|[upkeep]
|-damage|p1a: GOLDEN EXPERIENCE|94/100|[from] Sandstorm
|-damage|p2a: Zapdos|76/100|[from] Sandstorm
|-heal|p1a: GOLDEN EXPERIENCE|100/100|[from] item: Leftovers
|-heal|p2a: Zapdos|83/100|[from] item: Leftovers
|upkeep
|turn|15
|
|t:|1728149847
|move|p1a: GOLDEN EXPERIENCE|Thunderbolt|p2a: Zapdos
|-damage|p2a: Zapdos|45/100
|move|p2a: Zapdos|Thunderbolt|p1a: GOLDEN EXPERIENCE
|-damage|p1a: GOLDEN EXPERIENCE|53/100
|
|-weather|Sandstorm|[upkeep]
|-damage|p1a: GOLDEN EXPERIENCE|47/100|[from] Sandstorm
|-damage|p2a: Zapdos|39/100|[from] Sandstorm
|-heal|p1a: GOLDEN EXPERIENCE|53/100|[from] item: Leftovers
|-heal|p2a: Zapdos|45/100|[from] item: Leftovers
|upkeep
|turn|16
|inactive|jlev has 150 seconds left.
|
|t:|1728149876
|move|p1a: GOLDEN EXPERIENCE|Thunderbolt|p2a: Zapdos
|-damage|p2a: Zapdos|9/100
|move|p2a: Zapdos|Thunderbolt|p1a: GOLDEN EXPERIENCE
|-damage|p1a: GOLDEN EXPERIENCE|4/100
|
|-weather|Sandstorm|[upkeep]
|-damage|p1a: GOLDEN EXPERIENCE|0 fnt|[from] Sandstorm
|-damage|p2a: Zapdos|3/100|[from] Sandstorm
|faint|p1a: GOLDEN EXPERIENCE
|-heal|p2a: Zapdos|9/100|[from] item: Leftovers
|upkeep
|
|t:|1728149886
|switch|p1a: STONE FREE|Celebi|57/100
|-damage|p1a: STONE FREE|45/100|[from] Spikes
|turn|17
|inactive|jlev has 150 seconds left.
|
|t:|1728149914
|switch|p2a: Blissey|Blissey, F|100/100
|move|p1a: STONE FREE|Hidden Power|p2a: Blissey
|-damage|p2a: Blissey|94/100
|
|-weather|Sandstorm|[upkeep]
|-damage|p1a: STONE FREE|38/100|[from] Sandstorm
|-damage|p2a: Blissey|88/100|[from] Sandstorm
|-heal|p1a: STONE FREE|45/100|[from] item: Leftovers
|-heal|p2a: Blissey|94/100|[from] item: Leftovers
|upkeep
|turn|18
|
|t:|1728149928
|move|p1a: STONE FREE|Calm Mind|p1a: STONE FREE
|-boost|p1a: STONE FREE|spa|1
|-boost|p1a: STONE FREE|spd|1
|move|p2a: Blissey|Wish|p2a: Blissey
|
|-weather|Sandstorm|[upkeep]
|-damage|p1a: STONE FREE|38/100|[from] Sandstorm
|-damage|p2a: Blissey|88/100|[from] Sandstorm
|-heal|p1a: STONE FREE|45/100|[from] item: Leftovers
|-heal|p2a: Blissey|94/100|[from] item: Leftovers
|upkeep
|turn|19
|
|t:|1728149937
|move|p1a: STONE FREE|Hidden Power|p2a: Blissey
|-damage|p2a: Blissey|84/100
|move|p2a: Blissey|Ice Beam|p1a: STONE FREE
|-supereffective|p1a: STONE FREE
|-damage|p1a: STONE FREE|17/100
|
|-heal|p2a: Blissey|100/100|[from] move: Wish|[wisher] Blissey
|-weather|Sandstorm|[upkeep]
|-damage|p1a: STONE FREE|10/100|[from] Sandstorm
|-damage|p2a: Blissey|94/100|[from] Sandstorm
|-heal|p1a: STONE FREE|17/100|[from] item: Leftovers
|-heal|p2a: Blissey|100/100|[from] item: Leftovers
|upkeep
|turn|20
|
|t:|1728149956
|move|p1a: STONE FREE|Baton Pass|p1a: STONE FREE
|
|t:|1728149961
|switch|p1a: STAR PLATINUM|Swampert, M|77/100|[from] Baton Pass
|-damage|p1a: STAR PLATINUM|65/100|[from] Spikes
|move|p2a: Blissey|Wish|p2a: Blissey
|
|-weather|Sandstorm|[upkeep]
|-damage|p2a: Blissey|94/100|[from] Sandstorm
|-heal|p1a: STAR PLATINUM|71/100|[from] item: Leftovers
|-heal|p2a: Blissey|100/100|[from] item: Leftovers
|upkeep
|turn|21
|
|t:|1728149975
|move|p1a: STAR PLATINUM|Substitute|p1a: STAR PLATINUM
|-start|p1a: STAR PLATINUM|Substitute
|-damage|p1a: STAR PLATINUM|46/100
|move|p2a: Blissey|Ice Beam|p1a: STAR PLATINUM
|-activate|p1a: STAR PLATINUM|Substitute|[damage]
|
|-weather|Sandstorm|[upkeep]
|-damage|p2a: Blissey|94/100|[from] Sandstorm
|-heal|p1a: STAR PLATINUM|52/100|[from] item: Leftovers
|-heal|p2a: Blissey|100/100|[from] item: Leftovers
|upkeep
|turn|22
|
|t:|1728149983
|-singleturn|p1a: STAR PLATINUM|move: Focus Punch
|move|p2a: Blissey|Ice Beam|p1a: STAR PLATINUM
|-end|p1a: STAR PLATINUM|Substitute
|move|p1a: STAR PLATINUM|Focus Punch|p2a: Blissey
|-supereffective|p2a: Blissey
|-damage|p2a: Blissey|17/100
|
|-weather|Sandstorm|[upkeep]
|-damage|p2a: Blissey|10/100|[from] Sandstorm
|-heal|p1a: STAR PLATINUM|58/100|[from] item: Leftovers
|-heal|p2a: Blissey|17/100|[from] item: Leftovers
|upkeep
|turn|23
|inactive|jlev has 150 seconds left.
|
|t:|1728150011
|move|p1a: STAR PLATINUM|Substitute|p1a: STAR PLATINUM
|-start|p1a: STAR PLATINUM|Substitute
|-damage|p1a: STAR PLATINUM|33/100
|move|p2a: Blissey|Ice Beam|p1a: STAR PLATINUM
|-activate|p1a: STAR PLATINUM|Substitute|[damage]
|
|-weather|Sandstorm|[upkeep]
|-damage|p2a: Blissey|10/100|[from] Sandstorm
|-heal|p1a: STAR PLATINUM|39/100|[from] item: Leftovers
|-heal|p2a: Blissey|17/100|[from] item: Leftovers
|upkeep
|turn|24
|
|t:|1728150017
|move|p1a: STAR PLATINUM|Surf|p2a: Blissey
|-damage|p2a: Blissey|0 fnt
|faint|p2a: Blissey
|
|t:|1728150037
|switch|p2a: Tyranitar|Tyranitar, M|100/100
|
|-weather|Sandstorm|[upkeep]
|-heal|p1a: STAR PLATINUM|46/100|[from] item: Leftovers
|upkeep
|turn|25
|inactive|3 blades has 270 seconds left.
|
|t:|1728150093
|-singleturn|p1a: STAR PLATINUM|move: Focus Punch
|move|p2a: Tyranitar|Crunch|p1a: STAR PLATINUM
|-end|p1a: STAR PLATINUM|Substitute
|move|p1a: STAR PLATINUM|Focus Punch|p2a: Tyranitar
|-supereffective|p2a: Tyranitar
|-damage|p2a: Tyranitar|0 fnt
|faint|p2a: Tyranitar
|
|t:|1728150102
|switch|p2a: Zapdos|Zapdos|9/100
|
|-weather|Sandstorm|[upkeep]
|-damage|p2a: Zapdos|3/100|[from] Sandstorm
|-heal|p2a: Zapdos|9/100|[from] item: Leftovers
|-heal|p1a: STAR PLATINUM|52/100|[from] item: Leftovers
|upkeep
|turn|26
|inactive|jlev has 120 seconds left.
|inactive|3 blades has 240 seconds left.
|inactive|3 blades has 210 seconds left.
|inactive|3 blades has 180 seconds left.
|c|☆3 blades|t
|
|t:|1728150201
|switch|p1a: STONE FREE|Celebi|17/100
|-damage|p1a: STONE FREE|4/100|[from] Spikes
|move|p2a: Zapdos|Hidden Power|p1a: STONE FREE
|-resisted|p1a: STONE FREE
|-damage|p1a: STONE FREE|0 fnt
|faint|p1a: STONE FREE
|
|t:|1728150206
|switch|p1a: TUSK|Charizard, M|100/100
|
|-weather|Sandstorm|[upkeep]
|-damage|p1a: TUSK|94/100|[from] Sandstorm
|-damage|p2a: Zapdos|3/100|[from] Sandstorm
|-heal|p1a: TUSK|100/100|[from] item: Leftovers
|-heal|p2a: Zapdos|9/100|[from] item: Leftovers
|upkeep
|turn|27
|
|t:|1728150223
|switch|p2a: Forretress|Forretress, F|46/100
|move|p1a: TUSK|Fire Blast|p2a: Forretress
|-supereffective|p2a: Forretress
|-damage|p2a: Forretress|0 fnt
|faint|p2a: Forretress
|
|t:|1728150228
|switch|p2a: Aerodactyl|Aerodactyl, F|100/100
|
|-weather|Sandstorm|[upkeep]
|-damage|p1a: TUSK|94/100|[from] Sandstorm
|-heal|p1a: TUSK|100/100|[from] item: Leftovers
|upkeep
|turn|28
|inactive|jlev has 90 seconds left.
|inactive|3 blades has 180 seconds left.
|inactive|jlev has 60 seconds left.
|inactive|3 blades has 150 seconds left.
|
|t:|1728150293
|switch|p1a: HERMIT PURPLE|Metagross|88/100
|-damage|p1a: HERMIT PURPLE|76/100|[from] Spikes
|move|p2a: Aerodactyl|Rock Slide|p1a: HERMIT PURPLE
|-resisted|p1a: HERMIT PURPLE
|-damage|p1a: HERMIT PURPLE|52/100
|
|-weather|Sandstorm|[upkeep]
|upkeep
|turn|29
|inactive|jlev has 60 seconds left.
|
|t:|1728150307
|move|p2a: Aerodactyl|Rock Slide|p1a: HERMIT PURPLE
|-resisted|p1a: HERMIT PURPLE
|-damage|p1a: HERMIT PURPLE|28/100
|move|p1a: HERMIT PURPLE|Rock Slide|p2a: Aerodactyl
|-supereffective|p2a: Aerodactyl
|-damage|p2a: Aerodactyl|0 fnt
|faint|p2a: Aerodactyl
|inactive|jlev has 60 seconds left.
|c|☆jlev|dang
|
|t:|1728150316
|switch|p2a: Zapdos|Zapdos|9/100
|
|-weather|Sandstorm|[upkeep]
|-damage|p2a: Zapdos|3/100|[from] Sandstorm
|-heal|p2a: Zapdos|9/100|[from] item: Leftovers
|upkeep
|turn|30
|
|t:|1728150321
|move|p2a: Zapdos|Rest|p2a: Zapdos
|-status|p2a: Zapdos|slp|[from] move: Rest
|-heal|p2a: Zapdos|100/100 slp|[silent]
|move|p1a: HERMIT PURPLE|Rock Slide|p2a: Zapdos
|-supereffective|p2a: Zapdos
|-damage|p2a: Zapdos|4/100 slp
|
|-weather|Sandstorm|[upkeep]
|-damage|p2a: Zapdos|0 fnt|[from] Sandstorm
|faint|p2a: Zapdos
|
|win|3 blades
|upkeep
|c|☆3 blades|gg
|c|☆jlev|ggs

</script>
<script type="application/json" class="data" id="replaydata-smogtours-gen3ou-795055">
{"id":"smogtours-gen3ou-795055","format":"[Gen 3] OU","players":["3 blades","jlev"],"uploadtime":1728150321,"views":205,"formatid":"gen3ou","rating":null,"private":0,"password":null}
</script>

<script defer src="js/replays.js?9d40a366"></script>
