<!DOCTYPE html>
<meta charset="utf-8" />
<meta name="viewport" content="width=device-width" />

<title>[Gen 3] OU: klird vs. tsukinomiko - Replays - Pok&eacute;mon Showdown!</title>

<meta name="description" content="Watch a replay of a Pok&eacute;mon battle between klird and tsukinomiko! Format: [Gen 3] OU; Date: Oct 30, 2024" />
<!--

Hey, you! Looking in the source for the replay log?

You can find them in JSON format, just add `.json` at the end of a replay URL.

https://replay.pokemonshowdown.com/gen7randomdoublesbattle-865046831.json

Or, if you only need the log itself, add `.log` instead:

https://replay.pokemonshowdown.com/gen7randomdoublesbattle-865046831.log

-->

<link rel="stylesheet" href="//pokemonshowdown.com/style/global.css?0.023195364461161105" />
<link rel="stylesheet" href="//play.pokemonshowdown.com/style/font-awesome.css?0.13261647063804238" />
<link rel="stylesheet" href="//play.pokemonshowdown.com/style/battle.css?0.8753245789963631" />
<link rel="stylesheet" href="//play.pokemonshowdown.com/style/utilichart.css?0.8627959624976733" />

<!-- Global site tag (gtag.js) - Google Analytics -->
<script async src="https://www.googletagmanager.com/gtag/js?id=UA-26211653-1"></script>
<script>
  window.dataLayer = window.dataLayer || [];
  function gtag(){dataLayer.push(arguments);}
  gtag('js', new Date());

  gtag('config', 'UA-26211653-1');
</script>
<!-- End Google Analytics -->
<!-- Venatus Ad Manager - Install in <HEAD> of page -->
	<script src="https://hb.vntsm.com/v3/live/ad-manager.min.js" type="text/javascript" data-site-id="642aba63ec9a7b11c3c9c1be" data-mode="scan" async></script>
<!-- / Venatus Ad Manager -->

<style>
	@media (max-width:820px) {
		.battle {
			margin: 0 auto;
		}
		.battle-log {
			margin: 7px auto 0;
			max-width: 640px;
			height: 300px;
			position: static;
		}
	}
	.optgroup {
		display: inline-block;
		line-height: 22px;
		font-size: 10pt;
	}
	.optgroup .button {
		height: 25px;
		padding-top: 0;
		padding-bottom: 0;
	}
	.optgroup button.button {
		padding-left: 12px;
		padding-right: 12px;
	}
	.linklist {
		list-style: none;
		margin: 0.5em 0;
		padding: 0;
	}
	.linklist li {
		padding: 2px 0;
	}
	.sidebar {
		float: left;
		width: 320px;
	}
	.bar-wrapper {
		max-width: 1100px;
		margin: 0 auto;
	}
	.bar-wrapper.has-sidebar {
		max-width: 1430px;
	}
	.mainbar {
		margin: 0;
		padding-right: 1px;
	}
	.mainbar.has-sidebar {
		margin-left: 330px;
	}
	@media (min-width: 1511px) {
		.sidebar {
			width: 400px;
		}
		.bar-wrapper.has-sidebar {
			max-width: 1510px;
		}
		.mainbar.has-sidebar {
			margin-left: 410px;
		}
	}
	.section.first-section {
		margin-top: 9px;
	}
	.blocklink small {
		white-space: normal;
	}
	.button {
		vertical-align: middle;
	}
	.replay-controls {
		padding-top: 10px;
	}
	.replay-controls h1 {
		font-size: 16pt;
		font-weight: normal;
		color: #CCC;
	}
	.pagelink {
		text-align: center;
	}
	.pagelink a {
		width: 150px;
	}
	.textbox, .button {
		font-size: 11pt;
		vertical-align: middle;
	}
	@media (max-width: 450px) {
		.button {
			font-size: 9pt;
		}
	}
</style>

<div>

	<header>
		<div class="nav-wrapper"><ul class="nav">
			<li><a class="button nav-first" href="//pokemonshowdown.com/"><img src="//pokemonshowdown.com/images/pokemonshowdownbeta.png" srcset="//pokemonshowdown.com/images/pokemonshowdownbeta.png 1x, //pokemonshowdown.com/images/pokemonshowdownbeta@2x.png 2x" alt="Pok&eacute;mon Showdown" width="146" height="44" /> Home</a></li>
			<li><a class="button" href="//pokemonshowdown.com/dex/">Pok&eacute;dex</a></li>
			<li><a class="button cur" href="/">Replays</a></li>
			<li><a class="button" href="//pokemonshowdown.com/ladder/">Ladder</a></li>
			<li><a class="button nav-last" href="//pokemonshowdown.com/forums/">Forum</a></li>
			<li><a class="button greenbutton nav-first nav-last" href="//play.pokemonshowdown.com/">Play</a></li>
		</ul></div>
	</header>

	<div class="main" id="main">

		<noscript><section class="section">You need to enable JavaScript to use this page; sorry!</section></noscript>

	</div>

</div>

<script defer nomodule src="//play.pokemonshowdown.com/js/lib/ps-polyfill.js"></script>
<script defer src="//play.pokemonshowdown.com/js/lib/preact.min.js"></script>

<script defer src="//play.pokemonshowdown.com/config/config.js?2bddbc15"></script>
<script defer src="//play.pokemonshowdown.com/js/lib/jquery-1.11.0.min.js"></script>
<script defer src="//play.pokemonshowdown.com/js/lib/html-sanitizer-minified.js"></script>
<script defer src="//play.pokemonshowdown.com/js/battle-sound.js"></script>
<script defer src="//play.pokemonshowdown.com/js/battledata.js?0.7209276989879541"></script>
<script defer src="//play.pokemonshowdown.com/data/pokedex-mini.js?0.6111056340867951"></script>
<script defer src="//play.pokemonshowdown.com/data/pokedex-mini-bw.js?0.3532142036491459"></script>
<script defer src="//play.pokemonshowdown.com/data/graphics.js?0.24223875632456182"></script>
<script defer src="//play.pokemonshowdown.com/data/pokedex.js?0.38839984266356864"></script>
<script defer src="//play.pokemonshowdown.com/data/moves.js?0.21866028504024015"></script>
<script defer src="//play.pokemonshowdown.com/data/abilities.js?0.2005157953846628"></script>
<script defer src="//play.pokemonshowdown.com/data/items.js?0.9894211263848525"></script>
<script defer src="//play.pokemonshowdown.com/data/teambuilder-tables.js?0.6008791140282215"></script>
<script defer src="//play.pokemonshowdown.com/js/battle-tooltips.js?0.7580118955022959"></script>
<script defer src="//play.pokemonshowdown.com/js/battle.js?0.6057722274234274"></script>

<script defer src="js/utils.js?e31f9a17"></script>
<script defer src="js/replays-battle.js?7008c182"></script>

<!-- don't scrape this data! just add .json or .log after the URL!
Full API docs: https://github.com/smogon/pokemon-showdown-client/blob/master/WEB-API.md -->
<script type="text/plain" class="log" id="replaylog-smogtours-gen3ou-803439">
|inactive|Battle timer is ON: inactive players will automatically lose when time's up.
|t:|1730311949
|gametype|singles
|player|p1|klird|giovanni|
|player|p2|tsukinomiko|bellelba|
|teamsize|p1|6
|teamsize|p2|6
|gen|3
|tier|[Gen 3] OU
|rule|Sleep Clause Mod: Limit one foe put to sleep
|rule|Switch Priority Clause Mod: Faster Pokémon switch first
|rule|Species Clause: Limit one of each Pokémon
|rule|OHKO Clause: OHKO moves are banned
|rule|Evasion Items Clause: Evasion items are banned
|rule|Evasion Moves Clause: Evasion moves are banned
|rule|Endless Battle Clause: Forcing endless battles is banned
|rule|HP Percentage Mod: HP is shown in percentages
|rule|One Boost Passer Clause: Limit one Baton Passer that has a way to boost its stats
|rule|Freeze Clause Mod: Limit one foe frozen
|
|t:|1730311949
|start
|switch|p1a: Menace|Salamence, F|100/100
|switch|p2a: Tyranitar|Tyranitar, F|100/100
|-ability|p1a: Menace|Intimidate|boost
|-unboost|p2a: Tyranitar|atk|1
|-weather|Sandstorm|[from] ability: Sand Stream|[of] p2a: Tyranitar
|turn|1
|
|t:|1730311967
|switch|p2a: Skarmory|Skarmory, F|100/100
|move|p1a: Menace|Brick Break|p2a: Skarmory
|-damage|p2a: Skarmory|66/100
|
|-weather|Sandstorm|[upkeep]
|-damage|p1a: Menace|94/100|[from] Sandstorm
|-heal|p2a: Skarmory|72/100|[from] item: Leftovers
|upkeep
|turn|2
|inactive|tsukinomiko has 270 seconds left.
|
|t:|1730312004
|switch|p1a: Magneton|Magneton|100/100
|switch|p2a: Charizard|Charizard, F|100/100
|
|-weather|Sandstorm|[upkeep]
|-damage|p2a: Charizard|94/100|[from] Sandstorm
|-heal|p2a: Charizard|100/100|[from] item: Leftovers
|upkeep
|turn|3
|
|t:|1730312017
|switch|p1a: Blissey|Blissey, F|100/100
|move|p2a: Charizard|Fire Blast|p1a: Blissey
|-damage|p1a: Blissey|78/100
|
|-weather|Sandstorm|[upkeep]
|-damage|p2a: Charizard|94/100|[from] Sandstorm
|-damage|p1a: Blissey|72/100|[from] Sandstorm
|-heal|p2a: Charizard|100/100|[from] item: Leftovers
|-heal|p1a: Blissey|78/100|[from] item: Leftovers
|upkeep
|turn|4
|
|t:|1730312024
|switch|p1a: Menace|Salamence, F|94/100
|-ability|p1a: Menace|Intimidate|boost
|-unboost|p2a: Charizard|atk|1
|move|p2a: Charizard|Beat Up|p1a: Menace
|-damage|p1a: Menace|92/100
|-damage|p1a: Menace|89/100
|-damage|p1a: Menace|87/100
|-damage|p1a: Menace|82/100
|-damage|p1a: Menace|80/100
|-damage|p1a: Menace|76/100
|-hitcount|p1a: Menace|6
|
|-weather|Sandstorm|[upkeep]
|-damage|p2a: Charizard|94/100|[from] Sandstorm
|-damage|p1a: Menace|70/100|[from] Sandstorm
|-heal|p2a: Charizard|100/100|[from] item: Leftovers
|upkeep
|turn|5
|
|t:|1730312035
|move|p2a: Charizard|Hidden Power|p1a: Menace
|-supereffective|p1a: Menace
|-damage|p1a: Menace|0 fnt
|faint|p1a: Menace
|
|t:|1730312041
|switch|p1a: Dugtrio|Dugtrio, F|100/100
|
|-weather|Sandstorm|[upkeep]
|-damage|p2a: Charizard|94/100|[from] Sandstorm
|-heal|p2a: Charizard|100/100|[from] item: Leftovers
|upkeep
|turn|6
|
|t:|1730312058
|switch|p2a: Swampert|Swampert, F|100/100
|move|p1a: Dugtrio|Earthquake|p2a: Swampert
|-damage|p2a: Swampert|63/100
|
|-weather|Sandstorm|[upkeep]
|-heal|p2a: Swampert|69/100|[from] item: Leftovers
|upkeep
|turn|7
|
|t:|1730312067
|switch|p1a: Celebi|Celebi|100/100
|move|p2a: Swampert|Hydro Pump|p1a: Celebi|[miss]
|-miss|p2a: Swampert|p1a: Celebi
|
|-weather|Sandstorm|[upkeep]
|-damage|p1a: Celebi|94/100|[from] Sandstorm
|-heal|p1a: Celebi|100/100|[from] item: Leftovers
|-heal|p2a: Swampert|75/100|[from] item: Leftovers
|upkeep
|turn|8
|inactive|klird has 270 seconds left.
|inactive|tsukinomiko has 270 seconds left.
|
|t:|1730312103
|switch|p2a: Charizard|Charizard, F|100/100
|move|p1a: Celebi|Leech Seed|p2a: Charizard
|-start|p2a: Charizard|move: Leech Seed
|
|-weather|Sandstorm|[upkeep]
|-damage|p2a: Charizard|94/100|[from] Sandstorm
|-damage|p1a: Celebi|94/100|[from] Sandstorm
|-heal|p2a: Charizard|100/100|[from] item: Leftovers
|-damage|p2a: Charizard|88/100|[from] Leech Seed|[of] p1a: Celebi
|-heal|p1a: Celebi|100/100|[silent]
|upkeep
|turn|9
|inactive|tsukinomiko has 270 seconds left.
|inactive|klird has 270 seconds left.
|inactive|klird has 240 seconds left.
|inactive|tsukinomiko has 240 seconds left.
|
|t:|1730312172
|switch|p2a: Tyranitar|Tyranitar, F|100/100
|move|p1a: Celebi|Psychic|p2a: Tyranitar
|-immune|p2a: Tyranitar
|
|-weather|Sandstorm|[upkeep]
|-damage|p1a: Celebi|94/100|[from] Sandstorm
|-heal|p1a: Celebi|100/100|[from] item: Leftovers
|upkeep
|turn|10
|
|t:|1730312181
|move|p1a: Celebi|Leech Seed|p2a: Tyranitar
|-start|p2a: Tyranitar|move: Leech Seed
|move|p2a: Tyranitar|Dragon Dance|p2a: Tyranitar
|-boost|p2a: Tyranitar|atk|1
|-boost|p2a: Tyranitar|spe|1
|
|-weather|Sandstorm|[upkeep]
|-damage|p1a: Celebi|94/100|[from] Sandstorm
|-damage|p2a: Tyranitar|88/100|[from] Leech Seed|[of] p1a: Celebi
|-heal|p1a: Celebi|100/100|[silent]
|upkeep
|turn|11
|
|t:|1730312196
|switch|p1a: Metagross|Metagross|100/100
|move|p2a: Tyranitar|Dragon Dance|p2a: Tyranitar
|-boost|p2a: Tyranitar|atk|1
|-boost|p2a: Tyranitar|spe|1
|
|-weather|Sandstorm|[upkeep]
|-heal|p2a: Tyranitar|94/100|[from] item: Leftovers
|-damage|p2a: Tyranitar|82/100|[from] Leech Seed|[of] p1a: Metagross
|upkeep
|turn|12
|inactive|klird has 210 seconds left.
|inactive|klird has 180 seconds left.
|
|t:|1730312247
|move|p1a: Metagross|Protect|p1a: Metagross
|-singleturn|p1a: Metagross|Protect
|move|p2a: Tyranitar|Earthquake|p1a: Metagross
|-activate|p1a: Metagross|Protect
|
|-weather|Sandstorm|[upkeep]
|-heal|p2a: Tyranitar|88/100|[from] item: Leftovers
|-damage|p2a: Tyranitar|76/100|[from] Leech Seed|[of] p1a: Metagross
|upkeep
|turn|13
|inactive|klird has 180 seconds left.
|
|t:|1730312263
|move|p2a: Tyranitar|Earthquake|p1a: Metagross
|-supereffective|p1a: Metagross
|-damage|p1a: Metagross|6/100
|move|p1a: Metagross|Meteor Mash|p2a: Tyranitar
|-supereffective|p2a: Tyranitar
|-damage|p2a: Tyranitar|0 fnt
|-boost|p1a: Metagross|atk|1
|faint|p2a: Tyranitar
|
|t:|1730312275
|switch|p2a: Gengar|Gengar, M|100/100
|
|-weather|Sandstorm|[upkeep]
|-damage|p2a: Gengar|95/100|[from] Sandstorm
|-heal|p2a: Gengar|100/100|[from] item: Leftovers
|-heal|p1a: Metagross|12/100|[from] item: Leftovers
|upkeep
|turn|14
|inactive|klird has 180 seconds left.
|
|t:|1730312297
|move|p1a: Metagross|Protect|p1a: Metagross
|-singleturn|p1a: Metagross|Protect
|move|p2a: Gengar|Thunderbolt|p1a: Metagross
|-activate|p1a: Metagross|Protect
|
|-weather|Sandstorm|[upkeep]
|-damage|p2a: Gengar|95/100|[from] Sandstorm
|-heal|p2a: Gengar|100/100|[from] item: Leftovers
|-heal|p1a: Metagross|18/100|[from] item: Leftovers
|upkeep
|turn|15
|
|t:|1730312302
|switch|p1a: Blissey|Blissey, F|78/100
|move|p2a: Gengar|Thunderbolt|p1a: Blissey
|-damage|p1a: Blissey|66/100
|
|-weather|Sandstorm|[upkeep]
|-damage|p2a: Gengar|95/100|[from] Sandstorm
|-damage|p1a: Blissey|60/100|[from] Sandstorm
|-heal|p2a: Gengar|100/100|[from] item: Leftovers
|-heal|p1a: Blissey|66/100|[from] item: Leftovers
|upkeep
|turn|16
|inactive|klird has 180 seconds left.
|
|t:|1730312309
|move|p2a: Gengar|Taunt|p1a: Blissey
|-start|p1a: Blissey|move: Taunt
|move|p1a: Blissey|Ice Beam|p2a: Gengar
|-damage|p2a: Gengar|70/100
|
|-weather|Sandstorm|[upkeep]
|-damage|p2a: Gengar|65/100|[from] Sandstorm
|-damage|p1a: Blissey|60/100|[from] Sandstorm
|-heal|p2a: Gengar|70/100|[from] item: Leftovers
|-heal|p1a: Blissey|66/100|[from] item: Leftovers
|upkeep
|turn|17
|inactive|klird has 180 seconds left.
|inactive|tsukinomiko has 270 seconds left.
|
|t:|1730312355
|switch|p2a: Skarmory|Skarmory, F|72/100
|switch|p1a: Celebi|Celebi|100/100
|
|-weather|Sandstorm|[upkeep]
|-damage|p1a: Celebi|94/100|[from] Sandstorm
|-heal|p1a: Celebi|100/100|[from] item: Leftovers
|-heal|p2a: Skarmory|78/100|[from] item: Leftovers
|upkeep
|turn|18
|
|t:|1730312363
|move|p1a: Celebi|Leech Seed|p2a: Skarmory
|-start|p2a: Skarmory|move: Leech Seed
|move|p2a: Skarmory|Spikes|p1a: Celebi
|-sidestart|p1: klird|Spikes
|
|-weather|Sandstorm|[upkeep]
|-damage|p1a: Celebi|94/100|[from] Sandstorm
|-heal|p1a: Celebi|100/100|[from] item: Leftovers
|-heal|p2a: Skarmory|84/100|[from] item: Leftovers
|-damage|p2a: Skarmory|72/100|[from] Leech Seed|[of] p1a: Celebi
|upkeep
|turn|19
|
|t:|1730312367
|switch|p1a: Metagross|Metagross|18/100
|-damage|p1a: Metagross|6/100|[from] Spikes
|move|p2a: Skarmory|Spikes|p1a: Metagross
|-sidestart|p1: klird|Spikes
|
|-weather|Sandstorm|[upkeep]
|-heal|p2a: Skarmory|78/100|[from] item: Leftovers
|-damage|p2a: Skarmory|66/100|[from] Leech Seed|[of] p1a: Metagross
|-heal|p1a: Metagross|17/100|[silent]
|-heal|p1a: Metagross|23/100|[from] item: Leftovers
|upkeep
|turn|20
|
|t:|1730312375
|move|p2a: Skarmory|Spikes|p1a: Metagross
|-sidestart|p1: klird|Spikes
|move|p1a: Metagross|Meteor Mash|p2a: Skarmory
|-resisted|p2a: Skarmory
|-damage|p2a: Skarmory|45/100
|
|-weather|Sandstorm|[upkeep]
|-heal|p2a: Skarmory|50/100|[from] item: Leftovers
|-damage|p2a: Skarmory|38/100|[from] Leech Seed|[of] p1a: Metagross
|-heal|p1a: Metagross|34/100|[silent]
|-heal|p1a: Metagross|40/100|[from] item: Leftovers
|upkeep
|turn|21
|
|t:|1730312394
|move|p1a: Metagross|Explosion|p2a: Skarmory
|-resisted|p2a: Skarmory
|-damage|p2a: Skarmory|0 fnt
|faint|p1a: Metagross
|faint|p2a: Skarmory
|inactive|klird has 180 seconds left.
|inactive|klird has 150 seconds left.
|
|t:|1730312442
|switch|p2a: Charizard|Charizard, F|88/100
|switch|p1a: Dugtrio|Dugtrio, F|100/100
|-damage|p1a: Dugtrio|76/100|[from] Spikes
|
|-weather|Sandstorm|[upkeep]
|-damage|p2a: Charizard|82/100|[from] Sandstorm
|-heal|p2a: Charizard|88/100|[from] item: Leftovers
|upkeep
|turn|22
|inactive|klird has 150 seconds left.
|
|t:|1730312454
|switch|p1a: Celebi|Celebi|100/100
|-damage|p1a: Celebi|75/100|[from] Spikes
|switch|p2a: Swampert|Swampert, F|75/100
|
|-weather|Sandstorm|[upkeep]
|-damage|p1a: Celebi|69/100|[from] Sandstorm
|-heal|p1a: Celebi|75/100|[from] item: Leftovers
|-heal|p2a: Swampert|82/100|[from] item: Leftovers
|upkeep
|turn|23
|inactive|klird has 150 seconds left.
|inactive|tsukinomiko has 270 seconds left.
|inactive|tsukinomiko has 240 seconds left.
|
|t:|1730312516
|switch|p2a: Jolteon|Jolteon, F|100/100
|move|p1a: Celebi|Calm Mind|p1a: Celebi
|-boost|p1a: Celebi|spa|1
|-boost|p1a: Celebi|spd|1
|
|-weather|Sandstorm|[upkeep]
|-damage|p2a: Jolteon|95/100|[from] Sandstorm
|-damage|p1a: Celebi|69/100|[from] Sandstorm
|-heal|p2a: Jolteon|100/100|[from] item: Leftovers
|-heal|p1a: Celebi|75/100|[from] item: Leftovers
|upkeep
|turn|24
|inactive|tsukinomiko has 240 seconds left.
|inactive|klird has 120 seconds left.
|inactive|klird has 90 seconds left.
|inactive|tsukinomiko has 210 seconds left.
|inactive|klird has 60 seconds left.
|
|t:|1730312628
|move|p2a: Jolteon|Thunder Wave|p1a: Celebi
|-status|p1a: Celebi|par
|cant|p1a: Celebi|par
|
|-weather|Sandstorm|[upkeep]
|-damage|p2a: Jolteon|95/100|[from] Sandstorm
|-damage|p1a: Celebi|69/100 par|[from] Sandstorm
|-heal|p2a: Jolteon|100/100|[from] item: Leftovers
|-heal|p1a: Celebi|75/100 par|[from] item: Leftovers
|upkeep
|turn|25
|c|☆klird|F...
|inactive|tsukinomiko has 180 seconds left.
|inactive|klird has 30 seconds left.
|inactive|tsukinomiko has 150 seconds left.
|inactive|klird has 20 seconds left.
|
|t:|1730312698
|move|p2a: Jolteon|Baton Pass|p2a: Jolteon
|inactive|klird has 25 seconds left this turn.
|inactive|tsukinomiko has 150 seconds left.
|
|t:|1730312710
|switch|p2a: Swampert|Swampert, F|82/100|[from] Baton Pass
|cant|p1a: Celebi|par
|
|-weather|Sandstorm|[upkeep]
|-damage|p1a: Celebi|69/100 par|[from] Sandstorm
|-heal|p2a: Swampert|88/100|[from] item: Leftovers
|-heal|p1a: Celebi|75/100 par|[from] item: Leftovers
|upkeep
|turn|26
|inactive|klird has 30 seconds left.
|
|t:|1730312721
|move|p2a: Swampert|Ice Beam|p1a: Celebi
|-supereffective|p1a: Celebi
|-damage|p1a: Celebi|55/100 par
|move|p1a: Celebi|Leech Seed|p2a: Swampert|[miss]
|-miss|p1a: Celebi|p2a: Swampert
|
|-weather|Sandstorm|[upkeep]
|-damage|p1a: Celebi|49/100 par|[from] Sandstorm
|-heal|p2a: Swampert|94/100|[from] item: Leftovers
|-heal|p1a: Celebi|55/100 par|[from] item: Leftovers
|upkeep
|turn|27
|inactive|klird has 30 seconds left.
|
|t:|1730312734
|move|p2a: Swampert|Ice Beam|p1a: Celebi
|-supereffective|p1a: Celebi
|-damage|p1a: Celebi|36/100 par
|move|p1a: Celebi|Recover|p1a: Celebi
|-heal|p1a: Celebi|86/100 par
|
|-weather|Sandstorm|[upkeep]
|-damage|p1a: Celebi|80/100 par|[from] Sandstorm
|-heal|p2a: Swampert|99/100|[from] item: Leftovers
|-heal|p1a: Celebi|86/100 par|[from] item: Leftovers
|upkeep
|turn|28
|inactive|klird has 30 seconds left.
|inactive|tsukinomiko has 150 seconds left.
|inactive|klird has 20 seconds left.
|inactive|klird has 15 seconds left.
|inactive|klird has 10 seconds left.
|
|t:|1730312769
|move|p2a: Swampert|Ice Beam|p1a: Celebi
|-supereffective|p1a: Celebi
|-damage|p1a: Celebi|65/100 par
|move|p1a: Celebi|Calm Mind|p1a: Celebi
|-boost|p1a: Celebi|spa|1
|-boost|p1a: Celebi|spd|1
|
|-weather|Sandstorm|[upkeep]
|-damage|p1a: Celebi|58/100 par|[from] Sandstorm
|-heal|p2a: Swampert|100/100|[from] item: Leftovers
|-heal|p1a: Celebi|65/100 par|[from] item: Leftovers
|upkeep
|turn|29
|inactive|klird has 20 seconds left this turn.
|inactive|klird has 15 seconds left.
|inactive|tsukinomiko has 150 seconds left.
|inactive|klird has 10 seconds left.
|inactive|klird has 5 seconds left.
|inactive|tsukinomiko has 120 seconds left.
|
|t:|1730312821
|move|p2a: Swampert|Ice Beam|p1a: Celebi
|-supereffective|p1a: Celebi
|-damage|p1a: Celebi|48/100 par
|move|p1a: Celebi|Recover|p1a: Celebi
|-heal|p1a: Celebi|98/100 par
|
|-weather|Sandstorm|[upkeep]
|-damage|p1a: Celebi|92/100 par|[from] Sandstorm
|-heal|p1a: Celebi|98/100 par|[from] item: Leftovers
|upkeep
|turn|30
|inactive|klird has 15 seconds left this turn.
|inactive|klird has 10 seconds left.
|
|t:|1730312827
|move|p2a: Swampert|Ice Beam|p1a: Celebi
|-supereffective|p1a: Celebi
|-crit|p1a: Celebi
|-damage|p1a: Celebi|30/100 par
|cant|p1a: Celebi|par
|
|-weather|Sandstorm|[upkeep]
|-damage|p1a: Celebi|24/100 par|[from] Sandstorm
|-heal|p1a: Celebi|30/100 par|[from] item: Leftovers
|upkeep
|turn|31
|inactive|klird has 20 seconds left this turn.
|
|t:|1730312831
|switch|p2a: Charizard|Charizard, F|88/100
|cant|p1a: Celebi|par
|
|-weather|Sandstorm|[upkeep]
|-damage|p2a: Charizard|82/100|[from] Sandstorm
|-damage|p1a: Celebi|24/100 par|[from] Sandstorm
|-heal|p2a: Charizard|88/100|[from] item: Leftovers
|-heal|p1a: Celebi|30/100 par|[from] item: Leftovers
|upkeep
|turn|32
|inactive|klird has 30 seconds left this turn.
|inactive|klird has 20 seconds left.
|inactive|klird has 15 seconds left.
|inactive|klird has 10 seconds left.
|
|t:|1730312853
|move|p2a: Charizard|Fire Blast|p1a: Celebi
|-supereffective|p1a: Celebi
|-damage|p1a: Celebi|0 fnt
|faint|p1a: Celebi
|inactive|klird has 15 seconds left this turn.
|inactive|klird has 10 seconds left.
|
|t:|1730312861
|switch|p1a: Dugtrio|Dugtrio, F|76/100
|-damage|p1a: Dugtrio|51/100|[from] Spikes
|
|-weather|Sandstorm|[upkeep]
|-damage|p2a: Charizard|82/100|[from] Sandstorm
|-heal|p2a: Charizard|88/100|[from] item: Leftovers
|upkeep
|turn|33
|inactive|klird has 20 seconds left this turn.
|inactive|klird has 15 seconds left.
|inactive|klird has 10 seconds left.
|
|t:|1730312874
|switch|p2a: Swampert|Swampert, F|100/100
|move|p1a: Dugtrio|Earthquake|p2a: Swampert
|-damage|p2a: Swampert|65/100
|
|-weather|Sandstorm|[upkeep]
|-heal|p2a: Swampert|71/100|[from] item: Leftovers
|upkeep
|turn|34
|inactive|klird has 20 seconds left this turn.
|inactive|klird has 15 seconds left.
|inactive|tsukinomiko has 150 seconds left.
|
|t:|1730312883
|move|p1a: Dugtrio|Earthquake|p2a: Swampert
|-damage|p2a: Swampert|36/100
|move|p2a: Swampert|Earthquake|p1a: Dugtrio
|-damage|p1a: Dugtrio|0 fnt
|faint|p1a: Dugtrio
|inactive|klird has 20 seconds left this turn.
|inactive|klird has 15 seconds left.
|
|t:|1730312889
|switch|p1a: Blissey|Blissey, F|66/100
|-damage|p1a: Blissey|41/100|[from] Spikes
|
|-weather|Sandstorm|[upkeep]
|-damage|p1a: Blissey|35/100|[from] Sandstorm
|-heal|p2a: Swampert|42/100|[from] item: Leftovers
|-heal|p1a: Blissey|41/100|[from] item: Leftovers
|upkeep
|turn|35
|inactive|klird has 25 seconds left this turn.
|inactive|klird has 20 seconds left.
|inactive|klird has 15 seconds left.
|inactive|klird has 10 seconds left.
|
|t:|1730312906
|move|p2a: Swampert|Earthquake|p1a: Blissey
|-damage|p1a: Blissey|1/100
|move|p1a: Blissey|Soft-Boiled|p1a: Blissey
|-heal|p1a: Blissey|51/100
|
|-weather|Sandstorm|[upkeep]
|-damage|p1a: Blissey|45/100|[from] Sandstorm
|-heal|p2a: Swampert|48/100|[from] item: Leftovers
|-heal|p1a: Blissey|51/100|[from] item: Leftovers
|upkeep
|turn|36
|inactive|klird has 20 seconds left this turn.
|
|t:|1730312912
|switch|p2a: Gengar|Gengar, M|70/100
|move|p1a: Blissey|Soft-Boiled|p1a: Blissey
|-heal|p1a: Blissey|100/100
|
|-weather|Sandstorm|[upkeep]
|-damage|p2a: Gengar|65/100|[from] Sandstorm
|-damage|p1a: Blissey|94/100|[from] Sandstorm
|-heal|p2a: Gengar|70/100|[from] item: Leftovers
|-heal|p1a: Blissey|100/100|[from] item: Leftovers
|upkeep
|turn|37
|inactive|klird has 30 seconds left this turn.
|inactive|klird has 20 seconds left.
|
|t:|1730312926
|move|p2a: Gengar|Will-O-Wisp|p1a: Blissey
|-status|p1a: Blissey|brn
|move|p1a: Blissey|Ice Beam|p2a: Gengar
|-damage|p2a: Gengar|40/100
|
|-weather|Sandstorm|[upkeep]
|-damage|p2a: Gengar|34/100|[from] Sandstorm
|-damage|p1a: Blissey|94/100 brn|[from] Sandstorm
|-heal|p2a: Gengar|40/100|[from] item: Leftovers
|-heal|p1a: Blissey|100/100 brn|[from] item: Leftovers
|-damage|p1a: Blissey|88/100 brn|[from] brn
|upkeep
|turn|38
|inactive|klird has 30 seconds left this turn.
|
|t:|1730312933
|-curestatus|p1a: Blissey|brn|[from] ability: Natural Cure
|switch|p1a: Magneton|Magneton|100/100
|-damage|p1a: Magneton|76/100|[from] Spikes
|move|p2a: Gengar|Taunt|p1a: Magneton
|-start|p1a: Magneton|move: Taunt
|
|-weather|Sandstorm|[upkeep]
|-damage|p2a: Gengar|34/100|[from] Sandstorm
|-heal|p2a: Gengar|40/100|[from] item: Leftovers
|upkeep
|turn|39
|inactive|klird has 30 seconds left.
|inactive|tsukinomiko has 180 seconds left.
|
|t:|1730312960
|move|p2a: Gengar|Thunderbolt|p1a: Magneton
|-resisted|p1a: Magneton
|-crit|p1a: Magneton
|-damage|p1a: Magneton|22/100
|-status|p1a: Magneton|par
|move|p1a: Magneton|Thunderbolt|p2a: Gengar
|-damage|p2a: Gengar|0 fnt
|faint|p2a: Gengar
|c|☆klird|Those were very unlucky celebi turns
|
|t:|1730312967
|switch|p2a: Swampert|Swampert, F|48/100
|
|-weather|Sandstorm|[upkeep]
|-heal|p2a: Swampert|54/100|[from] item: Leftovers
|-end|p1a: Magneton|move: Taunt|[silent]
|upkeep
|turn|40
|
|t:|1730312971
|move|p2a: Swampert|Earthquake|p1a: Magneton
|-supereffective|p1a: Magneton
|-damage|p1a: Magneton|0 fnt
|faint|p1a: Magneton
|
|t:|1730312973
|switch|p1a: Blissey|Blissey, F|88/100
|-damage|p1a: Blissey|63/100|[from] Spikes
|
|-weather|Sandstorm|[upkeep]
|-damage|p1a: Blissey|57/100|[from] Sandstorm
|-heal|p2a: Swampert|61/100|[from] item: Leftovers
|-heal|p1a: Blissey|63/100|[from] item: Leftovers
|upkeep
|turn|41
|inactive|tsukinomiko has 180 seconds left.
|
|t:|1730312979
|switch|p2a: Charizard|Charizard, F|88/100
|move|p1a: Blissey|Soft-Boiled|p1a: Blissey
|-heal|p1a: Blissey|100/100
|
|-weather|Sandstorm|[upkeep]
|-damage|p2a: Charizard|82/100|[from] Sandstorm
|-damage|p1a: Blissey|94/100|[from] Sandstorm
|-heal|p2a: Charizard|88/100|[from] item: Leftovers
|-heal|p1a: Blissey|100/100|[from] item: Leftovers
|upkeep
|turn|42
|
|t:|1730312983
|move|p2a: Charizard|Toxic|p1a: Blissey
|-status|p1a: Blissey|tox
|move|p1a: Blissey|Seismic Toss|p2a: Charizard
|-damage|p2a: Charizard|54/100
|
|-weather|Sandstorm|[upkeep]
|-damage|p2a: Charizard|48/100|[from] Sandstorm
|-damage|p1a: Blissey|94/100 tox|[from] Sandstorm
|-heal|p2a: Charizard|54/100|[from] item: Leftovers
|-heal|p1a: Blissey|100/100 tox|[from] item: Leftovers
|-damage|p1a: Blissey|94/100 tox|[from] psn
|upkeep
|turn|43
|c|☆klird|gg
|
|t:|1730312990
|move|p2a: Charizard|Beat Up|p1a: Blissey
|-damage|p1a: Blissey|84/100 tox
|-crit|p1a: Blissey
|-damage|p1a: Blissey|69/100 tox
|-damage|p1a: Blissey|56/100 tox
|-hitcount|p1a: Blissey|3
|move|p1a: Blissey|Seismic Toss|p2a: Charizard
|-damage|p2a: Charizard|21/100
|
|-weather|Sandstorm|[upkeep]
|-damage|p2a: Charizard|15/100|[from] Sandstorm
|-damage|p1a: Blissey|50/100 tox|[from] Sandstorm
|-heal|p2a: Charizard|21/100|[from] item: Leftovers
|-heal|p1a: Blissey|56/100 tox|[from] item: Leftovers
|-damage|p1a: Blissey|44/100 tox|[from] psn
|upkeep
|turn|44
|
|t:|1730312996
|move|p2a: Charizard|Fire Blast|p1a: Blissey
|-damage|p1a: Blissey|9/100 tox
|move|p1a: Blissey|Soft-Boiled|p1a: Blissey
|-heal|p1a: Blissey|59/100 tox
|
|-weather|Sandstorm|[upkeep]
|-damage|p2a: Charizard|15/100|[from] Sandstorm
|-damage|p1a: Blissey|53/100 tox|[from] Sandstorm
|-heal|p2a: Charizard|21/100|[from] item: Leftovers
|-heal|p1a: Blissey|59/100 tox|[from] item: Leftovers
|-damage|p1a: Blissey|41/100 tox|[from] psn
|upkeep
|turn|45
|
|t:|1730313001
|move|p2a: Charizard|Beat Up|p1a: Blissey
|-damage|p1a: Blissey|31/100 tox
|-damage|p1a: Blissey|24/100 tox
|-damage|p1a: Blissey|9/100 tox
|-hitcount|p1a: Blissey|3
|move|p1a: Blissey|Seismic Toss|p2a: Charizard
|-damage|p2a: Charizard|0 fnt
|faint|p2a: Charizard
|inactive|tsukinomiko has 210 seconds left.
|
|t:|1730313006
|switch|p2a: Swampert|Swampert, F|61/100
|
|-weather|Sandstorm|[upkeep]
|-damage|p1a: Blissey|3/100 tox|[from] Sandstorm
|-heal|p2a: Swampert|67/100|[from] item: Leftovers
|-heal|p1a: Blissey|9/100 tox|[from] item: Leftovers
|-damage|p1a: Blissey|0 fnt|[from] psn
|faint|p1a: Blissey
|
|win|tsukinomiko
|upkeep
|c|☆tsukinomiko|gg
|player|p1|

</script>
<script type="application/json" class="data" id="replaydata-smogtours-gen3ou-803439">
{"id":"smogtours-gen3ou-803439","format":"[Gen 3] OU","players":["klird","tsukinomiko"],"uploadtime":1730313006,"views":76,"formatid":"gen3ou","rating":null,"private":0,"password":null}
</script>

<script defer src="js/replays.js?9d40a366"></script>
