<!DOCTYPE html>
<meta charset="utf-8" />
<meta name="viewport" content="width=device-width" />

<title>[Gen 3] OU: moowee vs. kolmisilma. - Replays - Pok&eacute;mon Showdown!</title>

<meta name="description" content="Watch a replay of a Pok&eacute;mon battle between moowee and kolmisilma.! Format: [Gen 3] OU; Date: Oct 8, 2024" />
<!--

Hey, you! Looking in the source for the replay log?

You can find them in JSON format, just add `.json` at the end of a replay URL.

https://replay.pokemonshowdown.com/gen7randomdoublesbattle-865046831.json

Or, if you only need the log itself, add `.log` instead:

https://replay.pokemonshowdown.com/gen7randomdoublesbattle-865046831.log

-->

<link rel="stylesheet" href="//pokemonshowdown.com/style/global.css?0.767286132409787" />
<link rel="stylesheet" href="//play.pokemonshowdown.com/style/font-awesome.css?0.9266228007934947" />
<link rel="stylesheet" href="//play.pokemonshowdown.com/style/battle.css?0.7924700842790926" />
<link rel="stylesheet" href="//play.pokemonshowdown.com/style/utilichart.css?0.8777417872839479" />

<!-- Global site tag (gtag.js) - Google Analytics -->
<script async src="https://www.googletagmanager.com/gtag/js?id=UA-26211653-1"></script>
<script>
  window.dataLayer = window.dataLayer || [];
  function gtag(){dataLayer.push(arguments);}
  gtag('js', new Date());

  gtag('config', 'UA-26211653-1');
</script>
<!-- End Google Analytics -->
<!-- Venatus Ad Manager - Install in <HEAD> of page -->
	<script src="https://hb.vntsm.com/v3/live/ad-manager.min.js" type="text/javascript" data-site-id="642aba63ec9a7b11c3c9c1be" data-mode="scan" async></script>
<!-- / Venatus Ad Manager -->

<style>
	@media (max-width:820px) {
		.battle {
			margin: 0 auto;
		}
		.battle-log {
			margin: 7px auto 0;
			max-width: 640px;
			height: 300px;
			position: static;
		}
	}
	.optgroup {
		display: inline-block;
		line-height: 22px;
		font-size: 10pt;
	}
	.optgroup .button {
		height: 25px;
		padding-top: 0;
		padding-bottom: 0;
	}
	.optgroup button.button {
		padding-left: 12px;
		padding-right: 12px;
	}
	.linklist {
		list-style: none;
		margin: 0.5em 0;
		padding: 0;
	}
	.linklist li {
		padding: 2px 0;
	}
	.sidebar {
		float: left;
		width: 320px;
	}
	.bar-wrapper {
		max-width: 1100px;
		margin: 0 auto;
	}
	.bar-wrapper.has-sidebar {
		max-width: 1430px;
	}
	.mainbar {
		margin: 0;
		padding-right: 1px;
	}
	.mainbar.has-sidebar {
		margin-left: 330px;
	}
	@media (min-width: 1511px) {
		.sidebar {
			width: 400px;
		}
		.bar-wrapper.has-sidebar {
			max-width: 1510px;
		}
		.mainbar.has-sidebar {
			margin-left: 410px;
		}
	}
	.section.first-section {
		margin-top: 9px;
	}
	.blocklink small {
		white-space: normal;
	}
	.button {
		vertical-align: middle;
	}
	.replay-controls {
		padding-top: 10px;
	}
	.replay-controls h1 {
		font-size: 16pt;
		font-weight: normal;
		color: #CCC;
	}
	.pagelink {
		text-align: center;
	}
	.pagelink a {
		width: 150px;
	}
	.textbox, .button {
		font-size: 11pt;
		vertical-align: middle;
	}
	@media (max-width: 450px) {
		.button {
			font-size: 9pt;
		}
	}
</style>

<div>

	<header>
		<div class="nav-wrapper"><ul class="nav">
			<li><a class="button nav-first" href="//pokemonshowdown.com/"><img src="//pokemonshowdown.com/images/pokemonshowdownbeta.png" srcset="//pokemonshowdown.com/images/pokemonshowdownbeta.png 1x, //pokemonshowdown.com/images/pokemonshowdownbeta@2x.png 2x" alt="Pok&eacute;mon Showdown" width="146" height="44" /> Home</a></li>
			<li><a class="button" href="//pokemonshowdown.com/dex/">Pok&eacute;dex</a></li>
			<li><a class="button cur" href="/">Replays</a></li>
			<li><a class="button" href="//pokemonshowdown.com/ladder/">Ladder</a></li>
			<li><a class="button nav-last" href="//pokemonshowdown.com/forums/">Forum</a></li>
			<li><a class="button greenbutton nav-first nav-last" href="//play.pokemonshowdown.com/">Play</a></li>
		</ul></div>
	</header>

	<div class="main" id="main">

		<noscript><section class="section">You need to enable JavaScript to use this page; sorry!</section></noscript>

	</div>

</div>

<script defer nomodule src="//play.pokemonshowdown.com/js/lib/ps-polyfill.js"></script>
<script defer src="//play.pokemonshowdown.com/js/lib/preact.min.js"></script>

<script defer src="//play.pokemonshowdown.com/config/config.js?6dec07f6"></script>
<script defer src="//play.pokemonshowdown.com/js/lib/jquery-1.11.0.min.js"></script>
<script defer src="//play.pokemonshowdown.com/js/lib/html-sanitizer-minified.js"></script>
<script defer src="//play.pokemonshowdown.com/js/battle-sound.js"></script>
<script defer src="//play.pokemonshowdown.com/js/battledata.js?0.6315294753075389"></script>
<script defer src="//play.pokemonshowdown.com/data/pokedex-mini.js?0.7603743185311358"></script>
<script defer src="//play.pokemonshowdown.com/data/pokedex-mini-bw.js?0.030888842834281283"></script>
<script defer src="//play.pokemonshowdown.com/data/graphics.js?0.05593094747507488"></script>
<script defer src="//play.pokemonshowdown.com/data/pokedex.js?0.47064822249611904"></script>
<script defer src="//play.pokemonshowdown.com/data/moves.js?0.8583693120512459"></script>
<script defer src="//play.pokemonshowdown.com/data/abilities.js?0.16017181182386842"></script>
<script defer src="//play.pokemonshowdown.com/data/items.js?0.4163379185673943"></script>
<script defer src="//play.pokemonshowdown.com/data/teambuilder-tables.js?0.31075597372830477"></script>
<script defer src="//play.pokemonshowdown.com/js/battle-tooltips.js?0.6536193500708172"></script>
<script defer src="//play.pokemonshowdown.com/js/battle.js?0.1916591943277901"></script>

<script defer src="js/utils.js?e31f9a17"></script>
<script defer src="js/replays-battle.js?7008c182"></script>

<!-- don't scrape this data! just add .json or .log after the URL!
Full API docs: https://github.com/smogon/pokemon-showdown-client/blob/master/WEB-API.md -->
<script type="text/plain" class="log" id="replaylog-smogtours-gen3ou-796532">
|inactive|Battle timer is ON: inactive players will automatically lose when time's up.
|t:|1728428421
|gametype|singles
|player|p1|moowee|burglar|
|player|p2|kolmisilma.|pokemonbreeder-gen4|
|teamsize|p1|6
|teamsize|p2|6
|gen|3
|tier|[Gen 3] OU
|rule|Sleep Clause Mod: Limit one foe put to sleep
|rule|Switch Priority Clause Mod: Faster Pokémon switch first
|rule|Species Clause: Limit one of each Pokémon
|rule|OHKO Clause: OHKO moves are banned
|rule|Evasion Items Clause: Evasion items are banned
|rule|Evasion Moves Clause: Evasion moves are banned
|rule|Endless Battle Clause: Forcing endless battles is banned
|rule|HP Percentage Mod: HP is shown in percentages
|rule|One Boost Passer Clause: Limit one Baton Passer that has a way to boost its stats
|rule|Freeze Clause Mod: Limit one foe frozen
|
|t:|1728428421
|start
|switch|p1a: Tyranitar|Tyranitar, M|100/100
|switch|p2a: Zapdos|Zapdos|100/100
|-weather|Sandstorm|[from] ability: Sand Stream|[of] p1a: Tyranitar
|turn|1
|
|t:|1728428443
|move|p2a: Zapdos|Hidden Power|p1a: Tyranitar
|-supereffective|p1a: Tyranitar
|-damage|p1a: Tyranitar|61/100
|move|p1a: Tyranitar|Rock Slide|p2a: Zapdos
|-supereffective|p2a: Zapdos
|-damage|p2a: Zapdos|3/100
|
|-weather|Sandstorm|[upkeep]
|-damage|p2a: Zapdos|0 fnt|[from] Sandstorm
|faint|p2a: Zapdos
|-heal|p1a: Tyranitar|67/100|[from] item: Leftovers
|upkeep
|
|t:|1728428458
|switch|p2a: Metagross|Metagross|100/100
|turn|2
|
|t:|1728428467
|move|p1a: Tyranitar|Protect|p1a: Tyranitar
|-singleturn|p1a: Tyranitar|Protect
|move|p2a: Metagross|Meteor Mash|p1a: Tyranitar
|-activate|p1a: Tyranitar|Protect
|
|-weather|Sandstorm|[upkeep]
|-heal|p1a: Tyranitar|73/100|[from] item: Leftovers
|upkeep
|turn|3
|
|t:|1728428477
|switch|p1a: Skarmory|Skarmory, M|100/100
|move|p2a: Metagross|Rock Slide|p1a: Skarmory|[miss]
|-miss|p2a: Metagross|p1a: Skarmory
|
|-weather|Sandstorm|[upkeep]
|upkeep
|turn|4
|
|t:|1728428488
|switch|p2a: Ludicolo|Ludicolo, M|100/100
|move|p1a: Skarmory|Spikes|p2a: Ludicolo
|-sidestart|p2: kolmisilma.|Spikes
|
|-weather|Sandstorm|[upkeep]
|-damage|p2a: Ludicolo|94/100|[from] Sandstorm
|-heal|p2a: Ludicolo|100/100|[from] item: Leftovers
|upkeep
|turn|5
|
|t:|1728428496
|move|p2a: Ludicolo|Rain Dance|p2a: Ludicolo
|-weather|RainDance
|move|p1a: Skarmory|Toxic|p2a: Ludicolo
|-status|p2a: Ludicolo|tox
|
|-weather|RainDance|[upkeep]
|-damage|p2a: Ludicolo|94/100 tox|[from] psn
|upkeep
|turn|6
|
|t:|1728428499
|move|p1a: Skarmory|Protect|p1a: Skarmory
|-singleturn|p1a: Skarmory|Protect
|move|p2a: Ludicolo|Leech Seed|p1a: Skarmory
|-activate|p1a: Skarmory|Protect
|
|-weather|RainDance|[upkeep]
|-heal|p2a: Ludicolo|100/100 tox|[from] item: Leftovers
|-damage|p2a: Ludicolo|88/100 tox|[from] psn
|upkeep
|turn|7
|
|t:|1728428505
|move|p2a: Ludicolo|Leech Seed|p1a: Skarmory
|-start|p1a: Skarmory|move: Leech Seed
|move|p1a: Skarmory|Roar|p2a: Ludicolo
|drag|p2a: Metagross|Metagross|100/100
|-damage|p2a: Metagross|88/100|[from] Spikes
|
|-weather|RainDance|[upkeep]
|-damage|p1a: Skarmory|88/100|[from] Leech Seed|[of] p2a: Metagross
|-heal|p2a: Metagross|99/100|[silent]
|upkeep
|turn|8
|
|t:|1728428516
|move|p1a: Skarmory|Spikes|p2a: Metagross
|-sidestart|p2: kolmisilma.|Spikes
|move|p2a: Metagross|Dynamic Punch|p1a: Skarmory
|-damage|p1a: Skarmory|59/100
|-start|p1a: Skarmory|confusion
|
|-weather|RainDance|[upkeep]
|-heal|p1a: Skarmory|65/100|[from] item: Leftovers
|-damage|p1a: Skarmory|52/100|[from] Leech Seed|[of] p2a: Metagross
|-heal|p2a: Metagross|100/100|[silent]
|upkeep
|turn|9
|
|t:|1728428526
|switch|p1a: Swampert|Swampert, F|100/100
|move|p2a: Metagross|Ice Punch|p1a: Swampert
|-damage|p1a: Swampert|85/100
|
|-weather|none
|-heal|p1a: Swampert|92/100|[from] item: Leftovers
|upkeep
|turn|10
|
|t:|1728428538
|move|p2a: Metagross|Dynamic Punch|p1a: Swampert
|-crit|p1a: Swampert
|-damage|p1a: Swampert|41/100
|-start|p1a: Swampert|confusion
|-activate|p1a: Swampert|confusion
|-damage|p1a: Swampert|34/100|[from] confusion
|
|-heal|p1a: Swampert|40/100|[from] item: Leftovers
|upkeep
|turn|11
|
|t:|1728428546
|-activate|p1a: Swampert|confusion
|-damage|p1a: Swampert|33/100|[from] confusion
|move|p2a: Metagross|Meteor Mash|p1a: Swampert
|-resisted|p1a: Swampert
|-damage|p1a: Swampert|10/100
|
|-heal|p1a: Swampert|16/100|[from] item: Leftovers
|upkeep
|turn|12
|
|t:|1728428554
|switch|p1a: Skarmory|Skarmory, M|52/100
|move|p2a: Metagross|Rock Slide|p1a: Skarmory
|-damage|p1a: Skarmory|30/100
|
|-heal|p1a: Skarmory|36/100|[from] item: Leftovers
|upkeep
|turn|13
|
|t:|1728428563
|move|p1a: Skarmory|Spikes|p2a: Metagross
|-sidestart|p2: kolmisilma.|Spikes
|move|p2a: Metagross|Rock Slide|p1a: Skarmory
|-damage|p1a: Skarmory|11/100
|
|-heal|p1a: Skarmory|17/100|[from] item: Leftovers
|upkeep
|turn|14
|
|t:|1728428571
|move|p1a: Skarmory|Protect|p1a: Skarmory
|-singleturn|p1a: Skarmory|Protect
|move|p2a: Metagross|Dynamic Punch|p1a: Skarmory
|-activate|p1a: Skarmory|Protect
|
|-heal|p1a: Skarmory|23/100|[from] item: Leftovers
|upkeep
|turn|15
|
|t:|1728428585
|switch|p1a: Swampert|Swampert, F|16/100
|move|p2a: Metagross|Ice Punch|p1a: Swampert
|-damage|p1a: Swampert|2/100
|
|-heal|p1a: Swampert|8/100|[from] item: Leftovers
|upkeep
|turn|16
|
|t:|1728428592
|move|p1a: Swampert|Protect|p1a: Swampert
|-singleturn|p1a: Swampert|Protect
|move|p2a: Metagross|Rock Slide|p1a: Swampert
|-activate|p1a: Swampert|Protect
|
|-heal|p1a: Swampert|15/100|[from] item: Leftovers
|upkeep
|turn|17
|
|t:|1728428601
|move|p2a: Metagross|Meteor Mash|p1a: Swampert|[miss]
|-miss|p2a: Metagross|p1a: Swampert
|move|p1a: Swampert|Roar|p2a: Metagross
|drag|p2a: Ludicolo|Ludicolo, M|88/100 tox
|-damage|p2a: Ludicolo|63/100 tox|[from] Spikes
|
|-heal|p2a: Ludicolo|69/100 tox|[from] item: Leftovers
|-damage|p2a: Ludicolo|63/100 tox|[from] psn
|-heal|p1a: Swampert|21/100|[from] item: Leftovers
|upkeep
|turn|18
|
|t:|1728428608
|move|p1a: Swampert|Protect|p1a: Swampert
|-singleturn|p1a: Swampert|Protect
|move|p2a: Ludicolo|Leech Seed|p1a: Swampert
|-activate|p1a: Swampert|Protect
|
|-heal|p2a: Ludicolo|69/100 tox|[from] item: Leftovers
|-damage|p2a: Ludicolo|57/100 tox|[from] psn
|-heal|p1a: Swampert|27/100|[from] item: Leftovers
|upkeep
|turn|19
|
|t:|1728428620
|switch|p1a: Skarmory|Skarmory, M|23/100
|move|p2a: Ludicolo|Leech Seed|p1a: Skarmory
|-start|p1a: Skarmory|move: Leech Seed
|
|-heal|p2a: Ludicolo|63/100 tox|[from] item: Leftovers
|-damage|p2a: Ludicolo|45/100 tox|[from] psn
|-heal|p1a: Skarmory|29/100|[from] item: Leftovers
|-damage|p1a: Skarmory|17/100|[from] Leech Seed|[of] p2a: Ludicolo
|-heal|p2a: Ludicolo|57/100 tox|[silent]
|upkeep
|turn|20
|
|t:|1728428629
|switch|p1a: Blissey|Blissey, F|100/100
|move|p2a: Ludicolo|Hydro Pump|p1a: Blissey
|-damage|p1a: Blissey|85/100
|
|-heal|p2a: Ludicolo|63/100 tox|[from] item: Leftovers
|-damage|p2a: Ludicolo|38/100 tox|[from] psn
|-heal|p1a: Blissey|91/100|[from] item: Leftovers
|upkeep
|turn|21
|
|t:|1728428636
|move|p2a: Ludicolo|Leech Seed|p1a: Blissey
|-start|p1a: Blissey|move: Leech Seed
|move|p1a: Blissey|Fire Blast|p2a: Ludicolo
|-damage|p2a: Ludicolo|8/100 tox
|
|-heal|p2a: Ludicolo|14/100 tox|[from] item: Leftovers
|-damage|p2a: Ludicolo|0 fnt|[from] psn
|faint|p2a: Ludicolo
|-heal|p1a: Blissey|98/100|[from] item: Leftovers
|upkeep
|
|t:|1728428643
|switch|p2a: Metagross|Metagross|100/100
|-damage|p2a: Metagross|75/100|[from] Spikes
|turn|22
|
|t:|1728428656
|switch|p1a: Skarmory|Skarmory, M|17/100
|move|p2a: Metagross|Dynamic Punch|p1a: Skarmory
|-damage|p1a: Skarmory|0 fnt
|faint|p1a: Skarmory
|
|t:|1728428664
|switch|p1a: Charizard|Charizard, F|100/100
|
|upkeep
|turn|23
|
|t:|1728428670
|move|p1a: Charizard|Fire Blast|p2a: Metagross
|-supereffective|p2a: Metagross
|-damage|p2a: Metagross|0 fnt
|faint|p2a: Metagross
|
|t:|1728428679
|switch|p2a: Kingdra|Kingdra, M|100/100
|-damage|p2a: Kingdra|76/100|[from] Spikes
|
|-heal|p2a: Kingdra|82/100|[from] item: Leftovers
|upkeep
|turn|24
|
|t:|1728428689
|switch|p1a: Tyranitar|Tyranitar, M|73/100
|-weather|Sandstorm|[from] ability: Sand Stream|[of] p1a: Tyranitar
|move|p2a: Kingdra|Dragon Dance|p2a: Kingdra
|-boost|p2a: Kingdra|atk|1
|-boost|p2a: Kingdra|spe|1
|
|-weather|Sandstorm|[upkeep]
|-damage|p2a: Kingdra|76/100|[from] Sandstorm
|-heal|p2a: Kingdra|82/100|[from] item: Leftovers
|-heal|p1a: Tyranitar|79/100|[from] item: Leftovers
|upkeep
|turn|25
|
|t:|1728428708
|switch|p1a: Blissey|Blissey, F|98/100
|move|p2a: Kingdra|Blizzard|p1a: Blissey
|-damage|p1a: Blissey|83/100
|
|-weather|Sandstorm|[upkeep]
|-damage|p2a: Kingdra|76/100|[from] Sandstorm
|-damage|p1a: Blissey|77/100|[from] Sandstorm
|-heal|p2a: Kingdra|82/100|[from] item: Leftovers
|-heal|p1a: Blissey|83/100|[from] item: Leftovers
|upkeep
|turn|26
|
|t:|1728428718
|move|p2a: Kingdra|Hydro Pump|p1a: Blissey|[miss]
|-miss|p2a: Kingdra|p1a: Blissey
|move|p1a: Blissey|Toxic|p2a: Kingdra
|-status|p2a: Kingdra|tox
|
|-weather|Sandstorm|[upkeep]
|-damage|p2a: Kingdra|76/100 tox|[from] Sandstorm
|-damage|p1a: Blissey|77/100|[from] Sandstorm
|-heal|p2a: Kingdra|82/100 tox|[from] item: Leftovers
|-damage|p2a: Kingdra|76/100 tox|[from] psn
|-heal|p1a: Blissey|83/100|[from] item: Leftovers
|upkeep
|turn|27
|
|t:|1728428723
|move|p2a: Kingdra|Hydro Pump|p1a: Blissey
|-damage|p1a: Blissey|59/100
|move|p1a: Blissey|Soft-Boiled|p1a: Blissey
|-heal|p1a: Blissey|100/100
|
|-weather|Sandstorm|[upkeep]
|-damage|p2a: Kingdra|70/100 tox|[from] Sandstorm
|-damage|p1a: Blissey|94/100|[from] Sandstorm
|-heal|p2a: Kingdra|76/100 tox|[from] item: Leftovers
|-damage|p2a: Kingdra|63/100 tox|[from] psn
|-heal|p1a: Blissey|100/100|[from] item: Leftovers
|upkeep
|turn|28
|
|t:|1728428731
|move|p2a: Kingdra|Hydro Pump|p1a: Blissey
|-damage|p1a: Blissey|77/100
|move|p1a: Blissey|Fire Blast|p2a: Kingdra
|-resisted|p2a: Kingdra
|-damage|p2a: Kingdra|53/100 tox
|
|-weather|Sandstorm|[upkeep]
|-damage|p2a: Kingdra|47/100 tox|[from] Sandstorm
|-damage|p1a: Blissey|71/100|[from] Sandstorm
|-heal|p2a: Kingdra|53/100 tox|[from] item: Leftovers
|-damage|p2a: Kingdra|35/100 tox|[from] psn
|-heal|p1a: Blissey|77/100|[from] item: Leftovers
|upkeep
|turn|29
|
|t:|1728428743
|move|p2a: Kingdra|Rain Dance|p2a: Kingdra
|-weather|RainDance
|move|p1a: Blissey|Fire Blast|p2a: Kingdra
|-resisted|p2a: Kingdra
|-damage|p2a: Kingdra|30/100 tox
|
|-weather|RainDance|[upkeep]
|-heal|p2a: Kingdra|37/100 tox|[from] item: Leftovers
|-damage|p2a: Kingdra|12/100 tox|[from] psn
|-heal|p1a: Blissey|83/100|[from] item: Leftovers
|upkeep
|turn|30
|
|t:|1728428749
|move|p2a: Kingdra|Hydro Pump|p1a: Blissey
|-damage|p1a: Blissey|49/100
|move|p1a: Blissey|Soft-Boiled|p1a: Blissey
|-heal|p1a: Blissey|99/100
|
|-weather|RainDance|[upkeep]
|-heal|p2a: Kingdra|18/100 tox|[from] item: Leftovers
|-damage|p2a: Kingdra|0 fnt|[from] psn
|faint|p2a: Kingdra
|-heal|p1a: Blissey|100/100|[from] item: Leftovers
|upkeep
|
|t:|1728428754
|switch|p2a: Lanturn|Lanturn, M|100/100
|-damage|p2a: Lanturn|76/100|[from] Spikes
|turn|31
|
|t:|1728428761
|move|p2a: Lanturn|Thunder|p1a: Blissey
|-damage|p1a: Blissey|79/100
|move|p1a: Blissey|Toxic|p2a: Lanturn
|-status|p2a: Lanturn|tox
|
|-weather|RainDance|[upkeep]
|-damage|p2a: Lanturn|69/100 tox|[from] psn
|-heal|p1a: Blissey|85/100|[from] item: Leftovers
|upkeep
|turn|32
|
|t:|1728428772
|move|p2a: Lanturn|Thunder|p1a: Blissey
|-damage|p1a: Blissey|67/100
|move|p1a: Blissey|Fire Blast|p2a: Lanturn
|-resisted|p2a: Lanturn
|-damage|p2a: Lanturn|62/100 tox
|
|-weather|RainDance|[upkeep]
|-damage|p2a: Lanturn|49/100 tox|[from] psn
|-heal|p1a: Blissey|73/100|[from] item: Leftovers
|upkeep
|turn|33
|
|t:|1728428780
|move|p2a: Lanturn|Water Pulse|p1a: Blissey
|-damage|p1a: Blissey|57/100
|move|p1a: Blissey|Soft-Boiled|p1a: Blissey
|-heal|p1a: Blissey|100/100
|
|-weather|none
|-damage|p2a: Lanturn|31/100 tox|[from] psn
|upkeep
|turn|34
|
|t:|1728428800
|move|p2a: Lanturn|Blizzard|p1a: Blissey
|-damage|p1a: Blissey|87/100
|move|p1a: Blissey|Fire Blast|p2a: Lanturn|[miss]
|-miss|p1a: Blissey|p2a: Lanturn
|
|-damage|p2a: Lanturn|6/100 tox|[from] psn
|-heal|p1a: Blissey|93/100|[from] item: Leftovers
|upkeep
|turn|35
|
|t:|1728428806
|move|p2a: Lanturn|Thunder|p1a: Blissey
|-damage|p1a: Blissey|74/100
|move|p1a: Blissey|Soft-Boiled|p1a: Blissey
|-heal|p1a: Blissey|100/100
|
|-damage|p2a: Lanturn|0 fnt|[from] psn
|faint|p2a: Lanturn
|upkeep
|
|t:|1728428808
|switch|p2a: Politoed|Politoed, M, shiny|100/100
|-damage|p2a: Politoed|76/100|[from] Spikes
|turn|36
|
|t:|1728428811
|move|p2a: Politoed|Hydro Pump|p1a: Blissey|[miss]
|-miss|p2a: Politoed|p1a: Blissey
|move|p1a: Blissey|Toxic|p2a: Politoed|[miss]
|-miss|p1a: Blissey|p2a: Politoed
|
|upkeep
|turn|37
|
|t:|1728428816
|move|p2a: Politoed|Hydro Pump|p1a: Blissey
|-damage|p1a: Blissey|80/100
|-heal|p2a: Politoed|80/100|[from] item: Shell Bell|[of] p1a: Blissey
|move|p1a: Blissey|Toxic|p2a: Politoed
|-status|p2a: Politoed|tox
|
|-damage|p2a: Politoed|74/100 tox|[from] psn
|-heal|p1a: Blissey|86/100|[from] item: Leftovers
|upkeep
|turn|38
|
|t:|1728428823
|move|p2a: Politoed|Hydro Pump|p1a: Blissey
|-damage|p1a: Blissey|63/100
|-heal|p2a: Politoed|79/100 tox|[from] item: Shell Bell|[of] p1a: Blissey
|move|p1a: Blissey|Fire Blast|p2a: Politoed|[miss]
|-miss|p1a: Blissey|p2a: Politoed
|
|-damage|p2a: Politoed|67/100 tox|[from] psn
|-heal|p1a: Blissey|69/100|[from] item: Leftovers
|upkeep
|turn|39
|
|t:|1728428831
|move|p2a: Politoed|Hydro Pump|p1a: Blissey
|-damage|p1a: Blissey|48/100
|-heal|p2a: Politoed|71/100 tox|[from] item: Shell Bell|[of] p1a: Blissey
|move|p1a: Blissey|Soft-Boiled|p1a: Blissey
|-heal|p1a: Blissey|98/100
|
|-damage|p2a: Politoed|53/100 tox|[from] psn
|-heal|p1a: Blissey|100/100|[from] item: Leftovers
|upkeep
|turn|40
|
|t:|1728428837
|move|p2a: Politoed|Hydro Pump|p1a: Blissey|[miss]
|-miss|p2a: Politoed|p1a: Blissey
|move|p1a: Blissey|Fire Blast|p2a: Politoed|[miss]
|-miss|p1a: Blissey|p2a: Politoed
|
|-damage|p2a: Politoed|29/100 tox|[from] psn
|upkeep
|turn|41
|
|t:|1728428841
|move|p2a: Politoed|Hydro Pump|p1a: Blissey
|-damage|p1a: Blissey|80/100
|-heal|p2a: Politoed|33/100 tox|[from] item: Shell Bell|[of] p1a: Blissey
|move|p1a: Blissey|Fire Blast|p2a: Politoed
|-resisted|p2a: Politoed
|-damage|p2a: Politoed|19/100 tox
|
|-damage|p2a: Politoed|0 fnt|[from] psn
|faint|p2a: Politoed
|
|win|moowee
|upkeep
|c|☆moowee|gg
|player|p2|

</script>
<script type="application/json" class="data" id="replaydata-smogtours-gen3ou-796532">
{"id":"smogtours-gen3ou-796532","format":"[Gen 3] OU","players":["moowee","kolmisilma."],"uploadtime":1728428841,"views":113,"formatid":"gen3ou","rating":null,"private":0,"password":null}
</script>

<script defer src="js/replays.js?9d40a366"></script>
