<!DOCTYPE html>
<meta charset="utf-8" />
<meta name="viewport" content="width=device-width" />

<title>[Gen 3] OU: RBVengeance vs. xlimexheep - Replays - Pok&eacute;mon Showdown!</title>

<meta name="description" content="Watch a replay of a Pok&eacute;mon battle between RBVengeance and xlimexheep! Format: [Gen 3] OU; Date: Oct 13, 2024" />
<!--

Hey, you! Looking in the source for the replay log?

You can find them in JSON format, just add `.json` at the end of a replay URL.

https://replay.pokemonshowdown.com/gen7randomdoublesbattle-865046831.json

Or, if you only need the log itself, add `.log` instead:

https://replay.pokemonshowdown.com/gen7randomdoublesbattle-865046831.log

-->

<link rel="stylesheet" href="//pokemonshowdown.com/style/global.css?0.023195364461161105" />
<link rel="stylesheet" href="//play.pokemonshowdown.com/style/font-awesome.css?0.13261647063804238" />
<link rel="stylesheet" href="//play.pokemonshowdown.com/style/battle.css?0.8753245789963631" />
<link rel="stylesheet" href="//play.pokemonshowdown.com/style/utilichart.css?0.8627959624976733" />

<!-- Global site tag (gtag.js) - Google Analytics -->
<script async src="https://www.googletagmanager.com/gtag/js?id=UA-26211653-1"></script>
<script>
  window.dataLayer = window.dataLayer || [];
  function gtag(){dataLayer.push(arguments);}
  gtag('js', new Date());

  gtag('config', 'UA-26211653-1');
</script>
<!-- End Google Analytics -->
<!-- Venatus Ad Manager - Install in <HEAD> of page -->
	<script src="https://hb.vntsm.com/v3/live/ad-manager.min.js" type="text/javascript" data-site-id="642aba63ec9a7b11c3c9c1be" data-mode="scan" async></script>
<!-- / Venatus Ad Manager -->

<style>
	@media (max-width:820px) {
		.battle {
			margin: 0 auto;
		}
		.battle-log {
			margin: 7px auto 0;
			max-width: 640px;
			height: 300px;
			position: static;
		}
	}
	.optgroup {
		display: inline-block;
		line-height: 22px;
		font-size: 10pt;
	}
	.optgroup .button {
		height: 25px;
		padding-top: 0;
		padding-bottom: 0;
	}
	.optgroup button.button {
		padding-left: 12px;
		padding-right: 12px;
	}
	.linklist {
		list-style: none;
		margin: 0.5em 0;
		padding: 0;
	}
	.linklist li {
		padding: 2px 0;
	}
	.sidebar {
		float: left;
		width: 320px;
	}
	.bar-wrapper {
		max-width: 1100px;
		margin: 0 auto;
	}
	.bar-wrapper.has-sidebar {
		max-width: 1430px;
	}
	.mainbar {
		margin: 0;
		padding-right: 1px;
	}
	.mainbar.has-sidebar {
		margin-left: 330px;
	}
	@media (min-width: 1511px) {
		.sidebar {
			width: 400px;
		}
		.bar-wrapper.has-sidebar {
			max-width: 1510px;
		}
		.mainbar.has-sidebar {
			margin-left: 410px;
		}
	}
	.section.first-section {
		margin-top: 9px;
	}
	.blocklink small {
		white-space: normal;
	}
	.button {
		vertical-align: middle;
	}
	.replay-controls {
		padding-top: 10px;
	}
	.replay-controls h1 {
		font-size: 16pt;
		font-weight: normal;
		color: #CCC;
	}
	.pagelink {
		text-align: center;
	}
	.pagelink a {
		width: 150px;
	}
	.textbox, .button {
		font-size: 11pt;
		vertical-align: middle;
	}
	@media (max-width: 450px) {
		.button {
			font-size: 9pt;
		}
	}
</style>

<div>

	<header>
		<div class="nav-wrapper"><ul class="nav">
			<li><a class="button nav-first" href="//pokemonshowdown.com/"><img src="//pokemonshowdown.com/images/pokemonshowdownbeta.png" srcset="//pokemonshowdown.com/images/pokemonshowdownbeta.png 1x, //pokemonshowdown.com/images/pokemonshowdownbeta@2x.png 2x" alt="Pok&eacute;mon Showdown" width="146" height="44" /> Home</a></li>
			<li><a class="button" href="//pokemonshowdown.com/dex/">Pok&eacute;dex</a></li>
			<li><a class="button cur" href="/">Replays</a></li>
			<li><a class="button" href="//pokemonshowdown.com/ladder/">Ladder</a></li>
			<li><a class="button nav-last" href="//pokemonshowdown.com/forums/">Forum</a></li>
			<li><a class="button greenbutton nav-first nav-last" href="//play.pokemonshowdown.com/">Play</a></li>
		</ul></div>
	</header>

	<div class="main" id="main">

		<noscript><section class="section">You need to enable JavaScript to use this page; sorry!</section></noscript>

	</div>

</div>

<script defer nomodule src="//play.pokemonshowdown.com/js/lib/ps-polyfill.js"></script>
<script defer src="//play.pokemonshowdown.com/js/lib/preact.min.js"></script>

<script defer src="//play.pokemonshowdown.com/config/config.js?2bddbc15"></script>
<script defer src="//play.pokemonshowdown.com/js/lib/jquery-1.11.0.min.js"></script>
<script defer src="//play.pokemonshowdown.com/js/lib/html-sanitizer-minified.js"></script>
<script defer src="//play.pokemonshowdown.com/js/battle-sound.js"></script>
<script defer src="//play.pokemonshowdown.com/js/battledata.js?0.7209276989879541"></script>
<script defer src="//play.pokemonshowdown.com/data/pokedex-mini.js?0.6111056340867951"></script>
<script defer src="//play.pokemonshowdown.com/data/pokedex-mini-bw.js?0.3532142036491459"></script>
<script defer src="//play.pokemonshowdown.com/data/graphics.js?0.24223875632456182"></script>
<script defer src="//play.pokemonshowdown.com/data/pokedex.js?0.38839984266356864"></script>
<script defer src="//play.pokemonshowdown.com/data/moves.js?0.21866028504024015"></script>
<script defer src="//play.pokemonshowdown.com/data/abilities.js?0.2005157953846628"></script>
<script defer src="//play.pokemonshowdown.com/data/items.js?0.9894211263848525"></script>
<script defer src="//play.pokemonshowdown.com/data/teambuilder-tables.js?0.6008791140282215"></script>
<script defer src="//play.pokemonshowdown.com/js/battle-tooltips.js?0.7580118955022959"></script>
<script defer src="//play.pokemonshowdown.com/js/battle.js?0.6057722274234274"></script>

<script defer src="js/utils.js?e31f9a17"></script>
<script defer src="js/replays-battle.js?7008c182"></script>

<!-- don't scrape this data! just add .json or .log after the URL!
Full API docs: https://github.com/smogon/pokemon-showdown-client/blob/master/WEB-API.md -->
<script type="text/plain" class="log" id="replaylog-smogtours-gen3ou-797885">
|inactive|Battle timer is ON: inactive players will automatically lose when time's up.
|t:|1728777812
|gametype|singles
|player|p1|RBVengeance|leaf-masters2|
|player|p2|xlimexheep|schoolkidf|
|teamsize|p1|6
|teamsize|p2|6
|gen|3
|tier|[Gen 3] OU
|rule|Sleep Clause Mod: Limit one foe put to sleep
|rule|Switch Priority Clause Mod: Faster Pokémon switch first
|rule|Species Clause: Limit one of each Pokémon
|rule|OHKO Clause: OHKO moves are banned
|rule|Evasion Items Clause: Evasion items are banned
|rule|Evasion Moves Clause: Evasion moves are banned
|rule|Endless Battle Clause: Forcing endless battles is banned
|rule|HP Percentage Mod: HP is shown in percentages
|rule|One Boost Passer Clause: Limit one Baton Passer that has a way to boost its stats
|rule|Freeze Clause Mod: Limit one foe frozen
|
|t:|1728777812
|start
|switch|p1a: Ciniks|Metagross|100/100
|switch|p2a: tryra|Tyranitar, F|100/100
|-weather|Sandstorm|[from] ability: Sand Stream|[of] p2a: tryra
|turn|1
|c|☆RBVengeance|hf
|
|t:|1728777826
|move|p1a: Ciniks|Meteor Mash|p2a: tryra
|-supereffective|p2a: tryra
|-damage|p2a: tryra|0 fnt
|faint|p2a: tryra
|
|t:|1728777830
|switch|p2a: flamin dyke|Charizard, F|100/100
|
|-weather|Sandstorm|[upkeep]
|-damage|p2a: flamin dyke|94/100|[from] Sandstorm
|-heal|p2a: flamin dyke|100/100|[from] item: Leftovers
|upkeep
|turn|2
|
|t:|1728777836
|switch|p1a: Ramen|Milotic, F|100/100
|move|p2a: flamin dyke|Substitute|p2a: flamin dyke
|-start|p2a: flamin dyke|Substitute
|-damage|p2a: flamin dyke|76/100
|
|-weather|Sandstorm|[upkeep]
|-damage|p2a: flamin dyke|70/100|[from] Sandstorm
|-damage|p1a: Ramen|94/100|[from] Sandstorm
|-heal|p2a: flamin dyke|76/100|[from] item: Leftovers
|-heal|p1a: Ramen|100/100|[from] item: Leftovers
|upkeep
|turn|3
|
|t:|1728777846
|move|p2a: flamin dyke|Hidden Power|p1a: Ramen
|-supereffective|p1a: Ramen
|-damage|p1a: Ramen|73/100
|move|p1a: Ramen|Surf|p2a: flamin dyke
|-supereffective|p2a: flamin dyke
|-end|p2a: flamin dyke|Substitute
|
|-weather|Sandstorm|[upkeep]
|-damage|p2a: flamin dyke|70/100|[from] Sandstorm
|-damage|p1a: Ramen|67/100|[from] Sandstorm
|-heal|p2a: flamin dyke|76/100|[from] item: Leftovers
|-heal|p1a: Ramen|73/100|[from] item: Leftovers
|upkeep
|turn|4
|
|t:|1728777856
|switch|p2a: snowball|Snorlax, F, shiny|100/100
|move|p1a: Ramen|Surf|p2a: snowball
|-damage|p2a: snowball|82/100
|
|-weather|Sandstorm|[upkeep]
|-damage|p1a: Ramen|67/100|[from] Sandstorm
|-damage|p2a: snowball|75/100|[from] Sandstorm
|-heal|p1a: Ramen|73/100|[from] item: Leftovers
|-heal|p2a: snowball|82/100|[from] item: Leftovers
|upkeep
|turn|5
|
|t:|1728777867
|switch|p1a: Georgia|Skarmory, M|100/100
|move|p2a: snowball|Earthquake|p1a: Georgia
|-immune|p1a: Georgia
|
|-weather|Sandstorm|[upkeep]
|-damage|p2a: snowball|75/100|[from] Sandstorm
|-heal|p2a: snowball|82/100|[from] item: Leftovers
|upkeep
|turn|6
|
|t:|1728777875
|-singleturn|p2a: snowball|move: Focus Punch
|move|p1a: Georgia|Toxic|p2a: snowball
|-immune|p2a: snowball|[from] ability: Immunity
|move|p2a: snowball|Focus Punch|p1a: Georgia
|-damage|p1a: Georgia|76/100
|
|-weather|Sandstorm|[upkeep]
|-damage|p2a: snowball|75/100|[from] Sandstorm
|-heal|p1a: Georgia|82/100|[from] item: Leftovers
|-heal|p2a: snowball|82/100|[from] item: Leftovers
|upkeep
|turn|7
|
|t:|1728777886
|-singleturn|p2a: snowball|move: Focus Punch
|move|p1a: Georgia|Spikes|p2a: snowball
|-sidestart|p2: xlimexheep|Spikes
|move|p2a: snowball|Focus Punch|p1a: Georgia
|-damage|p1a: Georgia|55/100
|
|-weather|Sandstorm|[upkeep]
|-damage|p2a: snowball|75/100|[from] Sandstorm
|-heal|p1a: Georgia|61/100|[from] item: Leftovers
|-heal|p2a: snowball|82/100|[from] item: Leftovers
|upkeep
|turn|8
|inactive|RBVengeance has 270 seconds left.
|
|t:|1728777921
|switch|p2a: yucker|Metagross|100/100
|-damage|p2a: yucker|88/100|[from] Spikes
|move|p1a: Georgia|Spikes|p2a: yucker
|-sidestart|p2: xlimexheep|Spikes
|
|-weather|Sandstorm|[upkeep]
|-heal|p2a: yucker|94/100|[from] item: Leftovers
|-heal|p1a: Georgia|67/100|[from] item: Leftovers
|upkeep
|turn|9
|inactive|RBVengeance has 270 seconds left.
|
|t:|1728777931
|switch|p1a: Biff Manly|Charizard, M|100/100
|move|p2a: yucker|Agility|p2a: yucker
|-boost|p2a: yucker|spe|2
|
|-weather|Sandstorm|[upkeep]
|-damage|p1a: Biff Manly|94/100|[from] Sandstorm
|-heal|p2a: yucker|100/100|[from] item: Leftovers
|upkeep
|turn|10
|inactive|RBVengeance has 270 seconds left.
|
|t:|1728777952
|move|p2a: yucker|Meteor Mash|p1a: Biff Manly
|-resisted|p1a: Biff Manly
|-damage|p1a: Biff Manly|52/100
|move|p1a: Biff Manly|Fire Blast|p2a: yucker|[miss]
|-miss|p1a: Biff Manly|p2a: yucker
|
|-weather|Sandstorm|[upkeep]
|-damage|p1a: Biff Manly|46/100|[from] Sandstorm
|upkeep
|turn|11
|
|t:|1728777964
|move|p2a: yucker|Meteor Mash|p1a: Biff Manly
|-resisted|p1a: Biff Manly
|-damage|p1a: Biff Manly|7/100
|move|p1a: Biff Manly|Fire Blast|p2a: yucker
|-supereffective|p2a: yucker
|-crit|p2a: yucker
|-damage|p2a: yucker|0 fnt
|faint|p2a: yucker
|
|t:|1728777971
|switch|p2a: literal doll|Claydol|100/100
|
|-weather|Sandstorm|[upkeep]
|-damage|p1a: Biff Manly|1/100|[from] Sandstorm
|-enditem|p1a: Biff Manly|Salac Berry|[eat]
|-boost|p1a: Biff Manly|spe|1|[from] item: Salac Berry
|upkeep
|turn|12
|inactive|RBVengeance has 270 seconds left.
|
|t:|1728777980
|move|p1a: Biff Manly|Fire Blast|p2a: literal doll
|-damage|p2a: literal doll|24/100
|move|p2a: literal doll|Rapid Spin|p1a: Biff Manly
|-damage|p1a: Biff Manly|0 fnt
|-sideend|p2: xlimexheep|Spikes|[from] move: Rapid Spin|[of] p2a: literal doll
|faint|p1a: Biff Manly
|inactive|RBVengeance has 270 seconds left.
|
|t:|1728777989
|switch|p1a: Ciniks|Metagross|100/100
|
|-weather|Sandstorm|[upkeep]
|-heal|p2a: literal doll|30/100|[from] item: Leftovers
|upkeep
|turn|13
|
|t:|1728777998
|move|p1a: Ciniks|Meteor Mash|p2a: literal doll|[miss]
|-miss|p1a: Ciniks|p2a: literal doll
|move|p2a: literal doll|Earthquake|p1a: Ciniks
|-supereffective|p1a: Ciniks
|-damage|p1a: Ciniks|35/100
|
|-weather|Sandstorm|[upkeep]
|-heal|p2a: literal doll|37/100|[from] item: Leftovers
|upkeep
|turn|14
|
|t:|1728778007
|switch|p1a: Georgia|Skarmory, M|67/100
|move|p2a: literal doll|Earthquake|p1a: Georgia
|-immune|p1a: Georgia
|
|-weather|Sandstorm|[upkeep]
|-heal|p2a: literal doll|43/100|[from] item: Leftovers
|-heal|p1a: Georgia|73/100|[from] item: Leftovers
|upkeep
|turn|15
|
|t:|1728778017
|switch|p2a: snowball|Snorlax, F, shiny|82/100
|move|p1a: Georgia|Toxic|p2a: snowball
|-immune|p2a: snowball|[from] ability: Immunity
|
|-weather|Sandstorm|[upkeep]
|-damage|p2a: snowball|75/100|[from] Sandstorm
|-heal|p1a: Georgia|79/100|[from] item: Leftovers
|-heal|p2a: snowball|82/100|[from] item: Leftovers
|upkeep
|turn|16
|inactive|RBVengeance has 270 seconds left.
|
|t:|1728778051
|move|p1a: Georgia|Spikes|p2a: snowball
|-sidestart|p2: xlimexheep|Spikes
|move|p2a: snowball|Body Slam|p1a: Georgia
|-resisted|p1a: Georgia
|-damage|p1a: Georgia|68/100
|
|-weather|Sandstorm|[upkeep]
|-damage|p2a: snowball|75/100|[from] Sandstorm
|-heal|p1a: Georgia|74/100|[from] item: Leftovers
|-heal|p2a: snowball|82/100|[from] item: Leftovers
|upkeep
|turn|17
|inactive|RBVengeance has 270 seconds left.
|
|t:|1728778060
|move|p1a: Georgia|Spikes|p2a: snowball
|-sidestart|p2: xlimexheep|Spikes
|move|p2a: snowball|Body Slam|p1a: Georgia
|-resisted|p1a: Georgia
|-damage|p1a: Georgia|62/100
|-status|p1a: Georgia|par
|
|-weather|Sandstorm|[upkeep]
|-damage|p2a: snowball|75/100|[from] Sandstorm
|-heal|p2a: snowball|82/100|[from] item: Leftovers
|-heal|p1a: Georgia|68/100 par|[from] item: Leftovers
|upkeep
|turn|18
|inactive|RBVengeance has 270 seconds left.
|
|t:|1728778072
|-singleturn|p2a: snowball|move: Focus Punch
|cant|p1a: Georgia|par
|move|p2a: snowball|Focus Punch|p1a: Georgia
|-damage|p1a: Georgia|39/100 par
|
|-weather|Sandstorm|[upkeep]
|-damage|p2a: snowball|75/100|[from] Sandstorm
|-heal|p2a: snowball|82/100|[from] item: Leftovers
|-heal|p1a: Georgia|45/100 par|[from] item: Leftovers
|upkeep
|turn|19
|inactive|RBVengeance has 270 seconds left.
|
|t:|1728778083
|-singleturn|p2a: snowball|move: Focus Punch
|move|p1a: Georgia|Spikes|p2a: snowball
|-sidestart|p2: xlimexheep|Spikes
|move|p2a: snowball|Focus Punch|p1a: Georgia
|-damage|p1a: Georgia|18/100 par
|
|-weather|Sandstorm|[upkeep]
|-damage|p2a: snowball|75/100|[from] Sandstorm
|-heal|p2a: snowball|82/100|[from] item: Leftovers
|-heal|p1a: Georgia|24/100 par|[from] item: Leftovers
|upkeep
|turn|20
|inactive|RBVengeance has 270 seconds left.
|
|t:|1728778119
|-singleturn|p2a: snowball|move: Focus Punch
|move|p2a: snowball|Focus Punch|p1a: Georgia
|-damage|p1a: Georgia|0 fnt
|faint|p1a: Georgia
|
|t:|1728778124
|switch|p1a: Ciniks|Metagross|35/100
|
|-weather|Sandstorm|[upkeep]
|-damage|p2a: snowball|75/100|[from] Sandstorm
|-heal|p2a: snowball|82/100|[from] item: Leftovers
|upkeep
|turn|21
|inactive|RBVengeance has 240 seconds left.
|
|t:|1728778143
|move|p1a: Ciniks|Explosion|p2a: snowball
|-damage|p2a: snowball|0 fnt
|faint|p1a: Ciniks
|faint|p2a: snowball
|
|t:|1728778150
|switch|p1a: Crystal|Espeon, F|100/100
|switch|p2a: lappy|Lapras, F, shiny|100/100
|-damage|p2a: lappy|75/100|[from] Spikes
|
|-weather|Sandstorm|[upkeep]
|-damage|p1a: Crystal|94/100|[from] Sandstorm
|-damage|p2a: lappy|69/100|[from] Sandstorm
|-heal|p1a: Crystal|100/100|[from] item: Leftovers
|-heal|p2a: lappy|75/100|[from] item: Leftovers
|upkeep
|turn|22
|
|t:|1728778159
|move|p1a: Crystal|Calm Mind|p1a: Crystal
|-boost|p1a: Crystal|spa|1
|-boost|p1a: Crystal|spd|1
|move|p2a: lappy|Perish Song|p2a: lappy
|-start|p1a: Crystal|perish3|[silent]
|-start|p2a: lappy|perish3|[silent]
|-fieldactivate|move: Perish Song
|
|-weather|Sandstorm|[upkeep]
|-damage|p1a: Crystal|94/100|[from] Sandstorm
|-damage|p2a: lappy|69/100|[from] Sandstorm
|-heal|p1a: Crystal|100/100|[from] item: Leftovers
|-heal|p2a: lappy|75/100|[from] item: Leftovers
|-start|p1a: Crystal|perish3
|-start|p2a: lappy|perish3
|upkeep
|turn|23
|
|t:|1728778171
|move|p1a: Crystal|Psychic|p2a: lappy
|-damage|p2a: lappy|33/100
|move|p2a: lappy|Hydro Pump|p1a: Crystal
|-damage|p1a: Crystal|72/100
|
|-weather|Sandstorm|[upkeep]
|-damage|p1a: Crystal|66/100|[from] Sandstorm
|-damage|p2a: lappy|27/100|[from] Sandstorm
|-heal|p1a: Crystal|72/100|[from] item: Leftovers
|-heal|p2a: lappy|33/100|[from] item: Leftovers
|-start|p1a: Crystal|perish2
|-start|p2a: lappy|perish2
|upkeep
|turn|24
|
|t:|1728778182
|switch|p2a: literal doll|Claydol|43/100
|move|p1a: Crystal|Psychic|p2a: literal doll
|-resisted|p2a: literal doll
|-damage|p2a: literal doll|17/100
|
|-weather|Sandstorm|[upkeep]
|-damage|p1a: Crystal|66/100|[from] Sandstorm
|-heal|p1a: Crystal|72/100|[from] item: Leftovers
|-heal|p2a: literal doll|23/100|[from] item: Leftovers
|-start|p1a: Crystal|perish1
|upkeep
|turn|25
|
|t:|1728778200
|switch|p1a: Ramen|Milotic, F|73/100
|move|p2a: literal doll|Explosion|p1a: Ramen
|-damage|p1a: Ramen|0 fnt
|faint|p2a: literal doll
|faint|p1a: Ramen
|
|t:|1728778211
|switch|p1a: DougDougDoug|Dugtrio, M|100/100
|switch|p2a: flamin dyke|Charizard, F|76/100
|
|-weather|Sandstorm|[upkeep]
|-damage|p2a: flamin dyke|70/100|[from] Sandstorm
|-heal|p2a: flamin dyke|76/100|[from] item: Leftovers
|upkeep
|turn|26
|
|t:|1728778219
|move|p1a: DougDougDoug|Rock Slide|p2a: flamin dyke
|-supereffective|p2a: flamin dyke
|-crit|p2a: flamin dyke
|-damage|p2a: flamin dyke|0 fnt
|faint|p2a: flamin dyke
|
|t:|1728778221
|switch|p2a: lappy|Lapras, F, shiny|33/100
|-damage|p2a: lappy|8/100|[from] Spikes
|
|-weather|Sandstorm|[upkeep]
|-damage|p2a: lappy|2/100|[from] Sandstorm
|-heal|p2a: lappy|8/100|[from] item: Leftovers
|upkeep
|turn|27
|
|t:|1728778229
|move|p1a: DougDougDoug|Rock Slide|p2a: lappy
|-supereffective|p2a: lappy
|-damage|p2a: lappy|0 fnt
|faint|p2a: lappy
|
|win|RBVengeance
|c|☆xlimexheep|ggs
|c|☆RBVengeance|gg

</script>
<script type="application/json" class="data" id="replaydata-smogtours-gen3ou-797885">
{"id":"smogtours-gen3ou-797885","format":"[Gen 3] OU","players":["RBVengeance","xlimexheep"],"uploadtime":1728778229,"views":100,"formatid":"gen3ou","rating":null,"private":0,"password":null}
</script>

<script defer src="js/replays.js?9d40a366"></script>
