<!DOCTYPE html>
<meta charset="utf-8" />
<meta name="viewport" content="width=device-width" />

<title>[Gen 3] OU: AverageWalrus vs. MadelinMorningStar - Replays - Pok&eacute;mon Showdown!</title>

<meta name="description" content="Watch a replay of a Pok&eacute;mon battle between AverageWalrus and MadelinMorningStar! Format: [Gen 3] OU; Date: Oct 5, 2024" />
<!--

Hey, you! Looking in the source for the replay log?

You can find them in JSON format, just add `.json` at the end of a replay URL.

https://replay.pokemonshowdown.com/gen7randomdoublesbattle-865046831.json

Or, if you only need the log itself, add `.log` instead:

https://replay.pokemonshowdown.com/gen7randomdoublesbattle-865046831.log

-->

<link rel="stylesheet" href="//pokemonshowdown.com/style/global.css?0.023195364461161105" />
<link rel="stylesheet" href="//play.pokemonshowdown.com/style/font-awesome.css?0.13261647063804238" />
<link rel="stylesheet" href="//play.pokemonshowdown.com/style/battle.css?0.8753245789963631" />
<link rel="stylesheet" href="//play.pokemonshowdown.com/style/utilichart.css?0.8627959624976733" />

<!-- Global site tag (gtag.js) - Google Analytics -->
<script async src="https://www.googletagmanager.com/gtag/js?id=UA-26211653-1"></script>
<script>
  window.dataLayer = window.dataLayer || [];
  function gtag(){dataLayer.push(arguments);}
  gtag('js', new Date());

  gtag('config', 'UA-26211653-1');
</script>
<!-- End Google Analytics -->
<!-- Venatus Ad Manager - Install in <HEAD> of page -->
	<script src="https://hb.vntsm.com/v3/live/ad-manager.min.js" type="text/javascript" data-site-id="642aba63ec9a7b11c3c9c1be" data-mode="scan" async></script>
<!-- / Venatus Ad Manager -->

<style>
	@media (max-width:820px) {
		.battle {
			margin: 0 auto;
		}
		.battle-log {
			margin: 7px auto 0;
			max-width: 640px;
			height: 300px;
			position: static;
		}
	}
	.optgroup {
		display: inline-block;
		line-height: 22px;
		font-size: 10pt;
	}
	.optgroup .button {
		height: 25px;
		padding-top: 0;
		padding-bottom: 0;
	}
	.optgroup button.button {
		padding-left: 12px;
		padding-right: 12px;
	}
	.linklist {
		list-style: none;
		margin: 0.5em 0;
		padding: 0;
	}
	.linklist li {
		padding: 2px 0;
	}
	.sidebar {
		float: left;
		width: 320px;
	}
	.bar-wrapper {
		max-width: 1100px;
		margin: 0 auto;
	}
	.bar-wrapper.has-sidebar {
		max-width: 1430px;
	}
	.mainbar {
		margin: 0;
		padding-right: 1px;
	}
	.mainbar.has-sidebar {
		margin-left: 330px;
	}
	@media (min-width: 1511px) {
		.sidebar {
			width: 400px;
		}
		.bar-wrapper.has-sidebar {
			max-width: 1510px;
		}
		.mainbar.has-sidebar {
			margin-left: 410px;
		}
	}
	.section.first-section {
		margin-top: 9px;
	}
	.blocklink small {
		white-space: normal;
	}
	.button {
		vertical-align: middle;
	}
	.replay-controls {
		padding-top: 10px;
	}
	.replay-controls h1 {
		font-size: 16pt;
		font-weight: normal;
		color: #CCC;
	}
	.pagelink {
		text-align: center;
	}
	.pagelink a {
		width: 150px;
	}
	.textbox, .button {
		font-size: 11pt;
		vertical-align: middle;
	}
	@media (max-width: 450px) {
		.button {
			font-size: 9pt;
		}
	}
</style>

<div>

	<header>
		<div class="nav-wrapper"><ul class="nav">
			<li><a class="button nav-first" href="//pokemonshowdown.com/"><img src="//pokemonshowdown.com/images/pokemonshowdownbeta.png" srcset="//pokemonshowdown.com/images/pokemonshowdownbeta.png 1x, //pokemonshowdown.com/images/pokemonshowdownbeta@2x.png 2x" alt="Pok&eacute;mon Showdown" width="146" height="44" /> Home</a></li>
			<li><a class="button" href="//pokemonshowdown.com/dex/">Pok&eacute;dex</a></li>
			<li><a class="button cur" href="/">Replays</a></li>
			<li><a class="button" href="//pokemonshowdown.com/ladder/">Ladder</a></li>
			<li><a class="button nav-last" href="//pokemonshowdown.com/forums/">Forum</a></li>
			<li><a class="button greenbutton nav-first nav-last" href="//play.pokemonshowdown.com/">Play</a></li>
		</ul></div>
	</header>

	<div class="main" id="main">

		<noscript><section class="section">You need to enable JavaScript to use this page; sorry!</section></noscript>

	</div>

</div>

<script defer nomodule src="//play.pokemonshowdown.com/js/lib/ps-polyfill.js"></script>
<script defer src="//play.pokemonshowdown.com/js/lib/preact.min.js"></script>

<script defer src="//play.pokemonshowdown.com/config/config.js?2bddbc15"></script>
<script defer src="//play.pokemonshowdown.com/js/lib/jquery-1.11.0.min.js"></script>
<script defer src="//play.pokemonshowdown.com/js/lib/html-sanitizer-minified.js"></script>
<script defer src="//play.pokemonshowdown.com/js/battle-sound.js"></script>
<script defer src="//play.pokemonshowdown.com/js/battledata.js?0.7209276989879541"></script>
<script defer src="//play.pokemonshowdown.com/data/pokedex-mini.js?0.6111056340867951"></script>
<script defer src="//play.pokemonshowdown.com/data/pokedex-mini-bw.js?0.3532142036491459"></script>
<script defer src="//play.pokemonshowdown.com/data/graphics.js?0.24223875632456182"></script>
<script defer src="//play.pokemonshowdown.com/data/pokedex.js?0.38839984266356864"></script>
<script defer src="//play.pokemonshowdown.com/data/moves.js?0.21866028504024015"></script>
<script defer src="//play.pokemonshowdown.com/data/abilities.js?0.2005157953846628"></script>
<script defer src="//play.pokemonshowdown.com/data/items.js?0.9894211263848525"></script>
<script defer src="//play.pokemonshowdown.com/data/teambuilder-tables.js?0.6008791140282215"></script>
<script defer src="//play.pokemonshowdown.com/js/battle-tooltips.js?0.7580118955022959"></script>
<script defer src="//play.pokemonshowdown.com/js/battle.js?0.6057722274234274"></script>

<script defer src="js/utils.js?e31f9a17"></script>
<script defer src="js/replays-battle.js?7008c182"></script>

<!-- don't scrape this data! just add .json or .log after the URL!
Full API docs: https://github.com/smogon/pokemon-showdown-client/blob/master/WEB-API.md -->
<script type="text/plain" class="log" id="replaylog-smogtours-gen3ou-795063">
|inactive|Battle timer is ON: inactive players will automatically lose when time's up.
|t:|1728150265
|gametype|singles
|player|p1|AverageWalrus|bugsy|
|player|p2|MadelinMorningStar|265|
|teamsize|p1|6
|teamsize|p2|6
|gen|3
|tier|[Gen 3] OU
|rule|Sleep Clause Mod: Limit one foe put to sleep
|rule|Switch Priority Clause Mod: Faster Pokémon switch first
|rule|Species Clause: Limit one of each Pokémon
|rule|OHKO Clause: OHKO moves are banned
|rule|Evasion Items Clause: Evasion items are banned
|rule|Evasion Moves Clause: Evasion moves are banned
|rule|Endless Battle Clause: Forcing endless battles is banned
|rule|HP Percentage Mod: HP is shown in percentages
|rule|One Boost Passer Clause: Limit one Baton Passer that has a way to boost its stats
|rule|Freeze Clause Mod: Limit one foe frozen
|
|t:|1728150265
|start
|switch|p1a: Jynx|Jynx, F|100/100
|switch|p2a: Kyoshi|Blissey, F|100/100
|turn|1
|
|t:|1728150281
|switch|p1a: Metagross|Metagross|100/100
|move|p2a: Kyoshi|Seismic Toss|p1a: Metagross
|-damage|p1a: Metagross|70/100
|
|upkeep
|turn|2
|
|t:|1728150285
|switch|p2a: Katara|Milotic, M|100/100
|move|p1a: Metagross|Explosion|p2a: Katara
|-damage|p2a: Katara|0 fnt
|faint|p1a: Metagross
|faint|p2a: Katara
|
|t:|1728150293
|switch|p1a: Snorlax|Snorlax, F|100/100
|switch|p2a: Bumi|Dugtrio, F|100/100
|
|upkeep
|turn|3
|
|t:|1728150296
|switch|p2a: Appa|Skarmory, F|100/100
|move|p1a: Snorlax|Body Slam|p2a: Appa
|-resisted|p2a: Appa
|-damage|p2a: Appa|86/100
|
|-heal|p2a: Appa|92/100|[from] item: Leftovers
|upkeep
|turn|4
|
|t:|1728150303
|switch|p1a: Jynx|Jynx, F|100/100
|move|p2a: Appa|Spikes|p1a: Jynx
|-sidestart|p1: AverageWalrus|Spikes
|
|-heal|p2a: Appa|98/100|[from] item: Leftovers
|upkeep
|turn|5
|
|t:|1728150306
|move|p2a: Appa|Protect|p2a: Appa
|-singleturn|p2a: Appa|Protect
|move|p1a: Jynx|Lovely Kiss|p2a: Appa
|-activate|p2a: Appa|Protect
|
|-heal|p2a: Appa|100/100|[from] item: Leftovers
|upkeep
|turn|6
|
|t:|1728150322
|switch|p1a: Starmie|Starmie|100/100
|-damage|p1a: Starmie|88/100|[from] Spikes
|switch|p2a: Kyoshi|Blissey, F|100/100
|
|-heal|p1a: Starmie|94/100|[from] item: Leftovers
|upkeep
|turn|7
|
|t:|1728150332
|move|p1a: Starmie|Thunder Wave|p2a: Kyoshi
|-status|p2a: Kyoshi|par
|move|p2a: Kyoshi|Seismic Toss|p1a: Starmie
|-damage|p1a: Starmie|63/100
|
|-heal|p1a: Starmie|70/100|[from] item: Leftovers
|upkeep
|turn|8
|
|t:|1728150340
|move|p1a: Starmie|Rapid Spin|p2a: Kyoshi
|-damage|p2a: Kyoshi|98/100 par
|-sideend|p1: AverageWalrus|Spikes|[from] move: Rapid Spin|[of] p1a: Starmie
|move|p2a: Kyoshi|Seismic Toss|p1a: Starmie
|-damage|p1a: Starmie|39/100
|
|-heal|p1a: Starmie|45/100|[from] item: Leftovers
|-heal|p2a: Kyoshi|100/100 par|[from] item: Leftovers
|upkeep
|turn|9
|
|t:|1728150343
|switch|p1a: Snorlax|Snorlax, F|100/100
|-curestatus|p2a: Kyoshi|par|[from] ability: Natural Cure
|switch|p2a: Appa|Skarmory, F|100/100
|
|upkeep
|turn|10
|
|t:|1728150346
|move|p2a: Appa|Spikes|p1a: Snorlax
|-sidestart|p1: AverageWalrus|Spikes
|move|p1a: Snorlax|Curse|p1a: Snorlax
|-unboost|p1a: Snorlax|spe|1
|-boost|p1a: Snorlax|atk|1
|-boost|p1a: Snorlax|def|1
|
|upkeep
|turn|11
|
|t:|1728150351
|move|p2a: Appa|Protect|p2a: Appa
|-singleturn|p2a: Appa|Protect
|move|p1a: Snorlax|Body Slam|p2a: Appa
|-activate|p2a: Appa|Protect
|
|upkeep
|turn|12
|
|t:|1728150355
|move|p1a: Snorlax|Body Slam|p2a: Appa
|-resisted|p2a: Appa
|-crit|p2a: Appa
|-damage|p2a: Appa|61/100
|move|p2a: Appa|Roar|p1a: Snorlax
|drag|p1a: Jynx|Jynx, F|100/100
|-damage|p1a: Jynx|88/100|[from] Spikes
|
|-heal|p2a: Appa|67/100|[from] item: Leftovers
|upkeep
|turn|13
|
|t:|1728150365
|move|p2a: Appa|Protect|p2a: Appa
|-singleturn|p2a: Appa|Protect
|move|p1a: Jynx|Lovely Kiss|p2a: Appa|[miss]
|-miss|p1a: Jynx|p2a: Appa
|
|-heal|p2a: Appa|73/100|[from] item: Leftovers
|upkeep
|turn|14
|
|t:|1728150388
|switch|p2a: Kyoshi|Blissey, F|100/100
|move|p1a: Jynx|Substitute|p1a: Jynx
|-start|p1a: Jynx|Substitute
|-damage|p1a: Jynx|64/100
|
|upkeep
|turn|15
|
|t:|1728150396
|move|p1a: Jynx|Lovely Kiss|p2a: Kyoshi
|-status|p2a: Kyoshi|slp|[from] move: Lovely Kiss
|cant|p2a: Kyoshi|slp
|
|upkeep
|turn|16
|
|t:|1728150405
|-curestatus|p2a: Kyoshi|slp|[from] ability: Natural Cure
|switch|p2a: Korra|Suicune|100/100
|move|p1a: Jynx|Calm Mind|p1a: Jynx
|-boost|p1a: Jynx|spa|1
|-boost|p1a: Jynx|spd|1
|
|upkeep
|turn|17
|
|t:|1728150414
|switch|p2a: Sokka|Claydol|100/100
|move|p1a: Jynx|Lovely Kiss|p2a: Sokka|[miss]
|-miss|p1a: Jynx|p2a: Sokka
|
|upkeep
|turn|18
|
|t:|1728150420
|switch|p2a: Korra|Suicune|100/100
|move|p1a: Jynx|Ice Beam|p2a: Korra
|-resisted|p2a: Korra
|-damage|p2a: Korra|75/100
|
|-heal|p2a: Korra|81/100|[from] item: Leftovers
|upkeep
|turn|19
|
|t:|1728150427
|move|p1a: Jynx|Lovely Kiss|p2a: Korra
|-status|p2a: Korra|slp|[from] move: Lovely Kiss
|cant|p2a: Korra|slp
|
|-heal|p2a: Korra|87/100 slp|[from] item: Leftovers
|upkeep
|turn|20
|
|t:|1728150430
|switch|p2a: Kyoshi|Blissey, F|100/100
|move|p1a: Jynx|Calm Mind|p1a: Jynx
|-boost|p1a: Jynx|spa|1
|-boost|p1a: Jynx|spd|1
|
|upkeep
|turn|21
|
|t:|1728150433
|move|p1a: Jynx|Ice Beam|p2a: Kyoshi
|-damage|p2a: Kyoshi|63/100
|move|p2a: Kyoshi|Seismic Toss|p1a: Jynx
|-end|p1a: Jynx|Substitute
|
|-heal|p2a: Kyoshi|69/100|[from] item: Leftovers
|upkeep
|turn|22
|
|t:|1728150443
|move|p1a: Jynx|Ice Beam|p2a: Kyoshi
|-damage|p2a: Kyoshi|29/100
|move|p2a: Kyoshi|Soft-Boiled|p2a: Kyoshi
|-heal|p2a: Kyoshi|79/100
|
|-heal|p2a: Kyoshi|85/100|[from] item: Leftovers
|upkeep
|turn|23
|
|t:|1728150451
|move|p1a: Jynx|Ice Beam|p2a: Kyoshi
|-damage|p2a: Kyoshi|42/100
|move|p2a: Kyoshi|Seismic Toss|p1a: Jynx
|-damage|p1a: Jynx|27/100
|
|-heal|p2a: Kyoshi|48/100|[from] item: Leftovers
|upkeep
|turn|24
|
|t:|1728150456
|move|p1a: Jynx|Ice Beam|p2a: Kyoshi
|-damage|p2a: Kyoshi|9/100
|move|p2a: Kyoshi|Soft-Boiled|p2a: Kyoshi
|-heal|p2a: Kyoshi|59/100
|
|-heal|p2a: Kyoshi|65/100|[from] item: Leftovers
|upkeep
|turn|25
|
|t:|1728150467
|move|p1a: Jynx|Ice Beam|p2a: Kyoshi
|-damage|p2a: Kyoshi|22/100
|move|p2a: Kyoshi|Soft-Boiled|p2a: Kyoshi
|-heal|p2a: Kyoshi|72/100
|
|-heal|p2a: Kyoshi|79/100|[from] item: Leftovers
|upkeep
|turn|26
|
|t:|1728150474
|move|p1a: Jynx|Ice Beam|p2a: Kyoshi
|-damage|p2a: Kyoshi|37/100
|move|p2a: Kyoshi|Soft-Boiled|p2a: Kyoshi
|-heal|p2a: Kyoshi|87/100
|
|-heal|p2a: Kyoshi|93/100|[from] item: Leftovers
|upkeep
|turn|27
|
|t:|1728150478
|move|p1a: Jynx|Calm Mind|p1a: Jynx
|-boost|p1a: Jynx|spa|1
|-boost|p1a: Jynx|spd|1
|move|p2a: Kyoshi|Seismic Toss|p1a: Jynx
|-damage|p1a: Jynx|0 fnt
|faint|p1a: Jynx
|
|t:|1728150484
|switch|p1a: Snorlax|Snorlax, F|100/100
|-damage|p1a: Snorlax|88/100|[from] Spikes
|
|-heal|p2a: Kyoshi|99/100|[from] item: Leftovers
|-heal|p1a: Snorlax|94/100|[from] item: Leftovers
|upkeep
|turn|28
|
|t:|1728150488
|switch|p2a: Appa|Skarmory, F|73/100
|move|p1a: Snorlax|Curse|p1a: Snorlax
|-unboost|p1a: Snorlax|spe|1
|-boost|p1a: Snorlax|atk|1
|-boost|p1a: Snorlax|def|1
|
|-heal|p2a: Appa|79/100|[from] item: Leftovers
|-heal|p1a: Snorlax|100/100|[from] item: Leftovers
|upkeep
|turn|29
|
|t:|1728150496
|move|p1a: Snorlax|Body Slam|p2a: Appa
|-resisted|p2a: Appa
|-crit|p2a: Appa
|-damage|p2a: Appa|39/100
|-status|p2a: Appa|par
|cant|p2a: Appa|par
|
|-heal|p2a: Appa|45/100 par|[from] item: Leftovers
|upkeep
|turn|30
|
|t:|1728150502
|cant|p2a: Appa|par
|move|p1a: Snorlax|Body Slam|p2a: Appa
|-resisted|p2a: Appa
|-damage|p2a: Appa|26/100 par
|
|-heal|p2a: Appa|32/100 par|[from] item: Leftovers
|upkeep
|turn|31
|
|t:|1728150527
|switch|p2a: Sokka|Claydol|100/100
|move|p1a: Snorlax|Curse|p1a: Snorlax
|-unboost|p1a: Snorlax|spe|1
|-boost|p1a: Snorlax|atk|1
|-boost|p1a: Snorlax|def|1
|
|upkeep
|turn|32
|
|t:|1728150538
|switch|p1a: Dugtrio|Dugtrio, M|100/100
|-damage|p1a: Dugtrio|88/100|[from] Spikes
|move|p2a: Sokka|Psychic|p1a: Dugtrio
|-damage|p1a: Dugtrio|37/100
|
|upkeep
|turn|33
|
|t:|1728150543
|move|p1a: Dugtrio|Hidden Power|p2a: Sokka
|-supereffective|p2a: Sokka
|-damage|p2a: Sokka|51/100
|move|p2a: Sokka|Psychic|p1a: Dugtrio
|-damage|p1a: Dugtrio|0 fnt
|faint|p1a: Dugtrio
|
|t:|1728150548
|switch|p1a: Starmie|Starmie|45/100
|-damage|p1a: Starmie|33/100|[from] Spikes
|
|-heal|p1a: Starmie|39/100|[from] item: Leftovers
|-heal|p2a: Sokka|57/100|[from] item: Leftovers
|upkeep
|turn|34
|
|t:|1728150551
|switch|p2a: Kyoshi|Blissey, F|99/100
|move|p1a: Starmie|Surf|p2a: Kyoshi
|-damage|p2a: Kyoshi|85/100
|
|-heal|p1a: Starmie|45/100|[from] item: Leftovers
|-heal|p2a: Kyoshi|91/100|[from] item: Leftovers
|upkeep
|turn|35
|
|t:|1728150556
|move|p1a: Starmie|Rapid Spin|p2a: Kyoshi
|-damage|p2a: Kyoshi|88/100
|-sideend|p1: AverageWalrus|Spikes|[from] move: Rapid Spin|[of] p1a: Starmie
|move|p2a: Kyoshi|Aromatherapy|p2a: Kyoshi
|-cureteam|p2a: Kyoshi|[from] move: Aromatherapy
|
|-heal|p1a: Starmie|51/100|[from] item: Leftovers
|-heal|p2a: Kyoshi|94/100|[from] item: Leftovers
|upkeep
|turn|36
|
|t:|1728150560
|switch|p1a: Snorlax|Snorlax, F|100/100
|move|p2a: Kyoshi|Seismic Toss|p1a: Snorlax
|-damage|p1a: Snorlax|80/100
|
|-heal|p2a: Kyoshi|100/100|[from] item: Leftovers
|-heal|p1a: Snorlax|87/100|[from] item: Leftovers
|upkeep
|turn|37
|
|t:|1728150568
|move|p2a: Kyoshi|Seismic Toss|p1a: Snorlax
|-damage|p1a: Snorlax|66/100
|move|p1a: Snorlax|Curse|p1a: Snorlax
|-unboost|p1a: Snorlax|spe|1
|-boost|p1a: Snorlax|atk|1
|-boost|p1a: Snorlax|def|1
|
|-heal|p1a: Snorlax|73/100|[from] item: Leftovers
|upkeep
|turn|38
|
|t:|1728150576
|move|p2a: Kyoshi|Seismic Toss|p1a: Snorlax
|-damage|p1a: Snorlax|53/100
|move|p1a: Snorlax|Body Slam|p2a: Kyoshi
|-damage|p2a: Kyoshi|50/100
|
|-heal|p2a: Kyoshi|56/100|[from] item: Leftovers
|-heal|p1a: Snorlax|59/100|[from] item: Leftovers
|upkeep
|turn|39
|
|t:|1728150596
|switch|p2a: Appa|Skarmory, F|32/100
|move|p1a: Snorlax|Body Slam|p2a: Appa
|-resisted|p2a: Appa
|-damage|p2a: Appa|12/100
|
|-heal|p2a: Appa|18/100|[from] item: Leftovers
|-heal|p1a: Snorlax|65/100|[from] item: Leftovers
|upkeep
|turn|40
|
|t:|1728150604
|move|p2a: Appa|Protect|p2a: Appa
|-singleturn|p2a: Appa|Protect
|move|p1a: Snorlax|Body Slam|p2a: Appa
|-activate|p2a: Appa|Protect
|
|-heal|p2a: Appa|24/100|[from] item: Leftovers
|-heal|p1a: Snorlax|71/100|[from] item: Leftovers
|upkeep
|turn|41
|
|t:|1728150609
|move|p1a: Snorlax|Body Slam|p2a: Appa
|-resisted|p2a: Appa
|-damage|p2a: Appa|4/100
|move|p2a: Appa|Roar|p1a: Snorlax
|drag|p1a: Starmie|Starmie|51/100
|
|-heal|p1a: Starmie|57/100|[from] item: Leftovers
|-heal|p2a: Appa|10/100|[from] item: Leftovers
|upkeep
|turn|42
|
|t:|1728150616
|move|p2a: Appa|Protect|p2a: Appa
|-singleturn|p2a: Appa|Protect
|move|p1a: Starmie|Surf|p2a: Appa
|-activate|p2a: Appa|Protect
|
|-heal|p1a: Starmie|63/100|[from] item: Leftovers
|-heal|p2a: Appa|16/100|[from] item: Leftovers
|upkeep
|turn|43
|
|t:|1728150619
|switch|p2a: Kyoshi|Blissey, F|56/100
|move|p1a: Starmie|Thunder Wave|p2a: Kyoshi
|-status|p2a: Kyoshi|par
|
|-heal|p1a: Starmie|70/100|[from] item: Leftovers
|-heal|p2a: Kyoshi|63/100 par|[from] item: Leftovers
|upkeep
|turn|44
|
|t:|1728150623
|switch|p1a: Heracross|Heracross, F|100/100
|move|p2a: Kyoshi|Soft-Boiled|p2a: Kyoshi
|-heal|p2a: Kyoshi|100/100 par
|
|upkeep
|turn|45
|
|t:|1728150632
|-curestatus|p2a: Kyoshi|par|[from] ability: Natural Cure
|switch|p2a: Sokka|Claydol|57/100
|move|p1a: Heracross|Substitute|p1a: Heracross
|-start|p1a: Heracross|Substitute
|-damage|p1a: Heracross|75/100
|
|-heal|p2a: Sokka|63/100|[from] item: Leftovers
|upkeep
|turn|46
|
|t:|1728150639
|move|p1a: Heracross|Megahorn|p2a: Sokka
|-supereffective|p2a: Sokka
|-damage|p2a: Sokka|0 fnt
|faint|p2a: Sokka
|
|t:|1728150643
|switch|p2a: Appa|Skarmory, F|16/100
|
|-heal|p2a: Appa|22/100|[from] item: Leftovers
|upkeep
|turn|47
|
|t:|1728150650
|move|p2a: Appa|Protect|p2a: Appa
|-singleturn|p2a: Appa|Protect
|move|p1a: Heracross|Megahorn|p2a: Appa
|-activate|p2a: Appa|Protect
|
|-heal|p2a: Appa|28/100|[from] item: Leftovers
|upkeep
|turn|48
|
|t:|1728150672
|move|p1a: Heracross|Substitute|p1a: Heracross
|-fail|p1a: Heracross|move: Substitute
|move|p2a: Appa|Roar|p1a: Heracross
|drag|p1a: Snorlax|Snorlax, F|71/100
|
|-heal|p2a: Appa|34/100|[from] item: Leftovers
|-heal|p1a: Snorlax|78/100|[from] item: Leftovers
|upkeep
|turn|49
|
|t:|1728150681
|move|p1a: Snorlax|Curse|p1a: Snorlax
|-unboost|p1a: Snorlax|spe|1
|-boost|p1a: Snorlax|atk|1
|-boost|p1a: Snorlax|def|1
|move|p2a: Appa|Roar|p1a: Snorlax
|drag|p1a: Heracross|Heracross, F|75/100
|
|-heal|p2a: Appa|40/100|[from] item: Leftovers
|upkeep
|turn|50
|
|t:|1728150693
|move|p2a: Appa|Protect|p2a: Appa
|-singleturn|p2a: Appa|Protect
|move|p1a: Heracross|Substitute|p1a: Heracross
|-start|p1a: Heracross|Substitute
|-damage|p1a: Heracross|50/100
|
|-heal|p2a: Appa|46/100|[from] item: Leftovers
|upkeep
|turn|51
|
|t:|1728150701
|move|p1a: Heracross|Megahorn|p2a: Appa
|-resisted|p2a: Appa
|-damage|p2a: Appa|34/100
|move|p2a: Appa|Roar|p1a: Heracross
|drag|p1a: Snorlax|Snorlax, F|78/100
|
|-heal|p2a: Appa|40/100|[from] item: Leftovers
|-heal|p1a: Snorlax|84/100|[from] item: Leftovers
|upkeep
|turn|52
|
|t:|1728150706
|move|p2a: Appa|Protect|p2a: Appa
|-singleturn|p2a: Appa|Protect
|move|p1a: Snorlax|Body Slam|p2a: Appa
|-activate|p2a: Appa|Protect
|
|-heal|p2a: Appa|46/100|[from] item: Leftovers
|-heal|p1a: Snorlax|90/100|[from] item: Leftovers
|upkeep
|turn|53
|
|t:|1728150718
|move|p2a: Appa|Spikes|p1a: Snorlax
|-sidestart|p1: AverageWalrus|Spikes
|move|p1a: Snorlax|Body Slam|p2a: Appa
|-resisted|p2a: Appa
|-damage|p2a: Appa|33/100
|-status|p2a: Appa|par
|
|-heal|p1a: Snorlax|96/100|[from] item: Leftovers
|-heal|p2a: Appa|39/100 par|[from] item: Leftovers
|upkeep
|turn|54
|
|t:|1728150722
|move|p1a: Snorlax|Curse|p1a: Snorlax
|-unboost|p1a: Snorlax|spe|1
|-boost|p1a: Snorlax|atk|1
|-boost|p1a: Snorlax|def|1
|move|p2a: Appa|Roar|p1a: Snorlax
|drag|p1a: Heracross|Heracross, F|50/100
|-damage|p1a: Heracross|38/100|[from] Spikes
|
|-heal|p2a: Appa|45/100 par|[from] item: Leftovers
|upkeep
|turn|55
|
|t:|1728150732
|switch|p1a: Starmie|Starmie|70/100
|-damage|p1a: Starmie|57/100|[from] Spikes
|move|p2a: Appa|Roar|p1a: Starmie
|drag|p1a: Heracross|Heracross, F|38/100
|-damage|p1a: Heracross|26/100|[from] Spikes
|
|-heal|p2a: Appa|51/100 par|[from] item: Leftovers
|upkeep
|turn|56
|
|t:|1728150741
|move|p2a: Appa|Protect|p2a: Appa
|-singleturn|p2a: Appa|Protect
|move|p1a: Heracross|Reversal|p2a: Appa
|-activate|p2a: Appa|Protect
|
|-heal|p2a: Appa|57/100 par|[from] item: Leftovers
|upkeep
|turn|57
|
|t:|1728150752
|move|p1a: Heracross|Reversal|p2a: Appa
|-damage|p2a: Appa|23/100 par
|cant|p2a: Appa|par
|
|-heal|p2a: Appa|29/100 par|[from] item: Leftovers
|upkeep
|turn|58
|
|t:|1728150774
|switch|p2a: Kyoshi|Blissey, F|100/100
|move|p1a: Heracross|Reversal|p2a: Kyoshi
|-supereffective|p2a: Kyoshi
|-damage|p2a: Kyoshi|20/100
|
|-heal|p2a: Kyoshi|26/100|[from] item: Leftovers
|upkeep
|turn|59
|
|t:|1728150781
|move|p1a: Heracross|Substitute|p1a: Heracross
|-start|p1a: Heracross|Substitute
|-damage|p1a: Heracross|1/100
|move|p2a: Kyoshi|Seismic Toss|p1a: Heracross
|-end|p1a: Heracross|Substitute
|
|-enditem|p1a: Heracross|Salac Berry|[eat]
|-boost|p1a: Heracross|spe|1|[from] item: Salac Berry
|-heal|p2a: Kyoshi|32/100|[from] item: Leftovers
|upkeep
|turn|60
|
|t:|1728150787
|move|p1a: Heracross|Reversal|p2a: Kyoshi
|-supereffective|p2a: Kyoshi
|-damage|p2a: Kyoshi|0 fnt
|faint|p2a: Kyoshi
|
|t:|1728150790
|switch|p2a: Appa|Skarmory, F|29/100 par
|
|-heal|p2a: Appa|35/100 par|[from] item: Leftovers
|upkeep
|turn|61
|
|t:|1728150797
|move|p1a: Heracross|Reversal|p2a: Appa
|-damage|p2a: Appa|0 fnt
|faint|p2a: Appa
|
|t:|1728150799
|switch|p2a: Korra|Suicune|87/100
|
|-heal|p2a: Korra|93/100|[from] item: Leftovers
|upkeep
|turn|62
|
|t:|1728150818
|move|p1a: Heracross|Reversal|p2a: Korra
|-damage|p2a: Korra|39/100
|move|p2a: Korra|Surf|p1a: Heracross
|-damage|p1a: Heracross|0 fnt
|faint|p1a: Heracross
|
|t:|1728150823
|switch|p1a: Snorlax|Snorlax, F|96/100
|-damage|p1a: Snorlax|84/100|[from] Spikes
|
|-heal|p2a: Korra|45/100|[from] item: Leftovers
|-heal|p1a: Snorlax|90/100|[from] item: Leftovers
|upkeep
|turn|63
|
|t:|1728150833
|move|p2a: Korra|Rest|p2a: Korra
|-status|p2a: Korra|slp|[from] move: Rest
|-heal|p2a: Korra|100/100 slp|[silent]
|move|p1a: Snorlax|Curse|p1a: Snorlax
|-unboost|p1a: Snorlax|spe|1
|-boost|p1a: Snorlax|atk|1
|-boost|p1a: Snorlax|def|1
|
|-heal|p1a: Snorlax|96/100|[from] item: Leftovers
|upkeep
|turn|64
|
|t:|1728150838
|move|p1a: Snorlax|Curse|p1a: Snorlax
|-unboost|p1a: Snorlax|spe|1
|-boost|p1a: Snorlax|atk|1
|-boost|p1a: Snorlax|def|1
|cant|p2a: Korra|slp
|
|-heal|p1a: Snorlax|100/100|[from] item: Leftovers
|upkeep
|turn|65
|
|t:|1728150843
|cant|p2a: Korra|slp
|move|p1a: Snorlax|Curse|p1a: Snorlax
|-unboost|p1a: Snorlax|spe|1
|-boost|p1a: Snorlax|atk|1
|-boost|p1a: Snorlax|def|1
|
|upkeep
|turn|66
|
|t:|1728150844
|move|p1a: Snorlax|Body Slam|p2a: Korra
|-damage|p2a: Korra|55/100 slp
|-curestatus|p2a: Korra|slp|[msg]
|move|p2a: Korra|Roar|p1a: Snorlax
|drag|p1a: Starmie|Starmie|57/100
|-damage|p1a: Starmie|45/100|[from] Spikes
|
|-heal|p1a: Starmie|51/100|[from] item: Leftovers
|-heal|p2a: Korra|61/100|[from] item: Leftovers
|upkeep
|turn|67
|
|t:|1728150848
|move|p1a: Starmie|Thunder Wave|p2a: Korra
|-status|p2a: Korra|par
|move|p2a: Korra|Calm Mind|p2a: Korra
|-boost|p2a: Korra|spa|1
|-boost|p2a: Korra|spd|1
|
|-heal|p1a: Starmie|57/100|[from] item: Leftovers
|-heal|p2a: Korra|67/100 par|[from] item: Leftovers
|upkeep
|turn|68
|
|t:|1728150852
|switch|p1a: Snorlax|Snorlax, F|100/100
|-damage|p1a: Snorlax|88/100|[from] Spikes
|move|p2a: Korra|Calm Mind|p2a: Korra
|-boost|p2a: Korra|spa|1
|-boost|p2a: Korra|spd|1
|
|-heal|p1a: Snorlax|94/100|[from] item: Leftovers
|-heal|p2a: Korra|73/100 par|[from] item: Leftovers
|upkeep
|turn|69
|
|t:|1728150856
|move|p1a: Snorlax|Body Slam|p2a: Korra
|-damage|p2a: Korra|55/100 par
|move|p2a: Korra|Roar|p1a: Snorlax
|drag|p1a: Starmie|Starmie|57/100
|-damage|p1a: Starmie|45/100|[from] Spikes
|
|-heal|p1a: Starmie|51/100|[from] item: Leftovers
|-heal|p2a: Korra|61/100 par|[from] item: Leftovers
|upkeep
|turn|70
|
|t:|1728150863
|move|p1a: Starmie|Rapid Spin|p2a: Korra
|-damage|p2a: Korra|59/100 par
|-sideend|p1: AverageWalrus|Spikes|[from] move: Rapid Spin|[of] p1a: Starmie
|move|p2a: Korra|Surf|p1a: Starmie
|-resisted|p1a: Starmie
|-damage|p1a: Starmie|12/100
|
|-heal|p1a: Starmie|18/100|[from] item: Leftovers
|-heal|p2a: Korra|66/100 par|[from] item: Leftovers
|upkeep
|turn|71
|
|t:|1728150867
|switch|p1a: Snorlax|Snorlax, F|94/100
|move|p2a: Korra|Surf|p1a: Snorlax
|-damage|p1a: Snorlax|64/100
|
|-heal|p1a: Snorlax|70/100|[from] item: Leftovers
|-heal|p2a: Korra|72/100 par|[from] item: Leftovers
|upkeep
|turn|72
|
|t:|1728150873
|move|p1a: Snorlax|Body Slam|p2a: Korra
|-damage|p2a: Korra|54/100 par
|move|p2a: Korra|Surf|p1a: Snorlax
|-damage|p1a: Snorlax|38/100
|
|-heal|p1a: Snorlax|45/100|[from] item: Leftovers
|-heal|p2a: Korra|60/100 par|[from] item: Leftovers
|upkeep
|turn|73
|
|t:|1728150877
|switch|p1a: Starmie|Starmie|18/100
|cant|p2a: Korra|par
|
|-heal|p1a: Starmie|25/100|[from] item: Leftovers
|-heal|p2a: Korra|66/100 par|[from] item: Leftovers
|upkeep
|turn|74
|
|t:|1728150881
|move|p1a: Starmie|Surf|p2a: Korra
|-resisted|p2a: Korra
|-damage|p2a: Korra|60/100 par
|cant|p2a: Korra|par
|
|-heal|p1a: Starmie|31/100|[from] item: Leftovers
|-heal|p2a: Korra|66/100 par|[from] item: Leftovers
|upkeep
|turn|75
|
|t:|1728150886
|move|p1a: Starmie|Surf|p2a: Korra
|-resisted|p2a: Korra
|-damage|p2a: Korra|60/100 par
|move|p2a: Korra|Calm Mind|p2a: Korra
|-boost|p2a: Korra|spa|1
|-boost|p2a: Korra|spd|1
|
|-heal|p1a: Starmie|37/100|[from] item: Leftovers
|-heal|p2a: Korra|66/100 par|[from] item: Leftovers
|upkeep
|turn|76
|
|t:|1728150889
|switch|p1a: Snorlax|Snorlax, F|45/100
|move|p2a: Korra|Surf|p1a: Snorlax
|-damage|p1a: Snorlax|7/100
|
|-heal|p1a: Snorlax|13/100|[from] item: Leftovers
|-heal|p2a: Korra|73/100 par|[from] item: Leftovers
|upkeep
|turn|77
|
|t:|1728150891
|move|p1a: Snorlax|Body Slam|p2a: Korra
|-damage|p2a: Korra|54/100 par
|move|p2a: Korra|Surf|p1a: Snorlax
|-crit|p1a: Snorlax
|-damage|p1a: Snorlax|0 fnt
|faint|p1a: Snorlax
|
|t:|1728150893
|switch|p1a: Starmie|Starmie|37/100
|
|-heal|p1a: Starmie|43/100|[from] item: Leftovers
|-heal|p2a: Korra|61/100 par|[from] item: Leftovers
|upkeep
|turn|78
|c|☆AverageWalrus|gg
|
|t:|1728150897
|move|p1a: Starmie|Surf|p2a: Korra
|-resisted|p2a: Korra
|-damage|p2a: Korra|56/100 par
|move|p2a: Korra|Surf|p1a: Starmie
|-resisted|p1a: Starmie
|-damage|p1a: Starmie|0 fnt
|faint|p1a: Starmie
|
|win|MadelinMorningStar
|c|☆MadelinMorningStar|gg
|player|p1|
|player|p1|AverageWalrus|bugsy|

</script>
<script type="application/json" class="data" id="replaydata-smogtours-gen3ou-795063">
{"id":"smogtours-gen3ou-795063","format":"[Gen 3] OU","players":["AverageWalrus","MadelinMorningStar"],"uploadtime":1728150897,"views":85,"formatid":"gen3ou","rating":null,"private":0,"password":null}
</script>

<script defer src="js/replays.js?9d40a366"></script>
