<!DOCTYPE html>
<meta charset="utf-8" />
<meta name="viewport" content="width=device-width" />

<title>[Gen 3] OU: SSBM Nicki vs. Leeto64 - Replays - Pok&eacute;mon Showdown!</title>

<meta name="description" content="Watch a replay of a Pok&eacute;mon battle between SSBM Nicki and Leeto64! Format: [Gen 3] OU; Date: Oct 9, 2024" />
<!--

Hey, you! Looking in the source for the replay log?

You can find them in JSON format, just add `.json` at the end of a replay URL.

https://replay.pokemonshowdown.com/gen7randomdoublesbattle-865046831.json

Or, if you only need the log itself, add `.log` instead:

https://replay.pokemonshowdown.com/gen7randomdoublesbattle-865046831.log

-->

<link rel="stylesheet" href="//pokemonshowdown.com/style/global.css?0.767286132409787" />
<link rel="stylesheet" href="//play.pokemonshowdown.com/style/font-awesome.css?0.9266228007934947" />
<link rel="stylesheet" href="//play.pokemonshowdown.com/style/battle.css?0.7924700842790926" />
<link rel="stylesheet" href="//play.pokemonshowdown.com/style/utilichart.css?0.8777417872839479" />

<!-- Global site tag (gtag.js) - Google Analytics -->
<script async src="https://www.googletagmanager.com/gtag/js?id=UA-26211653-1"></script>
<script>
  window.dataLayer = window.dataLayer || [];
  function gtag(){dataLayer.push(arguments);}
  gtag('js', new Date());

  gtag('config', 'UA-26211653-1');
</script>
<!-- End Google Analytics -->
<!-- Venatus Ad Manager - Install in <HEAD> of page -->
	<script src="https://hb.vntsm.com/v3/live/ad-manager.min.js" type="text/javascript" data-site-id="642aba63ec9a7b11c3c9c1be" data-mode="scan" async></script>
<!-- / Venatus Ad Manager -->

<style>
	@media (max-width:820px) {
		.battle {
			margin: 0 auto;
		}
		.battle-log {
			margin: 7px auto 0;
			max-width: 640px;
			height: 300px;
			position: static;
		}
	}
	.optgroup {
		display: inline-block;
		line-height: 22px;
		font-size: 10pt;
	}
	.optgroup .button {
		height: 25px;
		padding-top: 0;
		padding-bottom: 0;
	}
	.optgroup button.button {
		padding-left: 12px;
		padding-right: 12px;
	}
	.linklist {
		list-style: none;
		margin: 0.5em 0;
		padding: 0;
	}
	.linklist li {
		padding: 2px 0;
	}
	.sidebar {
		float: left;
		width: 320px;
	}
	.bar-wrapper {
		max-width: 1100px;
		margin: 0 auto;
	}
	.bar-wrapper.has-sidebar {
		max-width: 1430px;
	}
	.mainbar {
		margin: 0;
		padding-right: 1px;
	}
	.mainbar.has-sidebar {
		margin-left: 330px;
	}
	@media (min-width: 1511px) {
		.sidebar {
			width: 400px;
		}
		.bar-wrapper.has-sidebar {
			max-width: 1510px;
		}
		.mainbar.has-sidebar {
			margin-left: 410px;
		}
	}
	.section.first-section {
		margin-top: 9px;
	}
	.blocklink small {
		white-space: normal;
	}
	.button {
		vertical-align: middle;
	}
	.replay-controls {
		padding-top: 10px;
	}
	.replay-controls h1 {
		font-size: 16pt;
		font-weight: normal;
		color: #CCC;
	}
	.pagelink {
		text-align: center;
	}
	.pagelink a {
		width: 150px;
	}
	.textbox, .button {
		font-size: 11pt;
		vertical-align: middle;
	}
	@media (max-width: 450px) {
		.button {
			font-size: 9pt;
		}
	}
</style>

<div>

	<header>
		<div class="nav-wrapper"><ul class="nav">
			<li><a class="button nav-first" href="//pokemonshowdown.com/"><img src="//pokemonshowdown.com/images/pokemonshowdownbeta.png" srcset="//pokemonshowdown.com/images/pokemonshowdownbeta.png 1x, //pokemonshowdown.com/images/pokemonshowdownbeta@2x.png 2x" alt="Pok&eacute;mon Showdown" width="146" height="44" /> Home</a></li>
			<li><a class="button" href="//pokemonshowdown.com/dex/">Pok&eacute;dex</a></li>
			<li><a class="button cur" href="/">Replays</a></li>
			<li><a class="button" href="//pokemonshowdown.com/ladder/">Ladder</a></li>
			<li><a class="button nav-last" href="//pokemonshowdown.com/forums/">Forum</a></li>
			<li><a class="button greenbutton nav-first nav-last" href="//play.pokemonshowdown.com/">Play</a></li>
		</ul></div>
	</header>

	<div class="main" id="main">

		<noscript><section class="section">You need to enable JavaScript to use this page; sorry!</section></noscript>

	</div>

</div>

<script defer nomodule src="//play.pokemonshowdown.com/js/lib/ps-polyfill.js"></script>
<script defer src="//play.pokemonshowdown.com/js/lib/preact.min.js"></script>

<script defer src="//play.pokemonshowdown.com/config/config.js?6dec07f6"></script>
<script defer src="//play.pokemonshowdown.com/js/lib/jquery-1.11.0.min.js"></script>
<script defer src="//play.pokemonshowdown.com/js/lib/html-sanitizer-minified.js"></script>
<script defer src="//play.pokemonshowdown.com/js/battle-sound.js"></script>
<script defer src="//play.pokemonshowdown.com/js/battledata.js?0.6315294753075389"></script>
<script defer src="//play.pokemonshowdown.com/data/pokedex-mini.js?0.7603743185311358"></script>
<script defer src="//play.pokemonshowdown.com/data/pokedex-mini-bw.js?0.030888842834281283"></script>
<script defer src="//play.pokemonshowdown.com/data/graphics.js?0.05593094747507488"></script>
<script defer src="//play.pokemonshowdown.com/data/pokedex.js?0.47064822249611904"></script>
<script defer src="//play.pokemonshowdown.com/data/moves.js?0.8583693120512459"></script>
<script defer src="//play.pokemonshowdown.com/data/abilities.js?0.16017181182386842"></script>
<script defer src="//play.pokemonshowdown.com/data/items.js?0.4163379185673943"></script>
<script defer src="//play.pokemonshowdown.com/data/teambuilder-tables.js?0.31075597372830477"></script>
<script defer src="//play.pokemonshowdown.com/js/battle-tooltips.js?0.6536193500708172"></script>
<script defer src="//play.pokemonshowdown.com/js/battle.js?0.1916591943277901"></script>

<script defer src="js/utils.js?e31f9a17"></script>
<script defer src="js/replays-battle.js?7008c182"></script>

<!-- don't scrape this data! just add .json or .log after the URL!
Full API docs: https://github.com/smogon/pokemon-showdown-client/blob/master/WEB-API.md -->
<script type="text/plain" class="log" id="replaylog-smogtours-gen3ou-796715">
|inactive|Battle timer is ON: inactive players will automatically lose when time's up.
|t:|1728501023
|gametype|singles
|player|p1|SSBM Nicki|265|
|player|p2|Leeto64|acetrainerf-gen2|
|teamsize|p1|6
|teamsize|p2|6
|gen|3
|tier|[Gen 3] OU
|rule|Sleep Clause Mod: Limit one foe put to sleep
|rule|Switch Priority Clause Mod: Faster Pokémon switch first
|rule|Species Clause: Limit one of each Pokémon
|rule|OHKO Clause: OHKO moves are banned
|rule|Evasion Items Clause: Evasion items are banned
|rule|Evasion Moves Clause: Evasion moves are banned
|rule|Endless Battle Clause: Forcing endless battles is banned
|rule|HP Percentage Mod: HP is shown in percentages
|rule|One Boost Passer Clause: Limit one Baton Passer that has a way to boost its stats
|rule|Freeze Clause Mod: Limit one foe frozen
|
|t:|1728501023
|start
|switch|p1a: Hariyama|Hariyama, F|100/100
|switch|p2a: Regirock|Regirock|100/100
|turn|1
|
|t:|1728501034
|move|p1a: Hariyama|Knock Off|p2a: Regirock
|-damage|p2a: Regirock|98/100
|-enditem|p2a: Regirock|Leftovers|[from] move: Knock Off|[of] p1a: Hariyama
|-hint|In Gens 3-4, Knock Off only makes the target's item unusable; it cannot obtain a new item.
|move|p2a: Regirock|Counter|p1a: Hariyama
|
|upkeep
|turn|2
|inactive|SSBM Nicki has 270 seconds left.
|
|t:|1728501075
|switch|p2a: Salamence|Salamence, F, shiny|100/100
|-ability|p2a: Salamence|Intimidate|boost
|-unboost|p1a: Hariyama|atk|1
|move|p1a: Hariyama|Hidden Power|p2a: Salamence
|-resisted|p2a: Salamence
|-damage|p2a: Salamence|91/100
|
|-heal|p2a: Salamence|97/100|[from] item: Leftovers
|upkeep
|turn|3
|
|t:|1728501101
|switch|p1a: Starmie|Starmie|100/100
|move|p2a: Salamence|Hidden Power|p1a: Starmie
|-damage|p1a: Starmie|58/100
|
|-heal|p1a: Starmie|64/100|[from] item: Leftovers
|-heal|p2a: Salamence|100/100|[from] item: Leftovers
|upkeep
|turn|4
|
|t:|1728501106
|switch|p2a: Regice|Regice, shiny|100/100
|move|p1a: Starmie|Thunder Wave|p2a: Regice
|-status|p2a: Regice|par
|
|-heal|p1a: Starmie|71/100|[from] item: Leftovers
|upkeep
|turn|5
|
|t:|1728501112
|move|p1a: Starmie|Recover|p1a: Starmie
|-heal|p1a: Starmie|100/100
|move|p2a: Regice|Thunder Wave|p1a: Starmie
|-status|p1a: Starmie|par
|
|upkeep
|turn|6
|
|t:|1728501134
|-curestatus|p1a: Starmie|par|[from] ability: Natural Cure
|switch|p1a: Hariyama|Hariyama, F|100/100
|move|p2a: Regice|Thunderbolt|p1a: Hariyama
|-damage|p1a: Hariyama|66/100
|
|-heal|p1a: Hariyama|72/100|[from] item: Leftovers
|upkeep
|turn|7
|
|t:|1728501147
|move|p1a: Hariyama|Brick Break|p2a: Regice
|-supereffective|p2a: Regice
|-damage|p2a: Regice|23/100 par
|move|p2a: Regice|Thunder Wave|p1a: Hariyama
|-status|p1a: Hariyama|par
|
|-heal|p1a: Hariyama|78/100 par|[from] item: Leftovers
|-heal|p2a: Regice|29/100 par|[from] item: Leftovers
|upkeep
|turn|8
|
|t:|1728501164
|switch|p1a: Jirachi|Jirachi|100/100
|switch|p2a: Salamence|Salamence, F, shiny|100/100
|-ability|p2a: Salamence|Intimidate|boost
|-unboost|p1a: Jirachi|atk|1
|
|upkeep
|turn|9
|
|t:|1728501182
|switch|p2a: Regirock|Regirock|98/100
|move|p1a: Jirachi|Body Slam|p2a: Regirock
|-resisted|p2a: Regirock
|-damage|p2a: Regirock|95/100
|-status|p2a: Regirock|par
|
|upkeep
|turn|10
|inactive|SSBM Nicki has 240 seconds left.
|
|t:|1728501203
|move|p1a: Jirachi|Wish|p1a: Jirachi
|cant|p2a: Regirock|par
|
|upkeep
|turn|11
|inactive|SSBM Nicki has 240 seconds left.
|
|t:|1728501214
|switch|p1a: Hariyama|Hariyama, F|78/100 par
|cant|p2a: Regirock|par
|
|-heal|p1a: Hariyama|100/100 par|[from] move: Wish|[wisher] Jirachi
|upkeep
|turn|12
|inactive|SSBM Nicki has 240 seconds left.
|
|t:|1728501222
|-singleturn|p1a: Hariyama|move: Focus Punch
|move|p1a: Hariyama|Focus Punch|p2a: Regirock
|-supereffective|p2a: Regirock
|-damage|p2a: Regirock|0 fnt
|faint|p2a: Regirock
|
|t:|1728501231
|switch|p2a: Salamence|Salamence, F, shiny|100/100
|-ability|p2a: Salamence|Intimidate|boost
|-unboost|p1a: Hariyama|atk|1
|
|upkeep
|turn|13
|inactive|SSBM Nicki has 240 seconds left.
|
|t:|1728501252
|switch|p1a: Salamence|Salamence, M|100/100
|-ability|p1a: Salamence|Intimidate|boost
|-unboost|p2a: Salamence|atk|1
|move|p2a: Salamence|Dragon Dance|p2a: Salamence
|-boost|p2a: Salamence|atk|1
|-boost|p2a: Salamence|spe|1
|
|upkeep
|turn|14
|
|t:|1728501258
|move|p2a: Salamence|Rock Slide|p1a: Salamence
|-supereffective|p1a: Salamence
|-damage|p1a: Salamence|58/100
|move|p1a: Salamence|Toxic|p2a: Salamence|[miss]
|-miss|p1a: Salamence|p2a: Salamence
|
|-heal|p1a: Salamence|64/100|[from] item: Leftovers
|upkeep
|turn|15
|
|t:|1728501264
|switch|p2a: Registeel|Registeel|100/100
|move|p1a: Salamence|Wish|p1a: Salamence
|
|-heal|p1a: Salamence|70/100|[from] item: Leftovers
|upkeep
|turn|16
|inactive|SSBM Nicki has 240 seconds left.
|
|t:|1728501302
|switch|p1a: Hariyama|Hariyama, F|100/100 par
|move|p2a: Registeel|Seismic Toss|p1a: Hariyama
|-damage|p1a: Hariyama|77/100 par
|
|-heal|p1a: Hariyama|100/100 par|[from] move: Wish|[wisher] Salamence
|upkeep
|turn|17
|
|t:|1728501320
|cant|p1a: Hariyama|par
|move|p2a: Registeel|Counter|p1a: Hariyama
|
|upkeep
|turn|18
|
|t:|1728501324
|switch|p2a: Salamence|Salamence, F, shiny|100/100
|-ability|p2a: Salamence|Intimidate|boost
|-unboost|p1a: Hariyama|atk|1
|cant|p1a: Hariyama|par
|
|upkeep
|turn|19
|inactive|SSBM Nicki has 240 seconds left.
|
|t:|1728501335
|switch|p1a: Starmie|Starmie|100/100
|move|p2a: Salamence|Hidden Power|p1a: Starmie
|-damage|p1a: Starmie|59/100
|
|-heal|p1a: Starmie|65/100|[from] item: Leftovers
|upkeep
|turn|20
|inactive|SSBM Nicki has 240 seconds left.
|
|t:|1728501344
|switch|p2a: Registeel|Registeel|100/100
|move|p1a: Starmie|Recover|p1a: Starmie
|-heal|p1a: Starmie|100/100
|
|upkeep
|turn|21
|
|t:|1728501350
|switch|p1a: Jirachi|Jirachi|100/100
|switch|p2a: Regice|Regice, shiny|29/100 par
|
|-heal|p2a: Regice|35/100 par|[from] item: Leftovers
|upkeep
|turn|22
|
|t:|1728501356
|move|p1a: Jirachi|Fire Punch|p2a: Regice
|-supereffective|p2a: Regice
|-damage|p2a: Regice|18/100 par
|move|p2a: Regice|Thunderbolt|p1a: Jirachi
|-damage|p1a: Jirachi|81/100
|
|-heal|p1a: Jirachi|87/100|[from] item: Leftovers
|-heal|p2a: Regice|24/100 par|[from] item: Leftovers
|upkeep
|turn|23
|
|t:|1728501363
|move|p1a: Jirachi|Wish|p1a: Jirachi
|move|p2a: Regice|Thunder Wave|p1a: Jirachi
|-status|p1a: Jirachi|par
|
|-heal|p1a: Jirachi|94/100 par|[from] item: Leftovers
|-heal|p2a: Regice|30/100 par|[from] item: Leftovers
|upkeep
|turn|24
|
|t:|1728501379
|move|p1a: Jirachi|Body Slam|p2a: Regice
|-damage|p2a: Regice|13/100 par
|cant|p2a: Regice|par
|
|-heal|p1a: Jirachi|100/100 par|[from] move: Wish|[wisher] Jirachi
|-heal|p2a: Regice|19/100 par|[from] item: Leftovers
|upkeep
|turn|25
|
|t:|1728501391
|switch|p2a: Magneton|Magneton, shiny|100/100
|move|p1a: Jirachi|Wish|p1a: Jirachi
|
|upkeep
|turn|26
|
|t:|1728501395
|move|p2a: Magneton|Hidden Power|p1a: Jirachi
|-supereffective|p1a: Jirachi
|-crit|p1a: Jirachi
|-damage|p1a: Jirachi|34/100 par
|move|p1a: Jirachi|Fire Punch|p2a: Magneton
|-supereffective|p2a: Magneton
|-damage|p2a: Magneton|35/100
|
|-heal|p1a: Jirachi|84/100 par|[from] move: Wish|[wisher] Jirachi
|-heal|p1a: Jirachi|90/100 par|[from] item: Leftovers
|upkeep
|turn|27
|
|t:|1728501404
|move|p2a: Magneton|Thunderbolt|p1a: Jirachi
|-damage|p1a: Jirachi|54/100 par
|move|p1a: Jirachi|Wish|p1a: Jirachi
|
|-heal|p1a: Jirachi|60/100 par|[from] item: Leftovers
|upkeep
|turn|28
|
|t:|1728501409
|move|p2a: Magneton|Reflect|p2a: Magneton
|-sidestart|p2: Leeto64|Reflect
|move|p1a: Jirachi|Fire Punch|p2a: Magneton
|-supereffective|p2a: Magneton
|-crit|p2a: Magneton
|-damage|p2a: Magneton|0 fnt
|faint|p2a: Magneton
|
|t:|1728501417
|switch|p2a: Salamence|Salamence, F, shiny|100/100
|-ability|p2a: Salamence|Intimidate|boost
|-unboost|p1a: Jirachi|atk|1
|
|-heal|p1a: Jirachi|100/100 par|[from] move: Wish|[wisher] Jirachi
|upkeep
|turn|29
|
|t:|1728501421
|move|p2a: Salamence|Dragon Dance|p2a: Salamence
|-boost|p2a: Salamence|atk|1
|-boost|p2a: Salamence|spe|1
|move|p1a: Jirachi|Body Slam|p2a: Salamence
|-damage|p2a: Salamence|92/100
|-status|p2a: Salamence|par
|
|-heal|p2a: Salamence|98/100 par|[from] item: Leftovers
|upkeep
|turn|30
|inactive|SSBM Nicki has 270 seconds left.
|
|t:|1728501479
|switch|p1a: Marowak|Marowak, F|100/100
|cant|p2a: Salamence|par
|
|-heal|p2a: Salamence|100/100 par|[from] item: Leftovers
|upkeep
|turn|31
|
|t:|1728501486
|switch|p1a: Salamence|Salamence, M|70/100
|-ability|p1a: Salamence|Intimidate|boost
|-unboost|p2a: Salamence|atk|1
|move|p2a: Salamence|Hidden Power|p1a: Salamence
|-damage|p1a: Salamence|40/100
|
|-heal|p1a: Salamence|46/100|[from] item: Leftovers
|upkeep
|turn|32
|
|t:|1728501492
|move|p1a: Salamence|Wish|p1a: Salamence
|move|p2a: Salamence|Rock Slide|p1a: Salamence
|-supereffective|p1a: Salamence
|-damage|p1a: Salamence|7/100
|
|-sideend|p2: Leeto64|Reflect
|-heal|p1a: Salamence|13/100|[from] item: Leftovers
|upkeep
|turn|33
|inactive|SSBM Nicki has 240 seconds left.
|
|t:|1728501527
|move|p1a: Salamence|Flamethrower|p2a: Salamence
|-resisted|p2a: Salamence
|-damage|p2a: Salamence|90/100 par
|cant|p2a: Salamence|par
|
|-heal|p1a: Salamence|63/100|[from] move: Wish|[wisher] Salamence
|-heal|p1a: Salamence|70/100|[from] item: Leftovers
|-heal|p2a: Salamence|96/100 par|[from] item: Leftovers
|upkeep
|turn|34
|
|t:|1728501534
|move|p1a: Salamence|Wish|p1a: Salamence
|move|p2a: Salamence|Hidden Power|p1a: Salamence
|-damage|p1a: Salamence|39/100
|
|-heal|p1a: Salamence|45/100|[from] item: Leftovers
|-heal|p2a: Salamence|100/100 par|[from] item: Leftovers
|upkeep
|turn|35
|
|t:|1728501546
|switch|p1a: Marowak|Marowak, F|100/100
|move|p2a: Salamence|Hidden Power|p1a: Marowak
|-damage|p1a: Marowak|56/100
|
|-heal|p1a: Marowak|100/100|[from] move: Wish|[wisher] Salamence
|upkeep
|turn|36
|
|t:|1728501551
|move|p1a: Marowak|Rock Slide|p2a: Salamence
|-supereffective|p2a: Salamence
|-damage|p2a: Salamence|3/100 par
|move|p2a: Salamence|Hidden Power|p1a: Marowak
|-damage|p1a: Marowak|56/100
|
|-heal|p2a: Salamence|9/100 par|[from] item: Leftovers
|upkeep
|turn|37
|
|t:|1728501568
|move|p1a: Marowak|Hidden Power|p2a: Salamence
|-resisted|p2a: Salamence
|-damage|p2a: Salamence|0 fnt
|faint|p2a: Salamence
|
|t:|1728501576
|switch|p2a: Gyarados|Gyarados, F|100/100
|-ability|p2a: Gyarados|Intimidate|boost
|-unboost|p1a: Marowak|atk|1
|
|upkeep
|turn|38
|
|t:|1728501586
|switch|p1a: Salamence|Salamence, M|45/100
|-ability|p1a: Salamence|Intimidate|boost
|-unboost|p2a: Gyarados|atk|1
|move|p2a: Gyarados|Dragon Dance|p2a: Gyarados
|-boost|p2a: Gyarados|atk|1
|-boost|p2a: Gyarados|spe|1
|
|-heal|p1a: Salamence|51/100|[from] item: Leftovers
|upkeep
|turn|39
|inactive|SSBM Nicki has 270 seconds left.
|
|t:|1728501592
|move|p2a: Gyarados|Double-Edge|p1a: Salamence
|-crit|p1a: Salamence
|-damage|p1a: Salamence|0 fnt
|-damage|p2a: Gyarados|81/100|[from] Recoil|[of] p1a: Salamence
|faint|p1a: Salamence
|inactive|SSBM Nicki has 270 seconds left.
|
|t:|1728501621
|switch|p1a: Celebi|Celebi|100/100
|
|-heal|p2a: Gyarados|88/100|[from] item: Leftovers
|upkeep
|turn|40
|
|t:|1728501624
|move|p2a: Gyarados|Hidden Power|p1a: Celebi
|-supereffective|p1a: Celebi
|-damage|p1a: Celebi|64/100
|move|p1a: Celebi|Leech Seed|p2a: Gyarados
|-start|p2a: Gyarados|move: Leech Seed
|
|-heal|p2a: Gyarados|94/100|[from] item: Leftovers
|-damage|p2a: Gyarados|81/100|[from] Leech Seed|[of] p1a: Celebi
|-heal|p1a: Celebi|75/100|[silent]
|-heal|p1a: Celebi|81/100|[from] item: Leftovers
|upkeep
|turn|41
|
|t:|1728501637
|switch|p2a: Regice|Regice, shiny|19/100 par
|move|p1a: Celebi|Hidden Power|p2a: Regice
|-crit|p2a: Regice
|-damage|p2a: Regice|0 fnt
|faint|p2a: Regice
|
|t:|1728501641
|switch|p2a: Registeel|Registeel|100/100
|
|-heal|p1a: Celebi|87/100|[from] item: Leftovers
|upkeep
|turn|42
|inactive|SSBM Nicki has 270 seconds left.
|
|t:|1728501650
|move|p1a: Celebi|Leech Seed|p2a: Registeel
|-start|p2a: Registeel|move: Leech Seed
|move|p2a: Registeel|Thunder Wave|p1a: Celebi
|-status|p1a: Celebi|par
|
|-damage|p2a: Registeel|88/100|[from] Leech Seed|[of] p1a: Celebi
|-heal|p1a: Celebi|98/100 par|[silent]
|-heal|p1a: Celebi|100/100 par|[from] item: Leftovers
|upkeep
|turn|43
|inactive|SSBM Nicki has 270 seconds left.
|
|t:|1728501672
|move|p2a: Registeel|Seismic Toss|p1a: Celebi
|-damage|p1a: Celebi|76/100 par
|cant|p1a: Celebi|par
|
|-heal|p2a: Registeel|94/100|[from] item: Leftovers
|-damage|p2a: Registeel|82/100|[from] Leech Seed|[of] p1a: Celebi
|-heal|p1a: Celebi|87/100 par|[silent]
|-heal|p1a: Celebi|93/100 par|[from] item: Leftovers
|upkeep
|turn|44
|
|t:|1728501698
|switch|p2a: Gyarados|Gyarados, F|81/100
|-ability|p2a: Gyarados|Intimidate|boost
|-unboost|p1a: Celebi|atk|1
|cant|p1a: Celebi|par
|
|-heal|p2a: Gyarados|87/100|[from] item: Leftovers
|-heal|p1a: Celebi|99/100 par|[from] item: Leftovers
|upkeep
|turn|45
|
|t:|1728501705
|move|p2a: Gyarados|Dragon Dance|p2a: Gyarados
|-boost|p2a: Gyarados|atk|1
|-boost|p2a: Gyarados|spe|1
|cant|p1a: Celebi|par
|
|-heal|p2a: Gyarados|93/100|[from] item: Leftovers
|-heal|p1a: Celebi|100/100 par|[from] item: Leftovers
|upkeep
|turn|46
|
|t:|1728501713
|move|p2a: Gyarados|Dragon Dance|p2a: Gyarados
|-boost|p2a: Gyarados|atk|1
|-boost|p2a: Gyarados|spe|1
|cant|p1a: Celebi|par
|
|-heal|p2a: Gyarados|99/100|[from] item: Leftovers
|upkeep
|turn|47
|
|t:|1728501734
|move|p2a: Gyarados|Hidden Power|p1a: Celebi
|-supereffective|p1a: Celebi
|-damage|p1a: Celebi|31/100 par
|move|p1a: Celebi|Leech Seed|p2a: Gyarados
|-start|p2a: Gyarados|move: Leech Seed
|
|-heal|p2a: Gyarados|100/100|[from] item: Leftovers
|-damage|p2a: Gyarados|88/100|[from] Leech Seed|[of] p1a: Celebi
|-heal|p1a: Celebi|42/100 par|[silent]
|-heal|p1a: Celebi|48/100 par|[from] item: Leftovers
|upkeep
|turn|48
|
|t:|1728501752
|-curestatus|p1a: Celebi|par|[from] ability: Natural Cure
|switch|p1a: Jirachi|Jirachi|100/100 par
|move|p2a: Gyarados|Hidden Power|p1a: Jirachi
|-damage|p1a: Jirachi|63/100 par
|
|-heal|p2a: Gyarados|94/100|[from] item: Leftovers
|-damage|p2a: Gyarados|82/100|[from] Leech Seed|[of] p1a: Jirachi
|-heal|p1a: Jirachi|74/100 par|[silent]
|-heal|p1a: Jirachi|80/100 par|[from] item: Leftovers
|upkeep
|turn|49
|
|t:|1728501758
|move|p1a: Jirachi|Protect|p1a: Jirachi
|-singleturn|p1a: Jirachi|Protect
|move|p2a: Gyarados|Earthquake|p1a: Jirachi
|-activate|p1a: Jirachi|Protect
|
|-heal|p2a: Gyarados|88/100|[from] item: Leftovers
|-damage|p2a: Gyarados|75/100|[from] Leech Seed|[of] p1a: Jirachi
|-heal|p1a: Jirachi|91/100 par|[silent]
|-heal|p1a: Jirachi|97/100 par|[from] item: Leftovers
|upkeep
|turn|50
|inactive|SSBM Nicki has 240 seconds left.
|
|t:|1728501797
|move|p2a: Gyarados|Hidden Power|p1a: Jirachi
|-damage|p1a: Jirachi|61/100 par
|move|p1a: Jirachi|Wish|p1a: Jirachi
|
|-heal|p2a: Gyarados|81/100|[from] item: Leftovers
|-damage|p2a: Gyarados|69/100|[from] Leech Seed|[of] p1a: Jirachi
|-heal|p1a: Jirachi|72/100 par|[silent]
|-heal|p1a: Jirachi|78/100 par|[from] item: Leftovers
|upkeep
|turn|51
|
|t:|1728501807
|switch|p2a: Registeel|Registeel|82/100
|move|p1a: Jirachi|Body Slam|p2a: Registeel
|-resisted|p2a: Registeel
|-damage|p2a: Registeel|76/100
|-status|p2a: Registeel|par
|
|-heal|p1a: Jirachi|100/100 par|[from] move: Wish|[wisher] Jirachi
|-heal|p2a: Registeel|82/100 par|[from] item: Leftovers
|upkeep
|turn|52
|inactive|SSBM Nicki has 240 seconds left.
|
|t:|1728501824
|move|p1a: Jirachi|Fire Punch|p2a: Registeel
|-supereffective|p2a: Registeel
|-damage|p2a: Registeel|64/100 par
|move|p2a: Registeel|Seismic Toss|p1a: Jirachi
|-damage|p1a: Jirachi|76/100 par
|
|-heal|p1a: Jirachi|82/100 par|[from] item: Leftovers
|-heal|p2a: Registeel|70/100 par|[from] item: Leftovers
|upkeep
|turn|53
|
|t:|1728501832
|move|p1a: Jirachi|Fire Punch|p2a: Registeel
|-supereffective|p2a: Registeel
|-damage|p2a: Registeel|51/100 par
|move|p2a: Registeel|Seismic Toss|p1a: Jirachi
|-damage|p1a: Jirachi|57/100 par
|
|-heal|p1a: Jirachi|63/100 par|[from] item: Leftovers
|-heal|p2a: Registeel|57/100 par|[from] item: Leftovers
|upkeep
|turn|54
|
|t:|1728501838
|cant|p1a: Jirachi|par
|move|p2a: Registeel|Seismic Toss|p1a: Jirachi
|-damage|p1a: Jirachi|38/100 par
|
|-heal|p1a: Jirachi|45/100 par|[from] item: Leftovers
|-heal|p2a: Registeel|63/100 par|[from] item: Leftovers
|upkeep
|turn|55
|
|t:|1728501844
|switch|p2a: Gyarados|Gyarados, F|69/100
|-ability|p2a: Gyarados|Intimidate|boost
|-unboost|p1a: Jirachi|atk|1
|cant|p1a: Jirachi|par
|
|-heal|p2a: Gyarados|75/100|[from] item: Leftovers
|-heal|p1a: Jirachi|51/100 par|[from] item: Leftovers
|upkeep
|turn|56
|
|t:|1728501850
|move|p2a: Gyarados|Dragon Dance|p2a: Gyarados
|-boost|p2a: Gyarados|atk|1
|-boost|p2a: Gyarados|spe|1
|move|p1a: Jirachi|Body Slam|p2a: Gyarados
|-damage|p2a: Gyarados|60/100
|-status|p2a: Gyarados|par
|
|-heal|p2a: Gyarados|66/100 par|[from] item: Leftovers
|-heal|p1a: Jirachi|57/100 par|[from] item: Leftovers
|upkeep
|turn|57
|inactive|SSBM Nicki has 270 seconds left.
|
|t:|1728501860
|switch|p1a: Celebi|Celebi|48/100
|cant|p2a: Gyarados|par
|
|-heal|p1a: Celebi|54/100|[from] item: Leftovers
|-heal|p2a: Gyarados|72/100 par|[from] item: Leftovers
|upkeep
|turn|58
|inactive|SSBM Nicki has 270 seconds left.
|
|t:|1728501871
|move|p1a: Celebi|Psychic|p2a: Gyarados
|-damage|p2a: Gyarados|38/100 par
|move|p2a: Gyarados|Hidden Power|p1a: Celebi
|-supereffective|p1a: Celebi
|-damage|p1a: Celebi|0 fnt
|faint|p1a: Celebi
|inactive|SSBM Nicki has 270 seconds left.
|inactive|SSBM Nicki has 240 seconds left.
|
|t:|1728501907
|switch|p1a: Starmie|Starmie|100/100
|
|-heal|p2a: Gyarados|44/100 par|[from] item: Leftovers
|upkeep
|turn|59
|
|t:|1728501912
|switch|p2a: Registeel|Registeel|63/100 par
|move|p1a: Starmie|Surf|p2a: Registeel
|-damage|p2a: Registeel|47/100 par
|
|-heal|p2a: Registeel|53/100 par|[from] item: Leftovers
|upkeep
|turn|60
|
|t:|1728501921
|move|p1a: Starmie|Surf|p2a: Registeel
|-damage|p2a: Registeel|35/100 par
|cant|p2a: Registeel|par
|
|-heal|p2a: Registeel|41/100 par|[from] item: Leftovers
|upkeep
|turn|61
|
|t:|1728501925
|move|p1a: Starmie|Surf|p2a: Registeel
|-damage|p2a: Registeel|25/100 par
|cant|p2a: Registeel|par
|
|-heal|p2a: Registeel|31/100 par|[from] item: Leftovers
|upkeep
|turn|62
|
|t:|1728501930
|move|p1a: Starmie|Surf|p2a: Registeel
|-damage|p2a: Registeel|14/100 par
|move|p2a: Registeel|Thunder Wave|p1a: Starmie
|-status|p1a: Starmie|par
|
|-heal|p2a: Registeel|20/100 par|[from] item: Leftovers
|upkeep
|turn|63
|
|t:|1728501934
|move|p1a: Starmie|Surf|p2a: Registeel
|-damage|p2a: Registeel|2/100 par
|move|p2a: Registeel|Seismic Toss|p1a: Starmie
|-damage|p1a: Starmie|70/100 par
|
|-heal|p1a: Starmie|76/100 par|[from] item: Leftovers
|-heal|p2a: Registeel|8/100 par|[from] item: Leftovers
|upkeep
|turn|64
|
|t:|1728501962
|-curestatus|p1a: Starmie|par|[from] ability: Natural Cure
|switch|p1a: Jirachi|Jirachi|57/100 par
|move|p2a: Registeel|Seismic Toss|p1a: Jirachi
|-damage|p1a: Jirachi|32/100 par
|
|-heal|p1a: Jirachi|38/100 par|[from] item: Leftovers
|-heal|p2a: Registeel|14/100 par|[from] item: Leftovers
|upkeep
|turn|65
|
|t:|1728501970
|switch|p2a: Gyarados|Gyarados, F|44/100 par
|-ability|p2a: Gyarados|Intimidate|boost
|-unboost|p1a: Jirachi|atk|1
|cant|p1a: Jirachi|par
|
|-heal|p2a: Gyarados|50/100 par|[from] item: Leftovers
|-heal|p1a: Jirachi|45/100 par|[from] item: Leftovers
|upkeep
|turn|66
|
|t:|1728501977
|switch|p1a: Hariyama|Hariyama, F|100/100 par
|move|p2a: Gyarados|Dragon Dance|p2a: Gyarados
|-boost|p2a: Gyarados|atk|1
|-boost|p2a: Gyarados|spe|1
|
|-heal|p2a: Gyarados|56/100 par|[from] item: Leftovers
|upkeep
|turn|67
|
|t:|1728501987
|-singleturn|p1a: Hariyama|move: Focus Punch
|move|p2a: Gyarados|Double-Edge|p1a: Hariyama
|-damage|p1a: Hariyama|40/100 par
|-damage|p2a: Gyarados|31/100 par|[from] Recoil|[of] p1a: Hariyama
|move|p1a: Hariyama|Focus Punch||[still]
|cant|p1a: Hariyama|Focus Punch|Focus Punch
|
|-heal|p2a: Gyarados|37/100 par|[from] item: Leftovers
|-heal|p1a: Hariyama|46/100 par|[from] item: Leftovers
|upkeep
|turn|68
|
|t:|1728501996
|-singleturn|p1a: Hariyama|move: Focus Punch
|move|p2a: Gyarados|Dragon Dance|p2a: Gyarados
|-boost|p2a: Gyarados|atk|1
|-boost|p2a: Gyarados|spe|1
|move|p1a: Hariyama|Focus Punch|p2a: Gyarados
|-resisted|p2a: Gyarados
|-damage|p2a: Gyarados|0 fnt
|faint|p2a: Gyarados
|
|t:|1728502002
|switch|p2a: Registeel|Registeel|14/100 par
|
|-heal|p1a: Hariyama|52/100 par|[from] item: Leftovers
|-heal|p2a: Registeel|20/100 par|[from] item: Leftovers
|upkeep
|turn|69
|
|t:|1728502004
|cant|p1a: Hariyama|par
|move|p2a: Registeel|Explosion|p1a: Hariyama
|-damage|p1a: Hariyama|0 fnt
|faint|p2a: Registeel
|faint|p1a: Hariyama
|
|win|SSBM Nicki
|c|☆Leeto64|gg wp
|c|☆SSBM Nicki|gg

</script>
<script type="application/json" class="data" id="replaydata-smogtours-gen3ou-796715">
{"id":"smogtours-gen3ou-796715","format":"[Gen 3] OU","players":["SSBM Nicki","Leeto64"],"uploadtime":1728502004,"views":120,"formatid":"gen3ou","rating":null,"private":0,"password":null}
</script>

<script defer src="js/replays.js?9d40a366"></script>
