<!DOCTYPE html>
<meta charset="utf-8" />
<meta name="viewport" content="width=device-width" />

<title>[Gen 3] OU: EhtishamEX vs. Figull400 - Replays - Pok&eacute;mon Showdown!</title>

<meta name="description" content="Watch a replay of a Pok&eacute;mon battle between EhtishamEX and Figull400! Format: [Gen 3] OU; Date: Oct 18, 2024" />
<!--

Hey, you! Looking in the source for the replay log?

You can find them in JSON format, just add `.json` at the end of a replay URL.

https://replay.pokemonshowdown.com/gen7randomdoublesbattle-865046831.json

Or, if you only need the log itself, add `.log` instead:

https://replay.pokemonshowdown.com/gen7randomdoublesbattle-865046831.log

-->

<link rel="stylesheet" href="//pokemonshowdown.com/style/global.css?0.023195364461161105" />
<link rel="stylesheet" href="//play.pokemonshowdown.com/style/font-awesome.css?0.13261647063804238" />
<link rel="stylesheet" href="//play.pokemonshowdown.com/style/battle.css?0.8753245789963631" />
<link rel="stylesheet" href="//play.pokemonshowdown.com/style/utilichart.css?0.8627959624976733" />

<!-- Global site tag (gtag.js) - Google Analytics -->
<script async src="https://www.googletagmanager.com/gtag/js?id=UA-26211653-1"></script>
<script>
  window.dataLayer = window.dataLayer || [];
  function gtag(){dataLayer.push(arguments);}
  gtag('js', new Date());

  gtag('config', 'UA-26211653-1');
</script>
<!-- End Google Analytics -->
<!-- Venatus Ad Manager - Install in <HEAD> of page -->
	<script src="https://hb.vntsm.com/v3/live/ad-manager.min.js" type="text/javascript" data-site-id="642aba63ec9a7b11c3c9c1be" data-mode="scan" async></script>
<!-- / Venatus Ad Manager -->

<style>
	@media (max-width:820px) {
		.battle {
			margin: 0 auto;
		}
		.battle-log {
			margin: 7px auto 0;
			max-width: 640px;
			height: 300px;
			position: static;
		}
	}
	.optgroup {
		display: inline-block;
		line-height: 22px;
		font-size: 10pt;
	}
	.optgroup .button {
		height: 25px;
		padding-top: 0;
		padding-bottom: 0;
	}
	.optgroup button.button {
		padding-left: 12px;
		padding-right: 12px;
	}
	.linklist {
		list-style: none;
		margin: 0.5em 0;
		padding: 0;
	}
	.linklist li {
		padding: 2px 0;
	}
	.sidebar {
		float: left;
		width: 320px;
	}
	.bar-wrapper {
		max-width: 1100px;
		margin: 0 auto;
	}
	.bar-wrapper.has-sidebar {
		max-width: 1430px;
	}
	.mainbar {
		margin: 0;
		padding-right: 1px;
	}
	.mainbar.has-sidebar {
		margin-left: 330px;
	}
	@media (min-width: 1511px) {
		.sidebar {
			width: 400px;
		}
		.bar-wrapper.has-sidebar {
			max-width: 1510px;
		}
		.mainbar.has-sidebar {
			margin-left: 410px;
		}
	}
	.section.first-section {
		margin-top: 9px;
	}
	.blocklink small {
		white-space: normal;
	}
	.button {
		vertical-align: middle;
	}
	.replay-controls {
		padding-top: 10px;
	}
	.replay-controls h1 {
		font-size: 16pt;
		font-weight: normal;
		color: #CCC;
	}
	.pagelink {
		text-align: center;
	}
	.pagelink a {
		width: 150px;
	}
	.textbox, .button {
		font-size: 11pt;
		vertical-align: middle;
	}
	@media (max-width: 450px) {
		.button {
			font-size: 9pt;
		}
	}
</style>

<div>

	<header>
		<div class="nav-wrapper"><ul class="nav">
			<li><a class="button nav-first" href="//pokemonshowdown.com/"><img src="//pokemonshowdown.com/images/pokemonshowdownbeta.png" srcset="//pokemonshowdown.com/images/pokemonshowdownbeta.png 1x, //pokemonshowdown.com/images/pokemonshowdownbeta@2x.png 2x" alt="Pok&eacute;mon Showdown" width="146" height="44" /> Home</a></li>
			<li><a class="button" href="//pokemonshowdown.com/dex/">Pok&eacute;dex</a></li>
			<li><a class="button cur" href="/">Replays</a></li>
			<li><a class="button" href="//pokemonshowdown.com/ladder/">Ladder</a></li>
			<li><a class="button nav-last" href="//pokemonshowdown.com/forums/">Forum</a></li>
			<li><a class="button greenbutton nav-first nav-last" href="//play.pokemonshowdown.com/">Play</a></li>
		</ul></div>
	</header>

	<div class="main" id="main">

		<noscript><section class="section">You need to enable JavaScript to use this page; sorry!</section></noscript>

	</div>

</div>

<script defer nomodule src="//play.pokemonshowdown.com/js/lib/ps-polyfill.js"></script>
<script defer src="//play.pokemonshowdown.com/js/lib/preact.min.js"></script>

<script defer src="//play.pokemonshowdown.com/config/config.js?2bddbc15"></script>
<script defer src="//play.pokemonshowdown.com/js/lib/jquery-1.11.0.min.js"></script>
<script defer src="//play.pokemonshowdown.com/js/lib/html-sanitizer-minified.js"></script>
<script defer src="//play.pokemonshowdown.com/js/battle-sound.js"></script>
<script defer src="//play.pokemonshowdown.com/js/battledata.js?0.7209276989879541"></script>
<script defer src="//play.pokemonshowdown.com/data/pokedex-mini.js?0.6111056340867951"></script>
<script defer src="//play.pokemonshowdown.com/data/pokedex-mini-bw.js?0.3532142036491459"></script>
<script defer src="//play.pokemonshowdown.com/data/graphics.js?0.24223875632456182"></script>
<script defer src="//play.pokemonshowdown.com/data/pokedex.js?0.38839984266356864"></script>
<script defer src="//play.pokemonshowdown.com/data/moves.js?0.21866028504024015"></script>
<script defer src="//play.pokemonshowdown.com/data/abilities.js?0.2005157953846628"></script>
<script defer src="//play.pokemonshowdown.com/data/items.js?0.9894211263848525"></script>
<script defer src="//play.pokemonshowdown.com/data/teambuilder-tables.js?0.6008791140282215"></script>
<script defer src="//play.pokemonshowdown.com/js/battle-tooltips.js?0.7580118955022959"></script>
<script defer src="//play.pokemonshowdown.com/js/battle.js?0.6057722274234274"></script>

<script defer src="js/utils.js?e31f9a17"></script>
<script defer src="js/replays-battle.js?7008c182"></script>

<!-- don't scrape this data! just add .json or .log after the URL!
Full API docs: https://github.com/smogon/pokemon-showdown-client/blob/master/WEB-API.md -->
<script type="text/plain" class="log" id="replaylog-smogtours-gen3ou-799682">
|inactive|Battle timer is ON: inactive players will automatically lose when time's up.
|t:|1729282630
|gametype|singles
|player|p1|EhtishamEX|az|
|player|p2|Figull400|gambler|
|teamsize|p1|6
|teamsize|p2|6
|gen|3
|tier|[Gen 3] OU
|rule|Sleep Clause Mod: Limit one foe put to sleep
|rule|Switch Priority Clause Mod: Faster Pokémon switch first
|rule|Species Clause: Limit one of each Pokémon
|rule|OHKO Clause: OHKO moves are banned
|rule|Evasion Items Clause: Evasion items are banned
|rule|Evasion Moves Clause: Evasion moves are banned
|rule|Endless Battle Clause: Forcing endless battles is banned
|rule|HP Percentage Mod: HP is shown in percentages
|rule|One Boost Passer Clause: Limit one Baton Passer that has a way to boost its stats
|rule|Freeze Clause Mod: Limit one foe frozen
|
|t:|1729282630
|start
|switch|p1a: F5 Storm|Zapdos|100/100
|switch|p2a: Registeel|Registeel|100/100
|turn|1
|c|☆Figull400|hf
|c|☆EhtishamEX|u2
|inactive|EhtishamEX has 270 seconds left.
|c|+tizio potente ao|Vai figull
|
|t:|1729282677
|move|p1a: F5 Storm|Agility|p1a: F5 Storm
|-boost|p1a: F5 Storm|spe|2
|move|p2a: Registeel|Seismic Toss|p1a: F5 Storm
|-damage|p1a: F5 Storm|69/100
|
|-heal|p1a: F5 Storm|76/100|[from] item: Leftovers
|upkeep
|turn|2
|
|t:|1729282697
|move|p1a: F5 Storm|Baton Pass|p1a: F5 Storm
|
|t:|1729282709
|switch|p1a: Metagross|Metagross|100/100|[from] Baton Pass
|move|p2a: Registeel|Thunder Wave|p1a: Metagross
|-status|p1a: Metagross|par
|
|upkeep
|turn|3
|
|t:|1729282714
|switch|p2a: Skarmory|Skarmory, F|100/100
|cant|p1a: Metagross|par
|
|upkeep
|turn|4
|
|t:|1729282716
|switch|p1a: RustyRP|Magneton|100/100
|move|p2a: Skarmory|Spikes|p1a: RustyRP
|-sidestart|p1: EhtishamEX|Spikes
|
|upkeep
|turn|5
|
|t:|1729282720
|move|p1a: RustyRP|Thunderbolt|p2a: Skarmory
|-supereffective|p2a: Skarmory
|-damage|p2a: Skarmory|4/100
|move|p2a: Skarmory|Spikes|p1a: RustyRP
|-sidestart|p1: EhtishamEX|Spikes
|
|-heal|p2a: Skarmory|10/100|[from] item: Leftovers
|upkeep
|turn|6
|
|t:|1729282727
|move|p1a: RustyRP|Thunderbolt|p2a: Skarmory
|-supereffective|p2a: Skarmory
|-damage|p2a: Skarmory|0 fnt
|faint|p2a: Skarmory
|inactive|Figull400 has 270 seconds left.
|
|t:|1729282764
|switch|p2a: Dugtrio|Dugtrio, F|100/100
|
|upkeep
|turn|7
|
|t:|1729282772
|move|p1a: RustyRP|Protect|p1a: RustyRP
|-singleturn|p1a: RustyRP|Protect
|move|p2a: Dugtrio|Earthquake|p1a: RustyRP
|-activate|p1a: RustyRP|Protect
|
|upkeep
|turn|8
|
|t:|1729282777
|move|p2a: Dugtrio|Earthquake|p1a: RustyRP
|-supereffective|p1a: RustyRP
|-damage|p1a: RustyRP|0 fnt
|faint|p1a: RustyRP
|
|t:|1729282784
|switch|p1a: F5 Storm|Zapdos|76/100
|
|-heal|p1a: F5 Storm|82/100|[from] item: Leftovers
|upkeep
|turn|9
|
|t:|1729282790
|switch|p2a: Registeel|Registeel|100/100
|move|p1a: F5 Storm|Agility|p1a: F5 Storm
|-boost|p1a: F5 Storm|spe|2
|
|-heal|p1a: F5 Storm|88/100|[from] item: Leftovers
|upkeep
|turn|10
|
|t:|1729282796
|move|p1a: F5 Storm|Baton Pass|p1a: F5 Storm
|
|t:|1729282797
|switch|p1a: Wakmak|Marowak, M|100/100|[from] Baton Pass
|-damage|p1a: Wakmak|84/100|[from] Spikes
|move|p2a: Registeel|Seismic Toss|p1a: Wakmak
|-damage|p1a: Wakmak|47/100
|
|upkeep
|turn|11
|
|t:|1729282806
|move|p1a: Wakmak|Bonemerang|p2a: Registeel
|-supereffective|p2a: Registeel
|-damage|p2a: Registeel|52/100
|-supereffective|p2a: Registeel
|-damage|p2a: Registeel|5/100
|-hitcount|p2a: Registeel|2
|move|p2a: Registeel|Explosion|p1a: Wakmak
|-damage|p1a: Wakmak|0 fnt
|faint|p2a: Registeel
|faint|p1a: Wakmak
|
|t:|1729282816
|switch|p1a: Kek|Kecleon, M|100/100
|switch|p2a: Blissey|Blissey, F|100/100
|-damage|p1a: Kek|84/100|[from] Spikes
|
|upkeep
|turn|12
|inactive|Figull400 has 270 seconds left.
|inactive|Figull400 has 240 seconds left.
|
|t:|1729282881
|-singleturn|p1a: Kek|move: Focus Punch
|switch|p2a: Dugtrio|Dugtrio, F|100/100
|move|p1a: Kek|Focus Punch|p2a: Dugtrio
|-damage|p2a: Dugtrio|0 fnt
|faint|p2a: Dugtrio
|
|t:|1729282888
|switch|p2a: Blissey|Blissey, F|100/100
|
|upkeep
|turn|13
|
|t:|1729282894
|switch|p1a: Spinner|Starmie|100/100
|-damage|p1a: Spinner|84/100|[from] Spikes
|move|p2a: Blissey|Ice Beam|p1a: Spinner
|-resisted|p1a: Spinner
|-damage|p1a: Spinner|70/100
|
|-heal|p1a: Spinner|76/100|[from] item: Leftovers
|upkeep
|turn|14
|
|t:|1729282897
|move|p1a: Spinner|Rapid Spin|p2a: Blissey
|-damage|p2a: Blissey|98/100
|-sideend|p1: EhtishamEX|Spikes|[from] move: Rapid Spin|[of] p1a: Spinner
|move|p2a: Blissey|Thunderbolt|p1a: Spinner
|-supereffective|p1a: Spinner
|-damage|p1a: Spinner|10/100
|
|-heal|p1a: Spinner|16/100|[from] item: Leftovers
|-heal|p2a: Blissey|100/100|[from] item: Leftovers
|upkeep
|turn|15
|
|t:|1729282901
|switch|p1a: Kek|Kecleon, M|84/100
|move|p2a: Blissey|Thunderbolt|p1a: Kek
|-damage|p1a: Kek|61/100
|-start|p1a: Kek|typechange|Electric|[from] ability: Color Change
|
|upkeep
|turn|16
|
|t:|1729282905
|move|p2a: Blissey|Ice Beam|p1a: Kek
|-damage|p1a: Kek|37/100
|-start|p1a: Kek|typechange|Ice|[from] ability: Color Change
|move|p1a: Kek|Trick|p2a: Blissey
|-activate|p1a: Kek|move: Trick|[of] p2a: Blissey
|-item|p2a: Blissey|Choice Band|[from] move: Trick
|-item|p1a: Kek|Leftovers|[from] move: Trick
|
|-heal|p1a: Kek|43/100|[from] item: Leftovers
|upkeep
|turn|17
|
|t:|1729282914
|move|p2a: Blissey|Thunderbolt|p1a: Kek
|-damage|p1a: Kek|20/100
|-start|p1a: Kek|typechange|Electric|[from] ability: Color Change
|move|p1a: Kek|Thunder Wave|p2a: Blissey
|-status|p2a: Blissey|par
|
|-heal|p1a: Kek|26/100|[from] item: Leftovers
|upkeep
|turn|18
|
|t:|1729282920
|-curestatus|p2a: Blissey|par|[from] ability: Natural Cure
|switch|p2a: Milotic|Milotic, M|100/100
|move|p1a: Kek|Metronome|p1a: Kek
|move|p1a: Kek|Lick|p2a: Milotic|[from]Metronome
|-damage|p2a: Milotic|96/100
|
|-heal|p2a: Milotic|100/100|[from] item: Leftovers
|-heal|p1a: Kek|32/100|[from] item: Leftovers
|upkeep
|turn|19
|
|t:|1729282935
|move|p2a: Milotic|Surf|p1a: Kek
|-damage|p1a: Kek|2/100
|-start|p1a: Kek|typechange|Water|[from] ability: Color Change
|move|p1a: Kek|Thunder Wave|p2a: Milotic
|-status|p2a: Milotic|par
|
|-heal|p1a: Kek|8/100|[from] item: Leftovers
|upkeep
|turn|20
|
|t:|1729282941
|move|p1a: Kek|Metronome|p1a: Kek
|move|p1a: Kek|Thrash|p2a: Milotic|[from]Metronome
|-damage|p2a: Milotic|87/100 par
|move|p2a: Milotic|Surf|p1a: Kek
|-resisted|p1a: Kek
|-damage|p1a: Kek|0 fnt
|faint|p1a: Kek
|
|t:|1729282958
|switch|p1a: F5 Storm|Zapdos|88/100
|
|-heal|p1a: F5 Storm|94/100|[from] item: Leftovers
|-heal|p2a: Milotic|93/100 par|[from] item: Leftovers
|upkeep
|turn|21
|
|t:|1729282964
|switch|p2a: Blissey|Blissey, F|100/100
|move|p1a: F5 Storm|Thunder|p2a: Blissey|[miss]
|-miss|p1a: F5 Storm|p2a: Blissey
|
|-heal|p1a: F5 Storm|100/100|[from] item: Leftovers
|upkeep
|turn|22
|
|t:|1729282973
|move|p1a: F5 Storm|Baton Pass|p1a: F5 Storm
|
|t:|1729282974
|switch|p1a: Metagross|Metagross|100/100 par|[from] Baton Pass
|move|p2a: Blissey|Ice Beam|p1a: Metagross
|-resisted|p1a: Metagross
|-damage|p1a: Metagross|87/100 par
|
|-heal|p1a: Metagross|93/100 par|[from] item: Leftovers
|upkeep
|turn|23
|
|t:|1729282983
|switch|p2a: Milotic|Milotic, M|93/100 par
|move|p1a: Metagross|Meteor Mash|p2a: Milotic|[miss]
|-miss|p1a: Metagross|p2a: Milotic
|
|-heal|p2a: Milotic|99/100 par|[from] item: Leftovers
|-heal|p1a: Metagross|99/100 par|[from] item: Leftovers
|upkeep
|turn|24
|
|t:|1729282993
|cant|p2a: Milotic|par
|move|p1a: Metagross|Earthquake|p2a: Milotic
|-damage|p2a: Milotic|80/100 par
|
|-heal|p2a: Milotic|86/100 par|[from] item: Leftovers
|-heal|p1a: Metagross|100/100 par|[from] item: Leftovers
|upkeep
|turn|25
|
|t:|1729282997
|move|p2a: Milotic|Refresh|p2a: Milotic
|-curestatus|p2a: Milotic|par|[msg]
|cant|p1a: Metagross|par
|
|-heal|p2a: Milotic|92/100|[from] item: Leftovers
|upkeep
|turn|26
|
|t:|1729283001
|move|p2a: Milotic|Surf|p1a: Metagross
|-damage|p1a: Metagross|65/100 par
|move|p1a: Metagross|Explosion|p2a: Milotic
|-damage|p2a: Milotic|0 fnt
|faint|p1a: Metagross
|faint|p2a: Milotic
|
|t:|1729283017
|switch|p2a: Blissey|Blissey, F|100/100
|switch|p1a: Spinner|Starmie|16/100
|
|-heal|p1a: Spinner|22/100|[from] item: Leftovers
|upkeep
|turn|27
|
|t:|1729283036
|move|p1a: Spinner|Recover|p1a: Spinner
|-heal|p1a: Spinner|72/100
|move|p2a: Blissey|Thunderbolt|p1a: Spinner
|-supereffective|p1a: Spinner
|-damage|p1a: Spinner|17/100
|
|-heal|p1a: Spinner|23/100|[from] item: Leftovers
|upkeep
|turn|28
|
|t:|1729283041
|move|p1a: Spinner|Recover|p1a: Spinner
|-heal|p1a: Spinner|73/100
|move|p2a: Blissey|Thunderbolt|p1a: Spinner
|-supereffective|p1a: Spinner
|-damage|p1a: Spinner|16/100
|
|-heal|p1a: Spinner|22/100|[from] item: Leftovers
|upkeep
|turn|29
|
|t:|1729283046
|switch|p1a: F5 Storm|Zapdos|100/100
|move|p2a: Blissey|Thunderbolt|p1a: F5 Storm
|-damage|p1a: F5 Storm|74/100
|
|-heal|p1a: F5 Storm|80/100|[from] item: Leftovers
|upkeep
|turn|30
|
|t:|1729283057
|switch|p2a: Claydol|Claydol|100/100
|move|p1a: F5 Storm|Thunder|p2a: Claydol
|-immune|p2a: Claydol
|
|-heal|p1a: F5 Storm|86/100|[from] item: Leftovers
|upkeep
|turn|31
|
|t:|1729283076
|move|p1a: F5 Storm|Baton Pass|p1a: F5 Storm
|
|t:|1729283077
|switch|p1a: Spinner|Starmie|22/100|[from] Baton Pass
|move|p2a: Claydol|Psychic|p1a: Spinner
|-resisted|p1a: Spinner
|-damage|p1a: Spinner|8/100
|
|-heal|p1a: Spinner|14/100|[from] item: Leftovers
|upkeep
|turn|32
|
|t:|1729283088
|move|p1a: Spinner|Recover|p1a: Spinner
|-heal|p1a: Spinner|64/100
|move|p2a: Claydol|Explosion|p1a: Spinner
|-damage|p1a: Spinner|0 fnt
|faint|p2a: Claydol
|faint|p1a: Spinner
|
|t:|1729283093
|switch|p1a: F5 Storm|Zapdos|86/100
|switch|p2a: Blissey|Blissey, F|100/100
|
|-heal|p1a: F5 Storm|92/100|[from] item: Leftovers
|upkeep
|turn|33
|
|t:|1729283095
|move|p1a: F5 Storm|Thunder|p2a: Blissey|[miss]
|-miss|p1a: F5 Storm|p2a: Blissey
|move|p2a: Blissey|Ice Beam|p1a: F5 Storm
|-supereffective|p1a: F5 Storm
|-damage|p1a: F5 Storm|30/100
|
|-heal|p1a: F5 Storm|36/100|[from] item: Leftovers
|upkeep
|turn|34
|
|t:|1729283097
|move|p1a: F5 Storm|Thunder|p2a: Blissey
|-damage|p2a: Blissey|74/100
|move|p2a: Blissey|Ice Beam|p1a: F5 Storm
|-supereffective|p1a: F5 Storm
|-crit|p1a: F5 Storm
|-damage|p1a: F5 Storm|0 fnt
|faint|p1a: F5 Storm
|
|win|Figull400
|c|☆Figull400|ggs
|c|☆EhtishamEX|ggwp

</script>
<script type="application/json" class="data" id="replaydata-smogtours-gen3ou-799682">
{"id":"smogtours-gen3ou-799682","format":"[Gen 3] OU","players":["EhtishamEX","Figull400"],"uploadtime":1729283097,"views":98,"formatid":"gen3ou","rating":null,"private":0,"password":null}
</script>

<script defer src="js/replays.js?9d40a366"></script>
