<!DOCTYPE html>
<meta charset="utf-8" />
<meta name="viewport" content="width=device-width" />

<title>[Gen 3] OU: Futtoka vs. MenaCicada - Replays - Pok&eacute;mon Showdown!</title>

<meta name="description" content="Watch a replay of a Pok&eacute;mon battle between Futtoka and MenaCicada! Format: [Gen 3] OU; Date: Oct 5, 2024" />
<!--

Hey, you! Looking in the source for the replay log?

You can find them in JSON format, just add `.json` at the end of a replay URL.

https://replay.pokemonshowdown.com/gen7randomdoublesbattle-865046831.json

Or, if you only need the log itself, add `.log` instead:

https://replay.pokemonshowdown.com/gen7randomdoublesbattle-865046831.log

-->

<link rel="stylesheet" href="//pokemonshowdown.com/style/global.css?0.767286132409787" />
<link rel="stylesheet" href="//play.pokemonshowdown.com/style/font-awesome.css?0.9266228007934947" />
<link rel="stylesheet" href="//play.pokemonshowdown.com/style/battle.css?0.7924700842790926" />
<link rel="stylesheet" href="//play.pokemonshowdown.com/style/utilichart.css?0.8777417872839479" />

<!-- Global site tag (gtag.js) - Google Analytics -->
<script async src="https://www.googletagmanager.com/gtag/js?id=UA-26211653-1"></script>
<script>
  window.dataLayer = window.dataLayer || [];
  function gtag(){dataLayer.push(arguments);}
  gtag('js', new Date());

  gtag('config', 'UA-26211653-1');
</script>
<!-- End Google Analytics -->
<!-- Venatus Ad Manager - Install in <HEAD> of page -->
	<script src="https://hb.vntsm.com/v3/live/ad-manager.min.js" type="text/javascript" data-site-id="642aba63ec9a7b11c3c9c1be" data-mode="scan" async></script>
<!-- / Venatus Ad Manager -->

<style>
	@media (max-width:820px) {
		.battle {
			margin: 0 auto;
		}
		.battle-log {
			margin: 7px auto 0;
			max-width: 640px;
			height: 300px;
			position: static;
		}
	}
	.optgroup {
		display: inline-block;
		line-height: 22px;
		font-size: 10pt;
	}
	.optgroup .button {
		height: 25px;
		padding-top: 0;
		padding-bottom: 0;
	}
	.optgroup button.button {
		padding-left: 12px;
		padding-right: 12px;
	}
	.linklist {
		list-style: none;
		margin: 0.5em 0;
		padding: 0;
	}
	.linklist li {
		padding: 2px 0;
	}
	.sidebar {
		float: left;
		width: 320px;
	}
	.bar-wrapper {
		max-width: 1100px;
		margin: 0 auto;
	}
	.bar-wrapper.has-sidebar {
		max-width: 1430px;
	}
	.mainbar {
		margin: 0;
		padding-right: 1px;
	}
	.mainbar.has-sidebar {
		margin-left: 330px;
	}
	@media (min-width: 1511px) {
		.sidebar {
			width: 400px;
		}
		.bar-wrapper.has-sidebar {
			max-width: 1510px;
		}
		.mainbar.has-sidebar {
			margin-left: 410px;
		}
	}
	.section.first-section {
		margin-top: 9px;
	}
	.blocklink small {
		white-space: normal;
	}
	.button {
		vertical-align: middle;
	}
	.replay-controls {
		padding-top: 10px;
	}
	.replay-controls h1 {
		font-size: 16pt;
		font-weight: normal;
		color: #CCC;
	}
	.pagelink {
		text-align: center;
	}
	.pagelink a {
		width: 150px;
	}
	.textbox, .button {
		font-size: 11pt;
		vertical-align: middle;
	}
	@media (max-width: 450px) {
		.button {
			font-size: 9pt;
		}
	}
</style>

<div>

	<header>
		<div class="nav-wrapper"><ul class="nav">
			<li><a class="button nav-first" href="//pokemonshowdown.com/"><img src="//pokemonshowdown.com/images/pokemonshowdownbeta.png" srcset="//pokemonshowdown.com/images/pokemonshowdownbeta.png 1x, //pokemonshowdown.com/images/pokemonshowdownbeta@2x.png 2x" alt="Pok&eacute;mon Showdown" width="146" height="44" /> Home</a></li>
			<li><a class="button" href="//pokemonshowdown.com/dex/">Pok&eacute;dex</a></li>
			<li><a class="button cur" href="/">Replays</a></li>
			<li><a class="button" href="//pokemonshowdown.com/ladder/">Ladder</a></li>
			<li><a class="button nav-last" href="//pokemonshowdown.com/forums/">Forum</a></li>
			<li><a class="button greenbutton nav-first nav-last" href="//play.pokemonshowdown.com/">Play</a></li>
		</ul></div>
	</header>

	<div class="main" id="main">

		<noscript><section class="section">You need to enable JavaScript to use this page; sorry!</section></noscript>

	</div>

</div>

<script defer nomodule src="//play.pokemonshowdown.com/js/lib/ps-polyfill.js"></script>
<script defer src="//play.pokemonshowdown.com/js/lib/preact.min.js"></script>

<script defer src="//play.pokemonshowdown.com/config/config.js?6dec07f6"></script>
<script defer src="//play.pokemonshowdown.com/js/lib/jquery-1.11.0.min.js"></script>
<script defer src="//play.pokemonshowdown.com/js/lib/html-sanitizer-minified.js"></script>
<script defer src="//play.pokemonshowdown.com/js/battle-sound.js"></script>
<script defer src="//play.pokemonshowdown.com/js/battledata.js?0.6315294753075389"></script>
<script defer src="//play.pokemonshowdown.com/data/pokedex-mini.js?0.7603743185311358"></script>
<script defer src="//play.pokemonshowdown.com/data/pokedex-mini-bw.js?0.030888842834281283"></script>
<script defer src="//play.pokemonshowdown.com/data/graphics.js?0.05593094747507488"></script>
<script defer src="//play.pokemonshowdown.com/data/pokedex.js?0.47064822249611904"></script>
<script defer src="//play.pokemonshowdown.com/data/moves.js?0.8583693120512459"></script>
<script defer src="//play.pokemonshowdown.com/data/abilities.js?0.16017181182386842"></script>
<script defer src="//play.pokemonshowdown.com/data/items.js?0.4163379185673943"></script>
<script defer src="//play.pokemonshowdown.com/data/teambuilder-tables.js?0.31075597372830477"></script>
<script defer src="//play.pokemonshowdown.com/js/battle-tooltips.js?0.6536193500708172"></script>
<script defer src="//play.pokemonshowdown.com/js/battle.js?0.1916591943277901"></script>

<script defer src="js/utils.js?e31f9a17"></script>
<script defer src="js/replays-battle.js?7008c182"></script>

<!-- don't scrape this data! just add .json or .log after the URL!
Full API docs: https://github.com/smogon/pokemon-showdown-client/blob/master/WEB-API.md -->
<script type="text/plain" class="log" id="replaylog-gen3ou-2216350182-rxhah3irvup281wbpnzzabtwfunayv6pw">
|j|☆Futtoka
|j|☆MenaCicada
|t:|1728116613
|gametype|singles
|player|p1|Futtoka|rocketexecutive-gen2|
|player|p2|MenaCicada|skyla|
|teamsize|p1|6
|teamsize|p2|6
|gen|3
|tier|[Gen 3] OU
|rule|Sleep Clause Mod: Limit one foe put to sleep
|rule|Switch Priority Clause Mod: Faster Pokémon switch first
|rule|Species Clause: Limit one of each Pokémon
|rule|OHKO Clause: OHKO moves are banned
|rule|Evasion Items Clause: Evasion items are banned
|rule|Evasion Moves Clause: Evasion moves are banned
|rule|Endless Battle Clause: Forcing endless battles is banned
|rule|HP Percentage Mod: HP is shown in percentages
|rule|One Boost Passer Clause: Limit one Baton Passer that has a way to boost its stats
|rule|Freeze Clause Mod: Limit one foe frozen
|
|t:|1728116613
|start
|switch|p1a: Zapdos|Zapdos|100/100
|switch|p2a: Skarmory|Skarmory, M|100/100
|turn|1
|inactive|Battle timer is ON: inactive players will automatically lose when time's up. (requested by MenaCicada)
|c|☆Futtoka|Hf
|
|t:|1728116629
|switch|p2a: Zapdos|Zapdos|100/100
|move|p1a: Zapdos|Baton Pass|p1a: Zapdos
|
|t:|1728116632
|switch|p1a: Tyranitar|Tyranitar, M|100/100|[from] Baton Pass
|-weather|Sandstorm|[from] ability: Sand Stream|[of] p1a: Tyranitar
|
|-weather|Sandstorm|[upkeep]
|-damage|p2a: Zapdos|94/100|[from] Sandstorm
|-heal|p2a: Zapdos|100/100|[from] item: Leftovers
|upkeep
|turn|2
|
|t:|1728116639
|switch|p2a: Flygon|Flygon, M|100/100
|move|p1a: Tyranitar|Hidden Power|p2a: Flygon
|-damage|p2a: Flygon|76/100
|
|-weather|Sandstorm|[upkeep]
|-heal|p2a: Flygon|82/100|[from] item: Leftovers
|upkeep
|turn|3
|inactive|Futtoka has 270 seconds left.
|inactive|MenaCicada has 270 seconds left.
|
|t:|1728116682
|switch|p1a: Breloom|Breloom, M|100/100
|move|p2a: Flygon|Toxic|p1a: Breloom|[miss]
|-miss|p2a: Flygon|p1a: Breloom
|
|-weather|Sandstorm|[upkeep]
|-damage|p1a: Breloom|94/100|[from] Sandstorm
|-heal|p1a: Breloom|100/100|[from] item: Leftovers
|-heal|p2a: Flygon|88/100|[from] item: Leftovers
|upkeep
|turn|4
|
|t:|1728116694
|move|p1a: Breloom|Spore|p2a: Flygon
|-status|p2a: Flygon|slp|[from] move: Spore
|cant|p2a: Flygon|slp
|
|-weather|Sandstorm|[upkeep]
|-damage|p1a: Breloom|94/100|[from] Sandstorm
|-heal|p1a: Breloom|100/100|[from] item: Leftovers
|-heal|p2a: Flygon|94/100 slp|[from] item: Leftovers
|upkeep
|turn|5
|
|t:|1728116702
|-singleturn|p1a: Breloom|move: Focus Punch
|switch|p2a: Moltres|Moltres|100/100
|move|p1a: Breloom|Focus Punch|p2a: Moltres
|-resisted|p2a: Moltres
|-damage|p2a: Moltres|54/100
|
|-weather|Sandstorm|[upkeep]
|-damage|p2a: Moltres|48/100|[from] Sandstorm
|-damage|p1a: Breloom|94/100|[from] Sandstorm
|-heal|p2a: Moltres|54/100|[from] item: Leftovers
|-heal|p1a: Breloom|100/100|[from] item: Leftovers
|upkeep
|turn|6
|
|t:|1728116712
|switch|p1a: Tyranitar|Tyranitar, M|100/100
|move|p2a: Moltres|Will-O-Wisp|p1a: Tyranitar
|-status|p1a: Tyranitar|brn
|
|-weather|Sandstorm|[upkeep]
|-damage|p2a: Moltres|48/100|[from] Sandstorm
|-heal|p2a: Moltres|54/100|[from] item: Leftovers
|-damage|p1a: Tyranitar|88/100 brn|[from] brn
|upkeep
|turn|7
|
|t:|1728116717
|-activate|p2a: Moltres|move: Pursuit
|move|p1a: Tyranitar|Pursuit|p2a: Moltres|[from]Pursuit
|-damage|p2a: Moltres|8/100
|switch|p2a: Flygon|Flygon, M|94/100 slp
|
|-weather|Sandstorm|[upkeep]
|-heal|p2a: Flygon|100/100 slp|[from] item: Leftovers
|-heal|p1a: Tyranitar|94/100 brn|[from] item: Leftovers
|-damage|p1a: Tyranitar|82/100 brn|[from] brn
|upkeep
|turn|8
|
|t:|1728116733
|switch|p1a: Breloom|Breloom, M|100/100
|cant|p2a: Flygon|slp
|
|-weather|Sandstorm|[upkeep]
|-damage|p1a: Breloom|94/100|[from] Sandstorm
|-heal|p1a: Breloom|100/100|[from] item: Leftovers
|upkeep
|turn|9
|
|t:|1728116739
|-singleturn|p1a: Breloom|move: Focus Punch
|switch|p2a: Misdreavus|Misdreavus, F|100/100
|move|p1a: Breloom|Focus Punch|p2a: Misdreavus
|-immune|p2a: Misdreavus
|
|-weather|Sandstorm|[upkeep]
|-damage|p1a: Breloom|94/100|[from] Sandstorm
|-damage|p2a: Misdreavus|94/100|[from] Sandstorm
|-heal|p1a: Breloom|100/100|[from] item: Leftovers
|-heal|p2a: Misdreavus|100/100|[from] item: Leftovers
|upkeep
|turn|10
|
|t:|1728116747
|-singleturn|p1a: Breloom|move: Focus Punch
|move|p2a: Misdreavus|Perish Song|p2a: Misdreavus
|-start|p1a: Breloom|perish3|[silent]
|-start|p2a: Misdreavus|perish3|[silent]
|-fieldactivate|move: Perish Song
|move|p1a: Breloom|Focus Punch|p2a: Misdreavus
|-immune|p2a: Misdreavus
|
|-weather|Sandstorm|[upkeep]
|-damage|p1a: Breloom|94/100|[from] Sandstorm
|-damage|p2a: Misdreavus|94/100|[from] Sandstorm
|-heal|p1a: Breloom|100/100|[from] item: Leftovers
|-heal|p2a: Misdreavus|100/100|[from] item: Leftovers
|-start|p1a: Breloom|perish3
|-start|p2a: Misdreavus|perish3
|upkeep
|turn|11
|
|t:|1728116757
|switch|p1a: Tyranitar|Tyranitar, M|82/100 brn
|move|p2a: Misdreavus|Perish Song|p2a: Misdreavus
|-start|p1a: Tyranitar|perish3|[silent]
|-fieldactivate|move: Perish Song
|
|-weather|Sandstorm|[upkeep]
|-damage|p2a: Misdreavus|94/100|[from] Sandstorm
|-heal|p2a: Misdreavus|100/100|[from] item: Leftovers
|-heal|p1a: Tyranitar|88/100 brn|[from] item: Leftovers
|-damage|p1a: Tyranitar|76/100 brn|[from] brn
|-start|p2a: Misdreavus|perish2
|-start|p1a: Tyranitar|perish3
|upkeep
|turn|12
|
|t:|1728116770
|move|p2a: Misdreavus|Thunderbolt|p1a: Tyranitar
|-damage|p1a: Tyranitar|59/100 brn
|move|p1a: Tyranitar|Crunch|p2a: Misdreavus
|-supereffective|p2a: Misdreavus
|-damage|p2a: Misdreavus|35/100
|
|-weather|Sandstorm|[upkeep]
|-damage|p2a: Misdreavus|29/100|[from] Sandstorm
|-heal|p2a: Misdreavus|35/100|[from] item: Leftovers
|-heal|p1a: Tyranitar|65/100 brn|[from] item: Leftovers
|-damage|p1a: Tyranitar|52/100 brn|[from] brn
|-start|p2a: Misdreavus|perish1
|-start|p1a: Tyranitar|perish2
|upkeep
|turn|13
|
|t:|1728116783
|move|p2a: Misdreavus|Thunderbolt|p1a: Tyranitar
|-damage|p1a: Tyranitar|35/100 brn
|move|p1a: Tyranitar|Pursuit|p2a: Misdreavus
|-supereffective|p2a: Misdreavus
|-damage|p2a: Misdreavus|5/100
|
|-weather|Sandstorm|[upkeep]
|-damage|p2a: Misdreavus|0 fnt|[from] Sandstorm
|faint|p2a: Misdreavus
|-heal|p1a: Tyranitar|41/100 brn|[from] item: Leftovers
|-damage|p1a: Tyranitar|29/100 brn|[from] brn
|-start|p1a: Tyranitar|perish1
|upkeep
|
|t:|1728116790
|switch|p2a: Moltres|Moltres|8/100
|turn|14
|
|t:|1728116805
|switch|p1a: Zapdos|Zapdos|100/100
|move|p2a: Moltres|Rest|p2a: Moltres
|-status|p2a: Moltres|slp|[from] move: Rest
|-heal|p2a: Moltres|100/100 slp|[silent]
|
|-weather|Sandstorm|[upkeep]
|-damage|p1a: Zapdos|94/100|[from] Sandstorm
|-damage|p2a: Moltres|94/100 slp|[from] Sandstorm
|-heal|p1a: Zapdos|100/100|[from] item: Leftovers
|-heal|p2a: Moltres|100/100 slp|[from] item: Leftovers
|upkeep
|turn|15
|
|t:|1728116818
|switch|p2a: Zapdos|Zapdos|100/100
|move|p1a: Zapdos|Thunderbolt|p2a: Zapdos
|-damage|p2a: Zapdos|64/100
|
|-weather|Sandstorm|[upkeep]
|-damage|p1a: Zapdos|94/100|[from] Sandstorm
|-damage|p2a: Zapdos|58/100|[from] Sandstorm
|-heal|p1a: Zapdos|100/100|[from] item: Leftovers
|-heal|p2a: Zapdos|64/100|[from] item: Leftovers
|upkeep
|turn|16
|
|t:|1728116831
|switch|p2a: Blissey|Blissey, F|100/100
|move|p1a: Zapdos|Substitute|p1a: Zapdos
|-start|p1a: Zapdos|Substitute
|-damage|p1a: Zapdos|76/100
|
|-weather|Sandstorm|[upkeep]
|-damage|p1a: Zapdos|69/100|[from] Sandstorm
|-damage|p2a: Blissey|94/100|[from] Sandstorm
|-heal|p1a: Zapdos|76/100|[from] item: Leftovers
|-heal|p2a: Blissey|100/100|[from] item: Leftovers
|upkeep
|turn|17
|
|t:|1728116846
|move|p1a: Zapdos|Baton Pass|p1a: Zapdos
|
|t:|1728116848
|switch|p1a: Dugtrio|Dugtrio, M|100/100|[from] Baton Pass
|move|p2a: Blissey|Ice Beam|p1a: Dugtrio
|-supereffective|p1a: Dugtrio
|-end|p1a: Dugtrio|Substitute
|
|-weather|Sandstorm|[upkeep]
|-damage|p2a: Blissey|94/100|[from] Sandstorm
|-heal|p2a: Blissey|100/100|[from] item: Leftovers
|upkeep
|turn|18
|
|t:|1728116856
|move|p1a: Dugtrio|Earthquake|p2a: Blissey
|-damage|p2a: Blissey|41/100
|move|p2a: Blissey|Ice Beam|p1a: Dugtrio
|-supereffective|p1a: Dugtrio
|-crit|p1a: Dugtrio
|-damage|p1a: Dugtrio|0 fnt
|faint|p1a: Dugtrio
|c|☆MenaCicada|Mb
|
|t:|1728116870
|switch|p1a: Breloom|Breloom, M|100/100
|
|-weather|Sandstorm|[upkeep]
|-damage|p1a: Breloom|94/100|[from] Sandstorm
|-damage|p2a: Blissey|35/100|[from] Sandstorm
|-heal|p1a: Breloom|100/100|[from] item: Leftovers
|-heal|p2a: Blissey|41/100|[from] item: Leftovers
|upkeep
|turn|19
|c|☆Futtoka|its fine dw
|
|t:|1728116886
|move|p1a: Breloom|Sky Uppercut|p2a: Blissey
|-supereffective|p2a: Blissey
|-damage|p2a: Blissey|0 fnt
|faint|p2a: Blissey
|
|t:|1728116890
|switch|p2a: Skarmory|Skarmory, M|100/100
|
|-weather|Sandstorm|[upkeep]
|-damage|p1a: Breloom|94/100|[from] Sandstorm
|-heal|p1a: Breloom|100/100|[from] item: Leftovers
|upkeep
|turn|20
|
|t:|1728116906
|switch|p1a: Tyranitar|Tyranitar, M|29/100 brn
|move|p2a: Skarmory|Drill Peck|p1a: Tyranitar
|-resisted|p1a: Tyranitar
|-damage|p1a: Tyranitar|20/100 brn
|
|-weather|Sandstorm|[upkeep]
|-heal|p1a: Tyranitar|26/100 brn|[from] item: Leftovers
|-damage|p1a: Tyranitar|14/100 brn|[from] brn
|upkeep
|turn|21
|
|t:|1728116912
|move|p2a: Skarmory|Protect|p2a: Skarmory
|-singleturn|p2a: Skarmory|Protect
|move|p1a: Tyranitar|Fire Blast|p2a: Skarmory
|-activate|p2a: Skarmory|Protect
|
|-weather|Sandstorm|[upkeep]
|-heal|p1a: Tyranitar|20/100 brn|[from] item: Leftovers
|-damage|p1a: Tyranitar|7/100 brn|[from] brn
|upkeep
|turn|22
|
|t:|1728116918
|move|p2a: Skarmory|Drill Peck|p1a: Tyranitar
|-resisted|p1a: Tyranitar
|-damage|p1a: Tyranitar|0 fnt
|faint|p1a: Tyranitar
|
|t:|1728116921
|switch|p1a: Zapdos|Zapdos|76/100
|
|-weather|Sandstorm|[upkeep]
|-damage|p1a: Zapdos|69/100|[from] Sandstorm
|-heal|p1a: Zapdos|76/100|[from] item: Leftovers
|upkeep
|turn|23
|
|t:|1728116924
|switch|p2a: Flygon|Flygon, M|100/100 slp
|move|p1a: Zapdos|Thunderbolt|p2a: Flygon
|-immune|p2a: Flygon
|
|-weather|Sandstorm|[upkeep]
|-damage|p1a: Zapdos|69/100|[from] Sandstorm
|-heal|p1a: Zapdos|76/100|[from] item: Leftovers
|upkeep
|turn|24
|
|t:|1728116930
|move|p1a: Zapdos|Substitute|p1a: Zapdos
|-start|p1a: Zapdos|Substitute
|-damage|p1a: Zapdos|51/100
|-curestatus|p2a: Flygon|slp|[msg]
|move|p2a: Flygon|Toxic||[still]
|-fail|p2a: Flygon
|
|-weather|Sandstorm|[upkeep]
|-damage|p1a: Zapdos|45/100|[from] Sandstorm
|-heal|p1a: Zapdos|51/100|[from] item: Leftovers
|upkeep
|turn|25
|
|t:|1728116944
|move|p1a: Zapdos|Baton Pass|p1a: Zapdos
|
|t:|1728116946
|switch|p1a: Jirachi|Jirachi|100/100|[from] Baton Pass
|move|p2a: Flygon|Rock Slide|p1a: Jirachi
|-resisted|p1a: Jirachi
|-activate|p1a: Jirachi|Substitute|[damage]
|
|-weather|Sandstorm|[upkeep]
|upkeep
|turn|26
|
|t:|1728116959
|move|p2a: Flygon|Earthquake|p1a: Jirachi
|-supereffective|p1a: Jirachi
|-end|p1a: Jirachi|Substitute
|move|p1a: Jirachi|Ice Punch|p2a: Flygon
|-supereffective|p2a: Flygon
|-damage|p2a: Flygon|21/100
|
|-weather|Sandstorm|[upkeep]
|-heal|p2a: Flygon|27/100|[from] item: Leftovers
|upkeep
|turn|27
|
|t:|1728116966
|move|p2a: Flygon|Protect|p2a: Flygon
|-singleturn|p2a: Flygon|Protect
|move|p1a: Jirachi|Ice Punch|p2a: Flygon
|-activate|p2a: Flygon|Protect
|
|-weather|Sandstorm|[upkeep]
|-heal|p2a: Flygon|33/100|[from] item: Leftovers
|upkeep
|turn|28
|
|t:|1728116979
|switch|p2a: Moltres|Moltres|100/100 slp
|move|p1a: Jirachi|Ice Punch|p2a: Moltres
|-damage|p2a: Moltres|80/100 slp
|
|-weather|Sandstorm|[upkeep]
|-damage|p2a: Moltres|74/100 slp|[from] Sandstorm
|-heal|p2a: Moltres|80/100 slp|[from] item: Leftovers
|upkeep
|turn|29
|
|t:|1728116990
|switch|p2a: Flygon|Flygon, M|33/100
|move|p1a: Jirachi|Thunder|p2a: Flygon
|-immune|p2a: Flygon
|
|-weather|Sandstorm|[upkeep]
|-heal|p2a: Flygon|39/100|[from] item: Leftovers
|upkeep
|turn|30
|
|t:|1728117003
|move|p2a: Flygon|Earthquake|p1a: Jirachi
|-supereffective|p1a: Jirachi
|-damage|p1a: Jirachi|54/100
|move|p1a: Jirachi|Ice Punch|p2a: Flygon
|-supereffective|p2a: Flygon
|-damage|p2a: Flygon|0 fnt
|faint|p2a: Flygon
|
|t:|1728117007
|switch|p2a: Zapdos|Zapdos|64/100
|
|-weather|Sandstorm|[upkeep]
|-damage|p2a: Zapdos|58/100|[from] Sandstorm
|-heal|p1a: Jirachi|61/100|[from] item: Leftovers
|-heal|p2a: Zapdos|64/100|[from] item: Leftovers
|upkeep
|turn|31
|
|t:|1728117014
|move|p1a: Jirachi|Ice Punch|p2a: Zapdos
|-supereffective|p2a: Zapdos
|-damage|p2a: Zapdos|40/100
|move|p2a: Zapdos|Roar|p1a: Jirachi
|drag|p1a: Zapdos|Zapdos|51/100
|
|-weather|Sandstorm|[upkeep]
|-damage|p1a: Zapdos|45/100|[from] Sandstorm
|-damage|p2a: Zapdos|34/100|[from] Sandstorm
|-heal|p1a: Zapdos|51/100|[from] item: Leftovers
|-heal|p2a: Zapdos|40/100|[from] item: Leftovers
|upkeep
|turn|32
|
|t:|1728117020
|move|p1a: Zapdos|Thunderbolt|p2a: Zapdos
|-damage|p2a: Zapdos|5/100
|move|p2a: Zapdos|Rest|p2a: Zapdos
|-status|p2a: Zapdos|slp|[from] move: Rest
|-heal|p2a: Zapdos|100/100 slp|[silent]
|
|-weather|Sandstorm|[upkeep]
|-damage|p1a: Zapdos|45/100|[from] Sandstorm
|-damage|p2a: Zapdos|94/100 slp|[from] Sandstorm
|-heal|p1a: Zapdos|51/100|[from] item: Leftovers
|-heal|p2a: Zapdos|100/100 slp|[from] item: Leftovers
|upkeep
|turn|33
|
|t:|1728117024
|move|p1a: Zapdos|Thunderbolt|p2a: Zapdos
|-damage|p2a: Zapdos|69/100 slp
|cant|p2a: Zapdos|slp
|move|p2a: Zapdos|Sleep Talk|p2a: Zapdos
|move|p2a: Zapdos|Rest|p2a: Zapdos|[from]Sleep Talk
|
|-weather|Sandstorm|[upkeep]
|-damage|p1a: Zapdos|45/100|[from] Sandstorm
|-damage|p2a: Zapdos|63/100 slp|[from] Sandstorm
|-heal|p1a: Zapdos|51/100|[from] item: Leftovers
|-heal|p2a: Zapdos|69/100 slp|[from] item: Leftovers
|upkeep
|turn|34
|
|t:|1728117027
|move|p1a: Zapdos|Thunderbolt|p2a: Zapdos
|-damage|p2a: Zapdos|36/100 slp
|cant|p2a: Zapdos|slp
|move|p2a: Zapdos|Sleep Talk|p2a: Zapdos
|move|p2a: Zapdos|Rest|p2a: Zapdos|[from]Sleep Talk
|
|-weather|Sandstorm|[upkeep]
|-damage|p1a: Zapdos|45/100|[from] Sandstorm
|-damage|p2a: Zapdos|29/100 slp|[from] Sandstorm
|-heal|p1a: Zapdos|51/100|[from] item: Leftovers
|-heal|p2a: Zapdos|36/100 slp|[from] item: Leftovers
|upkeep
|turn|35
|
|t:|1728117034
|move|p1a: Zapdos|Thunderbolt|p2a: Zapdos
|-damage|p2a: Zapdos|4/100 slp
|-curestatus|p2a: Zapdos|slp|[msg]
|move|p2a: Zapdos|Rest|p2a: Zapdos
|-status|p2a: Zapdos|slp|[from] move: Rest
|-heal|p2a: Zapdos|100/100 slp|[silent]
|
|-weather|Sandstorm|[upkeep]
|-damage|p1a: Zapdos|45/100|[from] Sandstorm
|-damage|p2a: Zapdos|94/100 slp|[from] Sandstorm
|-heal|p1a: Zapdos|51/100|[from] item: Leftovers
|-heal|p2a: Zapdos|100/100 slp|[from] item: Leftovers
|upkeep
|turn|36
|
|t:|1728117041
|move|p1a: Zapdos|Thunderbolt|p2a: Zapdos
|-damage|p2a: Zapdos|66/100 slp
|cant|p2a: Zapdos|slp
|move|p2a: Zapdos|Sleep Talk|p2a: Zapdos
|move|p2a: Zapdos|Thunderbolt|p1a: Zapdos|[from]Sleep Talk
|-damage|p1a: Zapdos|7/100
|
|-weather|Sandstorm|[upkeep]
|-damage|p1a: Zapdos|1/100|[from] Sandstorm
|-damage|p2a: Zapdos|60/100 slp|[from] Sandstorm
|-heal|p1a: Zapdos|7/100|[from] item: Leftovers
|-heal|p2a: Zapdos|66/100 slp|[from] item: Leftovers
|upkeep
|turn|37
|
|t:|1728117054
|move|p1a: Zapdos|Thunderbolt|p2a: Zapdos
|-damage|p2a: Zapdos|29/100 slp
|cant|p2a: Zapdos|slp
|move|p2a: Zapdos|Sleep Talk|p2a: Zapdos
|move|p2a: Zapdos|Thunderbolt|p1a: Zapdos|[from]Sleep Talk
|-damage|p1a: Zapdos|0 fnt
|faint|p1a: Zapdos
|inactive|Futtoka has 270 seconds left.
|
|t:|1728117080
|switch|p1a: Jirachi|Jirachi|61/100
|
|-weather|Sandstorm|[upkeep]
|-damage|p2a: Zapdos|23/100 slp|[from] Sandstorm
|-heal|p2a: Zapdos|29/100 slp|[from] item: Leftovers
|-heal|p1a: Jirachi|67/100|[from] item: Leftovers
|upkeep
|turn|38
|
|t:|1728117096
|move|p1a: Jirachi|Calm Mind|p1a: Jirachi
|-boost|p1a: Jirachi|spa|1
|-boost|p1a: Jirachi|spd|1
|-curestatus|p2a: Zapdos|slp|[msg]
|move|p2a: Zapdos|Rest|p2a: Zapdos
|-status|p2a: Zapdos|slp|[from] move: Rest
|-heal|p2a: Zapdos|100/100 slp|[silent]
|
|-weather|Sandstorm|[upkeep]
|-damage|p2a: Zapdos|94/100 slp|[from] Sandstorm
|-heal|p1a: Jirachi|73/100|[from] item: Leftovers
|-heal|p2a: Zapdos|100/100 slp|[from] item: Leftovers
|upkeep
|turn|39
|
|t:|1728117102
|cant|p2a: Zapdos|slp
|move|p2a: Zapdos|Sleep Talk|p2a: Zapdos
|move|p2a: Zapdos|Thunderbolt|p1a: Jirachi|[from]Sleep Talk
|-damage|p1a: Jirachi|52/100
|move|p1a: Jirachi|Ice Punch|p2a: Zapdos
|-supereffective|p2a: Zapdos
|-crit|p2a: Zapdos
|-damage|p2a: Zapdos|23/100 slp
|
|-weather|Sandstorm|[upkeep]
|-damage|p2a: Zapdos|17/100 slp|[from] Sandstorm
|-heal|p1a: Jirachi|58/100|[from] item: Leftovers
|-heal|p2a: Zapdos|23/100 slp|[from] item: Leftovers
|upkeep
|turn|40
|
|t:|1728117110
|cant|p2a: Zapdos|slp
|move|p2a: Zapdos|Sleep Talk|p2a: Zapdos
|move|p2a: Zapdos|Rest|p2a: Zapdos|[from]Sleep Talk
|move|p1a: Jirachi|Ice Punch|p2a: Zapdos
|-supereffective|p2a: Zapdos
|-damage|p2a: Zapdos|0 fnt
|faint|p2a: Zapdos
|c|☆MenaCicada|Gg
|c|☆Futtoka|Ggs
|-message|MenaCicada forfeited.
|
|win|Futtoka
|l|☆MenaCicada
|player|p2|

</script>
<script type="application/json" class="data" id="replaydata-gen3ou-2216350182-rxhah3irvup281wbpnzzabtwfunayv6pw">
{"id":"gen3ou-2216350182","format":"[Gen 3] OU","players":["Futtoka","MenaCicada"],"uploadtime":1728117122,"views":122,"formatid":"gen3ou","rating":null,"private":1,"password":"rxhah3irvup281wbpnzzabtwfunayv6"}
</script>

<script defer src="js/replays.js?9d40a366"></script>
