<!DOCTYPE html>
<meta charset="utf-8" />
<meta name="viewport" content="width=device-width" />

<title>[Gen 3] OU: crab person vs. Bhol - Replays - Pok&eacute;mon Showdown!</title>

<meta name="description" content="Watch a replay of a Pok&eacute;mon battle between crab person and Bhol! Format: [Gen 3] OU; Date: Oct 30, 2024" />
<!--

Hey, you! Looking in the source for the replay log?

You can find them in JSON format, just add `.json` at the end of a replay URL.

https://replay.pokemonshowdown.com/gen7randomdoublesbattle-865046831.json

Or, if you only need the log itself, add `.log` instead:

https://replay.pokemonshowdown.com/gen7randomdoublesbattle-865046831.log

-->

<link rel="stylesheet" href="//pokemonshowdown.com/style/global.css?0.023195364461161105" />
<link rel="stylesheet" href="//play.pokemonshowdown.com/style/font-awesome.css?0.13261647063804238" />
<link rel="stylesheet" href="//play.pokemonshowdown.com/style/battle.css?0.8753245789963631" />
<link rel="stylesheet" href="//play.pokemonshowdown.com/style/utilichart.css?0.8627959624976733" />

<!-- Global site tag (gtag.js) - Google Analytics -->
<script async src="https://www.googletagmanager.com/gtag/js?id=UA-26211653-1"></script>
<script>
  window.dataLayer = window.dataLayer || [];
  function gtag(){dataLayer.push(arguments);}
  gtag('js', new Date());

  gtag('config', 'UA-26211653-1');
</script>
<!-- End Google Analytics -->
<!-- Venatus Ad Manager - Install in <HEAD> of page -->
	<script src="https://hb.vntsm.com/v3/live/ad-manager.min.js" type="text/javascript" data-site-id="642aba63ec9a7b11c3c9c1be" data-mode="scan" async></script>
<!-- / Venatus Ad Manager -->

<style>
	@media (max-width:820px) {
		.battle {
			margin: 0 auto;
		}
		.battle-log {
			margin: 7px auto 0;
			max-width: 640px;
			height: 300px;
			position: static;
		}
	}
	.optgroup {
		display: inline-block;
		line-height: 22px;
		font-size: 10pt;
	}
	.optgroup .button {
		height: 25px;
		padding-top: 0;
		padding-bottom: 0;
	}
	.optgroup button.button {
		padding-left: 12px;
		padding-right: 12px;
	}
	.linklist {
		list-style: none;
		margin: 0.5em 0;
		padding: 0;
	}
	.linklist li {
		padding: 2px 0;
	}
	.sidebar {
		float: left;
		width: 320px;
	}
	.bar-wrapper {
		max-width: 1100px;
		margin: 0 auto;
	}
	.bar-wrapper.has-sidebar {
		max-width: 1430px;
	}
	.mainbar {
		margin: 0;
		padding-right: 1px;
	}
	.mainbar.has-sidebar {
		margin-left: 330px;
	}
	@media (min-width: 1511px) {
		.sidebar {
			width: 400px;
		}
		.bar-wrapper.has-sidebar {
			max-width: 1510px;
		}
		.mainbar.has-sidebar {
			margin-left: 410px;
		}
	}
	.section.first-section {
		margin-top: 9px;
	}
	.blocklink small {
		white-space: normal;
	}
	.button {
		vertical-align: middle;
	}
	.replay-controls {
		padding-top: 10px;
	}
	.replay-controls h1 {
		font-size: 16pt;
		font-weight: normal;
		color: #CCC;
	}
	.pagelink {
		text-align: center;
	}
	.pagelink a {
		width: 150px;
	}
	.textbox, .button {
		font-size: 11pt;
		vertical-align: middle;
	}
	@media (max-width: 450px) {
		.button {
			font-size: 9pt;
		}
	}
</style>

<div>

	<header>
		<div class="nav-wrapper"><ul class="nav">
			<li><a class="button nav-first" href="//pokemonshowdown.com/"><img src="//pokemonshowdown.com/images/pokemonshowdownbeta.png" srcset="//pokemonshowdown.com/images/pokemonshowdownbeta.png 1x, //pokemonshowdown.com/images/pokemonshowdownbeta@2x.png 2x" alt="Pok&eacute;mon Showdown" width="146" height="44" /> Home</a></li>
			<li><a class="button" href="//pokemonshowdown.com/dex/">Pok&eacute;dex</a></li>
			<li><a class="button cur" href="/">Replays</a></li>
			<li><a class="button" href="//pokemonshowdown.com/ladder/">Ladder</a></li>
			<li><a class="button nav-last" href="//pokemonshowdown.com/forums/">Forum</a></li>
			<li><a class="button greenbutton nav-first nav-last" href="//play.pokemonshowdown.com/">Play</a></li>
		</ul></div>
	</header>

	<div class="main" id="main">

		<noscript><section class="section">You need to enable JavaScript to use this page; sorry!</section></noscript>

	</div>

</div>

<script defer nomodule src="//play.pokemonshowdown.com/js/lib/ps-polyfill.js"></script>
<script defer src="//play.pokemonshowdown.com/js/lib/preact.min.js"></script>

<script defer src="//play.pokemonshowdown.com/config/config.js?2bddbc15"></script>
<script defer src="//play.pokemonshowdown.com/js/lib/jquery-1.11.0.min.js"></script>
<script defer src="//play.pokemonshowdown.com/js/lib/html-sanitizer-minified.js"></script>
<script defer src="//play.pokemonshowdown.com/js/battle-sound.js"></script>
<script defer src="//play.pokemonshowdown.com/js/battledata.js?0.7209276989879541"></script>
<script defer src="//play.pokemonshowdown.com/data/pokedex-mini.js?0.6111056340867951"></script>
<script defer src="//play.pokemonshowdown.com/data/pokedex-mini-bw.js?0.3532142036491459"></script>
<script defer src="//play.pokemonshowdown.com/data/graphics.js?0.24223875632456182"></script>
<script defer src="//play.pokemonshowdown.com/data/pokedex.js?0.38839984266356864"></script>
<script defer src="//play.pokemonshowdown.com/data/moves.js?0.21866028504024015"></script>
<script defer src="//play.pokemonshowdown.com/data/abilities.js?0.2005157953846628"></script>
<script defer src="//play.pokemonshowdown.com/data/items.js?0.9894211263848525"></script>
<script defer src="//play.pokemonshowdown.com/data/teambuilder-tables.js?0.6008791140282215"></script>
<script defer src="//play.pokemonshowdown.com/js/battle-tooltips.js?0.7580118955022959"></script>
<script defer src="//play.pokemonshowdown.com/js/battle.js?0.6057722274234274"></script>

<script defer src="js/utils.js?e31f9a17"></script>
<script defer src="js/replays-battle.js?7008c182"></script>

<!-- don't scrape this data! just add .json or .log after the URL!
Full API docs: https://github.com/smogon/pokemon-showdown-client/blob/master/WEB-API.md -->
<script type="text/plain" class="log" id="replaylog-gen3ou-2234137657-w9kcovejcrdsjgm4zui08gd47k3znq8pw">
|j|☆crab person
|j|☆Bhol
|t:|1730307003
|gametype|singles
|player|p1|crab person|flint|
|player|p2|Bhol|sabrina|
|teamsize|p1|6
|teamsize|p2|6
|gen|3
|tier|[Gen 3] OU
|rule|Sleep Clause Mod: Limit one foe put to sleep
|rule|Switch Priority Clause Mod: Faster Pokémon switch first
|rule|Species Clause: Limit one of each Pokémon
|rule|OHKO Clause: OHKO moves are banned
|rule|Evasion Items Clause: Evasion items are banned
|rule|Evasion Moves Clause: Evasion moves are banned
|rule|Endless Battle Clause: Forcing endless battles is banned
|rule|HP Percentage Mod: HP is shown in percentages
|rule|One Boost Passer Clause: Limit one Baton Passer that has a way to boost its stats
|rule|Freeze Clause Mod: Limit one foe frozen
|
|t:|1730307003
|start
|switch|p1a: King Of Feral Imps|Sceptile, F|100/100
|switch|p2a: Salamence|Salamence, F|100/100
|-ability|p2a: Salamence|Intimidate|boost
|-unboost|p1a: King Of Feral Imps|atk|1
|turn|1
|c|☆crab person|glhf
|c|☆Bhol|Glhf
|
|t:|1730307022
|move|p1a: King Of Feral Imps|Hidden Power|p2a: Salamence
|-supereffective|p2a: Salamence
|-damage|p2a: Salamence|0 fnt
|faint|p2a: Salamence
|
|t:|1730307027
|switch|p2a: Houndoom|Houndoom, M|100/100
|
|upkeep
|turn|2
|
|t:|1730307032
|-activate|p1a: King Of Feral Imps|move: Pursuit
|move|p2a: Houndoom|Pursuit|p1a: King Of Feral Imps|[from]Pursuit
|-damage|p1a: King Of Feral Imps|47/100
|switch|p1a: Big Koala|Snorlax, M|100/100
|
|upkeep
|turn|3
|
|t:|1730307040
|move|p2a: Houndoom|Will-O-Wisp|p1a: Big Koala
|-status|p1a: Big Koala|brn
|move|p1a: Big Koala|Body Slam|p2a: Houndoom
|-damage|p2a: Houndoom|56/100
|
|-heal|p2a: Houndoom|62/100|[from] item: Leftovers
|-damage|p1a: Big Koala|88/100 brn|[from] brn
|upkeep
|turn|4
|
|t:|1730307047
|switch|p2a: Cloyster|Cloyster, M|100/100
|move|p1a: Big Koala|Body Slam|p2a: Cloyster
|-damage|p2a: Cloyster|85/100
|
|-heal|p2a: Cloyster|91/100|[from] item: Leftovers
|-heal|p1a: Big Koala|94/100 brn|[from] item: Leftovers
|-damage|p1a: Big Koala|82/100 brn|[from] brn
|upkeep
|turn|5
|
|t:|1730307049
|switch|p1a: Lightning Chidori|Zapdos|100/100
|move|p2a: Cloyster|Spikes|p1a: Lightning Chidori
|-sidestart|p1: crab person|Spikes
|
|-heal|p2a: Cloyster|97/100|[from] item: Leftovers
|upkeep
|turn|6
|
|t:|1730307053
|switch|p2a: Jolteon|Jolteon, M|100/100
|move|p1a: Lightning Chidori|Thunderbolt|p2a: Jolteon
|-immune|p2a: Jolteon|[from] ability: Volt Absorb
|
|upkeep
|turn|7
|
|t:|1730307066
|move|p2a: Jolteon|Baton Pass|p2a: Jolteon
|
|t:|1730307069
|switch|p2a: Tyranitar|Tyranitar, F|100/100|[from] Baton Pass
|-weather|Sandstorm|[from] ability: Sand Stream|[of] p2a: Tyranitar
|move|p1a: Lightning Chidori|Thunder Wave|p2a: Tyranitar
|-status|p2a: Tyranitar|par
|
|-weather|Sandstorm|[upkeep]
|-damage|p1a: Lightning Chidori|94/100|[from] Sandstorm
|-heal|p1a: Lightning Chidori|100/100|[from] item: Leftovers
|upkeep
|turn|8
|
|t:|1730307078
|switch|p1a: King Regulis|Registeel|100/100
|-damage|p1a: King Regulis|88/100|[from] Spikes
|move|p2a: Tyranitar|Rock Slide|p1a: King Regulis
|-resisted|p1a: King Regulis
|-damage|p1a: King Regulis|77/100
|
|-weather|Sandstorm|[upkeep]
|-heal|p1a: King Regulis|83/100|[from] item: Leftovers
|upkeep
|turn|9
|
|t:|1730307091
|move|p1a: King Regulis|Toxic||[still]
|-fail|p1a: King Regulis
|move|p2a: Tyranitar|Earthquake|p1a: King Regulis
|-supereffective|p1a: King Regulis
|-damage|p1a: King Regulis|41/100
|
|-weather|Sandstorm|[upkeep]
|-heal|p1a: King Regulis|47/100|[from] item: Leftovers
|upkeep
|turn|10
|
|t:|1730307103
|switch|p2a: Houndoom|Houndoom, M|62/100
|move|p1a: King Regulis|Counter|p2a: Houndoom
|
|-weather|Sandstorm|[upkeep]
|-damage|p2a: Houndoom|56/100|[from] Sandstorm
|-heal|p2a: Houndoom|62/100|[from] item: Leftovers
|-heal|p1a: King Regulis|53/100|[from] item: Leftovers
|upkeep
|turn|11
|
|t:|1730307114
|switch|p1a: Big Koala|Snorlax, M|82/100 brn
|-damage|p1a: Big Koala|70/100 brn|[from] Spikes
|move|p2a: Houndoom|Fire Blast|p1a: Big Koala
|-damage|p1a: Big Koala|54/100 brn
|
|-weather|Sandstorm|[upkeep]
|-damage|p2a: Houndoom|56/100|[from] Sandstorm
|-damage|p1a: Big Koala|48/100 brn|[from] Sandstorm
|-heal|p2a: Houndoom|62/100|[from] item: Leftovers
|-heal|p1a: Big Koala|54/100 brn|[from] item: Leftovers
|-damage|p1a: Big Koala|41/100 brn|[from] brn
|upkeep
|turn|12
|
|t:|1730307127
|switch|p2a: Cloyster|Cloyster, M|97/100
|move|p1a: Big Koala|Rest|p1a: Big Koala
|-status|p1a: Big Koala|slp|[from] move: Rest
|-heal|p1a: Big Koala|100/100 slp|[silent]
|
|-weather|Sandstorm|[upkeep]
|-damage|p2a: Cloyster|91/100|[from] Sandstorm
|-damage|p1a: Big Koala|94/100 slp|[from] Sandstorm
|-heal|p2a: Cloyster|97/100|[from] item: Leftovers
|-heal|p1a: Big Koala|100/100 slp|[from] item: Leftovers
|upkeep
|turn|13
|
|t:|1730307136
|switch|p1a: Lightning Chidori|Zapdos|100/100
|move|p2a: Cloyster|Spikes|p1a: Lightning Chidori
|-sidestart|p1: crab person|Spikes
|
|-weather|Sandstorm|[upkeep]
|-damage|p1a: Lightning Chidori|94/100|[from] Sandstorm
|-damage|p2a: Cloyster|91/100|[from] Sandstorm
|-heal|p1a: Lightning Chidori|100/100|[from] item: Leftovers
|-heal|p2a: Cloyster|97/100|[from] item: Leftovers
|upkeep
|turn|14
|
|t:|1730307140
|switch|p2a: Tyranitar|Tyranitar, F|100/100 par
|move|p1a: Lightning Chidori|Hidden Power|p2a: Tyranitar
|-supereffective|p2a: Tyranitar
|-damage|p2a: Tyranitar|59/100 par
|
|-weather|Sandstorm|[upkeep]
|-damage|p1a: Lightning Chidori|94/100|[from] Sandstorm
|-heal|p1a: Lightning Chidori|100/100|[from] item: Leftovers
|-heal|p2a: Tyranitar|66/100 par|[from] item: Leftovers
|upkeep
|turn|15
|
|t:|1730307152
|switch|p1a: King Regulis|Registeel|53/100
|-damage|p1a: King Regulis|36/100|[from] Spikes
|move|p2a: Tyranitar|Rock Slide|p1a: King Regulis
|-resisted|p1a: King Regulis
|-damage|p1a: King Regulis|24/100
|
|-weather|Sandstorm|[upkeep]
|-heal|p1a: King Regulis|30/100|[from] item: Leftovers
|-heal|p2a: Tyranitar|72/100 par|[from] item: Leftovers
|upkeep
|turn|16
|
|t:|1730307163
|move|p1a: King Regulis|Seismic Toss|p2a: Tyranitar
|-damage|p2a: Tyranitar|47/100 par
|cant|p2a: Tyranitar|par
|
|-weather|Sandstorm|[upkeep]
|-heal|p1a: King Regulis|36/100|[from] item: Leftovers
|-heal|p2a: Tyranitar|53/100 par|[from] item: Leftovers
|upkeep
|turn|17
|
|t:|1730307170
|move|p1a: King Regulis|Seismic Toss|p2a: Tyranitar
|-damage|p2a: Tyranitar|28/100 par
|cant|p2a: Tyranitar|par
|
|-weather|Sandstorm|[upkeep]
|-heal|p1a: King Regulis|42/100|[from] item: Leftovers
|-heal|p2a: Tyranitar|34/100 par|[from] item: Leftovers
|upkeep
|turn|18
|
|t:|1730307179
|move|p1a: King Regulis|Seismic Toss|p2a: Tyranitar
|-damage|p2a: Tyranitar|10/100 par
|move|p2a: Tyranitar|Earthquake|p1a: King Regulis
|-supereffective|p1a: King Regulis
|-damage|p1a: King Regulis|0 fnt
|faint|p1a: King Regulis
|
|t:|1730307195
|switch|p1a: Lightning Chidori|Zapdos|100/100
|
|-weather|Sandstorm|[upkeep]
|-damage|p1a: Lightning Chidori|94/100|[from] Sandstorm
|-heal|p1a: Lightning Chidori|100/100|[from] item: Leftovers
|-heal|p2a: Tyranitar|16/100 par|[from] item: Leftovers
|upkeep
|turn|19
|
|t:|1730307201
|move|p1a: Lightning Chidori|Hidden Power|p2a: Tyranitar
|-supereffective|p2a: Tyranitar
|-damage|p2a: Tyranitar|0 fnt
|faint|p2a: Tyranitar
|
|t:|1730307221
|switch|p2a: Jolteon|Jolteon, M|100/100
|
|-weather|Sandstorm|[upkeep]
|-damage|p2a: Jolteon|94/100|[from] Sandstorm
|-damage|p1a: Lightning Chidori|94/100|[from] Sandstorm
|-heal|p2a: Jolteon|100/100|[from] item: Leftovers
|-heal|p1a: Lightning Chidori|100/100|[from] item: Leftovers
|upkeep
|turn|20
|
|t:|1730307233
|move|p2a: Jolteon|Thunderbolt|p1a: Lightning Chidori
|-damage|p1a: Lightning Chidori|61/100
|move|p1a: Lightning Chidori|Thunder Wave|p2a: Jolteon
|-status|p2a: Jolteon|par
|
|-weather|Sandstorm|[upkeep]
|-damage|p1a: Lightning Chidori|55/100|[from] Sandstorm
|-damage|p2a: Jolteon|94/100 par|[from] Sandstorm
|-heal|p1a: Lightning Chidori|61/100|[from] item: Leftovers
|-heal|p2a: Jolteon|100/100 par|[from] item: Leftovers
|upkeep
|turn|21
|
|t:|1730307244
|switch|p1a: King Of Feral Imps|Sceptile, F|47/100
|-damage|p1a: King Of Feral Imps|30/100|[from] Spikes
|cant|p2a: Jolteon|par
|
|-weather|Sandstorm|[upkeep]
|-damage|p1a: King Of Feral Imps|24/100|[from] Sandstorm
|-damage|p2a: Jolteon|94/100 par|[from] Sandstorm
|-heal|p1a: King Of Feral Imps|30/100|[from] item: Leftovers
|-heal|p2a: Jolteon|100/100 par|[from] item: Leftovers
|upkeep
|turn|22
|
|t:|1730307252
|move|p1a: King Of Feral Imps|Leaf Blade|p2a: Jolteon
|-damage|p2a: Jolteon|44/100 par
|cant|p2a: Jolteon|par
|
|-weather|Sandstorm|[upkeep]
|-damage|p1a: King Of Feral Imps|24/100|[from] Sandstorm
|-damage|p2a: Jolteon|38/100 par|[from] Sandstorm
|-heal|p1a: King Of Feral Imps|30/100|[from] item: Leftovers
|-heal|p2a: Jolteon|44/100 par|[from] item: Leftovers
|upkeep
|turn|23
|c|☆crab person|sorry
|
|t:|1730307267
|move|p1a: King Of Feral Imps|Leaf Blade|p2a: Jolteon
|-damage|p2a: Jolteon|0 fnt
|faint|p2a: Jolteon
|
|t:|1730307270
|switch|p2a: Houndoom|Houndoom, M|62/100
|
|-weather|Sandstorm|[upkeep]
|-damage|p1a: King Of Feral Imps|24/100|[from] Sandstorm
|-damage|p2a: Houndoom|56/100|[from] Sandstorm
|-heal|p1a: King Of Feral Imps|30/100|[from] item: Leftovers
|-heal|p2a: Houndoom|62/100|[from] item: Leftovers
|upkeep
|turn|24
|
|t:|1730307279
|move|p1a: King Of Feral Imps|Leech Seed|p2a: Houndoom
|-start|p2a: Houndoom|move: Leech Seed
|move|p2a: Houndoom|Fire Blast|p1a: King Of Feral Imps
|-supereffective|p1a: King Of Feral Imps
|-damage|p1a: King Of Feral Imps|0 fnt
|faint|p1a: King Of Feral Imps
|
|t:|1730307289
|switch|p1a: Big Koala|Snorlax, M|100/100 slp
|-damage|p1a: Big Koala|84/100 slp|[from] Spikes
|
|-weather|Sandstorm|[upkeep]
|-damage|p2a: Houndoom|56/100|[from] Sandstorm
|-damage|p1a: Big Koala|78/100 slp|[from] Sandstorm
|-heal|p2a: Houndoom|62/100|[from] item: Leftovers
|-damage|p2a: Houndoom|50/100|[from] Leech Seed|[of] p1a: Big Koala
|-heal|p1a: Big Koala|85/100 slp|[silent]
|-heal|p1a: Big Koala|91/100 slp|[from] item: Leftovers
|upkeep
|turn|25
|
|t:|1730307293
|switch|p2a: Cloyster|Cloyster, M|97/100
|cant|p1a: Big Koala|slp
|
|-weather|Sandstorm|[upkeep]
|-damage|p2a: Cloyster|91/100|[from] Sandstorm
|-damage|p1a: Big Koala|85/100 slp|[from] Sandstorm
|-heal|p2a: Cloyster|97/100|[from] item: Leftovers
|-heal|p1a: Big Koala|91/100 slp|[from] item: Leftovers
|upkeep
|turn|26
|
|t:|1730307299
|move|p2a: Cloyster|Spikes|p1a: Big Koala
|-sidestart|p1: crab person|Spikes
|cant|p1a: Big Koala|slp
|
|-weather|Sandstorm|[upkeep]
|-damage|p2a: Cloyster|91/100|[from] Sandstorm
|-damage|p1a: Big Koala|85/100 slp|[from] Sandstorm
|-heal|p2a: Cloyster|97/100|[from] item: Leftovers
|-heal|p1a: Big Koala|91/100 slp|[from] item: Leftovers
|upkeep
|turn|27
|
|t:|1730307303
|move|p2a: Cloyster|Explosion|p1a: Big Koala
|-damage|p1a: Big Koala|0 fnt
|faint|p2a: Cloyster
|faint|p1a: Big Koala
|
|t:|1730307312
|switch|p2a: Houndoom|Houndoom, M|50/100
|switch|p1a: Lightning Chidori|Zapdos|61/100
|
|-weather|Sandstorm|[upkeep]
|-damage|p2a: Houndoom|43/100|[from] Sandstorm
|-damage|p1a: Lightning Chidori|55/100|[from] Sandstorm
|-heal|p2a: Houndoom|50/100|[from] item: Leftovers
|-heal|p1a: Lightning Chidori|61/100|[from] item: Leftovers
|upkeep
|turn|28
|
|t:|1730307321
|move|p2a: Houndoom|Fire Blast|p1a: Lightning Chidori
|-damage|p1a: Lightning Chidori|2/100
|move|p1a: Lightning Chidori|Thunderbolt|p2a: Houndoom
|-damage|p2a: Houndoom|0 fnt
|faint|p2a: Houndoom
|
|t:|1730307327
|switch|p2a: Swampert|Swampert, M|100/100
|
|-weather|Sandstorm|[upkeep]
|-damage|p1a: Lightning Chidori|0 fnt|[from] Sandstorm
|faint|p1a: Lightning Chidori
|upkeep
|
|t:|1730307334
|switch|p1a: Mistar Boy|Starmie|100/100
|-damage|p1a: Mistar Boy|76/100|[from] Spikes
|turn|29
|
|t:|1730307342
|move|p1a: Mistar Boy|Hydro Pump|p2a: Swampert|[miss]
|-miss|p1a: Mistar Boy|p2a: Swampert
|move|p2a: Swampert|Earthquake|p1a: Mistar Boy
|-damage|p1a: Mistar Boy|20/100
|
|-weather|Sandstorm|[upkeep]
|-damage|p1a: Mistar Boy|14/100|[from] Sandstorm
|-heal|p1a: Mistar Boy|20/100|[from] item: Leftovers
|upkeep
|turn|30
|
|t:|1730307353
|move|p1a: Mistar Boy|Hydro Pump|p2a: Swampert|[miss]
|-miss|p1a: Mistar Boy|p2a: Swampert
|move|p2a: Swampert|Earthquake|p1a: Mistar Boy
|-damage|p1a: Mistar Boy|0 fnt
|faint|p1a: Mistar Boy
|
|t:|1730307355
|switch|p1a: Metagross|Metagross|100/100
|-damage|p1a: Metagross|75/100|[from] Spikes
|
|-weather|Sandstorm|[upkeep]
|-heal|p1a: Metagross|82/100|[from] item: Leftovers
|upkeep
|turn|31
|
|t:|1730307361
|move|p1a: Metagross|Earthquake|p2a: Swampert
|-damage|p2a: Swampert|71/100
|move|p2a: Swampert|Earthquake|p1a: Metagross
|-supereffective|p1a: Metagross
|-damage|p1a: Metagross|24/100
|
|-weather|Sandstorm|[upkeep]
|-heal|p1a: Metagross|30/100|[from] item: Leftovers
|-heal|p2a: Swampert|77/100|[from] item: Leftovers
|upkeep
|turn|32
|
|t:|1730307365
|move|p1a: Metagross|Explosion|p2a: Swampert
|-damage|p2a: Swampert|0 fnt
|faint|p1a: Metagross
|faint|p2a: Swampert
|
|tie
|c|☆Bhol|gg
|c|☆crab person|gg go next
|l|☆Bhol
|player|p2|

</script>
<script type="application/json" class="data" id="replaydata-gen3ou-2234137657-w9kcovejcrdsjgm4zui08gd47k3znq8pw">
{"id":"gen3ou-2234137657","format":"[Gen 3] OU","players":["crab person","Bhol"],"uploadtime":1730307382,"views":72,"formatid":"gen3ou","rating":null,"private":1,"password":"w9kcovejcrdsjgm4zui08gd47k3znq8"}
</script>

<script defer src="js/replays.js?9d40a366"></script>
