<!DOCTYPE html>
<meta charset="utf-8" />
<meta name="viewport" content="width=device-width" />

<title>[Gen 3] OU: Voyager vs. ADV Pride - Replays - Pok&eacute;mon Showdown!</title>

<meta name="description" content="Watch a replay of a Pok&eacute;mon battle between Voyager and ADV Pride! Format: [Gen 3] OU; Date: Oct 4, 2024" />
<!--

Hey, you! Looking in the source for the replay log?

You can find them in JSON format, just add `.json` at the end of a replay URL.

https://replay.pokemonshowdown.com/gen7randomdoublesbattle-865046831.json

Or, if you only need the log itself, add `.log` instead:

https://replay.pokemonshowdown.com/gen7randomdoublesbattle-865046831.log

-->

<link rel="stylesheet" href="//pokemonshowdown.com/style/global.css?0.767286132409787" />
<link rel="stylesheet" href="//play.pokemonshowdown.com/style/font-awesome.css?0.9266228007934947" />
<link rel="stylesheet" href="//play.pokemonshowdown.com/style/battle.css?0.7924700842790926" />
<link rel="stylesheet" href="//play.pokemonshowdown.com/style/utilichart.css?0.8777417872839479" />

<!-- Global site tag (gtag.js) - Google Analytics -->
<script async src="https://www.googletagmanager.com/gtag/js?id=UA-26211653-1"></script>
<script>
  window.dataLayer = window.dataLayer || [];
  function gtag(){dataLayer.push(arguments);}
  gtag('js', new Date());

  gtag('config', 'UA-26211653-1');
</script>
<!-- End Google Analytics -->
<!-- Venatus Ad Manager - Install in <HEAD> of page -->
	<script src="https://hb.vntsm.com/v3/live/ad-manager.min.js" type="text/javascript" data-site-id="642aba63ec9a7b11c3c9c1be" data-mode="scan" async></script>
<!-- / Venatus Ad Manager -->

<style>
	@media (max-width:820px) {
		.battle {
			margin: 0 auto;
		}
		.battle-log {
			margin: 7px auto 0;
			max-width: 640px;
			height: 300px;
			position: static;
		}
	}
	.optgroup {
		display: inline-block;
		line-height: 22px;
		font-size: 10pt;
	}
	.optgroup .button {
		height: 25px;
		padding-top: 0;
		padding-bottom: 0;
	}
	.optgroup button.button {
		padding-left: 12px;
		padding-right: 12px;
	}
	.linklist {
		list-style: none;
		margin: 0.5em 0;
		padding: 0;
	}
	.linklist li {
		padding: 2px 0;
	}
	.sidebar {
		float: left;
		width: 320px;
	}
	.bar-wrapper {
		max-width: 1100px;
		margin: 0 auto;
	}
	.bar-wrapper.has-sidebar {
		max-width: 1430px;
	}
	.mainbar {
		margin: 0;
		padding-right: 1px;
	}
	.mainbar.has-sidebar {
		margin-left: 330px;
	}
	@media (min-width: 1511px) {
		.sidebar {
			width: 400px;
		}
		.bar-wrapper.has-sidebar {
			max-width: 1510px;
		}
		.mainbar.has-sidebar {
			margin-left: 410px;
		}
	}
	.section.first-section {
		margin-top: 9px;
	}
	.blocklink small {
		white-space: normal;
	}
	.button {
		vertical-align: middle;
	}
	.replay-controls {
		padding-top: 10px;
	}
	.replay-controls h1 {
		font-size: 16pt;
		font-weight: normal;
		color: #CCC;
	}
	.pagelink {
		text-align: center;
	}
	.pagelink a {
		width: 150px;
	}
	.textbox, .button {
		font-size: 11pt;
		vertical-align: middle;
	}
	@media (max-width: 450px) {
		.button {
			font-size: 9pt;
		}
	}
</style>

<div>

	<header>
		<div class="nav-wrapper"><ul class="nav">
			<li><a class="button nav-first" href="//pokemonshowdown.com/"><img src="//pokemonshowdown.com/images/pokemonshowdownbeta.png" srcset="//pokemonshowdown.com/images/pokemonshowdownbeta.png 1x, //pokemonshowdown.com/images/pokemonshowdownbeta@2x.png 2x" alt="Pok&eacute;mon Showdown" width="146" height="44" /> Home</a></li>
			<li><a class="button" href="//pokemonshowdown.com/dex/">Pok&eacute;dex</a></li>
			<li><a class="button cur" href="/">Replays</a></li>
			<li><a class="button" href="//pokemonshowdown.com/ladder/">Ladder</a></li>
			<li><a class="button nav-last" href="//pokemonshowdown.com/forums/">Forum</a></li>
			<li><a class="button greenbutton nav-first nav-last" href="//play.pokemonshowdown.com/">Play</a></li>
		</ul></div>
	</header>

	<div class="main" id="main">

		<noscript><section class="section">You need to enable JavaScript to use this page; sorry!</section></noscript>

	</div>

</div>

<script defer nomodule src="//play.pokemonshowdown.com/js/lib/ps-polyfill.js"></script>
<script defer src="//play.pokemonshowdown.com/js/lib/preact.min.js"></script>

<script defer src="//play.pokemonshowdown.com/config/config.js?6dec07f6"></script>
<script defer src="//play.pokemonshowdown.com/js/lib/jquery-1.11.0.min.js"></script>
<script defer src="//play.pokemonshowdown.com/js/lib/html-sanitizer-minified.js"></script>
<script defer src="//play.pokemonshowdown.com/js/battle-sound.js"></script>
<script defer src="//play.pokemonshowdown.com/js/battledata.js?0.6315294753075389"></script>
<script defer src="//play.pokemonshowdown.com/data/pokedex-mini.js?0.7603743185311358"></script>
<script defer src="//play.pokemonshowdown.com/data/pokedex-mini-bw.js?0.030888842834281283"></script>
<script defer src="//play.pokemonshowdown.com/data/graphics.js?0.05593094747507488"></script>
<script defer src="//play.pokemonshowdown.com/data/pokedex.js?0.47064822249611904"></script>
<script defer src="//play.pokemonshowdown.com/data/moves.js?0.8583693120512459"></script>
<script defer src="//play.pokemonshowdown.com/data/abilities.js?0.16017181182386842"></script>
<script defer src="//play.pokemonshowdown.com/data/items.js?0.4163379185673943"></script>
<script defer src="//play.pokemonshowdown.com/data/teambuilder-tables.js?0.31075597372830477"></script>
<script defer src="//play.pokemonshowdown.com/js/battle-tooltips.js?0.6536193500708172"></script>
<script defer src="//play.pokemonshowdown.com/js/battle.js?0.1916591943277901"></script>

<script defer src="js/utils.js?e31f9a17"></script>
<script defer src="js/replays-battle.js?7008c182"></script>

<!-- don't scrape this data! just add .json or .log after the URL!
Full API docs: https://github.com/smogon/pokemon-showdown-client/blob/master/WEB-API.md -->
<script type="text/plain" class="log" id="replaylog-smogtours-gen3ou-794635">
|inactive|Battle timer is ON: inactive players will automatically lose when time's up.
|t:|1728066129
|gametype|singles
|player|p1|Voyager|acetrainerf-gen2|
|player|p2|ADV Pride|266|
|teamsize|p1|6
|teamsize|p2|6
|gen|3
|tier|[Gen 3] OU
|rule|Sleep Clause Mod: Limit one foe put to sleep
|rule|Switch Priority Clause Mod: Faster Pokémon switch first
|rule|Species Clause: Limit one of each Pokémon
|rule|OHKO Clause: OHKO moves are banned
|rule|Evasion Items Clause: Evasion items are banned
|rule|Evasion Moves Clause: Evasion moves are banned
|rule|Endless Battle Clause: Forcing endless battles is banned
|rule|HP Percentage Mod: HP is shown in percentages
|rule|One Boost Passer Clause: Limit one Baton Passer that has a way to boost its stats
|rule|Freeze Clause Mod: Limit one foe frozen
|
|t:|1728066129
|start
|switch|p1a: Tyranitar|Tyranitar, F|100/100
|switch|p2a: Tyranitar|Tyranitar, F|100/100
|-weather|Sandstorm|[from] ability: Sand Stream|[of] p2a: Tyranitar
|turn|1
|
|t:|1728066134
|switch|p1a: Skarmory|Skarmory, M|100/100
|move|p2a: Tyranitar|Brick Break|p1a: Skarmory
|-damage|p1a: Skarmory|72/100
|
|-weather|Sandstorm|[upkeep]
|-heal|p1a: Skarmory|78/100|[from] item: Leftovers
|upkeep
|turn|2
|c|☆Voyager|glhf
|inactive|Voyager has 270 seconds left.
|
|t:|1728066170
|switch|p2a: Zapdos|Zapdos|100/100
|switch|p1a: Suicune|Suicune|100/100
|
|-weather|Sandstorm|[upkeep]
|-damage|p2a: Zapdos|94/100|[from] Sandstorm
|-damage|p1a: Suicune|94/100|[from] Sandstorm
|-heal|p2a: Zapdos|100/100|[from] item: Leftovers
|-heal|p1a: Suicune|100/100|[from] item: Leftovers
|upkeep
|turn|3
|
|t:|1728066175
|switch|p1a: Claydol|Claydol|100/100
|move|p2a: Zapdos|Thunder Wave|p1a: Claydol
|-immune|p1a: Claydol
|
|-weather|Sandstorm|[upkeep]
|-damage|p2a: Zapdos|94/100|[from] Sandstorm
|-heal|p2a: Zapdos|100/100|[from] item: Leftovers
|upkeep
|turn|4
|
|t:|1728066182
|move|p2a: Zapdos|Hidden Power|p1a: Claydol
|-supereffective|p1a: Claydol
|-damage|p1a: Claydol|47/100
|move|p1a: Claydol|Rock Slide|p2a: Zapdos
|-supereffective|p2a: Zapdos
|-damage|p2a: Zapdos|56/100
|
|-weather|Sandstorm|[upkeep]
|-damage|p2a: Zapdos|50/100|[from] Sandstorm
|-heal|p2a: Zapdos|56/100|[from] item: Leftovers
|-heal|p1a: Claydol|53/100|[from] item: Leftovers
|upkeep
|turn|5
|
|t:|1728066190
|switch|p1a: Jirachi|Jirachi|100/100
|move|p2a: Zapdos|Hidden Power|p1a: Jirachi
|-resisted|p1a: Jirachi
|-damage|p1a: Jirachi|92/100
|
|-weather|Sandstorm|[upkeep]
|-damage|p2a: Zapdos|50/100|[from] Sandstorm
|-heal|p2a: Zapdos|56/100|[from] item: Leftovers
|-heal|p1a: Jirachi|98/100|[from] item: Leftovers
|upkeep
|turn|6
|
|t:|1728066199
|switch|p2a: Tyranitar|Tyranitar, F|100/100
|switch|p1a: Claydol|Claydol|53/100
|
|-weather|Sandstorm|[upkeep]
|-heal|p1a: Claydol|59/100|[from] item: Leftovers
|upkeep
|turn|7
|
|t:|1728066212
|switch|p1a: Suicune|Suicune|100/100
|move|p2a: Tyranitar|Rock Slide|p1a: Suicune
|-damage|p1a: Suicune|59/100
|
|-weather|Sandstorm|[upkeep]
|-damage|p1a: Suicune|52/100|[from] Sandstorm
|-heal|p1a: Suicune|59/100|[from] item: Leftovers
|upkeep
|turn|8
|
|t:|1728066234
|switch|p2a: Zapdos|Zapdos|56/100
|switch|p1a: Jirachi|Jirachi|98/100
|
|-weather|Sandstorm|[upkeep]
|-damage|p2a: Zapdos|50/100|[from] Sandstorm
|-heal|p2a: Zapdos|56/100|[from] item: Leftovers
|-heal|p1a: Jirachi|100/100|[from] item: Leftovers
|upkeep
|turn|9
|
|t:|1728066243
|move|p2a: Zapdos|Thunder Wave|p1a: Jirachi
|-status|p1a: Jirachi|par
|cant|p1a: Jirachi|par
|
|-weather|Sandstorm|[upkeep]
|-damage|p2a: Zapdos|50/100|[from] Sandstorm
|-heal|p2a: Zapdos|56/100|[from] item: Leftovers
|upkeep
|turn|10
|
|t:|1728066246
|switch|p2a: Tyranitar|Tyranitar, F|100/100
|move|p1a: Jirachi|Toxic|p2a: Tyranitar
|-status|p2a: Tyranitar|tox
|
|-weather|Sandstorm|[upkeep]
|-damage|p2a: Tyranitar|94/100 tox|[from] psn
|upkeep
|turn|11
|
|t:|1728066252
|-singleturn|p2a: Tyranitar|move: Focus Punch
|switch|p1a: Skarmory|Skarmory, M|78/100
|move|p2a: Tyranitar|Focus Punch|p1a: Skarmory
|-damage|p1a: Skarmory|14/100
|
|-weather|Sandstorm|[upkeep]
|-damage|p2a: Tyranitar|82/100 tox|[from] psn
|-heal|p1a: Skarmory|20/100|[from] item: Leftovers
|upkeep
|turn|12
|
|t:|1728066258
|-singleturn|p2a: Tyranitar|move: Focus Punch
|switch|p1a: Claydol|Claydol|59/100
|move|p2a: Tyranitar|Focus Punch|p1a: Claydol
|-resisted|p1a: Claydol
|-damage|p1a: Claydol|15/100
|
|-weather|Sandstorm|[upkeep]
|-heal|p1a: Claydol|21/100|[from] item: Leftovers
|-damage|p2a: Tyranitar|64/100 tox|[from] psn
|upkeep
|turn|13
|
|t:|1728066269
|switch|p2a: Claydol|Claydol|100/100
|move|p1a: Claydol|Rock Slide|p2a: Claydol
|-resisted|p2a: Claydol
|-damage|p2a: Claydol|93/100
|
|-weather|Sandstorm|[upkeep]
|-heal|p1a: Claydol|27/100|[from] item: Leftovers
|-heal|p2a: Claydol|99/100|[from] item: Leftovers
|upkeep
|turn|14
|
|t:|1728066274
|switch|p1a: Skarmory|Skarmory, M|20/100
|switch|p2a: Zapdos|Zapdos|56/100
|
|-weather|Sandstorm|[upkeep]
|-damage|p2a: Zapdos|50/100|[from] Sandstorm
|-heal|p2a: Zapdos|56/100|[from] item: Leftovers
|-heal|p1a: Skarmory|26/100|[from] item: Leftovers
|upkeep
|turn|15
|
|t:|1728066281
|move|p1a: Skarmory|Protect|p1a: Skarmory
|-singleturn|p1a: Skarmory|Protect
|move|p2a: Zapdos|Thunderbolt|p1a: Skarmory
|-activate|p1a: Skarmory|Protect
|
|-weather|Sandstorm|[upkeep]
|-damage|p2a: Zapdos|50/100|[from] Sandstorm
|-heal|p2a: Zapdos|56/100|[from] item: Leftovers
|-heal|p1a: Skarmory|32/100|[from] item: Leftovers
|upkeep
|turn|16
|
|t:|1728066284
|switch|p1a: Claydol|Claydol|27/100
|move|p2a: Zapdos|Thunderbolt|p1a: Claydol
|-immune|p1a: Claydol
|
|-weather|Sandstorm|[upkeep]
|-damage|p2a: Zapdos|50/100|[from] Sandstorm
|-heal|p2a: Zapdos|56/100|[from] item: Leftovers
|-heal|p1a: Claydol|33/100|[from] item: Leftovers
|upkeep
|turn|17
|
|t:|1728066288
|switch|p1a: Jirachi|Jirachi|100/100 par
|move|p2a: Zapdos|Hidden Power|p1a: Jirachi
|-resisted|p1a: Jirachi
|-damage|p1a: Jirachi|91/100 par
|
|-weather|Sandstorm|[upkeep]
|-damage|p2a: Zapdos|50/100|[from] Sandstorm
|-heal|p2a: Zapdos|56/100|[from] item: Leftovers
|-heal|p1a: Jirachi|97/100 par|[from] item: Leftovers
|upkeep
|turn|18
|
|t:|1728066296
|switch|p2a: Tyranitar|Tyranitar, F|64/100 tox
|move|p1a: Jirachi|Wish|p1a: Jirachi
|
|-weather|Sandstorm|[upkeep]
|-damage|p2a: Tyranitar|58/100 tox|[from] psn
|-heal|p1a: Jirachi|100/100 par|[from] item: Leftovers
|upkeep
|turn|19
|
|t:|1728066306
|-singleturn|p2a: Tyranitar|move: Focus Punch
|switch|p1a: Suicune|Suicune|59/100
|move|p2a: Tyranitar|Focus Punch|p1a: Suicune
|-damage|p1a: Suicune|0 fnt
|faint|p1a: Suicune
|
|t:|1728066308
|switch|p1a: Skarmory|Skarmory, M|32/100
|
|-heal|p1a: Skarmory|82/100|[from] move: Wish|[wisher] Jirachi
|-weather|Sandstorm|[upkeep]
|-damage|p2a: Tyranitar|45/100 tox|[from] psn
|-heal|p1a: Skarmory|88/100|[from] item: Leftovers
|upkeep
|turn|20
|
|t:|1728066311
|-singleturn|p2a: Tyranitar|move: Focus Punch
|move|p1a: Skarmory|Spikes|p2a: Tyranitar
|-sidestart|p2: ADV Pride|Spikes
|move|p2a: Tyranitar|Focus Punch|p1a: Skarmory
|-damage|p1a: Skarmory|29/100
|
|-weather|Sandstorm|[upkeep]
|-damage|p2a: Tyranitar|27/100 tox|[from] psn
|-heal|p1a: Skarmory|35/100|[from] item: Leftovers
|upkeep
|turn|21
|
|t:|1728066319
|switch|p2a: Zapdos|Zapdos|56/100
|move|p1a: Skarmory|Protect||[still]
|-fail|p1a: Skarmory
|
|-weather|Sandstorm|[upkeep]
|-damage|p2a: Zapdos|50/100|[from] Sandstorm
|-heal|p2a: Zapdos|56/100|[from] item: Leftovers
|-heal|p1a: Skarmory|41/100|[from] item: Leftovers
|upkeep
|turn|22
|
|t:|1728066322
|switch|p1a: Jirachi|Jirachi|100/100 par
|move|p2a: Zapdos|Thunderbolt|p1a: Jirachi
|-damage|p1a: Jirachi|62/100 par
|
|-weather|Sandstorm|[upkeep]
|-damage|p2a: Zapdos|50/100|[from] Sandstorm
|-heal|p2a: Zapdos|56/100|[from] item: Leftovers
|-heal|p1a: Jirachi|68/100 par|[from] item: Leftovers
|upkeep
|turn|23
|
|t:|1728066325
|move|p2a: Zapdos|Thunderbolt|p1a: Jirachi
|-damage|p1a: Jirachi|27/100 par
|move|p1a: Jirachi|Wish|p1a: Jirachi
|
|-weather|Sandstorm|[upkeep]
|-damage|p2a: Zapdos|50/100|[from] Sandstorm
|-heal|p2a: Zapdos|56/100|[from] item: Leftovers
|-heal|p1a: Jirachi|34/100 par|[from] item: Leftovers
|upkeep
|turn|24
|
|t:|1728066329
|move|p1a: Jirachi|Protect|p1a: Jirachi
|-singleturn|p1a: Jirachi|Protect
|move|p2a: Zapdos|Thunderbolt|p1a: Jirachi
|-activate|p1a: Jirachi|Protect
|
|-heal|p1a: Jirachi|84/100 par|[from] move: Wish|[wisher] Jirachi
|-weather|Sandstorm|[upkeep]
|-damage|p2a: Zapdos|50/100|[from] Sandstorm
|-heal|p2a: Zapdos|56/100|[from] item: Leftovers
|-heal|p1a: Jirachi|90/100 par|[from] item: Leftovers
|upkeep
|turn|25
|
|t:|1728066333
|switch|p2a: Claydol|Claydol|99/100
|move|p1a: Jirachi|Toxic|p2a: Claydol
|-status|p2a: Claydol|tox
|
|-weather|Sandstorm|[upkeep]
|-heal|p2a: Claydol|100/100 tox|[from] item: Leftovers
|-damage|p2a: Claydol|94/100 tox|[from] psn
|-heal|p1a: Jirachi|96/100 par|[from] item: Leftovers
|upkeep
|turn|26
|
|t:|1728066337
|move|p2a: Claydol|Rapid Spin|p1a: Jirachi
|-resisted|p1a: Jirachi
|-crit|p1a: Jirachi
|-damage|p1a: Jirachi|94/100 par
|-sideend|p2: ADV Pride|Spikes|[from] move: Rapid Spin|[of] p2a: Claydol
|move|p1a: Jirachi|Wish|p1a: Jirachi
|
|-weather|Sandstorm|[upkeep]
|-heal|p2a: Claydol|100/100 tox|[from] item: Leftovers
|-damage|p2a: Claydol|88/100 tox|[from] psn
|-heal|p1a: Jirachi|99/100 par|[from] item: Leftovers
|upkeep
|turn|27
|
|t:|1728066343
|switch|p1a: Skarmory|Skarmory, M|41/100
|move|p2a: Claydol|Explosion|p1a: Skarmory
|-resisted|p1a: Skarmory
|-damage|p1a: Skarmory|7/100
|faint|p2a: Claydol
|
|t:|1728066350
|switch|p2a: Zapdos|Zapdos|56/100
|
|-heal|p1a: Skarmory|57/100|[from] move: Wish|[wisher] Jirachi
|-weather|Sandstorm|[upkeep]
|-damage|p2a: Zapdos|50/100|[from] Sandstorm
|-heal|p2a: Zapdos|56/100|[from] item: Leftovers
|-heal|p1a: Skarmory|63/100|[from] item: Leftovers
|upkeep
|turn|28
|
|t:|1728066353
|move|p1a: Skarmory|Protect|p1a: Skarmory
|-singleturn|p1a: Skarmory|Protect
|move|p2a: Zapdos|Thunderbolt|p1a: Skarmory
|-activate|p1a: Skarmory|Protect
|
|-weather|Sandstorm|[upkeep]
|-damage|p2a: Zapdos|50/100|[from] Sandstorm
|-heal|p2a: Zapdos|56/100|[from] item: Leftovers
|-heal|p1a: Skarmory|69/100|[from] item: Leftovers
|upkeep
|turn|29
|
|t:|1728066360
|switch|p1a: Tyranitar|Tyranitar, F|100/100
|move|p2a: Zapdos|Hidden Power|p1a: Tyranitar
|-supereffective|p1a: Tyranitar
|-damage|p1a: Tyranitar|62/100
|
|-weather|Sandstorm|[upkeep]
|-damage|p2a: Zapdos|50/100|[from] Sandstorm
|-heal|p2a: Zapdos|56/100|[from] item: Leftovers
|-heal|p1a: Tyranitar|68/100|[from] item: Leftovers
|upkeep
|turn|30
|
|t:|1728066363
|switch|p2a: Metagross|Metagross|100/100
|move|p1a: Tyranitar|Ice Beam|p2a: Metagross
|-resisted|p2a: Metagross
|-damage|p2a: Metagross|83/100
|
|-weather|Sandstorm|[upkeep]
|-heal|p2a: Metagross|89/100|[from] item: Leftovers
|-heal|p1a: Tyranitar|74/100|[from] item: Leftovers
|upkeep
|turn|31
|
|t:|1728066367
|switch|p1a: Skarmory|Skarmory, M|69/100
|move|p2a: Metagross|Meteor Mash|p1a: Skarmory|[miss]
|-miss|p2a: Metagross|p1a: Skarmory
|
|-weather|Sandstorm|[upkeep]
|-heal|p2a: Metagross|95/100|[from] item: Leftovers
|-heal|p1a: Skarmory|75/100|[from] item: Leftovers
|upkeep
|turn|32
|
|t:|1728066370
|switch|p2a: Zapdos|Zapdos|56/100
|move|p1a: Skarmory|Spikes|p2a: Zapdos
|-sidestart|p2: ADV Pride|Spikes
|
|-weather|Sandstorm|[upkeep]
|-damage|p2a: Zapdos|50/100|[from] Sandstorm
|-heal|p2a: Zapdos|56/100|[from] item: Leftovers
|-heal|p1a: Skarmory|81/100|[from] item: Leftovers
|upkeep
|turn|33
|
|t:|1728066373
|switch|p1a: Jirachi|Jirachi|99/100 par
|move|p2a: Zapdos|Thunderbolt|p1a: Jirachi
|-damage|p1a: Jirachi|62/100 par
|
|-weather|Sandstorm|[upkeep]
|-damage|p2a: Zapdos|50/100|[from] Sandstorm
|-heal|p2a: Zapdos|56/100|[from] item: Leftovers
|-heal|p1a: Jirachi|68/100 par|[from] item: Leftovers
|upkeep
|turn|34
|
|t:|1728066378
|move|p2a: Zapdos|Thunderbolt|p1a: Jirachi
|-damage|p1a: Jirachi|33/100 par
|move|p1a: Jirachi|Wish|p1a: Jirachi
|
|-weather|Sandstorm|[upkeep]
|-damage|p2a: Zapdos|50/100|[from] Sandstorm
|-heal|p2a: Zapdos|56/100|[from] item: Leftovers
|-heal|p1a: Jirachi|39/100 par|[from] item: Leftovers
|upkeep
|turn|35
|
|t:|1728066383
|move|p2a: Zapdos|Thunderbolt|p1a: Jirachi
|-damage|p1a: Jirachi|0 fnt
|faint|p1a: Jirachi
|
|t:|1728066385
|switch|p1a: Claydol|Claydol|33/100
|
|-heal|p1a: Claydol|83/100|[from] move: Wish|[wisher] Jirachi
|-weather|Sandstorm|[upkeep]
|-damage|p2a: Zapdos|50/100|[from] Sandstorm
|-heal|p2a: Zapdos|56/100|[from] item: Leftovers
|-heal|p1a: Claydol|89/100|[from] item: Leftovers
|upkeep
|turn|36
|
|t:|1728066392
|switch|p2a: Skarmory|Skarmory, M|100/100
|move|p1a: Claydol|Rock Slide|p2a: Skarmory
|-damage|p2a: Skarmory|87/100
|
|-weather|Sandstorm|[upkeep]
|-heal|p1a: Claydol|95/100|[from] item: Leftovers
|-heal|p2a: Skarmory|93/100|[from] item: Leftovers
|upkeep
|turn|37
|
|t:|1728066396
|switch|p1a: Tyranitar|Tyranitar, F|74/100
|switch|p2a: Zapdos|Zapdos|56/100
|
|-weather|Sandstorm|[upkeep]
|-damage|p2a: Zapdos|50/100|[from] Sandstorm
|-heal|p2a: Zapdos|56/100|[from] item: Leftovers
|-heal|p1a: Tyranitar|80/100|[from] item: Leftovers
|upkeep
|turn|38
|
|t:|1728066405
|switch|p2a: Blissey|Blissey, F|100/100
|-damage|p2a: Blissey|88/100|[from] Spikes
|move|p1a: Tyranitar|Flamethrower|p2a: Blissey
|-damage|p2a: Blissey|77/100
|
|-weather|Sandstorm|[upkeep]
|-damage|p2a: Blissey|70/100|[from] Sandstorm
|-heal|p1a: Tyranitar|87/100|[from] item: Leftovers
|-heal|p2a: Blissey|77/100|[from] item: Leftovers
|upkeep
|turn|39
|
|t:|1728066410
|switch|p1a: Armaldo|Armaldo, M|100/100
|move|p2a: Blissey|Aromatherapy|p2a: Blissey
|-cureteam|p2a: Blissey|[from] move: Aromatherapy
|
|-weather|Sandstorm|[upkeep]
|-damage|p2a: Blissey|70/100|[from] Sandstorm
|-heal|p2a: Blissey|77/100|[from] item: Leftovers
|upkeep
|turn|40
|
|t:|1728066416
|move|p1a: Armaldo|Knock Off|p2a: Blissey
|-crit|p2a: Blissey
|-damage|p2a: Blissey|74/100
|-enditem|p2a: Blissey|Leftovers|[from] move: Knock Off|[of] p1a: Armaldo
|-hint|In Gens 3-4, Knock Off only makes the target's item unusable; it cannot obtain a new item.
|move|p2a: Blissey|Ice Beam|p1a: Armaldo
|-damage|p1a: Armaldo|80/100
|
|-weather|Sandstorm|[upkeep]
|-damage|p2a: Blissey|68/100|[from] Sandstorm
|-heal|p1a: Armaldo|86/100|[from] item: Leftovers
|upkeep
|turn|41
|
|t:|1728066421
|move|p1a: Armaldo|Earthquake|p2a: Blissey
|-damage|p2a: Blissey|39/100
|move|p2a: Blissey|Ice Beam|p1a: Armaldo
|-damage|p1a: Armaldo|66/100
|
|-weather|Sandstorm|[upkeep]
|-damage|p2a: Blissey|32/100|[from] Sandstorm
|-heal|p1a: Armaldo|72/100|[from] item: Leftovers
|upkeep
|turn|42
|
|t:|1728066424
|switch|p2a: Metagross|Metagross|95/100
|-damage|p2a: Metagross|83/100|[from] Spikes
|move|p1a: Armaldo|Rock Slide|p2a: Metagross
|-resisted|p2a: Metagross
|-damage|p2a: Metagross|71/100
|
|-weather|Sandstorm|[upkeep]
|-heal|p2a: Metagross|77/100|[from] item: Leftovers
|-heal|p1a: Armaldo|78/100|[from] item: Leftovers
|upkeep
|turn|43
|
|t:|1728066427
|switch|p1a: Skarmory|Skarmory, M|81/100
|move|p2a: Metagross|Meteor Mash|p1a: Skarmory|[miss]
|-miss|p2a: Metagross|p1a: Skarmory
|
|-weather|Sandstorm|[upkeep]
|-heal|p2a: Metagross|83/100|[from] item: Leftovers
|-heal|p1a: Skarmory|87/100|[from] item: Leftovers
|upkeep
|turn|44
|
|t:|1728066433
|move|p2a: Metagross|Meteor Mash|p1a: Skarmory|[miss]
|-miss|p2a: Metagross|p1a: Skarmory
|move|p1a: Skarmory|Toxic|p2a: Metagross
|-immune|p2a: Metagross
|
|-weather|Sandstorm|[upkeep]
|-heal|p2a: Metagross|89/100|[from] item: Leftovers
|-heal|p1a: Skarmory|93/100|[from] item: Leftovers
|upkeep
|turn|45
|
|t:|1728066435
|move|p2a: Metagross|Meteor Mash|p1a: Skarmory
|-resisted|p1a: Skarmory
|-crit|p1a: Skarmory
|-damage|p1a: Skarmory|45/100
|move|p1a: Skarmory|Spikes|p2a: Metagross
|-sidestart|p2: ADV Pride|Spikes
|
|-weather|Sandstorm|[upkeep]
|-heal|p2a: Metagross|95/100|[from] item: Leftovers
|-heal|p1a: Skarmory|51/100|[from] item: Leftovers
|upkeep
|turn|46
|
|t:|1728066438
|move|p2a: Metagross|Meteor Mash|p1a: Skarmory
|-resisted|p1a: Skarmory
|-damage|p1a: Skarmory|30/100
|move|p1a: Skarmory|Spikes|p2a: Metagross
|-sidestart|p2: ADV Pride|Spikes
|
|-weather|Sandstorm|[upkeep]
|-heal|p2a: Metagross|100/100|[from] item: Leftovers
|-heal|p1a: Skarmory|36/100|[from] item: Leftovers
|upkeep
|turn|47
|
|t:|1728066443
|move|p1a: Skarmory|Protect|p1a: Skarmory
|-singleturn|p1a: Skarmory|Protect
|move|p2a: Metagross|Agility|p2a: Metagross
|-boost|p2a: Metagross|spe|2
|
|-weather|Sandstorm|[upkeep]
|-heal|p1a: Skarmory|42/100|[from] item: Leftovers
|upkeep
|turn|48
|
|t:|1728066445
|move|p2a: Metagross|Meteor Mash|p1a: Skarmory
|-resisted|p1a: Skarmory
|-damage|p1a: Skarmory|21/100
|-boost|p2a: Metagross|atk|1
|move|p1a: Skarmory|Roar|p2a: Metagross
|drag|p2a: Skarmory|Skarmory, M|93/100
|
|-weather|Sandstorm|[upkeep]
|-heal|p2a: Skarmory|99/100|[from] item: Leftovers
|-heal|p1a: Skarmory|27/100|[from] item: Leftovers
|upkeep
|turn|49
|
|t:|1728066457
|switch|p1a: Armaldo|Armaldo, M|78/100
|move|p2a: Skarmory|Spikes|p1a: Armaldo
|-sidestart|p1: Voyager|Spikes
|
|-weather|Sandstorm|[upkeep]
|-heal|p2a: Skarmory|100/100|[from] item: Leftovers
|-heal|p1a: Armaldo|84/100|[from] item: Leftovers
|upkeep
|turn|50
|
|t:|1728066459
|move|p2a: Skarmory|Toxic|p1a: Armaldo
|-status|p1a: Armaldo|tox
|move|p1a: Armaldo|Knock Off|p2a: Skarmory
|-resisted|p2a: Skarmory
|-damage|p2a: Skarmory|99/100
|-enditem|p2a: Skarmory|Leftovers|[from] move: Knock Off|[of] p1a: Armaldo
|
|-weather|Sandstorm|[upkeep]
|-heal|p1a: Armaldo|91/100 tox|[from] item: Leftovers
|-damage|p1a: Armaldo|84/100 tox|[from] psn
|upkeep
|turn|51
|
|t:|1728066462
|switch|p1a: Tyranitar|Tyranitar, F|87/100
|-damage|p1a: Tyranitar|74/100|[from] Spikes
|move|p2a: Skarmory|Spikes|p1a: Tyranitar
|-sidestart|p1: Voyager|Spikes
|
|-weather|Sandstorm|[upkeep]
|-heal|p1a: Tyranitar|80/100|[from] item: Leftovers
|upkeep
|turn|52
|
|t:|1728066465
|move|p2a: Skarmory|Toxic|p1a: Tyranitar
|-status|p1a: Tyranitar|tox
|move|p1a: Tyranitar|Flamethrower|p2a: Skarmory
|-supereffective|p2a: Skarmory
|-damage|p2a: Skarmory|40/100
|
|-weather|Sandstorm|[upkeep]
|-heal|p1a: Tyranitar|87/100 tox|[from] item: Leftovers
|-damage|p1a: Tyranitar|80/100 tox|[from] psn
|upkeep
|turn|53
|
|t:|1728066467
|move|p2a: Skarmory|Protect|p2a: Skarmory
|-singleturn|p2a: Skarmory|Protect
|move|p1a: Tyranitar|Flamethrower|p2a: Skarmory
|-activate|p2a: Skarmory|Protect
|
|-weather|Sandstorm|[upkeep]
|-heal|p1a: Tyranitar|87/100 tox|[from] item: Leftovers
|-damage|p1a: Tyranitar|74/100 tox|[from] psn
|upkeep
|turn|54
|
|t:|1728066473
|move|p2a: Skarmory|Spikes|p1a: Tyranitar
|-sidestart|p1: Voyager|Spikes
|move|p1a: Tyranitar|Flamethrower|p2a: Skarmory
|-supereffective|p2a: Skarmory
|-damage|p2a: Skarmory|0 fnt
|faint|p2a: Skarmory
|
|t:|1728066475
|switch|p2a: Metagross|Metagross|100/100
|-damage|p2a: Metagross|76/100|[from] Spikes
|
|-weather|Sandstorm|[upkeep]
|-heal|p2a: Metagross|82/100|[from] item: Leftovers
|-heal|p1a: Tyranitar|80/100 tox|[from] item: Leftovers
|-damage|p1a: Tyranitar|62/100 tox|[from] psn
|upkeep
|turn|55
|
|t:|1728066480
|move|p2a: Metagross|Meteor Mash|p1a: Tyranitar
|-supereffective|p1a: Tyranitar
|-damage|p1a: Tyranitar|0 fnt
|-boost|p2a: Metagross|atk|1
|faint|p1a: Tyranitar
|
|t:|1728066483
|switch|p1a: Skarmory|Skarmory, M|27/100
|
|-weather|Sandstorm|[upkeep]
|-heal|p2a: Metagross|88/100|[from] item: Leftovers
|-heal|p1a: Skarmory|33/100|[from] item: Leftovers
|upkeep
|turn|56
|
|t:|1728066491
|move|p1a: Skarmory|Protect|p1a: Skarmory
|-singleturn|p1a: Skarmory|Protect
|move|p2a: Metagross|Meteor Mash|p1a: Skarmory
|-activate|p1a: Skarmory|Protect
|
|-weather|Sandstorm|[upkeep]
|-heal|p2a: Metagross|94/100|[from] item: Leftovers
|-heal|p1a: Skarmory|39/100|[from] item: Leftovers
|upkeep
|turn|57
|
|t:|1728066504
|move|p2a: Metagross|Meteor Mash|p1a: Skarmory
|-resisted|p1a: Skarmory
|-damage|p1a: Skarmory|4/100
|move|p1a: Skarmory|Roar|p2a: Metagross
|drag|p2a: Tyranitar|Tyranitar, F|27/100
|-damage|p2a: Tyranitar|2/100|[from] Spikes
|
|-weather|Sandstorm|[upkeep]
|-heal|p1a: Skarmory|10/100|[from] item: Leftovers
|upkeep
|turn|58
|
|t:|1728066510
|move|p1a: Skarmory|Protect|p1a: Skarmory
|-singleturn|p1a: Skarmory|Protect
|move|p2a: Tyranitar|Rock Slide|p1a: Skarmory
|-activate|p1a: Skarmory|Protect
|
|-weather|Sandstorm|[upkeep]
|-heal|p1a: Skarmory|16/100|[from] item: Leftovers
|upkeep
|turn|59
|
|t:|1728066516
|move|p2a: Tyranitar|Rock Slide|p1a: Skarmory
|-crit|p1a: Skarmory
|-damage|p1a: Skarmory|0 fnt
|faint|p1a: Skarmory
|
|t:|1728066517
|switch|p1a: Claydol|Claydol|95/100
|
|-weather|Sandstorm|[upkeep]
|-heal|p1a: Claydol|100/100|[from] item: Leftovers
|upkeep
|turn|60
|
|t:|1728066520
|move|p1a: Claydol|Earthquake|p2a: Tyranitar
|-supereffective|p2a: Tyranitar
|-damage|p2a: Tyranitar|0 fnt
|faint|p2a: Tyranitar
|
|t:|1728066529
|switch|p2a: Zapdos|Zapdos|56/100
|
|-weather|Sandstorm|[upkeep]
|-damage|p2a: Zapdos|50/100|[from] Sandstorm
|-heal|p2a: Zapdos|56/100|[from] item: Leftovers
|upkeep
|turn|61
|
|t:|1728066532
|switch|p1a: Armaldo|Armaldo, M|84/100 tox
|-damage|p1a: Armaldo|60/100 tox|[from] Spikes
|move|p2a: Zapdos|Hidden Power|p1a: Armaldo
|-damage|p1a: Armaldo|39/100 tox
|
|-weather|Sandstorm|[upkeep]
|-damage|p2a: Zapdos|50/100|[from] Sandstorm
|-heal|p2a: Zapdos|56/100|[from] item: Leftovers
|-heal|p1a: Armaldo|46/100 tox|[from] item: Leftovers
|-damage|p1a: Armaldo|39/100 tox|[from] psn
|upkeep
|turn|62
|
|t:|1728066549
|switch|p2a: Blissey|Blissey, F|32/100
|-damage|p2a: Blissey|7/100|[from] Spikes
|move|p1a: Armaldo|Rock Slide|p2a: Blissey|[miss]
|-miss|p1a: Armaldo|p2a: Blissey
|
|-weather|Sandstorm|[upkeep]
|-damage|p2a: Blissey|1/100|[from] Sandstorm
|-heal|p1a: Armaldo|46/100 tox|[from] item: Leftovers
|-damage|p1a: Armaldo|33/100 tox|[from] psn
|upkeep
|turn|63
|
|t:|1728066561
|move|p1a: Armaldo|Earthquake|p2a: Blissey
|-damage|p2a: Blissey|0 fnt
|faint|p2a: Blissey
|
|t:|1728066563
|switch|p2a: Zapdos|Zapdos|56/100
|
|-weather|Sandstorm|[upkeep]
|-damage|p2a: Zapdos|50/100|[from] Sandstorm
|-heal|p2a: Zapdos|56/100|[from] item: Leftovers
|-heal|p1a: Armaldo|39/100 tox|[from] item: Leftovers
|-damage|p1a: Armaldo|21/100 tox|[from] psn
|upkeep
|turn|64
|
|t:|1728066565
|move|p2a: Zapdos|Thunderbolt|p1a: Armaldo
|-damage|p1a: Armaldo|0 fnt
|faint|p1a: Armaldo
|
|t:|1728066566
|switch|p1a: Claydol|Claydol|100/100
|
|-weather|Sandstorm|[upkeep]
|-damage|p2a: Zapdos|50/100|[from] Sandstorm
|-heal|p2a: Zapdos|56/100|[from] item: Leftovers
|upkeep
|turn|65
|
|t:|1728066567
|move|p2a: Zapdos|Hidden Power|p1a: Claydol
|-supereffective|p1a: Claydol
|-damage|p1a: Claydol|47/100
|move|p1a: Claydol|Rock Slide|p2a: Zapdos
|-supereffective|p2a: Zapdos
|-damage|p2a: Zapdos|16/100
|
|-weather|Sandstorm|[upkeep]
|-damage|p2a: Zapdos|10/100|[from] Sandstorm
|-heal|p2a: Zapdos|16/100|[from] item: Leftovers
|-heal|p1a: Claydol|53/100|[from] item: Leftovers
|upkeep
|turn|66
|
|t:|1728066570
|move|p2a: Zapdos|Hidden Power|p1a: Claydol
|-supereffective|p1a: Claydol
|-damage|p1a: Claydol|0 fnt
|faint|p1a: Claydol
|
|win|ADV Pride
|c|☆Voyager|gg
|player|p2|

</script>
<script type="application/json" class="data" id="replaydata-smogtours-gen3ou-794635">
{"id":"smogtours-gen3ou-794635","format":"[Gen 3] OU","players":["Voyager","ADV Pride"],"uploadtime":1728066570,"views":194,"formatid":"gen3ou","rating":null,"private":0,"password":null}
</script>

<script defer src="js/replays.js?9d40a366"></script>
