<!DOCTYPE html>
<meta charset="utf-8" />
<meta name="viewport" content="width=device-width" />

<title>[Gen 3] OU: pokology2 vs. xXEricXx - Replays - Pok&eacute;mon Showdown!</title>

<meta name="description" content="Watch a replay of a Pok&eacute;mon battle between pokology2 and xXEricXx! Format: [Gen 3] OU; Date: Nov 14, 2024" />
<!--

Hey, you! Looking in the source for the replay log?

You can find them in JSON format, just add `.json` at the end of a replay URL.

https://replay.pokemonshowdown.com/gen7randomdoublesbattle-865046831.json

Or, if you only need the log itself, add `.log` instead:

https://replay.pokemonshowdown.com/gen7randomdoublesbattle-865046831.log

-->

<link rel="stylesheet" href="//pokemonshowdown.com/style/global.css?0.767286132409787" />
<link rel="stylesheet" href="//play.pokemonshowdown.com/style/font-awesome.css?0.9266228007934947" />
<link rel="stylesheet" href="//play.pokemonshowdown.com/style/battle.css?0.7924700842790926" />
<link rel="stylesheet" href="//play.pokemonshowdown.com/style/utilichart.css?0.8777417872839479" />

<!-- Global site tag (gtag.js) - Google Analytics -->
<script async src="https://www.googletagmanager.com/gtag/js?id=UA-26211653-1"></script>
<script>
  window.dataLayer = window.dataLayer || [];
  function gtag(){dataLayer.push(arguments);}
  gtag('js', new Date());

  gtag('config', 'UA-26211653-1');
</script>
<!-- End Google Analytics -->
<!-- Venatus Ad Manager - Install in <HEAD> of page -->
	<script src="https://hb.vntsm.com/v3/live/ad-manager.min.js" type="text/javascript" data-site-id="642aba63ec9a7b11c3c9c1be" data-mode="scan" async></script>
<!-- / Venatus Ad Manager -->

<style>
	@media (max-width:820px) {
		.battle {
			margin: 0 auto;
		}
		.battle-log {
			margin: 7px auto 0;
			max-width: 640px;
			height: 300px;
			position: static;
		}
	}
	.optgroup {
		display: inline-block;
		line-height: 22px;
		font-size: 10pt;
	}
	.optgroup .button {
		height: 25px;
		padding-top: 0;
		padding-bottom: 0;
	}
	.optgroup button.button {
		padding-left: 12px;
		padding-right: 12px;
	}
	.linklist {
		list-style: none;
		margin: 0.5em 0;
		padding: 0;
	}
	.linklist li {
		padding: 2px 0;
	}
	.sidebar {
		float: left;
		width: 320px;
	}
	.bar-wrapper {
		max-width: 1100px;
		margin: 0 auto;
	}
	.bar-wrapper.has-sidebar {
		max-width: 1430px;
	}
	.mainbar {
		margin: 0;
		padding-right: 1px;
	}
	.mainbar.has-sidebar {
		margin-left: 330px;
	}
	@media (min-width: 1511px) {
		.sidebar {
			width: 400px;
		}
		.bar-wrapper.has-sidebar {
			max-width: 1510px;
		}
		.mainbar.has-sidebar {
			margin-left: 410px;
		}
	}
	.section.first-section {
		margin-top: 9px;
	}
	.blocklink small {
		white-space: normal;
	}
	.button {
		vertical-align: middle;
	}
	.replay-controls {
		padding-top: 10px;
	}
	.replay-controls h1 {
		font-size: 16pt;
		font-weight: normal;
		color: #CCC;
	}
	.pagelink {
		text-align: center;
	}
	.pagelink a {
		width: 150px;
	}
	.textbox, .button {
		font-size: 11pt;
		vertical-align: middle;
	}
	@media (max-width: 450px) {
		.button {
			font-size: 9pt;
		}
	}
</style>

<div>

	<header>
		<div class="nav-wrapper"><ul class="nav">
			<li><a class="button nav-first" href="//pokemonshowdown.com/"><img src="//pokemonshowdown.com/images/pokemonshowdownbeta.png" srcset="//pokemonshowdown.com/images/pokemonshowdownbeta.png 1x, //pokemonshowdown.com/images/pokemonshowdownbeta@2x.png 2x" alt="Pok&eacute;mon Showdown" width="146" height="44" /> Home</a></li>
			<li><a class="button" href="//pokemonshowdown.com/dex/">Pok&eacute;dex</a></li>
			<li><a class="button cur" href="/">Replays</a></li>
			<li><a class="button" href="//pokemonshowdown.com/ladder/">Ladder</a></li>
			<li><a class="button nav-last" href="//pokemonshowdown.com/forums/">Forum</a></li>
			<li><a class="button greenbutton nav-first nav-last" href="//play.pokemonshowdown.com/">Play</a></li>
		</ul></div>
	</header>

	<div class="main" id="main">

		<noscript><section class="section">You need to enable JavaScript to use this page; sorry!</section></noscript>

	</div>

</div>

<script defer nomodule src="//play.pokemonshowdown.com/js/lib/ps-polyfill.js"></script>
<script defer src="//play.pokemonshowdown.com/js/lib/preact.min.js"></script>

<script defer src="//play.pokemonshowdown.com/config/config.js?6dec07f6"></script>
<script defer src="//play.pokemonshowdown.com/js/lib/jquery-1.11.0.min.js"></script>
<script defer src="//play.pokemonshowdown.com/js/lib/html-sanitizer-minified.js"></script>
<script defer src="//play.pokemonshowdown.com/js/battle-sound.js"></script>
<script defer src="//play.pokemonshowdown.com/js/battledata.js?0.6315294753075389"></script>
<script defer src="//play.pokemonshowdown.com/data/pokedex-mini.js?0.7603743185311358"></script>
<script defer src="//play.pokemonshowdown.com/data/pokedex-mini-bw.js?0.030888842834281283"></script>
<script defer src="//play.pokemonshowdown.com/data/graphics.js?0.05593094747507488"></script>
<script defer src="//play.pokemonshowdown.com/data/pokedex.js?0.47064822249611904"></script>
<script defer src="//play.pokemonshowdown.com/data/moves.js?0.8583693120512459"></script>
<script defer src="//play.pokemonshowdown.com/data/abilities.js?0.16017181182386842"></script>
<script defer src="//play.pokemonshowdown.com/data/items.js?0.4163379185673943"></script>
<script defer src="//play.pokemonshowdown.com/data/teambuilder-tables.js?0.31075597372830477"></script>
<script defer src="//play.pokemonshowdown.com/js/battle-tooltips.js?0.6536193500708172"></script>
<script defer src="//play.pokemonshowdown.com/js/battle.js?0.1916591943277901"></script>

<script defer src="js/utils.js?e31f9a17"></script>
<script defer src="js/replays-battle.js?7008c182"></script>

<!-- don't scrape this data! just add .json or .log after the URL!
Full API docs: https://github.com/smogon/pokemon-showdown-client/blob/master/WEB-API.md -->
<script type="text/plain" class="log" id="replaylog-smogtours-gen3ou-806275">
|inactive|Battle timer is ON: inactive players will automatically lose when time's up.
|t:|1731618416
|gametype|singles
|player|p1|pokology2|169|
|player|p2|xXEricXx|red|
|teamsize|p1|6
|teamsize|p2|6
|gen|3
|tier|[Gen 3] OU
|rule|Sleep Clause Mod: Limit one foe put to sleep
|rule|Switch Priority Clause Mod: Faster Pokémon switch first
|rule|Species Clause: Limit one of each Pokémon
|rule|OHKO Clause: OHKO moves are banned
|rule|Evasion Items Clause: Evasion items are banned
|rule|Evasion Moves Clause: Evasion moves are banned
|rule|Endless Battle Clause: Forcing endless battles is banned
|rule|HP Percentage Mod: HP is shown in percentages
|rule|One Boost Passer Clause: Limit one Baton Passer that has a way to boost its stats
|rule|Freeze Clause Mod: Limit one foe frozen
|
|t:|1731618416
|start
|switch|p1a: Suicune|Suicune|100/100
|switch|p2a: Salamence|Salamence, M|100/100
|-ability|p2a: Salamence|Intimidate|boost
|-unboost|p1a: Suicune|atk|1
|turn|1
|c|☆xXEricXx|hf i'll post it
|c|☆pokology2|alright
|c|☆pokology2|gl hf :)
|c|☆xXEricXx|u2
|inactive|pokology2 has 270 seconds left.
|inactive|pokology2 has 240 seconds left.
|
|t:|1731618487
|switch|p2a: Snorlax|Snorlax, M, shiny|100/100
|move|p1a: Suicune|Ice Beam|p2a: Snorlax
|-damage|p2a: Snorlax|84/100
|
|-heal|p2a: Snorlax|91/100|[from] item: Leftovers
|upkeep
|turn|2
|
|t:|1731618503
|move|p2a: Snorlax|Return|p1a: Suicune
|-damage|p1a: Suicune|58/100
|move|p1a: Suicune|Roar|p2a: Snorlax
|drag|p2a: Breloom|Breloom, M|100/100
|
|-heal|p1a: Suicune|64/100|[from] item: Leftovers
|upkeep
|turn|3
|
|t:|1731618522
|switch|p2a: Snorlax|Snorlax, M, shiny|91/100
|move|p1a: Suicune|Ice Beam|p2a: Snorlax
|-damage|p2a: Snorlax|75/100
|
|-heal|p1a: Suicune|70/100|[from] item: Leftovers
|-heal|p2a: Snorlax|81/100|[from] item: Leftovers
|upkeep
|turn|4
|inactive|pokology2 has 270 seconds left.
|
|t:|1731618553
|switch|p1a: Jirachi|Jirachi|100/100
|move|p2a: Snorlax|Earthquake|p1a: Jirachi
|-supereffective|p1a: Jirachi
|-damage|p1a: Jirachi|47/100
|
|-heal|p1a: Jirachi|53/100|[from] item: Leftovers
|-heal|p2a: Snorlax|87/100|[from] item: Leftovers
|upkeep
|turn|5
|
|t:|1731618578
|move|p1a: Jirachi|Protect|p1a: Jirachi
|-singleturn|p1a: Jirachi|Protect
|move|p2a: Snorlax|Earthquake|p1a: Jirachi
|-activate|p1a: Jirachi|Protect
|
|-heal|p1a: Jirachi|59/100|[from] item: Leftovers
|-heal|p2a: Snorlax|93/100|[from] item: Leftovers
|upkeep
|turn|6
|inactive|pokology2 has 270 seconds left.
|inactive|pokology2 has 240 seconds left.
|
|t:|1731618635
|switch|p2a: Starmie|Starmie|100/100
|move|p1a: Jirachi|Wish|p1a: Jirachi
|
|-heal|p1a: Jirachi|65/100|[from] item: Leftovers
|upkeep
|turn|7
|
|t:|1731618652
|move|p1a: Jirachi|Protect|p1a: Jirachi
|-singleturn|p1a: Jirachi|Protect
|move|p2a: Starmie|Thunder Wave|p1a: Jirachi
|-activate|p1a: Jirachi|Protect
|
|-heal|p1a: Jirachi|100/100|[from] move: Wish|[wisher] Jirachi
|upkeep
|turn|8
|
|t:|1731618661
|switch|p1a: Starmie|Starmie|100/100
|move|p2a: Starmie|Thunder Wave|p1a: Starmie
|-status|p1a: Starmie|par
|
|upkeep
|turn|9
|
|t:|1731618677
|-curestatus|p1a: Starmie|par|[from] ability: Natural Cure
|switch|p1a: Snorlax|Snorlax, M|100/100
|move|p2a: Starmie|Surf|p1a: Snorlax
|-damage|p1a: Snorlax|81/100
|
|-heal|p1a: Snorlax|87/100|[from] item: Leftovers
|upkeep
|turn|10
|inactive|pokology2 has 240 seconds left.
|
|t:|1731618695
|switch|p2a: Metagross|Metagross|100/100
|move|p1a: Snorlax|Body Slam|p2a: Metagross
|-resisted|p2a: Metagross
|-damage|p2a: Metagross|85/100
|
|-heal|p2a: Metagross|91/100|[from] item: Leftovers
|-heal|p1a: Snorlax|93/100|[from] item: Leftovers
|upkeep
|turn|11
|inactive|pokology2 has 240 seconds left.
|inactive|xXEricXx has 270 seconds left.
|
|t:|1731618728
|switch|p1a: Charizard|Charizard, F|100/100
|move|p2a: Metagross|Meteor Mash|p1a: Charizard
|-resisted|p1a: Charizard
|-damage|p1a: Charizard|55/100
|
|-heal|p1a: Charizard|61/100|[from] item: Leftovers
|-heal|p2a: Metagross|97/100|[from] item: Leftovers
|upkeep
|turn|12
|inactive|xXEricXx has 270 seconds left.
|
|t:|1731618748
|switch|p2a: Houndoom|Houndoom, M|100/100
|move|p1a: Charizard|Fire Blast|p2a: Houndoom
|-start|p2a: Houndoom|ability: Flash Fire
|
|-heal|p1a: Charizard|68/100|[from] item: Leftovers
|upkeep
|turn|13
|inactive|xXEricXx has 270 seconds left.
|inactive|pokology2 has 210 seconds left.
|
|t:|1731618798
|-activate|p1a: Charizard|move: Pursuit
|move|p2a: Houndoom|Pursuit|p1a: Charizard|[from]Pursuit
|-damage|p1a: Charizard|13/100
|switch|p1a: Suicune|Suicune|70/100
|
|-heal|p1a: Suicune|76/100|[from] item: Leftovers
|upkeep
|turn|14
|
|t:|1731618812
|-end|p2a: Houndoom|ability: Flash Fire|[silent]
|switch|p2a: Starmie|Starmie|100/100
|move|p1a: Suicune|Calm Mind|p1a: Suicune
|-boost|p1a: Suicune|spa|1
|-boost|p1a: Suicune|spd|1
|
|-heal|p1a: Suicune|83/100|[from] item: Leftovers
|upkeep
|turn|15
|
|t:|1731618816
|move|p2a: Starmie|Thunder Wave|p1a: Suicune
|-status|p1a: Suicune|par
|move|p1a: Suicune|Calm Mind|p1a: Suicune
|-boost|p1a: Suicune|spa|1
|-boost|p1a: Suicune|spd|1
|
|-heal|p1a: Suicune|89/100 par|[from] item: Leftovers
|upkeep
|turn|16
|
|t:|1731618833
|switch|p2a: Snorlax|Snorlax, M, shiny|93/100
|cant|p1a: Suicune|par
|
|-heal|p2a: Snorlax|99/100|[from] item: Leftovers
|-heal|p1a: Suicune|95/100 par|[from] item: Leftovers
|upkeep
|turn|17
|
|t:|1731618838
|move|p2a: Snorlax|Return|p1a: Suicune
|-damage|p1a: Suicune|49/100 par
|cant|p1a: Suicune|par
|
|-heal|p2a: Snorlax|100/100|[from] item: Leftovers
|-heal|p1a: Suicune|55/100 par|[from] item: Leftovers
|upkeep
|turn|18
|
|t:|1731618847
|switch|p1a: Jirachi|Jirachi|100/100
|move|p2a: Snorlax|Return|p1a: Jirachi
|-resisted|p1a: Jirachi
|-damage|p1a: Jirachi|80/100
|
|-heal|p1a: Jirachi|86/100|[from] item: Leftovers
|upkeep
|turn|19
|inactive|xXEricXx has 270 seconds left.
|
|t:|1731618866
|move|p1a: Jirachi|Body Slam|p2a: Snorlax
|-damage|p2a: Snorlax|85/100
|-status|p2a: Snorlax|par
|move|p2a: Snorlax|Earthquake|p1a: Jirachi
|-supereffective|p1a: Jirachi
|-damage|p1a: Jirachi|33/100
|
|-heal|p1a: Jirachi|39/100|[from] item: Leftovers
|-heal|p2a: Snorlax|91/100 par|[from] item: Leftovers
|upkeep
|turn|20
|
|t:|1731618885
|switch|p1a: Snorlax|Snorlax, M|93/100
|switch|p2a: Breloom|Breloom, M|100/100
|
|-heal|p1a: Snorlax|99/100|[from] item: Leftovers
|upkeep
|turn|21
|
|t:|1731618908
|switch|p1a: Starmie|Starmie|100/100
|move|p2a: Breloom|Spore|p1a: Starmie
|-status|p1a: Starmie|slp|[from] move: Spore
|
|upkeep
|turn|22
|inactive|pokology2 has 210 seconds left.
|
|t:|1731618934
|-singleturn|p2a: Breloom|move: Focus Punch
|-curestatus|p1a: Starmie|slp|[from] ability: Natural Cure
|switch|p1a: Charizard|Charizard, F|13/100
|move|p2a: Breloom|Focus Punch|p1a: Charizard
|-resisted|p1a: Charizard
|-damage|p1a: Charizard|0 fnt
|faint|p1a: Charizard
|
|t:|1731618951
|switch|p1a: Starmie|Starmie|100/100
|
|upkeep
|turn|23
|
|t:|1731618956
|switch|p2a: Snorlax|Snorlax, M, shiny|91/100 par
|move|p1a: Starmie|Ice Beam|p2a: Snorlax
|-damage|p2a: Snorlax|74/100 par
|
|-heal|p2a: Snorlax|80/100 par|[from] item: Leftovers
|upkeep
|turn|24
|inactive|xXEricXx has 270 seconds left.
|
|t:|1731618969
|switch|p1a: Swampert|Swampert, M|100/100
|move|p2a: Snorlax|Earthquake|p1a: Swampert
|-damage|p1a: Swampert|67/100
|
|-heal|p1a: Swampert|74/100|[from] item: Leftovers
|-heal|p2a: Snorlax|87/100 par|[from] item: Leftovers
|upkeep
|turn|25
|inactive|xXEricXx has 270 seconds left.
|inactive|xXEricXx has 240 seconds left.
|
|t:|1731619020
|switch|p2a: Salamence|Salamence, M|100/100
|-ability|p2a: Salamence|Intimidate|boost
|-unboost|p1a: Swampert|atk|1
|move|p1a: Swampert|Ice Beam|p2a: Salamence
|-supereffective|p2a: Salamence
|-damage|p2a: Salamence|0 fnt
|faint|p2a: Salamence
|inactive|xXEricXx has 210 seconds left.
|
|t:|1731619066
|switch|p2a: Houndoom|Houndoom, M|100/100
|
|-heal|p1a: Swampert|80/100|[from] item: Leftovers
|upkeep
|turn|26
|inactive|pokology2 has 210 seconds left.
|
|t:|1731619072
|switch|p1a: Snorlax|Snorlax, M|99/100
|move|p2a: Houndoom|Hidden Power|p1a: Snorlax
|-damage|p1a: Snorlax|87/100
|
|-heal|p1a: Snorlax|93/100|[from] item: Leftovers
|upkeep
|turn|27
|inactive|pokology2 has 210 seconds left.
|
|t:|1731619088
|-singleturn|p1a: Snorlax|move: Focus Punch
|switch|p2a: Metagross|Metagross|97/100
|move|p1a: Snorlax|Focus Punch|p2a: Metagross
|-damage|p2a: Metagross|66/100
|
|-heal|p2a: Metagross|72/100|[from] item: Leftovers
|-heal|p1a: Snorlax|99/100|[from] item: Leftovers
|upkeep
|turn|28
|inactive|pokology2 has 210 seconds left.
|inactive|xXEricXx has 210 seconds left.
|
|t:|1731619099
|switch|p1a: Swampert|Swampert, M|80/100
|move|p2a: Metagross|Earthquake|p1a: Swampert
|-damage|p1a: Swampert|44/100
|
|-heal|p1a: Swampert|50/100|[from] item: Leftovers
|-heal|p2a: Metagross|78/100|[from] item: Leftovers
|upkeep
|turn|29
|inactive|xXEricXx has 210 seconds left.
|
|t:|1731619110
|switch|p2a: Starmie|Starmie|100/100
|move|p1a: Swampert|Earthquake|p2a: Starmie
|-damage|p2a: Starmie|59/100
|
|-heal|p2a: Starmie|65/100|[from] item: Leftovers
|-heal|p1a: Swampert|57/100|[from] item: Leftovers
|upkeep
|turn|30
|inactive|xXEricXx has 210 seconds left.
|
|t:|1731619117
|switch|p1a: Suicune|Suicune|55/100 par
|move|p2a: Starmie|Surf|p1a: Suicune
|-resisted|p1a: Suicune
|-damage|p1a: Suicune|42/100 par
|
|-heal|p2a: Starmie|71/100|[from] item: Leftovers
|-heal|p1a: Suicune|49/100 par|[from] item: Leftovers
|upkeep
|turn|31
|
|t:|1731619129
|switch|p2a: Snorlax|Snorlax, M, shiny|87/100 par
|switch|p1a: Snorlax|Snorlax, M|99/100
|
|-heal|p1a: Snorlax|100/100|[from] item: Leftovers
|-heal|p2a: Snorlax|93/100 par|[from] item: Leftovers
|upkeep
|turn|32
|inactive|xXEricXx has 210 seconds left.
|
|t:|1731619155
|switch|p1a: Swampert|Swampert, M|57/100
|switch|p2a: Metagross|Metagross|78/100
|
|-heal|p1a: Swampert|63/100|[from] item: Leftovers
|-heal|p2a: Metagross|84/100|[from] item: Leftovers
|upkeep
|turn|33
|inactive|xXEricXx has 180 seconds left.
|inactive|xXEricXx has 150 seconds left.
|
|t:|1731619237
|move|p1a: Swampert|Earthquake|p2a: Metagross
|-supereffective|p2a: Metagross
|-damage|p2a: Metagross|34/100
|move|p2a: Metagross|Explosion|p1a: Swampert
|-damage|p1a: Swampert|0 fnt
|faint|p2a: Metagross
|faint|p1a: Swampert
|inactive|pokology2 has 210 seconds left.
|inactive|xXEricXx has 120 seconds left.
|inactive|xXEricXx has 90 seconds left.
|
|t:|1731619288
|switch|p1a: Starmie|Starmie|100/100
|switch|p2a: Breloom|Breloom, M|100/100
|
|upkeep
|turn|34
|inactive|pokology2 has 210 seconds left.
|inactive|xXEricXx has 90 seconds left.
|
|t:|1731619301
|switch|p1a: Snorlax|Snorlax, M|100/100
|switch|p2a: Snorlax|Snorlax, M, shiny|93/100 par
|
|-heal|p2a: Snorlax|99/100 par|[from] item: Leftovers
|upkeep
|turn|35
|inactive|xXEricXx has 90 seconds left.
|
|t:|1731619327
|switch|p2a: Breloom|Breloom, M|100/100
|move|p1a: Snorlax|Body Slam|p2a: Breloom
|-damage|p2a: Breloom|40/100
|
|-heal|p2a: Breloom|46/100|[from] item: Leftovers
|upkeep
|turn|36
|inactive|xXEricXx has 60 seconds left.
|
|t:|1731619365
|switch|p1a: Suicune|Suicune|49/100 par
|move|p2a: Breloom|Sky Uppercut|p1a: Suicune
|-damage|p1a: Suicune|7/100 par
|
|-heal|p2a: Breloom|52/100|[from] item: Leftovers
|-heal|p1a: Suicune|13/100 par|[from] item: Leftovers
|upkeep
|turn|37
|
|t:|1731619380
|switch|p1a: Starmie|Starmie|100/100
|move|p2a: Breloom|Sky Uppercut|p1a: Starmie
|-resisted|p1a: Starmie
|-damage|p1a: Starmie|67/100
|
|-heal|p1a: Starmie|73/100|[from] item: Leftovers
|-heal|p2a: Breloom|58/100|[from] item: Leftovers
|upkeep
|turn|38
|
|t:|1731619394
|switch|p2a: Snorlax|Snorlax, M, shiny|99/100 par
|move|p1a: Starmie|Hydro Pump|p2a: Snorlax
|-damage|p2a: Snorlax|64/100 par
|
|-heal|p1a: Starmie|79/100|[from] item: Leftovers
|-heal|p2a: Snorlax|70/100 par|[from] item: Leftovers
|upkeep
|turn|39
|
|t:|1731619410
|switch|p1a: Snorlax|Snorlax, M|100/100
|move|p2a: Snorlax|Return|p1a: Snorlax
|-crit|p1a: Snorlax
|-damage|p1a: Snorlax|0 fnt
|faint|p1a: Snorlax
|c|☆xXEricXx|sorry that sucks
|inactive|pokology2 has 210 seconds left.
|c|☆pokology2|yeah
|c|☆pokology2|think thats game
|inactive|pokology2 has 180 seconds left.
|
|t:|1731619461
|switch|p1a: Jirachi|Jirachi|39/100
|
|-heal|p1a: Jirachi|46/100|[from] item: Leftovers
|-heal|p2a: Snorlax|77/100 par|[from] item: Leftovers
|upkeep
|turn|40
|inactive|pokology2 has 180 seconds left.
|inactive|xXEricXx has 30 seconds left.
|
|t:|1731619494
|switch|p2a: Houndoom|Houndoom, M|100/100
|move|p1a: Jirachi|Body Slam|p2a: Houndoom
|-damage|p2a: Houndoom|62/100
|-status|p2a: Houndoom|par
|
|-heal|p1a: Jirachi|52/100|[from] item: Leftovers
|-heal|p2a: Houndoom|69/100 par|[from] item: Leftovers
|upkeep
|turn|41
|inactive|pokology2 has 180 seconds left.
|inactive|xXEricXx has 30 seconds left.
|
|t:|1731619511
|move|p1a: Jirachi|Protect|p1a: Jirachi
|-singleturn|p1a: Jirachi|Protect
|move|p2a: Houndoom|Crunch|p1a: Jirachi
|-activate|p1a: Jirachi|Protect
|
|-heal|p1a: Jirachi|58/100|[from] item: Leftovers
|-heal|p2a: Houndoom|75/100 par|[from] item: Leftovers
|upkeep
|turn|42
|inactive|xXEricXx has 30 seconds left.
|inactive|pokology2 has 180 seconds left.
|
|t:|1731619533
|move|p1a: Jirachi|Body Slam|p2a: Houndoom
|-damage|p2a: Houndoom|32/100 par
|move|p2a: Houndoom|Fire Blast|p1a: Jirachi
|-supereffective|p1a: Jirachi
|-damage|p1a: Jirachi|0 fnt
|faint|p1a: Jirachi
|
|t:|1731619540
|switch|p1a: Starmie|Starmie|79/100
|
|-heal|p1a: Starmie|85/100|[from] item: Leftovers
|-heal|p2a: Houndoom|38/100 par|[from] item: Leftovers
|upkeep
|turn|43
|
|t:|1731619552
|move|p1a: Starmie|Thunderbolt|p2a: Houndoom
|-crit|p2a: Houndoom
|-damage|p2a: Houndoom|0 fnt
|faint|p2a: Houndoom
|inactive|xXEricXx has 30 seconds left.
|
|t:|1731619562
|switch|p2a: Snorlax|Snorlax, M, shiny|77/100 par
|
|-heal|p1a: Starmie|91/100|[from] item: Leftovers
|-heal|p2a: Snorlax|83/100 par|[from] item: Leftovers
|upkeep
|turn|44
|
|t:|1731619571
|move|p1a: Starmie|Hydro Pump|p2a: Snorlax
|-damage|p2a: Snorlax|51/100 par
|move|p2a: Snorlax|Shadow Ball|p1a: Starmie
|-supereffective|p1a: Starmie
|-damage|p1a: Starmie|4/100
|
|-heal|p1a: Starmie|10/100|[from] item: Leftovers
|-heal|p2a: Snorlax|57/100 par|[from] item: Leftovers
|upkeep
|turn|45
|
|t:|1731619579
|switch|p1a: Suicune|Suicune|13/100 par
|move|p2a: Snorlax|Return|p1a: Suicune
|-damage|p1a: Suicune|0 fnt
|faint|p1a: Suicune
|
|t:|1731619583
|switch|p1a: Starmie|Starmie|10/100
|
|-heal|p1a: Starmie|16/100|[from] item: Leftovers
|-heal|p2a: Snorlax|63/100 par|[from] item: Leftovers
|upkeep
|turn|46
|
|t:|1731619586
|move|p1a: Starmie|Hydro Pump|p2a: Snorlax
|-crit|p2a: Snorlax
|-damage|p2a: Snorlax|0 fnt
|faint|p2a: Snorlax
|
|t:|1731619595
|switch|p2a: Starmie|Starmie|71/100
|
|-heal|p1a: Starmie|22/100|[from] item: Leftovers
|-heal|p2a: Starmie|77/100|[from] item: Leftovers
|upkeep
|turn|47
|
|t:|1731619602
|move|p1a: Starmie|Thunderbolt|p2a: Starmie
|-supereffective|p2a: Starmie
|-damage|p2a: Starmie|15/100
|move|p2a: Starmie|Thunder Wave|p1a: Starmie
|-status|p1a: Starmie|par
|
|-heal|p2a: Starmie|21/100|[from] item: Leftovers
|-heal|p1a: Starmie|28/100 par|[from] item: Leftovers
|upkeep
|turn|48
|
|t:|1731619609
|move|p2a: Starmie|Surf|p1a: Starmie
|-resisted|p1a: Starmie
|-damage|p1a: Starmie|6/100 par
|move|p1a: Starmie|Thunderbolt|p2a: Starmie
|-supereffective|p2a: Starmie
|-damage|p2a: Starmie|0 fnt
|faint|p2a: Starmie
|
|t:|1731619614
|switch|p2a: Breloom|Breloom, M|58/100
|
|-heal|p2a: Breloom|64/100|[from] item: Leftovers
|-heal|p1a: Starmie|12/100 par|[from] item: Leftovers
|upkeep
|turn|49
|c|☆pokology2|do you need to hit? the upper kut?
|inactive|pokology2 has 210 seconds left.
|c|☆xXEricXx|gg
|c|☆xXEricXx|no i have mach
|c|☆pokology2|or mach enough
|c|☆pokology2|ah gg
|
|t:|1731619655
|move|p2a: Breloom|Mach Punch|p1a: Starmie
|-resisted|p1a: Starmie
|-damage|p1a: Starmie|0 fnt
|faint|p1a: Starmie
|
|win|xXEricXx

</script>
<script type="application/json" class="data" id="replaydata-smogtours-gen3ou-806275">
{"id":"smogtours-gen3ou-806275","format":"[Gen 3] OU","players":["pokology2","xXEricXx"],"uploadtime":1731619655,"views":27,"formatid":"gen3ou","rating":null,"private":0,"password":null}
</script>

<script defer src="js/replays.js?9d40a366"></script>
