<!DOCTYPE html>
<meta charset="utf-8" />
<meta name="viewport" content="width=device-width" />

<title>[Gen 3] OU: advwtrainingwheels vs. jeem16 - Replays - Pok&eacute;mon Showdown!</title>

<meta name="description" content="Watch a replay of a Pok&eacute;mon battle between advwtrainingwheels and jeem16! Format: [Gen 3] OU; Date: Oct 9, 2024" />
<!--

Hey, you! Looking in the source for the replay log?

You can find them in JSON format, just add `.json` at the end of a replay URL.

https://replay.pokemonshowdown.com/gen7randomdoublesbattle-865046831.json

Or, if you only need the log itself, add `.log` instead:

https://replay.pokemonshowdown.com/gen7randomdoublesbattle-865046831.log

-->

<link rel="stylesheet" href="//pokemonshowdown.com/style/global.css?0.767286132409787" />
<link rel="stylesheet" href="//play.pokemonshowdown.com/style/font-awesome.css?0.9266228007934947" />
<link rel="stylesheet" href="//play.pokemonshowdown.com/style/battle.css?0.7924700842790926" />
<link rel="stylesheet" href="//play.pokemonshowdown.com/style/utilichart.css?0.8777417872839479" />

<!-- Global site tag (gtag.js) - Google Analytics -->
<script async src="https://www.googletagmanager.com/gtag/js?id=UA-26211653-1"></script>
<script>
  window.dataLayer = window.dataLayer || [];
  function gtag(){dataLayer.push(arguments);}
  gtag('js', new Date());

  gtag('config', 'UA-26211653-1');
</script>
<!-- End Google Analytics -->
<!-- Venatus Ad Manager - Install in <HEAD> of page -->
	<script src="https://hb.vntsm.com/v3/live/ad-manager.min.js" type="text/javascript" data-site-id="642aba63ec9a7b11c3c9c1be" data-mode="scan" async></script>
<!-- / Venatus Ad Manager -->

<style>
	@media (max-width:820px) {
		.battle {
			margin: 0 auto;
		}
		.battle-log {
			margin: 7px auto 0;
			max-width: 640px;
			height: 300px;
			position: static;
		}
	}
	.optgroup {
		display: inline-block;
		line-height: 22px;
		font-size: 10pt;
	}
	.optgroup .button {
		height: 25px;
		padding-top: 0;
		padding-bottom: 0;
	}
	.optgroup button.button {
		padding-left: 12px;
		padding-right: 12px;
	}
	.linklist {
		list-style: none;
		margin: 0.5em 0;
		padding: 0;
	}
	.linklist li {
		padding: 2px 0;
	}
	.sidebar {
		float: left;
		width: 320px;
	}
	.bar-wrapper {
		max-width: 1100px;
		margin: 0 auto;
	}
	.bar-wrapper.has-sidebar {
		max-width: 1430px;
	}
	.mainbar {
		margin: 0;
		padding-right: 1px;
	}
	.mainbar.has-sidebar {
		margin-left: 330px;
	}
	@media (min-width: 1511px) {
		.sidebar {
			width: 400px;
		}
		.bar-wrapper.has-sidebar {
			max-width: 1510px;
		}
		.mainbar.has-sidebar {
			margin-left: 410px;
		}
	}
	.section.first-section {
		margin-top: 9px;
	}
	.blocklink small {
		white-space: normal;
	}
	.button {
		vertical-align: middle;
	}
	.replay-controls {
		padding-top: 10px;
	}
	.replay-controls h1 {
		font-size: 16pt;
		font-weight: normal;
		color: #CCC;
	}
	.pagelink {
		text-align: center;
	}
	.pagelink a {
		width: 150px;
	}
	.textbox, .button {
		font-size: 11pt;
		vertical-align: middle;
	}
	@media (max-width: 450px) {
		.button {
			font-size: 9pt;
		}
	}
</style>

<div>

	<header>
		<div class="nav-wrapper"><ul class="nav">
			<li><a class="button nav-first" href="//pokemonshowdown.com/"><img src="//pokemonshowdown.com/images/pokemonshowdownbeta.png" srcset="//pokemonshowdown.com/images/pokemonshowdownbeta.png 1x, //pokemonshowdown.com/images/pokemonshowdownbeta@2x.png 2x" alt="Pok&eacute;mon Showdown" width="146" height="44" /> Home</a></li>
			<li><a class="button" href="//pokemonshowdown.com/dex/">Pok&eacute;dex</a></li>
			<li><a class="button cur" href="/">Replays</a></li>
			<li><a class="button" href="//pokemonshowdown.com/ladder/">Ladder</a></li>
			<li><a class="button nav-last" href="//pokemonshowdown.com/forums/">Forum</a></li>
			<li><a class="button greenbutton nav-first nav-last" href="//play.pokemonshowdown.com/">Play</a></li>
		</ul></div>
	</header>

	<div class="main" id="main">

		<noscript><section class="section">You need to enable JavaScript to use this page; sorry!</section></noscript>

	</div>

</div>

<script defer nomodule src="//play.pokemonshowdown.com/js/lib/ps-polyfill.js"></script>
<script defer src="//play.pokemonshowdown.com/js/lib/preact.min.js"></script>

<script defer src="//play.pokemonshowdown.com/config/config.js?6dec07f6"></script>
<script defer src="//play.pokemonshowdown.com/js/lib/jquery-1.11.0.min.js"></script>
<script defer src="//play.pokemonshowdown.com/js/lib/html-sanitizer-minified.js"></script>
<script defer src="//play.pokemonshowdown.com/js/battle-sound.js"></script>
<script defer src="//play.pokemonshowdown.com/js/battledata.js?0.6315294753075389"></script>
<script defer src="//play.pokemonshowdown.com/data/pokedex-mini.js?0.7603743185311358"></script>
<script defer src="//play.pokemonshowdown.com/data/pokedex-mini-bw.js?0.030888842834281283"></script>
<script defer src="//play.pokemonshowdown.com/data/graphics.js?0.05593094747507488"></script>
<script defer src="//play.pokemonshowdown.com/data/pokedex.js?0.47064822249611904"></script>
<script defer src="//play.pokemonshowdown.com/data/moves.js?0.8583693120512459"></script>
<script defer src="//play.pokemonshowdown.com/data/abilities.js?0.16017181182386842"></script>
<script defer src="//play.pokemonshowdown.com/data/items.js?0.4163379185673943"></script>
<script defer src="//play.pokemonshowdown.com/data/teambuilder-tables.js?0.31075597372830477"></script>
<script defer src="//play.pokemonshowdown.com/js/battle-tooltips.js?0.6536193500708172"></script>
<script defer src="//play.pokemonshowdown.com/js/battle.js?0.1916591943277901"></script>

<script defer src="js/utils.js?e31f9a17"></script>
<script defer src="js/replays-battle.js?7008c182"></script>

<!-- don't scrape this data! just add .json or .log after the URL!
Full API docs: https://github.com/smogon/pokemon-showdown-client/blob/master/WEB-API.md -->
<script type="text/plain" class="log" id="replaylog-smogtours-gen3ou-796679">
|inactive|Battle timer is ON: inactive players will automatically lose when time's up.
|t:|1728495602
|gametype|singles
|player|p1|advwtrainingwheels|cyclistf-gen4|
|player|p2|jeem16|alder|
|teamsize|p1|6
|teamsize|p2|6
|gen|3
|tier|[Gen 3] OU
|rule|Sleep Clause Mod: Limit one foe put to sleep
|rule|Switch Priority Clause Mod: Faster Pokémon switch first
|rule|Species Clause: Limit one of each Pokémon
|rule|OHKO Clause: OHKO moves are banned
|rule|Evasion Items Clause: Evasion items are banned
|rule|Evasion Moves Clause: Evasion moves are banned
|rule|Endless Battle Clause: Forcing endless battles is banned
|rule|HP Percentage Mod: HP is shown in percentages
|rule|One Boost Passer Clause: Limit one Baton Passer that has a way to boost its stats
|rule|Freeze Clause Mod: Limit one foe frozen
|
|t:|1728495602
|start
|switch|p1a: Hexada|Gengar, F, shiny|100/100
|switch|p2a: Jimothy|Hariyama, M|100/100
|turn|1
|
|t:|1728495613
|move|p1a: Hexada|Shadow Ball|p2a: Jimothy
|-damage|p2a: Jimothy|65/100
|move|p2a: Jimothy|Knock Off|p1a: Hexada
|-supereffective|p1a: Hexada
|-damage|p1a: Hexada|93/100
|-enditem|p1a: Hexada|Choice Band|[from] move: Knock Off|[of] p2a: Jimothy
|-hint|In Gens 3-4, Knock Off only makes the target's item unusable; it cannot obtain a new item.
|
|-heal|p2a: Jimothy|71/100|[from] item: Leftovers
|upkeep
|turn|2
|
|t:|1728495628
|move|p1a: Hexada|Hypnosis|p2a: Jimothy|[miss]
|-miss|p1a: Hexada|p2a: Jimothy
|move|p2a: Jimothy|Knock Off|p1a: Hexada
|-supereffective|p1a: Hexada
|-damage|p1a: Hexada|86/100
|
|-heal|p2a: Jimothy|77/100|[from] item: Leftovers
|upkeep
|turn|3
|
|t:|1728495634
|switch|p2a: Simian|Blissey, F|100/100
|move|p1a: Hexada|Explosion|p2a: Simian
|-damage|p2a: Simian|7/100
|faint|p1a: Hexada
|
|t:|1728495640
|switch|p1a: Rake|Dugtrio, M, shiny|100/100
|
|-heal|p2a: Simian|13/100|[from] item: Leftovers
|upkeep
|turn|4
|
|t:|1728495645
|move|p1a: Rake|Earthquake|p2a: Simian
|-damage|p2a: Simian|0 fnt
|faint|p2a: Simian
|
|t:|1728495664
|switch|p2a: Gold|Salamence, M|100/100
|-ability|p2a: Gold|Intimidate|boost
|-unboost|p1a: Rake|atk|1
|
|upkeep
|turn|5
|
|t:|1728495669
|switch|p1a: Squeeze|Regice, shiny|100/100
|move|p2a: Gold|Hidden Power|p1a: Squeeze
|-damage|p1a: Squeeze|57/100
|
|-heal|p1a: Squeeze|63/100|[from] item: Leftovers
|upkeep
|turn|6
|
|t:|1728495680
|switch|p2a: Jimothy|Hariyama, M|77/100
|move|p1a: Squeeze|Thunder Wave|p2a: Jimothy
|-status|p2a: Jimothy|par
|
|-heal|p1a: Squeeze|69/100|[from] item: Leftovers
|-heal|p2a: Jimothy|83/100 par|[from] item: Leftovers
|upkeep
|turn|7
|
|t:|1728495693
|switch|p1a: Mercury:Retrograde|Celebi|100/100
|move|p2a: Jimothy|Brick Break|p1a: Mercury:Retrograde
|-resisted|p1a: Mercury:Retrograde
|-crit|p1a: Mercury:Retrograde
|-damage|p1a: Mercury:Retrograde|50/100
|
|-heal|p1a: Mercury:Retrograde|56/100|[from] item: Leftovers
|-heal|p2a: Jimothy|90/100 par|[from] item: Leftovers
|upkeep
|turn|8
|
|t:|1728495702
|move|p1a: Mercury:Retrograde|Calm Mind|p1a: Mercury:Retrograde
|-boost|p1a: Mercury:Retrograde|spa|1
|-boost|p1a: Mercury:Retrograde|spd|1
|cant|p2a: Jimothy|par
|
|-heal|p1a: Mercury:Retrograde|62/100|[from] item: Leftovers
|-heal|p2a: Jimothy|96/100 par|[from] item: Leftovers
|upkeep
|turn|9
|
|t:|1728495742
|move|p1a: Mercury:Retrograde|Baton Pass|p1a: Mercury:Retrograde
|
|t:|1728495743
|switch|p1a: Smog|Jirachi|100/100|[from] Baton Pass
|move|p2a: Jimothy|Hidden Power|p1a: Smog
|-damage|p1a: Smog|73/100
|
|-heal|p1a: Smog|79/100|[from] item: Leftovers
|-heal|p2a: Jimothy|100/100 par|[from] item: Leftovers
|upkeep
|turn|10
|
|t:|1728495751
|move|p1a: Smog|Ice Punch|p2a: Jimothy
|-damage|p2a: Jimothy|66/100 par
|move|p2a: Jimothy|Knock Off|p1a: Smog
|-damage|p1a: Smog|78/100
|-enditem|p1a: Smog|Leftovers|[from] move: Knock Off|[of] p2a: Jimothy
|
|-heal|p2a: Jimothy|72/100 par|[from] item: Leftovers
|upkeep
|turn|11
|
|t:|1728495757
|move|p1a: Smog|Psychic|p2a: Jimothy
|-supereffective|p2a: Jimothy
|-damage|p2a: Jimothy|0 fnt
|faint|p2a: Jimothy
|inactive|jeem16 has 270 seconds left.
|
|t:|1728495805
|switch|p2a: Gold|Salamence, M|100/100
|-ability|p2a: Gold|Intimidate|boost
|-unboost|p1a: Smog|atk|1
|
|upkeep
|turn|12
|
|t:|1728495809
|move|p2a: Gold|Earthquake|p1a: Smog
|-supereffective|p1a: Smog
|-damage|p1a: Smog|0 fnt
|faint|p1a: Smog
|
|t:|1728495816
|switch|p1a: Mercury:Retrograde|Celebi|62/100
|
|-heal|p1a: Mercury:Retrograde|68/100|[from] item: Leftovers
|upkeep
|turn|13
|inactive|jeem16 has 270 seconds left.
|
|t:|1728495841
|switch|p2a: Callous|Jirachi|100/100
|move|p1a: Mercury:Retrograde|Calm Mind|p1a: Mercury:Retrograde
|-boost|p1a: Mercury:Retrograde|spa|1
|-boost|p1a: Mercury:Retrograde|spd|1
|
|-heal|p1a: Mercury:Retrograde|74/100|[from] item: Leftovers
|upkeep
|turn|14
|
|t:|1728495855
|move|p1a: Mercury:Retrograde|Hidden Power|p2a: Callous
|-supereffective|p2a: Callous
|-damage|p2a: Callous|60/100
|move|p2a: Callous|Fire Punch|p1a: Mercury:Retrograde
|-supereffective|p1a: Mercury:Retrograde
|-damage|p1a: Mercury:Retrograde|54/100
|
|-heal|p1a: Mercury:Retrograde|60/100|[from] item: Leftovers
|-heal|p2a: Callous|66/100|[from] item: Leftovers
|upkeep
|turn|15
|inactive|jeem16 has 240 seconds left.
|
|t:|1728495875
|switch|p2a: Kalaveet|Claydol|100/100
|move|p1a: Mercury:Retrograde|Baton Pass|p1a: Mercury:Retrograde
|
|t:|1728495881
|switch|p1a: Squeeze|Regice, shiny|69/100|[from] Baton Pass
|
|-heal|p1a: Squeeze|75/100|[from] item: Leftovers
|upkeep
|turn|16
|
|t:|1728495893
|move|p2a: Kalaveet|Explosion|p1a: Squeeze
|-damage|p1a: Squeeze|0 fnt
|faint|p2a: Kalaveet
|faint|p1a: Squeeze
|
|t:|1728495901
|switch|p2a: Gold|Salamence, M|100/100
|switch|p1a: D(R)Own|Suicune, shiny|100/100
|-ability|p2a: Gold|Intimidate|boost
|-unboost|p1a: D(R)Own|atk|1
|
|upkeep
|turn|17
|
|t:|1728495910
|switch|p2a: LRXC|Suicune|100/100
|move|p1a: D(R)Own|Blizzard|p2a: LRXC
|-resisted|p2a: LRXC
|-damage|p2a: LRXC|87/100
|-status|p2a: LRXC|frz
|
|-heal|p2a: LRXC|93/100 frz|[from] item: Leftovers
|upkeep
|turn|18
|c|☆advwtrainingwheels|oof my b
|
|t:|1728495923
|switch|p1a: Mercury:Retrograde|Celebi|60/100
|cant|p2a: LRXC|frz
|
|-heal|p1a: Mercury:Retrograde|66/100|[from] item: Leftovers
|-heal|p2a: LRXC|99/100 frz|[from] item: Leftovers
|upkeep
|turn|19
|
|t:|1728495927
|move|p1a: Mercury:Retrograde|Calm Mind|p1a: Mercury:Retrograde
|-boost|p1a: Mercury:Retrograde|spa|1
|-boost|p1a: Mercury:Retrograde|spd|1
|-curestatus|p2a: LRXC|frz|[msg]
|move|p2a: LRXC|Calm Mind|p2a: LRXC
|-boost|p2a: LRXC|spa|1
|-boost|p2a: LRXC|spd|1
|
|-heal|p1a: Mercury:Retrograde|72/100|[from] item: Leftovers
|-heal|p2a: LRXC|100/100|[from] item: Leftovers
|upkeep
|turn|20
|
|t:|1728495939
|move|p1a: Mercury:Retrograde|Calm Mind|p1a: Mercury:Retrograde
|-boost|p1a: Mercury:Retrograde|spa|1
|-boost|p1a: Mercury:Retrograde|spd|1
|move|p2a: LRXC|Calm Mind|p2a: LRXC
|-boost|p2a: LRXC|spa|1
|-boost|p2a: LRXC|spd|1
|
|-heal|p1a: Mercury:Retrograde|78/100|[from] item: Leftovers
|upkeep
|turn|21
|
|t:|1728495944
|move|p1a: Mercury:Retrograde|Giga Drain|p2a: LRXC
|-supereffective|p2a: LRXC
|-damage|p2a: LRXC|57/100
|-heal|p1a: Mercury:Retrograde|99/100|[from] drain|[of] p2a: LRXC
|move|p2a: LRXC|Calm Mind|p2a: LRXC
|-boost|p2a: LRXC|spa|1
|-boost|p2a: LRXC|spd|1
|
|-heal|p1a: Mercury:Retrograde|100/100|[from] item: Leftovers
|-heal|p2a: LRXC|63/100|[from] item: Leftovers
|upkeep
|turn|22
|
|t:|1728495952
|move|p1a: Mercury:Retrograde|Calm Mind|p1a: Mercury:Retrograde
|-boost|p1a: Mercury:Retrograde|spa|1
|-boost|p1a: Mercury:Retrograde|spd|1
|move|p2a: LRXC|Calm Mind|p2a: LRXC
|-boost|p2a: LRXC|spa|1
|-boost|p2a: LRXC|spd|1
|
|-heal|p2a: LRXC|69/100|[from] item: Leftovers
|upkeep
|turn|23
|
|t:|1728495974
|move|p1a: Mercury:Retrograde|Giga Drain|p2a: LRXC
|-supereffective|p2a: LRXC
|-damage|p2a: LRXC|33/100
|move|p2a: LRXC|Calm Mind|p2a: LRXC
|-boost|p2a: LRXC|spa|1
|-boost|p2a: LRXC|spd|1
|
|-heal|p2a: LRXC|39/100|[from] item: Leftovers
|upkeep
|turn|24
|
|t:|1728495984
|move|p1a: Mercury:Retrograde|Giga Drain|p2a: LRXC
|-supereffective|p2a: LRXC
|-damage|p2a: LRXC|4/100
|move|p2a: LRXC|Rest|p2a: LRXC
|-status|p2a: LRXC|slp|[from] move: Rest
|-heal|p2a: LRXC|100/100 slp|[silent]
|
|upkeep
|turn|25
|
|t:|1728495989
|move|p1a: Mercury:Retrograde|Calm Mind|p1a: Mercury:Retrograde
|-boost|p1a: Mercury:Retrograde|spa|1
|-boost|p1a: Mercury:Retrograde|spd|1
|cant|p2a: LRXC|slp
|move|p2a: LRXC|Sleep Talk|p2a: LRXC
|move|p2a: LRXC|Calm Mind|p2a: LRXC|[from]Sleep Talk
|-boost|p2a: LRXC|spa|1
|-boost|p2a: LRXC|spd|1
|
|upkeep
|turn|26
|
|t:|1728495996
|move|p1a: Mercury:Retrograde|Baton Pass|p1a: Mercury:Retrograde
|
|t:|1728495997
|switch|p1a: D(R)Own|Suicune, shiny|100/100|[from] Baton Pass
|cant|p2a: LRXC|slp
|move|p2a: LRXC|Sleep Talk|p2a: LRXC
|move|p2a: LRXC|Surf|p1a: D(R)Own|[from]Sleep Talk
|-resisted|p1a: D(R)Own
|-damage|p1a: D(R)Own|85/100
|
|-heal|p1a: D(R)Own|91/100|[from] item: Leftovers
|upkeep
|turn|27
|
|t:|1728496008
|-curestatus|p2a: LRXC|slp|[msg]
|move|p2a: LRXC|Surf|p1a: D(R)Own
|-resisted|p1a: D(R)Own
|-damage|p1a: D(R)Own|77/100
|move|p1a: D(R)Own|Substitute|p1a: D(R)Own
|-start|p1a: D(R)Own|Substitute
|-damage|p1a: D(R)Own|52/100
|
|-heal|p1a: D(R)Own|58/100|[from] item: Leftovers
|upkeep
|turn|28
|
|t:|1728496013
|move|p2a: LRXC|Surf|p1a: D(R)Own
|-resisted|p1a: D(R)Own
|-activate|p1a: D(R)Own|Substitute|[damage]
|move|p1a: D(R)Own|Calm Mind|p1a: D(R)Own
|-boost|p1a: D(R)Own|spa|1
|-boost|p1a: D(R)Own|spd|1
|
|-heal|p1a: D(R)Own|64/100|[from] item: Leftovers
|upkeep
|turn|29
|
|t:|1728496019
|move|p2a: LRXC|Surf|p1a: D(R)Own
|-resisted|p1a: D(R)Own
|-end|p1a: D(R)Own|Substitute
|move|p1a: D(R)Own|Calm Mind|p1a: D(R)Own
|-boost|p1a: D(R)Own|spa|1
|-boost|p1a: D(R)Own|spd|1
|
|-heal|p1a: D(R)Own|71/100|[from] item: Leftovers
|upkeep
|turn|30
|
|t:|1728496022
|move|p2a: LRXC|Surf|p1a: D(R)Own
|-resisted|p1a: D(R)Own
|-damage|p1a: D(R)Own|59/100
|move|p1a: D(R)Own|Substitute|p1a: D(R)Own
|-start|p1a: D(R)Own|Substitute
|-damage|p1a: D(R)Own|34/100
|
|-heal|p1a: D(R)Own|40/100|[from] item: Leftovers
|upkeep
|turn|31
|
|t:|1728496029
|move|p2a: LRXC|Surf|p1a: D(R)Own
|-resisted|p1a: D(R)Own
|-activate|p1a: D(R)Own|Substitute|[damage]
|move|p1a: D(R)Own|Calm Mind|p1a: D(R)Own
|-boost|p1a: D(R)Own|spa|0
|-boost|p1a: D(R)Own|spd|0
|
|-heal|p1a: D(R)Own|47/100|[from] item: Leftovers
|upkeep
|turn|32
|
|t:|1728496037
|move|p2a: LRXC|Surf|p1a: D(R)Own
|-resisted|p1a: D(R)Own
|-activate|p1a: D(R)Own|Substitute|[damage]
|move|p1a: D(R)Own|Calm Mind|p1a: D(R)Own
|-boost|p1a: D(R)Own|spa|0
|-boost|p1a: D(R)Own|spd|0
|
|-heal|p1a: D(R)Own|53/100|[from] item: Leftovers
|upkeep
|turn|33
|
|t:|1728496059
|move|p2a: LRXC|Surf|p1a: D(R)Own
|-resisted|p1a: D(R)Own
|-end|p1a: D(R)Own|Substitute
|move|p1a: D(R)Own|Calm Mind|p1a: D(R)Own
|-boost|p1a: D(R)Own|spa|0
|-boost|p1a: D(R)Own|spd|0
|
|-heal|p1a: D(R)Own|59/100|[from] item: Leftovers
|upkeep
|turn|34
|
|t:|1728496074
|switch|p2a: Gold|Salamence, M|100/100
|-ability|p2a: Gold|Intimidate|boost
|-unboost|p1a: D(R)Own|atk|1
|move|p1a: D(R)Own|Substitute|p1a: D(R)Own
|-start|p1a: D(R)Own|Substitute
|-damage|p1a: D(R)Own|34/100
|
|-heal|p1a: D(R)Own|40/100|[from] item: Leftovers
|upkeep
|turn|35
|
|t:|1728496077
|move|p2a: Gold|Hidden Power|p1a: D(R)Own
|-end|p1a: D(R)Own|Substitute
|move|p1a: D(R)Own|Blizzard|p2a: Gold|[miss]
|-miss|p1a: D(R)Own|p2a: Gold
|
|-heal|p1a: D(R)Own|46/100|[from] item: Leftovers
|upkeep
|turn|36
|c|☆jeem16|omg
|
|t:|1728496095
|move|p2a: Gold|Hidden Power|p1a: D(R)Own
|-damage|p1a: D(R)Own|2/100
|move|p1a: D(R)Own|Blizzard|p2a: Gold
|-supereffective|p2a: Gold
|-damage|p2a: Gold|0 fnt
|faint|p2a: Gold
|inactive|jeem16 has 270 seconds left.
|
|t:|1728496131
|switch|p2a: LRXC|Suicune|100/100
|
|-heal|p1a: D(R)Own|9/100|[from] item: Leftovers
|upkeep
|turn|37
|
|t:|1728496141
|switch|p1a: Mercury:Retrograde|Celebi|100/100
|move|p2a: LRXC|Surf|p1a: Mercury:Retrograde
|-resisted|p1a: Mercury:Retrograde
|-damage|p1a: Mercury:Retrograde|88/100
|
|-heal|p1a: Mercury:Retrograde|94/100|[from] item: Leftovers
|upkeep
|turn|38
|
|t:|1728496147
|switch|p2a: Callous|Jirachi|66/100
|move|p1a: Mercury:Retrograde|Calm Mind|p1a: Mercury:Retrograde
|-boost|p1a: Mercury:Retrograde|spa|1
|-boost|p1a: Mercury:Retrograde|spd|1
|
|-heal|p1a: Mercury:Retrograde|99/100|[from] item: Leftovers
|-heal|p2a: Callous|73/100|[from] item: Leftovers
|upkeep
|turn|39
|
|t:|1728496152
|move|p1a: Mercury:Retrograde|Baton Pass|p1a: Mercury:Retrograde
|
|t:|1728496153
|switch|p1a: Rake|Dugtrio, M, shiny|100/100|[from] Baton Pass
|move|p2a: Callous|Fire Punch|p1a: Rake
|-crit|p1a: Rake
|-damage|p1a: Rake|41/100
|
|-heal|p2a: Callous|79/100|[from] item: Leftovers
|upkeep
|turn|40
|
|t:|1728496162
|move|p2a: Callous|Protect|p2a: Callous
|-singleturn|p2a: Callous|Protect
|move|p1a: Rake|Earthquake|p2a: Callous
|-activate|p2a: Callous|Protect
|
|-heal|p2a: Callous|85/100|[from] item: Leftovers
|upkeep
|turn|41
|inactive|jeem16 has 270 seconds left.
|
|t:|1728496214
|move|p2a: Callous|Protect|p2a: Callous
|-singleturn|p2a: Callous|Protect
|move|p1a: Rake|Earthquake|p2a: Callous
|-activate|p2a: Callous|Protect
|
|-heal|p2a: Callous|91/100|[from] item: Leftovers
|upkeep
|turn|42
|
|t:|1728496219
|move|p1a: Rake|Earthquake|p2a: Callous
|-supereffective|p2a: Callous
|-damage|p2a: Callous|1/100
|move|p2a: Callous|Fire Punch|p1a: Rake
|-damage|p1a: Rake|19/100
|
|-heal|p2a: Callous|7/100|[from] item: Leftovers
|upkeep
|turn|43
|
|t:|1728496226
|move|p2a: Callous|Protect|p2a: Callous
|-singleturn|p2a: Callous|Protect
|move|p1a: Rake|Earthquake|p2a: Callous
|-activate|p2a: Callous|Protect
|
|-heal|p2a: Callous|13/100|[from] item: Leftovers
|upkeep
|turn|44
|
|t:|1728496247
|move|p2a: Callous|Protect|p2a: Callous
|-singleturn|p2a: Callous|Protect
|move|p1a: Rake|Earthquake|p2a: Callous
|-activate|p2a: Callous|Protect
|
|-heal|p2a: Callous|20/100|[from] item: Leftovers
|upkeep
|turn|45
|
|t:|1728496253
|move|p1a: Rake|Earthquake|p2a: Callous
|-supereffective|p2a: Callous
|-damage|p2a: Callous|0 fnt
|faint|p2a: Callous
|
|t:|1728496255
|switch|p2a: LRXC|Suicune|100/100
|
|upkeep
|turn|46
|
|t:|1728496272
|move|p1a: Rake|Earthquake|p2a: LRXC
|-damage|p2a: LRXC|68/100
|move|p2a: LRXC|Surf|p1a: Rake
|-supereffective|p1a: Rake
|-damage|p1a: Rake|0 fnt
|faint|p1a: Rake
|
|t:|1728496277
|switch|p1a: Mercury:Retrograde|Celebi|99/100
|
|-heal|p1a: Mercury:Retrograde|100/100|[from] item: Leftovers
|-heal|p2a: LRXC|74/100|[from] item: Leftovers
|upkeep
|turn|47
|
|t:|1728496283
|move|p1a: Mercury:Retrograde|Calm Mind|p1a: Mercury:Retrograde
|-boost|p1a: Mercury:Retrograde|spa|1
|-boost|p1a: Mercury:Retrograde|spd|1
|move|p2a: LRXC|Calm Mind|p2a: LRXC
|-boost|p2a: LRXC|spa|1
|-boost|p2a: LRXC|spd|1
|
|-heal|p2a: LRXC|80/100|[from] item: Leftovers
|upkeep
|turn|48
|
|t:|1728496287
|move|p1a: Mercury:Retrograde|Calm Mind|p1a: Mercury:Retrograde
|-boost|p1a: Mercury:Retrograde|spa|1
|-boost|p1a: Mercury:Retrograde|spd|1
|move|p2a: LRXC|Calm Mind|p2a: LRXC
|-boost|p2a: LRXC|spa|1
|-boost|p2a: LRXC|spd|1
|
|-heal|p2a: LRXC|87/100|[from] item: Leftovers
|upkeep
|turn|49
|
|t:|1728496289
|move|p1a: Mercury:Retrograde|Calm Mind|p1a: Mercury:Retrograde
|-boost|p1a: Mercury:Retrograde|spa|1
|-boost|p1a: Mercury:Retrograde|spd|1
|move|p2a: LRXC|Calm Mind|p2a: LRXC
|-boost|p2a: LRXC|spa|1
|-boost|p2a: LRXC|spd|1
|
|-heal|p2a: LRXC|93/100|[from] item: Leftovers
|upkeep
|turn|50
|
|t:|1728496290
|move|p1a: Mercury:Retrograde|Calm Mind|p1a: Mercury:Retrograde
|-boost|p1a: Mercury:Retrograde|spa|1
|-boost|p1a: Mercury:Retrograde|spd|1
|move|p2a: LRXC|Calm Mind|p2a: LRXC
|-boost|p2a: LRXC|spa|1
|-boost|p2a: LRXC|spd|1
|
|-heal|p2a: LRXC|99/100|[from] item: Leftovers
|upkeep
|turn|51
|
|t:|1728496293
|move|p1a: Mercury:Retrograde|Calm Mind|p1a: Mercury:Retrograde
|-boost|p1a: Mercury:Retrograde|spa|1
|-boost|p1a: Mercury:Retrograde|spd|1
|move|p2a: LRXC|Calm Mind|p2a: LRXC
|-boost|p2a: LRXC|spa|1
|-boost|p2a: LRXC|spd|1
|
|-heal|p2a: LRXC|100/100|[from] item: Leftovers
|upkeep
|turn|52
|
|t:|1728496296
|move|p1a: Mercury:Retrograde|Calm Mind|p1a: Mercury:Retrograde
|-boost|p1a: Mercury:Retrograde|spa|1
|-boost|p1a: Mercury:Retrograde|spd|1
|move|p2a: LRXC|Calm Mind|p2a: LRXC
|-boost|p2a: LRXC|spa|1
|-boost|p2a: LRXC|spd|1
|
|upkeep
|turn|53
|
|t:|1728496302
|move|p1a: Mercury:Retrograde|Hidden Power|p2a: LRXC
|-resisted|p2a: LRXC
|-damage|p2a: LRXC|93/100
|move|p2a: LRXC|Surf|p1a: Mercury:Retrograde
|-resisted|p1a: Mercury:Retrograde
|-damage|p1a: Mercury:Retrograde|89/100
|
|-heal|p1a: Mercury:Retrograde|95/100|[from] item: Leftovers
|-heal|p2a: LRXC|99/100|[from] item: Leftovers
|upkeep
|turn|54
|
|t:|1728496310
|move|p1a: Mercury:Retrograde|Hidden Power|p2a: LRXC
|-resisted|p2a: LRXC
|-damage|p2a: LRXC|91/100
|move|p2a: LRXC|Calm Mind|p2a: LRXC
|-boost|p2a: LRXC|spa|0
|-boost|p2a: LRXC|spd|0
|
|-heal|p1a: Mercury:Retrograde|100/100|[from] item: Leftovers
|-heal|p2a: LRXC|97/100|[from] item: Leftovers
|upkeep
|turn|55
|
|t:|1728496316
|move|p1a: Mercury:Retrograde|Calm Mind|p1a: Mercury:Retrograde
|-boost|p1a: Mercury:Retrograde|spa|0
|-boost|p1a: Mercury:Retrograde|spd|0
|move|p2a: LRXC|Calm Mind|p2a: LRXC
|-boost|p2a: LRXC|spa|0
|-boost|p2a: LRXC|spd|0
|
|-heal|p2a: LRXC|100/100|[from] item: Leftovers
|upkeep
|turn|56
|
|t:|1728496324
|move|p1a: Mercury:Retrograde|Calm Mind|p1a: Mercury:Retrograde
|-boost|p1a: Mercury:Retrograde|spa|0
|-boost|p1a: Mercury:Retrograde|spd|0
|move|p2a: LRXC|Calm Mind|p2a: LRXC
|-boost|p2a: LRXC|spa|0
|-boost|p2a: LRXC|spd|0
|
|upkeep
|turn|57
|
|t:|1728496337
|move|p1a: Mercury:Retrograde|Hidden Power|p2a: LRXC
|-resisted|p2a: LRXC
|-damage|p2a: LRXC|92/100
|move|p2a: LRXC|Rest|p2a: LRXC
|-status|p2a: LRXC|slp|[from] move: Rest
|-heal|p2a: LRXC|100/100 slp|[silent]
|
|upkeep
|turn|58
|
|t:|1728496343
|move|p1a: Mercury:Retrograde|Calm Mind|p1a: Mercury:Retrograde
|-boost|p1a: Mercury:Retrograde|spa|0
|-boost|p1a: Mercury:Retrograde|spd|0
|cant|p2a: LRXC|slp
|
|upkeep
|turn|59
|
|t:|1728496351
|move|p1a: Mercury:Retrograde|Calm Mind|p1a: Mercury:Retrograde
|-boost|p1a: Mercury:Retrograde|spa|0
|-boost|p1a: Mercury:Retrograde|spd|0
|cant|p2a: LRXC|slp
|
|upkeep
|turn|60
|
|t:|1728496360
|move|p1a: Mercury:Retrograde|Calm Mind|p1a: Mercury:Retrograde
|-boost|p1a: Mercury:Retrograde|spa|0
|-boost|p1a: Mercury:Retrograde|spd|0
|-curestatus|p2a: LRXC|slp|[msg]
|move|p2a: LRXC|Calm Mind|p2a: LRXC
|-boost|p2a: LRXC|spa|0
|-boost|p2a: LRXC|spd|0
|
|upkeep
|turn|61
|
|t:|1728496369
|move|p1a: Mercury:Retrograde|Baton Pass|p1a: Mercury:Retrograde
|
|t:|1728496370
|switch|p1a: D(R)Own|Suicune, shiny|9/100|[from] Baton Pass
|move|p2a: LRXC|Rest|p2a: LRXC
|-fail|p2a: LRXC|heal
|
|-heal|p1a: D(R)Own|15/100|[from] item: Leftovers
|upkeep
|turn|62
|
|t:|1728496378
|move|p2a: LRXC|Surf|p1a: D(R)Own
|-resisted|p1a: D(R)Own
|-damage|p1a: D(R)Own|3/100
|move|p1a: D(R)Own|Calm Mind|p1a: D(R)Own
|-boost|p1a: D(R)Own|spa|0
|-boost|p1a: D(R)Own|spd|0
|
|-heal|p1a: D(R)Own|9/100|[from] item: Leftovers
|upkeep
|turn|63
|
|t:|1728496384
|move|p2a: LRXC|Surf|p1a: D(R)Own
|-resisted|p1a: D(R)Own
|-damage|p1a: D(R)Own|0 fnt
|faint|p1a: D(R)Own
|
|t:|1728496386
|switch|p1a: Mercury:Retrograde|Celebi|100/100
|
|upkeep
|turn|64
|
|t:|1728496388
|move|p1a: Mercury:Retrograde|Calm Mind|p1a: Mercury:Retrograde
|-boost|p1a: Mercury:Retrograde|spa|1
|-boost|p1a: Mercury:Retrograde|spd|1
|move|p2a: LRXC|Surf|p1a: Mercury:Retrograde
|-resisted|p1a: Mercury:Retrograde
|-damage|p1a: Mercury:Retrograde|66/100
|
|-heal|p1a: Mercury:Retrograde|72/100|[from] item: Leftovers
|upkeep
|turn|65
|
|t:|1728496393
|move|p1a: Mercury:Retrograde|Calm Mind|p1a: Mercury:Retrograde
|-boost|p1a: Mercury:Retrograde|spa|1
|-boost|p1a: Mercury:Retrograde|spd|1
|move|p2a: LRXC|Surf|p1a: Mercury:Retrograde
|-resisted|p1a: Mercury:Retrograde
|-damage|p1a: Mercury:Retrograde|46/100
|
|-heal|p1a: Mercury:Retrograde|52/100|[from] item: Leftovers
|upkeep
|turn|66
|
|t:|1728496395
|move|p1a: Mercury:Retrograde|Calm Mind|p1a: Mercury:Retrograde
|-boost|p1a: Mercury:Retrograde|spa|1
|-boost|p1a: Mercury:Retrograde|spd|1
|move|p2a: LRXC|Surf|p1a: Mercury:Retrograde
|-resisted|p1a: Mercury:Retrograde
|-damage|p1a: Mercury:Retrograde|31/100
|
|-heal|p1a: Mercury:Retrograde|37/100|[from] item: Leftovers
|upkeep
|turn|67
|
|t:|1728496401
|move|p1a: Mercury:Retrograde|Calm Mind|p1a: Mercury:Retrograde
|-boost|p1a: Mercury:Retrograde|spa|1
|-boost|p1a: Mercury:Retrograde|spd|1
|move|p2a: LRXC|Calm Mind|p2a: LRXC
|-boost|p2a: LRXC|spa|0
|-boost|p2a: LRXC|spd|0
|
|-heal|p1a: Mercury:Retrograde|43/100|[from] item: Leftovers
|upkeep
|turn|68
|
|t:|1728496405
|move|p1a: Mercury:Retrograde|Calm Mind|p1a: Mercury:Retrograde
|-boost|p1a: Mercury:Retrograde|spa|1
|-boost|p1a: Mercury:Retrograde|spd|1
|move|p2a: LRXC|Calm Mind|p2a: LRXC
|-boost|p2a: LRXC|spa|0
|-boost|p2a: LRXC|spd|0
|
|-heal|p1a: Mercury:Retrograde|49/100|[from] item: Leftovers
|upkeep
|turn|69
|
|t:|1728496416
|move|p1a: Mercury:Retrograde|Calm Mind|p1a: Mercury:Retrograde
|-boost|p1a: Mercury:Retrograde|spa|1
|-boost|p1a: Mercury:Retrograde|spd|1
|move|p2a: LRXC|Calm Mind|p2a: LRXC
|-boost|p2a: LRXC|spa|0
|-boost|p2a: LRXC|spd|0
|
|-heal|p1a: Mercury:Retrograde|55/100|[from] item: Leftovers
|upkeep
|turn|70
|
|t:|1728496418
|move|p1a: Mercury:Retrograde|Baton Pass||[still]
|-fail|p1a: Mercury:Retrograde
|move|p2a: LRXC|Calm Mind|p2a: LRXC
|-boost|p2a: LRXC|spa|0
|-boost|p2a: LRXC|spd|0
|
|-heal|p1a: Mercury:Retrograde|61/100|[from] item: Leftovers
|upkeep
|turn|71
|
|t:|1728496422
|move|p1a: Mercury:Retrograde|Baton Pass||[still]
|-fail|p1a: Mercury:Retrograde
|move|p2a: LRXC|Calm Mind|p2a: LRXC
|-boost|p2a: LRXC|spa|0
|-boost|p2a: LRXC|spd|0
|
|-heal|p1a: Mercury:Retrograde|67/100|[from] item: Leftovers
|upkeep
|turn|72
|
|t:|1728496425
|move|p1a: Mercury:Retrograde|Baton Pass||[still]
|-fail|p1a: Mercury:Retrograde
|move|p2a: LRXC|Calm Mind|p2a: LRXC
|-boost|p2a: LRXC|spa|0
|-boost|p2a: LRXC|spd|0
|
|-heal|p1a: Mercury:Retrograde|73/100|[from] item: Leftovers
|upkeep
|turn|73
|
|t:|1728496427
|move|p1a: Mercury:Retrograde|Baton Pass||[still]
|-fail|p1a: Mercury:Retrograde
|move|p2a: LRXC|Calm Mind|p2a: LRXC
|-boost|p2a: LRXC|spa|0
|-boost|p2a: LRXC|spd|0
|
|-heal|p1a: Mercury:Retrograde|79/100|[from] item: Leftovers
|upkeep
|turn|74
|
|t:|1728496429
|move|p1a: Mercury:Retrograde|Baton Pass||[still]
|-fail|p1a: Mercury:Retrograde
|move|p2a: LRXC|Rest|p2a: LRXC
|-fail|p2a: LRXC|heal
|
|-heal|p1a: Mercury:Retrograde|85/100|[from] item: Leftovers
|upkeep
|turn|75
|
|t:|1728496431
|move|p1a: Mercury:Retrograde|Baton Pass||[still]
|-fail|p1a: Mercury:Retrograde
|move|p2a: LRXC|Rest|p2a: LRXC
|-fail|p2a: LRXC|heal
|
|-heal|p1a: Mercury:Retrograde|91/100|[from] item: Leftovers
|upkeep
|turn|76
|
|t:|1728496433
|move|p1a: Mercury:Retrograde|Baton Pass||[still]
|-fail|p1a: Mercury:Retrograde
|move|p2a: LRXC|Rest|p2a: LRXC
|-fail|p2a: LRXC|heal
|
|-heal|p1a: Mercury:Retrograde|97/100|[from] item: Leftovers
|upkeep
|turn|77
|
|t:|1728496434
|move|p1a: Mercury:Retrograde|Baton Pass||[still]
|-fail|p1a: Mercury:Retrograde
|move|p2a: LRXC|Rest|p2a: LRXC
|-fail|p2a: LRXC|heal
|
|-heal|p1a: Mercury:Retrograde|100/100|[from] item: Leftovers
|upkeep
|turn|78
|
|t:|1728496437
|move|p1a: Mercury:Retrograde|Baton Pass||[still]
|-fail|p1a: Mercury:Retrograde
|move|p2a: LRXC|Rest|p2a: LRXC
|-fail|p2a: LRXC|heal
|
|upkeep
|turn|79
|
|t:|1728496438
|move|p1a: Mercury:Retrograde|Calm Mind|p1a: Mercury:Retrograde
|-boost|p1a: Mercury:Retrograde|spa|0
|-boost|p1a: Mercury:Retrograde|spd|0
|move|p2a: LRXC|Rest|p2a: LRXC
|-fail|p2a: LRXC|heal
|
|upkeep
|turn|80
|
|t:|1728496441
|move|p1a: Mercury:Retrograde|Calm Mind|p1a: Mercury:Retrograde
|-boost|p1a: Mercury:Retrograde|spa|0
|-boost|p1a: Mercury:Retrograde|spd|0
|move|p2a: LRXC|Calm Mind|p2a: LRXC
|-boost|p2a: LRXC|spa|0
|-boost|p2a: LRXC|spd|0
|
|upkeep
|turn|81
|
|t:|1728496442
|move|p1a: Mercury:Retrograde|Calm Mind|p1a: Mercury:Retrograde
|-boost|p1a: Mercury:Retrograde|spa|0
|-boost|p1a: Mercury:Retrograde|spd|0
|move|p2a: LRXC|Calm Mind|p2a: LRXC
|-boost|p2a: LRXC|spa|0
|-boost|p2a: LRXC|spd|0
|
|upkeep
|turn|82
|
|t:|1728496446
|move|p1a: Mercury:Retrograde|Calm Mind|p1a: Mercury:Retrograde
|-boost|p1a: Mercury:Retrograde|spa|0
|-boost|p1a: Mercury:Retrograde|spd|0
|move|p2a: LRXC|Calm Mind|p2a: LRXC
|-boost|p2a: LRXC|spa|0
|-boost|p2a: LRXC|spd|0
|
|upkeep
|turn|83
|
|t:|1728496447
|move|p1a: Mercury:Retrograde|Baton Pass||[still]
|-fail|p1a: Mercury:Retrograde
|move|p2a: LRXC|Calm Mind|p2a: LRXC
|-boost|p2a: LRXC|spa|0
|-boost|p2a: LRXC|spd|0
|
|upkeep
|turn|84
|
|t:|1728496448
|move|p1a: Mercury:Retrograde|Baton Pass||[still]
|-fail|p1a: Mercury:Retrograde
|move|p2a: LRXC|Calm Mind|p2a: LRXC
|-boost|p2a: LRXC|spa|0
|-boost|p2a: LRXC|spd|0
|
|upkeep
|turn|85
|
|t:|1728496450
|move|p1a: Mercury:Retrograde|Baton Pass||[still]
|-fail|p1a: Mercury:Retrograde
|move|p2a: LRXC|Calm Mind|p2a: LRXC
|-boost|p2a: LRXC|spa|0
|-boost|p2a: LRXC|spd|0
|
|upkeep
|turn|86
|
|t:|1728496452
|move|p1a: Mercury:Retrograde|Baton Pass||[still]
|-fail|p1a: Mercury:Retrograde
|move|p2a: LRXC|Calm Mind|p2a: LRXC
|-boost|p2a: LRXC|spa|0
|-boost|p2a: LRXC|spd|0
|
|upkeep
|turn|87
|
|t:|1728496453
|move|p1a: Mercury:Retrograde|Baton Pass||[still]
|-fail|p1a: Mercury:Retrograde
|move|p2a: LRXC|Calm Mind|p2a: LRXC
|-boost|p2a: LRXC|spa|0
|-boost|p2a: LRXC|spd|0
|
|upkeep
|turn|88
|
|t:|1728496454
|move|p1a: Mercury:Retrograde|Baton Pass||[still]
|-fail|p1a: Mercury:Retrograde
|move|p2a: LRXC|Calm Mind|p2a: LRXC
|-boost|p2a: LRXC|spa|0
|-boost|p2a: LRXC|spd|0
|
|upkeep
|turn|89
|
|t:|1728496456
|move|p1a: Mercury:Retrograde|Baton Pass||[still]
|-fail|p1a: Mercury:Retrograde
|move|p2a: LRXC|Calm Mind|p2a: LRXC
|-boost|p2a: LRXC|spa|0
|-boost|p2a: LRXC|spd|0
|
|upkeep
|turn|90
|
|t:|1728496457
|move|p1a: Mercury:Retrograde|Baton Pass||[still]
|-fail|p1a: Mercury:Retrograde
|move|p2a: LRXC|Rest|p2a: LRXC
|-fail|p2a: LRXC|heal
|
|upkeep
|turn|91
|
|t:|1728496459
|move|p1a: Mercury:Retrograde|Baton Pass||[still]
|-fail|p1a: Mercury:Retrograde
|move|p2a: LRXC|Rest|p2a: LRXC
|-fail|p2a: LRXC|heal
|
|upkeep
|turn|92
|
|t:|1728496460
|move|p1a: Mercury:Retrograde|Baton Pass||[still]
|-fail|p1a: Mercury:Retrograde
|move|p2a: LRXC|Rest|p2a: LRXC
|-fail|p2a: LRXC|heal
|
|upkeep
|turn|93
|
|t:|1728496461
|move|p1a: Mercury:Retrograde|Baton Pass||[still]
|-fail|p1a: Mercury:Retrograde
|move|p2a: LRXC|Rest|p2a: LRXC
|-fail|p2a: LRXC|heal
|
|upkeep
|turn|94
|
|t:|1728496463
|move|p1a: Mercury:Retrograde|Baton Pass||[still]
|-fail|p1a: Mercury:Retrograde
|move|p2a: LRXC|Rest|p2a: LRXC
|-fail|p2a: LRXC|heal
|
|upkeep
|turn|95
|
|t:|1728496464
|move|p1a: Mercury:Retrograde|Baton Pass||[still]
|-fail|p1a: Mercury:Retrograde
|move|p2a: LRXC|Rest|p2a: LRXC
|-fail|p2a: LRXC|heal
|
|upkeep
|turn|96
|
|t:|1728496466
|move|p1a: Mercury:Retrograde|Baton Pass||[still]
|-fail|p1a: Mercury:Retrograde
|move|p2a: LRXC|Rest|p2a: LRXC
|-fail|p2a: LRXC|heal
|
|upkeep
|turn|97
|
|t:|1728496469
|move|p1a: Mercury:Retrograde|Baton Pass||[still]
|-fail|p1a: Mercury:Retrograde
|move|p2a: LRXC|Sleep Talk|p2a: LRXC
|
|upkeep
|turn|98
|
|t:|1728496473
|move|p1a: Mercury:Retrograde|Hidden Power|p2a: LRXC
|-resisted|p2a: LRXC
|-damage|p2a: LRXC|92/100
|move|p2a: LRXC|Sleep Talk|p2a: LRXC
|
|-heal|p2a: LRXC|99/100|[from] item: Leftovers
|upkeep
|turn|99
|
|t:|1728496479
|move|p1a: Mercury:Retrograde|Hidden Power|p2a: LRXC
|-resisted|p2a: LRXC
|-crit|p2a: LRXC
|-damage|p2a: LRXC|37/100
|move|p2a: LRXC|Sleep Talk|p2a: LRXC
|
|-heal|p2a: LRXC|43/100|[from] item: Leftovers
|upkeep
|turn|100
|
|t:|1728496488
|move|p1a: Mercury:Retrograde|Giga Drain|p2a: LRXC
|-supereffective|p2a: LRXC
|-damage|p2a: LRXC|0 fnt
|faint|p2a: LRXC
|
|win|advwtrainingwheels
|c|☆jeem16|ggwp
|c|☆advwtrainingwheels|gg
|player|p1|

</script>
<script type="application/json" class="data" id="replaydata-smogtours-gen3ou-796679">
{"id":"smogtours-gen3ou-796679","format":"[Gen 3] OU","players":["advwtrainingwheels","jeem16"],"uploadtime":1728496488,"views":102,"formatid":"gen3ou","rating":null,"private":0,"password":null}
</script>

<script defer src="js/replays.js?9d40a366"></script>
