<!DOCTYPE html>
<meta charset="utf-8" />
<meta name="viewport" content="width=device-width" />

<title>[Gen 3] OU: xhoshi vs. the band pet - Replays - Pok&eacute;mon Showdown!</title>

<meta name="description" content="Watch a replay of a Pok&eacute;mon battle between xhoshi and the band pet! Format: [Gen 3] OU; Date: Oct 7, 2024" />
<!--

Hey, you! Looking in the source for the replay log?

You can find them in JSON format, just add `.json` at the end of a replay URL.

https://replay.pokemonshowdown.com/gen7randomdoublesbattle-865046831.json

Or, if you only need the log itself, add `.log` instead:

https://replay.pokemonshowdown.com/gen7randomdoublesbattle-865046831.log

-->

<link rel="stylesheet" href="//pokemonshowdown.com/style/global.css?0.023195364461161105" />
<link rel="stylesheet" href="//play.pokemonshowdown.com/style/font-awesome.css?0.13261647063804238" />
<link rel="stylesheet" href="//play.pokemonshowdown.com/style/battle.css?0.8753245789963631" />
<link rel="stylesheet" href="//play.pokemonshowdown.com/style/utilichart.css?0.8627959624976733" />

<!-- Global site tag (gtag.js) - Google Analytics -->
<script async src="https://www.googletagmanager.com/gtag/js?id=UA-26211653-1"></script>
<script>
  window.dataLayer = window.dataLayer || [];
  function gtag(){dataLayer.push(arguments);}
  gtag('js', new Date());

  gtag('config', 'UA-26211653-1');
</script>
<!-- End Google Analytics -->
<!-- Venatus Ad Manager - Install in <HEAD> of page -->
	<script src="https://hb.vntsm.com/v3/live/ad-manager.min.js" type="text/javascript" data-site-id="642aba63ec9a7b11c3c9c1be" data-mode="scan" async></script>
<!-- / Venatus Ad Manager -->

<style>
	@media (max-width:820px) {
		.battle {
			margin: 0 auto;
		}
		.battle-log {
			margin: 7px auto 0;
			max-width: 640px;
			height: 300px;
			position: static;
		}
	}
	.optgroup {
		display: inline-block;
		line-height: 22px;
		font-size: 10pt;
	}
	.optgroup .button {
		height: 25px;
		padding-top: 0;
		padding-bottom: 0;
	}
	.optgroup button.button {
		padding-left: 12px;
		padding-right: 12px;
	}
	.linklist {
		list-style: none;
		margin: 0.5em 0;
		padding: 0;
	}
	.linklist li {
		padding: 2px 0;
	}
	.sidebar {
		float: left;
		width: 320px;
	}
	.bar-wrapper {
		max-width: 1100px;
		margin: 0 auto;
	}
	.bar-wrapper.has-sidebar {
		max-width: 1430px;
	}
	.mainbar {
		margin: 0;
		padding-right: 1px;
	}
	.mainbar.has-sidebar {
		margin-left: 330px;
	}
	@media (min-width: 1511px) {
		.sidebar {
			width: 400px;
		}
		.bar-wrapper.has-sidebar {
			max-width: 1510px;
		}
		.mainbar.has-sidebar {
			margin-left: 410px;
		}
	}
	.section.first-section {
		margin-top: 9px;
	}
	.blocklink small {
		white-space: normal;
	}
	.button {
		vertical-align: middle;
	}
	.replay-controls {
		padding-top: 10px;
	}
	.replay-controls h1 {
		font-size: 16pt;
		font-weight: normal;
		color: #CCC;
	}
	.pagelink {
		text-align: center;
	}
	.pagelink a {
		width: 150px;
	}
	.textbox, .button {
		font-size: 11pt;
		vertical-align: middle;
	}
	@media (max-width: 450px) {
		.button {
			font-size: 9pt;
		}
	}
</style>

<div>

	<header>
		<div class="nav-wrapper"><ul class="nav">
			<li><a class="button nav-first" href="//pokemonshowdown.com/"><img src="//pokemonshowdown.com/images/pokemonshowdownbeta.png" srcset="//pokemonshowdown.com/images/pokemonshowdownbeta.png 1x, //pokemonshowdown.com/images/pokemonshowdownbeta@2x.png 2x" alt="Pok&eacute;mon Showdown" width="146" height="44" /> Home</a></li>
			<li><a class="button" href="//pokemonshowdown.com/dex/">Pok&eacute;dex</a></li>
			<li><a class="button cur" href="/">Replays</a></li>
			<li><a class="button" href="//pokemonshowdown.com/ladder/">Ladder</a></li>
			<li><a class="button nav-last" href="//pokemonshowdown.com/forums/">Forum</a></li>
			<li><a class="button greenbutton nav-first nav-last" href="//play.pokemonshowdown.com/">Play</a></li>
		</ul></div>
	</header>

	<div class="main" id="main">

		<noscript><section class="section">You need to enable JavaScript to use this page; sorry!</section></noscript>

	</div>

</div>

<script defer nomodule src="//play.pokemonshowdown.com/js/lib/ps-polyfill.js"></script>
<script defer src="//play.pokemonshowdown.com/js/lib/preact.min.js"></script>

<script defer src="//play.pokemonshowdown.com/config/config.js?2bddbc15"></script>
<script defer src="//play.pokemonshowdown.com/js/lib/jquery-1.11.0.min.js"></script>
<script defer src="//play.pokemonshowdown.com/js/lib/html-sanitizer-minified.js"></script>
<script defer src="//play.pokemonshowdown.com/js/battle-sound.js"></script>
<script defer src="//play.pokemonshowdown.com/js/battledata.js?0.7209276989879541"></script>
<script defer src="//play.pokemonshowdown.com/data/pokedex-mini.js?0.6111056340867951"></script>
<script defer src="//play.pokemonshowdown.com/data/pokedex-mini-bw.js?0.3532142036491459"></script>
<script defer src="//play.pokemonshowdown.com/data/graphics.js?0.24223875632456182"></script>
<script defer src="//play.pokemonshowdown.com/data/pokedex.js?0.38839984266356864"></script>
<script defer src="//play.pokemonshowdown.com/data/moves.js?0.21866028504024015"></script>
<script defer src="//play.pokemonshowdown.com/data/abilities.js?0.2005157953846628"></script>
<script defer src="//play.pokemonshowdown.com/data/items.js?0.9894211263848525"></script>
<script defer src="//play.pokemonshowdown.com/data/teambuilder-tables.js?0.6008791140282215"></script>
<script defer src="//play.pokemonshowdown.com/js/battle-tooltips.js?0.7580118955022959"></script>
<script defer src="//play.pokemonshowdown.com/js/battle.js?0.6057722274234274"></script>

<script defer src="js/utils.js?e31f9a17"></script>
<script defer src="js/replays-battle.js?7008c182"></script>

<!-- don't scrape this data! just add .json or .log after the URL!
Full API docs: https://github.com/smogon/pokemon-showdown-client/blob/master/WEB-API.md -->
<script type="text/plain" class="log" id="replaylog-smogtours-gen3ou-796269">
|inactive|Battle timer is ON: inactive players will automatically lose when time's up.
|t:|1728340847
|gametype|singles
|player|p1|xhoshi|265|
|player|p2|the band pet|266|
|teamsize|p1|6
|teamsize|p2|6
|gen|3
|tier|[Gen 3] OU
|rule|Sleep Clause Mod: Limit one foe put to sleep
|rule|Switch Priority Clause Mod: Faster Pokémon switch first
|rule|Species Clause: Limit one of each Pokémon
|rule|OHKO Clause: OHKO moves are banned
|rule|Evasion Items Clause: Evasion items are banned
|rule|Evasion Moves Clause: Evasion moves are banned
|rule|Endless Battle Clause: Forcing endless battles is banned
|rule|HP Percentage Mod: HP is shown in percentages
|rule|One Boost Passer Clause: Limit one Baton Passer that has a way to boost its stats
|rule|Freeze Clause Mod: Limit one foe frozen
|
|t:|1728340847
|start
|switch|p1a: Forretress|Forretress, M|100/100
|switch|p2a: Tyranitar|Tyranitar, M|100/100
|-weather|Sandstorm|[from] ability: Sand Stream|[of] p2a: Tyranitar
|turn|1
|
|t:|1728340859
|move|p2a: Tyranitar|Fire Blast|p1a: Forretress
|-supereffective|p1a: Forretress
|-damage|p1a: Forretress|0 fnt
|faint|p1a: Forretress
|
|t:|1728340863
|switch|p1a: Swampert|Swampert, F|100/100
|
|-weather|Sandstorm|[upkeep]
|upkeep
|turn|2
|
|t:|1728340868
|switch|p2a: Venusaur|Venusaur, F|100/100
|move|p1a: Swampert|Toxic|p2a: Venusaur
|-immune|p2a: Venusaur
|
|-weather|Sandstorm|[upkeep]
|-damage|p2a: Venusaur|95/100|[from] Sandstorm
|-heal|p2a: Venusaur|100/100|[from] item: Leftovers
|upkeep
|turn|3
|
|t:|1728340873
|move|p1a: Swampert|Protect|p1a: Swampert
|-singleturn|p1a: Swampert|Protect
|move|p2a: Venusaur|Sleep Powder|p1a: Swampert
|-activate|p1a: Swampert|Protect
|
|-weather|Sandstorm|[upkeep]
|-damage|p2a: Venusaur|95/100|[from] Sandstorm
|-heal|p2a: Venusaur|100/100|[from] item: Leftovers
|upkeep
|turn|4
|
|t:|1728340879
|switch|p1a: Blissey|Blissey, F|100/100
|move|p2a: Venusaur|Leech Seed|p1a: Blissey
|-start|p1a: Blissey|move: Leech Seed
|
|-weather|Sandstorm|[upkeep]
|-damage|p2a: Venusaur|95/100|[from] Sandstorm
|-damage|p1a: Blissey|94/100|[from] Sandstorm
|-heal|p2a: Venusaur|100/100|[from] item: Leftovers
|-heal|p1a: Blissey|100/100|[from] item: Leftovers
|-damage|p1a: Blissey|88/100|[from] Leech Seed|[of] p2a: Venusaur
|upkeep
|turn|5
|
|t:|1728340885
|switch|p2a: Skarmory|Skarmory, M|100/100
|move|p1a: Blissey|Seismic Toss|p2a: Skarmory
|-damage|p2a: Skarmory|70/100
|
|-weather|Sandstorm|[upkeep]
|-damage|p1a: Blissey|82/100|[from] Sandstorm
|-heal|p2a: Skarmory|76/100|[from] item: Leftovers
|-heal|p1a: Blissey|88/100|[from] item: Leftovers
|-damage|p1a: Blissey|76/100|[from] Leech Seed|[of] p2a: Skarmory
|-heal|p2a: Skarmory|100/100|[silent]
|upkeep
|turn|6
|
|t:|1728340890
|switch|p1a: Zapdos|Zapdos|100/100
|move|p2a: Skarmory|Spikes|p1a: Zapdos
|-sidestart|p1: xhoshi|Spikes
|
|-weather|Sandstorm|[upkeep]
|-damage|p1a: Zapdos|94/100|[from] Sandstorm
|-heal|p1a: Zapdos|100/100|[from] item: Leftovers
|upkeep
|turn|7
|
|t:|1728340901
|switch|p2a: Venusaur|Venusaur, F|100/100
|move|p1a: Zapdos|Thunderbolt|p2a: Venusaur
|-resisted|p2a: Venusaur
|-damage|p2a: Venusaur|80/100
|-status|p2a: Venusaur|par
|
|-weather|Sandstorm|[upkeep]
|-damage|p1a: Zapdos|94/100|[from] Sandstorm
|-damage|p2a: Venusaur|74/100 par|[from] Sandstorm
|-heal|p1a: Zapdos|100/100|[from] item: Leftovers
|-heal|p2a: Venusaur|80/100 par|[from] item: Leftovers
|upkeep
|turn|8
|
|t:|1728340911
|switch|p1a: Blissey|Blissey, F|76/100
|-damage|p1a: Blissey|63/100|[from] Spikes
|cant|p2a: Venusaur|par
|
|-weather|Sandstorm|[upkeep]
|-damage|p1a: Blissey|57/100|[from] Sandstorm
|-damage|p2a: Venusaur|74/100 par|[from] Sandstorm
|-heal|p1a: Blissey|63/100|[from] item: Leftovers
|-heal|p2a: Venusaur|80/100 par|[from] item: Leftovers
|upkeep
|turn|9
|
|t:|1728340918
|move|p1a: Blissey|Soft-Boiled|p1a: Blissey
|-heal|p1a: Blissey|100/100
|move|p2a: Venusaur|Leech Seed|p1a: Blissey
|-start|p1a: Blissey|move: Leech Seed
|
|-weather|Sandstorm|[upkeep]
|-damage|p1a: Blissey|94/100|[from] Sandstorm
|-damage|p2a: Venusaur|74/100 par|[from] Sandstorm
|-heal|p1a: Blissey|100/100|[from] item: Leftovers
|-damage|p1a: Blissey|88/100|[from] Leech Seed|[of] p2a: Venusaur
|-heal|p2a: Venusaur|100/100 par|[silent]
|upkeep
|turn|10
|
|t:|1728340922
|switch|p1a: Tyranitar|Tyranitar, M|100/100
|-damage|p1a: Tyranitar|88/100|[from] Spikes
|switch|p2a: Skarmory|Skarmory, M|100/100
|
|-weather|Sandstorm|[upkeep]
|-heal|p1a: Tyranitar|94/100|[from] item: Leftovers
|upkeep
|turn|11
|
|t:|1728340926
|move|p2a: Skarmory|Spikes|p1a: Tyranitar
|-sidestart|p1: xhoshi|Spikes
|move|p1a: Tyranitar|Flamethrower|p2a: Skarmory
|-supereffective|p2a: Skarmory
|-damage|p2a: Skarmory|41/100
|
|-weather|Sandstorm|[upkeep]
|-heal|p2a: Skarmory|47/100|[from] item: Leftovers
|-heal|p1a: Tyranitar|100/100|[from] item: Leftovers
|upkeep
|turn|12
|
|t:|1728340938
|switch|p2a: Starmie|Starmie|100/100
|move|p1a: Tyranitar|Flamethrower|p2a: Starmie
|-resisted|p2a: Starmie
|-damage|p2a: Starmie|78/100
|
|-weather|Sandstorm|[upkeep]
|-damage|p2a: Starmie|72/100|[from] Sandstorm
|-heal|p2a: Starmie|78/100|[from] item: Leftovers
|upkeep
|turn|13
|
|t:|1728340944
|switch|p1a: Blissey|Blissey, F|88/100
|-damage|p1a: Blissey|72/100|[from] Spikes
|move|p2a: Starmie|Hydro Pump|p1a: Blissey|[miss]
|-miss|p2a: Starmie|p1a: Blissey
|
|-weather|Sandstorm|[upkeep]
|-damage|p2a: Starmie|72/100|[from] Sandstorm
|-damage|p1a: Blissey|65/100|[from] Sandstorm
|-heal|p2a: Starmie|78/100|[from] item: Leftovers
|-heal|p1a: Blissey|72/100|[from] item: Leftovers
|upkeep
|turn|14
|
|t:|1728340951
|switch|p2a: Skarmory|Skarmory, M|47/100
|move|p1a: Blissey|Thunder Wave|p2a: Skarmory
|-status|p2a: Skarmory|par
|
|-weather|Sandstorm|[upkeep]
|-damage|p1a: Blissey|65/100|[from] Sandstorm
|-heal|p1a: Blissey|72/100|[from] item: Leftovers
|-heal|p2a: Skarmory|53/100 par|[from] item: Leftovers
|upkeep
|turn|15
|
|t:|1728340954
|move|p1a: Blissey|Seismic Toss|p2a: Skarmory
|-damage|p2a: Skarmory|23/100 par
|cant|p2a: Skarmory|par
|
|-weather|Sandstorm|[upkeep]
|-damage|p1a: Blissey|65/100|[from] Sandstorm
|-heal|p1a: Blissey|72/100|[from] item: Leftovers
|-heal|p2a: Skarmory|29/100 par|[from] item: Leftovers
|upkeep
|turn|16
|
|t:|1728340963
|switch|p2a: Metagross|Metagross|100/100
|move|p1a: Blissey|Seismic Toss|p2a: Metagross
|-damage|p2a: Metagross|71/100
|
|-weather|Sandstorm|[upkeep]
|-damage|p1a: Blissey|65/100|[from] Sandstorm
|-heal|p2a: Metagross|77/100|[from] item: Leftovers
|-heal|p1a: Blissey|72/100|[from] item: Leftovers
|upkeep
|turn|17
|
|t:|1728340968
|switch|p1a: Swampert|Swampert, F|100/100
|-damage|p1a: Swampert|84/100|[from] Spikes
|move|p2a: Metagross|Agility|p2a: Metagross
|-boost|p2a: Metagross|spe|2
|
|-weather|Sandstorm|[upkeep]
|-heal|p2a: Metagross|83/100|[from] item: Leftovers
|-heal|p1a: Swampert|90/100|[from] item: Leftovers
|upkeep
|turn|18
|
|t:|1728340977
|move|p2a: Metagross|Meteor Mash|p1a: Swampert
|-resisted|p1a: Swampert
|-damage|p1a: Swampert|70/100
|move|p1a: Swampert|Surf|p2a: Metagross
|-damage|p2a: Metagross|52/100
|
|-weather|Sandstorm|[upkeep]
|-heal|p2a: Metagross|58/100|[from] item: Leftovers
|-heal|p1a: Swampert|77/100|[from] item: Leftovers
|upkeep
|turn|19
|
|t:|1728340985
|move|p2a: Metagross|Earthquake|p1a: Swampert
|-damage|p1a: Swampert|48/100
|move|p1a: Swampert|Surf|p2a: Metagross
|-damage|p2a: Metagross|26/100
|
|-weather|Sandstorm|[upkeep]
|-heal|p2a: Metagross|32/100|[from] item: Leftovers
|-heal|p1a: Swampert|55/100|[from] item: Leftovers
|upkeep
|turn|20
|
|t:|1728340994
|move|p2a: Metagross|Explosion|p1a: Swampert
|-damage|p1a: Swampert|0 fnt
|faint|p2a: Metagross
|faint|p1a: Swampert
|
|t:|1728341002
|switch|p2a: Tyranitar|Tyranitar, M|100/100
|switch|p1a: Zapdos|Zapdos|100/100
|
|-weather|Sandstorm|[upkeep]
|-damage|p1a: Zapdos|94/100|[from] Sandstorm
|-heal|p1a: Zapdos|100/100|[from] item: Leftovers
|upkeep
|turn|21
|
|t:|1728341008
|move|p1a: Zapdos|Thunderbolt|p2a: Tyranitar
|-damage|p2a: Tyranitar|66/100
|move|p2a: Tyranitar|Substitute|p2a: Tyranitar
|-start|p2a: Tyranitar|Substitute
|-damage|p2a: Tyranitar|41/100
|
|-weather|Sandstorm|[upkeep]
|-damage|p1a: Zapdos|94/100|[from] Sandstorm
|-heal|p1a: Zapdos|100/100|[from] item: Leftovers
|-heal|p2a: Tyranitar|48/100|[from] item: Leftovers
|upkeep
|turn|22
|
|t:|1728341017
|-singleturn|p2a: Tyranitar|move: Focus Punch
|move|p1a: Zapdos|Thunderbolt|p2a: Tyranitar
|-end|p2a: Tyranitar|Substitute
|move|p2a: Tyranitar|Focus Punch|p1a: Zapdos
|-resisted|p1a: Zapdos
|-damage|p1a: Zapdos|80/100
|
|-weather|Sandstorm|[upkeep]
|-damage|p1a: Zapdos|74/100|[from] Sandstorm
|-heal|p1a: Zapdos|80/100|[from] item: Leftovers
|-heal|p2a: Tyranitar|54/100|[from] item: Leftovers
|upkeep
|turn|23
|
|t:|1728341028
|move|p1a: Zapdos|Thunderbolt|p2a: Tyranitar
|-damage|p2a: Tyranitar|19/100
|move|p2a: Tyranitar|Crunch|p1a: Zapdos
|-damage|p1a: Zapdos|55/100
|-unboost|p1a: Zapdos|spd|1
|
|-weather|Sandstorm|[upkeep]
|-damage|p1a: Zapdos|49/100|[from] Sandstorm
|-heal|p1a: Zapdos|55/100|[from] item: Leftovers
|-heal|p2a: Tyranitar|25/100|[from] item: Leftovers
|upkeep
|turn|24
|
|t:|1728341035
|move|p1a: Zapdos|Thunderbolt|p2a: Tyranitar
|-damage|p2a: Tyranitar|0 fnt
|faint|p2a: Tyranitar
|
|t:|1728341038
|switch|p2a: Aerodactyl|Aerodactyl, M|100/100
|
|-weather|Sandstorm|[upkeep]
|-damage|p1a: Zapdos|49/100|[from] Sandstorm
|-heal|p1a: Zapdos|55/100|[from] item: Leftovers
|upkeep
|turn|25
|
|t:|1728341044
|switch|p1a: Tyranitar|Tyranitar, M|100/100
|-damage|p1a: Tyranitar|84/100|[from] Spikes
|move|p2a: Aerodactyl|Rock Slide|p1a: Tyranitar
|-damage|p1a: Tyranitar|45/100
|
|-weather|Sandstorm|[upkeep]
|-heal|p1a: Tyranitar|51/100|[from] item: Leftovers
|upkeep
|turn|26
|
|t:|1728341051
|switch|p2a: Skarmory|Skarmory, M|29/100 par
|move|p1a: Tyranitar|Counter|p2a: Skarmory
|
|-weather|Sandstorm|[upkeep]
|-heal|p1a: Tyranitar|57/100|[from] item: Leftovers
|-heal|p2a: Skarmory|35/100 par|[from] item: Leftovers
|upkeep
|turn|27
|
|t:|1728341057
|move|p1a: Tyranitar|Flamethrower|p2a: Skarmory
|-supereffective|p2a: Skarmory
|-damage|p2a: Skarmory|0 fnt
|faint|p2a: Skarmory
|
|t:|1728341062
|switch|p2a: Aerodactyl|Aerodactyl, M|100/100
|
|-weather|Sandstorm|[upkeep]
|-heal|p1a: Tyranitar|63/100|[from] item: Leftovers
|upkeep
|turn|28
|
|t:|1728341069
|switch|p1a: Zapdos|Zapdos|55/100
|move|p2a: Aerodactyl|Earthquake|p1a: Zapdos
|-immune|p1a: Zapdos
|
|-weather|Sandstorm|[upkeep]
|-damage|p1a: Zapdos|49/100|[from] Sandstorm
|-heal|p1a: Zapdos|55/100|[from] item: Leftovers
|upkeep
|turn|29
|
|t:|1728341076
|switch|p2a: Venusaur|Venusaur, F|100/100 par
|switch|p1a: Blissey|Blissey, F|72/100
|-damage|p1a: Blissey|55/100|[from] Spikes
|
|-weather|Sandstorm|[upkeep]
|-damage|p1a: Blissey|49/100|[from] Sandstorm
|-damage|p2a: Venusaur|95/100 par|[from] Sandstorm
|-heal|p1a: Blissey|55/100|[from] item: Leftovers
|-heal|p2a: Venusaur|100/100 par|[from] item: Leftovers
|upkeep
|turn|30
|
|t:|1728341083
|move|p1a: Blissey|Wish|p1a: Blissey
|move|p2a: Venusaur|Sleep Powder|p1a: Blissey
|-status|p1a: Blissey|slp|[from] move: Sleep Powder
|
|-weather|Sandstorm|[upkeep]
|-damage|p1a: Blissey|49/100 slp|[from] Sandstorm
|-damage|p2a: Venusaur|95/100 par|[from] Sandstorm
|-heal|p1a: Blissey|55/100 slp|[from] item: Leftovers
|-heal|p2a: Venusaur|100/100 par|[from] item: Leftovers
|upkeep
|turn|31
|
|t:|1728341086
|-curestatus|p1a: Blissey|slp|[from] ability: Natural Cure
|switch|p1a: Tyranitar|Tyranitar, M|63/100
|-damage|p1a: Tyranitar|47/100|[from] Spikes
|move|p2a: Venusaur|Leech Seed|p1a: Tyranitar
|-start|p1a: Tyranitar|move: Leech Seed
|
|-heal|p1a: Tyranitar|97/100|[from] move: Wish|[wisher] Blissey
|-weather|Sandstorm|[upkeep]
|-damage|p2a: Venusaur|95/100 par|[from] Sandstorm
|-heal|p1a: Tyranitar|100/100|[from] item: Leftovers
|-damage|p1a: Tyranitar|88/100|[from] Leech Seed|[of] p2a: Venusaur
|-heal|p2a: Venusaur|100/100 par|[silent]
|upkeep
|turn|32
|
|t:|1728341092
|move|p1a: Tyranitar|Flamethrower|p2a: Venusaur
|-supereffective|p2a: Venusaur
|-damage|p2a: Venusaur|42/100 par
|cant|p2a: Venusaur|par
|
|-weather|Sandstorm|[upkeep]
|-damage|p2a: Venusaur|36/100 par|[from] Sandstorm
|-heal|p1a: Tyranitar|94/100|[from] item: Leftovers
|-damage|p1a: Tyranitar|82/100|[from] Leech Seed|[of] p2a: Venusaur
|-heal|p2a: Venusaur|53/100 par|[silent]
|-heal|p2a: Venusaur|59/100 par|[from] item: Leftovers
|upkeep
|turn|33
|
|t:|1728341099
|move|p1a: Tyranitar|Crunch|p2a: Venusaur
|-damage|p2a: Venusaur|21/100 par
|move|p2a: Venusaur|Giga Drain|p1a: Tyranitar
|-supereffective|p1a: Tyranitar
|-damage|p1a: Tyranitar|17/100
|-heal|p2a: Venusaur|64/100 par|[from] drain|[of] p1a: Tyranitar
|
|-weather|Sandstorm|[upkeep]
|-damage|p2a: Venusaur|58/100 par|[from] Sandstorm
|-heal|p1a: Tyranitar|24/100|[from] item: Leftovers
|-damage|p1a: Tyranitar|11/100|[from] Leech Seed|[of] p2a: Venusaur
|-heal|p2a: Venusaur|74/100 par|[silent]
|-heal|p2a: Venusaur|80/100 par|[from] item: Leftovers
|upkeep
|turn|34
|
|t:|1728341112
|move|p1a: Tyranitar|Flamethrower|p2a: Venusaur
|-supereffective|p2a: Venusaur
|-damage|p2a: Venusaur|25/100 par
|move|p2a: Venusaur|Giga Drain|p1a: Tyranitar
|-supereffective|p1a: Tyranitar
|-damage|p1a: Tyranitar|0 fnt
|-heal|p2a: Venusaur|32/100 par|[from] drain|[of] p1a: Tyranitar
|faint|p1a: Tyranitar
|inactive|xhoshi has 270 seconds left.
|
|t:|1728341147
|switch|p1a: Aerodactyl|Aerodactyl, M|100/100
|
|-weather|Sandstorm|[upkeep]
|-damage|p2a: Venusaur|26/100 par|[from] Sandstorm
|-heal|p2a: Venusaur|32/100 par|[from] item: Leftovers
|upkeep
|turn|35
|inactive|xhoshi has 270 seconds left.
|
|t:|1728341158
|move|p1a: Aerodactyl|Double-Edge|p2a: Venusaur
|-damage|p2a: Venusaur|0 fnt
|faint|p2a: Venusaur
|
|t:|1728341161
|switch|p2a: Aerodactyl|Aerodactyl, M|100/100
|
|-weather|Sandstorm|[upkeep]
|upkeep
|turn|36
|
|t:|1728341169
|switch|p1a: Zapdos|Zapdos|55/100
|move|p2a: Aerodactyl|Rock Slide|p1a: Zapdos
|-supereffective|p1a: Zapdos
|-damage|p1a: Zapdos|0 fnt
|faint|p1a: Zapdos
|
|t:|1728341171
|switch|p1a: Aerodactyl|Aerodactyl, M|100/100
|
|-weather|Sandstorm|[upkeep]
|upkeep
|turn|37
|
|t:|1728341177
|move|p2a: Aerodactyl|Rock Slide|p1a: Aerodactyl
|-supereffective|p1a: Aerodactyl
|-damage|p1a: Aerodactyl|0 fnt
|faint|p1a: Aerodactyl
|
|t:|1728341180
|switch|p1a: Blissey|Blissey, F|55/100
|-damage|p1a: Blissey|38/100|[from] Spikes
|
|-weather|Sandstorm|[upkeep]
|-damage|p1a: Blissey|32/100|[from] Sandstorm
|-heal|p1a: Blissey|38/100|[from] item: Leftovers
|upkeep
|turn|38
|
|t:|1728341184
|move|p2a: Aerodactyl|Rock Slide|p1a: Blissey
|-damage|p1a: Blissey|0 fnt
|faint|p1a: Blissey
|
|win|the band pet
|c|☆xhoshi|gg
|c|☆the band pet|gg
|player|p2|

</script>
<script type="application/json" class="data" id="replaydata-smogtours-gen3ou-796269">
{"id":"smogtours-gen3ou-796269","format":"[Gen 3] OU","players":["xhoshi","the band pet"],"uploadtime":1728341184,"views":110,"formatid":"gen3ou","rating":null,"private":0,"password":null}
</script>

<script defer src="js/replays.js?9d40a366"></script>
