<!DOCTYPE html>
<meta charset="utf-8" />
<meta name="viewport" content="width=device-width" />

<title>[Gen 3] OU: Halbert Simpson vs. gorditoconbigote - Replays - Pok&eacute;mon Showdown!</title>

<meta name="description" content="Watch a replay of a Pok&eacute;mon battle between Halbert Simpson and gorditoconbigote! Format: [Gen 3] OU; Date: Oct 3, 2024" />
<!--

Hey, you! Looking in the source for the replay log?

You can find them in JSON format, just add `.json` at the end of a replay URL.

https://replay.pokemonshowdown.com/gen7randomdoublesbattle-865046831.json

Or, if you only need the log itself, add `.log` instead:

https://replay.pokemonshowdown.com/gen7randomdoublesbattle-865046831.log

-->

<link rel="stylesheet" href="//pokemonshowdown.com/style/global.css?0.023195364461161105" />
<link rel="stylesheet" href="//play.pokemonshowdown.com/style/font-awesome.css?0.13261647063804238" />
<link rel="stylesheet" href="//play.pokemonshowdown.com/style/battle.css?0.8753245789963631" />
<link rel="stylesheet" href="//play.pokemonshowdown.com/style/utilichart.css?0.8627959624976733" />

<!-- Global site tag (gtag.js) - Google Analytics -->
<script async src="https://www.googletagmanager.com/gtag/js?id=UA-26211653-1"></script>
<script>
  window.dataLayer = window.dataLayer || [];
  function gtag(){dataLayer.push(arguments);}
  gtag('js', new Date());

  gtag('config', 'UA-26211653-1');
</script>
<!-- End Google Analytics -->
<!-- Venatus Ad Manager - Install in <HEAD> of page -->
	<script src="https://hb.vntsm.com/v3/live/ad-manager.min.js" type="text/javascript" data-site-id="642aba63ec9a7b11c3c9c1be" data-mode="scan" async></script>
<!-- / Venatus Ad Manager -->

<style>
	@media (max-width:820px) {
		.battle {
			margin: 0 auto;
		}
		.battle-log {
			margin: 7px auto 0;
			max-width: 640px;
			height: 300px;
			position: static;
		}
	}
	.optgroup {
		display: inline-block;
		line-height: 22px;
		font-size: 10pt;
	}
	.optgroup .button {
		height: 25px;
		padding-top: 0;
		padding-bottom: 0;
	}
	.optgroup button.button {
		padding-left: 12px;
		padding-right: 12px;
	}
	.linklist {
		list-style: none;
		margin: 0.5em 0;
		padding: 0;
	}
	.linklist li {
		padding: 2px 0;
	}
	.sidebar {
		float: left;
		width: 320px;
	}
	.bar-wrapper {
		max-width: 1100px;
		margin: 0 auto;
	}
	.bar-wrapper.has-sidebar {
		max-width: 1430px;
	}
	.mainbar {
		margin: 0;
		padding-right: 1px;
	}
	.mainbar.has-sidebar {
		margin-left: 330px;
	}
	@media (min-width: 1511px) {
		.sidebar {
			width: 400px;
		}
		.bar-wrapper.has-sidebar {
			max-width: 1510px;
		}
		.mainbar.has-sidebar {
			margin-left: 410px;
		}
	}
	.section.first-section {
		margin-top: 9px;
	}
	.blocklink small {
		white-space: normal;
	}
	.button {
		vertical-align: middle;
	}
	.replay-controls {
		padding-top: 10px;
	}
	.replay-controls h1 {
		font-size: 16pt;
		font-weight: normal;
		color: #CCC;
	}
	.pagelink {
		text-align: center;
	}
	.pagelink a {
		width: 150px;
	}
	.textbox, .button {
		font-size: 11pt;
		vertical-align: middle;
	}
	@media (max-width: 450px) {
		.button {
			font-size: 9pt;
		}
	}
</style>

<div>

	<header>
		<div class="nav-wrapper"><ul class="nav">
			<li><a class="button nav-first" href="//pokemonshowdown.com/"><img src="//pokemonshowdown.com/images/pokemonshowdownbeta.png" srcset="//pokemonshowdown.com/images/pokemonshowdownbeta.png 1x, //pokemonshowdown.com/images/pokemonshowdownbeta@2x.png 2x" alt="Pok&eacute;mon Showdown" width="146" height="44" /> Home</a></li>
			<li><a class="button" href="//pokemonshowdown.com/dex/">Pok&eacute;dex</a></li>
			<li><a class="button cur" href="/">Replays</a></li>
			<li><a class="button" href="//pokemonshowdown.com/ladder/">Ladder</a></li>
			<li><a class="button nav-last" href="//pokemonshowdown.com/forums/">Forum</a></li>
			<li><a class="button greenbutton nav-first nav-last" href="//play.pokemonshowdown.com/">Play</a></li>
		</ul></div>
	</header>

	<div class="main" id="main">

		<noscript><section class="section">You need to enable JavaScript to use this page; sorry!</section></noscript>

	</div>

</div>

<script defer nomodule src="//play.pokemonshowdown.com/js/lib/ps-polyfill.js"></script>
<script defer src="//play.pokemonshowdown.com/js/lib/preact.min.js"></script>

<script defer src="//play.pokemonshowdown.com/config/config.js?2bddbc15"></script>
<script defer src="//play.pokemonshowdown.com/js/lib/jquery-1.11.0.min.js"></script>
<script defer src="//play.pokemonshowdown.com/js/lib/html-sanitizer-minified.js"></script>
<script defer src="//play.pokemonshowdown.com/js/battle-sound.js"></script>
<script defer src="//play.pokemonshowdown.com/js/battledata.js?0.7209276989879541"></script>
<script defer src="//play.pokemonshowdown.com/data/pokedex-mini.js?0.6111056340867951"></script>
<script defer src="//play.pokemonshowdown.com/data/pokedex-mini-bw.js?0.3532142036491459"></script>
<script defer src="//play.pokemonshowdown.com/data/graphics.js?0.24223875632456182"></script>
<script defer src="//play.pokemonshowdown.com/data/pokedex.js?0.38839984266356864"></script>
<script defer src="//play.pokemonshowdown.com/data/moves.js?0.21866028504024015"></script>
<script defer src="//play.pokemonshowdown.com/data/abilities.js?0.2005157953846628"></script>
<script defer src="//play.pokemonshowdown.com/data/items.js?0.9894211263848525"></script>
<script defer src="//play.pokemonshowdown.com/data/teambuilder-tables.js?0.6008791140282215"></script>
<script defer src="//play.pokemonshowdown.com/js/battle-tooltips.js?0.7580118955022959"></script>
<script defer src="//play.pokemonshowdown.com/js/battle.js?0.6057722274234274"></script>

<script defer src="js/utils.js?e31f9a17"></script>
<script defer src="js/replays-battle.js?7008c182"></script>

<!-- don't scrape this data! just add .json or .log after the URL!
Full API docs: https://github.com/smogon/pokemon-showdown-client/blob/master/WEB-API.md -->
<script type="text/plain" class="log" id="replaylog-smogtours-gen3ou-794301">
|inactive|Battle timer is ON: inactive players will automatically lose when time's up.
|t:|1727980311
|gametype|singles
|player|p1|Halbert Simpson|bugcatcher-gen4dp|
|player|p2|gorditoconbigote|101|
|teamsize|p1|6
|teamsize|p2|6
|gen|3
|tier|[Gen 3] OU
|rule|Sleep Clause Mod: Limit one foe put to sleep
|rule|Switch Priority Clause Mod: Faster Pokémon switch first
|rule|Species Clause: Limit one of each Pokémon
|rule|OHKO Clause: OHKO moves are banned
|rule|Evasion Items Clause: Evasion items are banned
|rule|Evasion Moves Clause: Evasion moves are banned
|rule|Endless Battle Clause: Forcing endless battles is banned
|rule|HP Percentage Mod: HP is shown in percentages
|rule|One Boost Passer Clause: Limit one Baton Passer that has a way to boost its stats
|rule|Freeze Clause Mod: Limit one foe frozen
|
|t:|1727980311
|start
|switch|p1a: Salamence|Salamence, F|100/100
|switch|p2a: Skarmory|Skarmory, F|100/100
|-ability|p1a: Salamence|Intimidate|boost
|-unboost|p2a: Skarmory|atk|1
|turn|1
|
|t:|1727980328
|move|p1a: Salamence|Flamethrower|p2a: Skarmory
|-supereffective|p2a: Skarmory
|-damage|p2a: Skarmory|42/100
|move|p2a: Skarmory|Spikes|p1a: Salamence
|-sidestart|p1: Halbert Simpson|Spikes
|
|-heal|p2a: Skarmory|48/100|[from] item: Leftovers
|upkeep
|turn|2
|
|t:|1727980338
|switch|p2a: Swampert|Swampert, M|100/100
|move|p1a: Salamence|Flamethrower|p2a: Swampert
|-resisted|p2a: Swampert
|-damage|p2a: Swampert|88/100
|
|-heal|p2a: Swampert|94/100|[from] item: Leftovers
|upkeep
|turn|3
|
|t:|1727980361
|switch|p1a: Skarmory|Skarmory, M|100/100
|switch|p2a: Blissey|Blissey, F|100/100
|
|upkeep
|turn|4
|
|t:|1727980373
|switch|p2a: Skarmory|Skarmory, F|48/100
|move|p1a: Skarmory|Spikes|p2a: Skarmory
|-sidestart|p2: gorditoconbigote|Spikes
|
|-heal|p2a: Skarmory|53/100|[from] item: Leftovers
|upkeep
|turn|5
|
|t:|1727980387
|move|p2a: Skarmory|Taunt|p1a: Skarmory
|-start|p1a: Skarmory|move: Taunt
|cant|p1a: Skarmory|move: Taunt|Spikes
|
|-heal|p2a: Skarmory|59/100|[from] item: Leftovers
|upkeep
|turn|6
|
|t:|1727980395
|switch|p1a: Salamence|Salamence, F|100/100
|-ability|p1a: Salamence|Intimidate|boost
|-unboost|p2a: Skarmory|atk|1
|move|p2a: Skarmory|Roar|p1a: Salamence
|drag|p1a: Skarmory|Skarmory, M|100/100
|
|-heal|p2a: Skarmory|65/100|[from] item: Leftovers
|upkeep
|turn|7
|
|t:|1727980404
|move|p2a: Skarmory|Spikes|p1a: Skarmory
|-sidestart|p1: Halbert Simpson|Spikes
|move|p1a: Skarmory|Spikes|p2a: Skarmory
|-sidestart|p2: gorditoconbigote|Spikes
|
|-heal|p2a: Skarmory|71/100|[from] item: Leftovers
|upkeep
|turn|8
|
|t:|1727980412
|switch|p1a: Salamence|Salamence, F|100/100
|-ability|p1a: Salamence|Intimidate|boost
|-unboost|p2a: Skarmory|atk|1
|move|p2a: Skarmory|Taunt|p1a: Salamence
|-start|p1a: Salamence|move: Taunt
|
|-heal|p2a: Skarmory|77/100|[from] item: Leftovers
|upkeep
|turn|9
|
|t:|1727980428
|switch|p2a: Blissey|Blissey, F|100/100
|-damage|p2a: Blissey|84/100|[from] Spikes
|move|p1a: Salamence|Flamethrower|p2a: Blissey
|-damage|p2a: Blissey|72/100
|
|-end|p1a: Salamence|move: Taunt|[silent]
|-heal|p2a: Blissey|78/100|[from] item: Leftovers
|upkeep
|turn|10
|
|t:|1727980436
|switch|p1a: Skarmory|Skarmory, M|100/100
|move|p2a: Blissey|Ice Beam|p1a: Skarmory
|-damage|p1a: Skarmory|78/100
|
|-heal|p1a: Skarmory|84/100|[from] item: Leftovers
|-heal|p2a: Blissey|85/100|[from] item: Leftovers
|upkeep
|turn|11
|
|t:|1727980442
|move|p1a: Skarmory|Spikes|p2a: Blissey
|-sidestart|p2: gorditoconbigote|Spikes
|move|p2a: Blissey|Calm Mind|p2a: Blissey
|-boost|p2a: Blissey|spa|1
|-boost|p2a: Blissey|spd|1
|
|-heal|p1a: Skarmory|90/100|[from] item: Leftovers
|-heal|p2a: Blissey|91/100|[from] item: Leftovers
|upkeep
|turn|12
|
|t:|1727980447
|move|p2a: Blissey|Thunderbolt|p1a: Skarmory
|-supereffective|p1a: Skarmory
|-damage|p1a: Skarmory|18/100
|move|p1a: Skarmory|Roar|p2a: Blissey
|drag|p2a: Tyranitar|Tyranitar, M|100/100
|-damage|p2a: Tyranitar|76/100|[from] Spikes
|-weather|Sandstorm|[from] ability: Sand Stream|[of] p2a: Tyranitar
|
|-weather|Sandstorm|[upkeep]
|-heal|p2a: Tyranitar|82/100|[from] item: Leftovers
|-heal|p1a: Skarmory|24/100|[from] item: Leftovers
|upkeep
|turn|13
|
|t:|1727980456
|switch|p2a: Skarmory|Skarmory, F|77/100
|switch|p1a: Swampert|Swampert, F|100/100
|-damage|p1a: Swampert|84/100|[from] Spikes
|
|-weather|Sandstorm|[upkeep]
|-heal|p2a: Skarmory|83/100|[from] item: Leftovers
|-heal|p1a: Swampert|90/100|[from] item: Leftovers
|upkeep
|turn|14
|
|t:|1727980464
|move|p2a: Skarmory|Spikes|p1a: Swampert
|-sidestart|p1: Halbert Simpson|Spikes
|move|p1a: Swampert|Surf|p2a: Skarmory
|-damage|p2a: Skarmory|56/100
|
|-weather|Sandstorm|[upkeep]
|-heal|p2a: Skarmory|62/100|[from] item: Leftovers
|-heal|p1a: Swampert|96/100|[from] item: Leftovers
|upkeep
|turn|15
|
|t:|1727980475
|switch|p2a: Swampert|Swampert, M|94/100
|-damage|p2a: Swampert|69/100|[from] Spikes
|move|p1a: Swampert|Surf|p2a: Swampert
|-damage|p2a: Swampert|44/100
|
|-weather|Sandstorm|[upkeep]
|-heal|p2a: Swampert|51/100|[from] item: Leftovers
|-heal|p1a: Swampert|100/100|[from] item: Leftovers
|upkeep
|turn|16
|
|t:|1727980484
|switch|p1a: Celebi|Celebi|100/100
|-damage|p1a: Celebi|75/100|[from] Spikes
|move|p2a: Swampert|Toxic|p1a: Celebi
|-status|p1a: Celebi|tox
|
|-weather|Sandstorm|[upkeep]
|-damage|p1a: Celebi|69/100 tox|[from] Sandstorm
|-heal|p1a: Celebi|75/100 tox|[from] item: Leftovers
|-damage|p1a: Celebi|69/100 tox|[from] psn
|-heal|p2a: Swampert|57/100|[from] item: Leftovers
|upkeep
|turn|17
|
|t:|1727980489
|switch|p2a: Moltres|Moltres|100/100
|move|p1a: Celebi|Recover|p1a: Celebi
|-heal|p1a: Celebi|100/100 tox
|
|-weather|Sandstorm|[upkeep]
|-damage|p2a: Moltres|94/100|[from] Sandstorm
|-damage|p1a: Celebi|94/100 tox|[from] Sandstorm
|-heal|p2a: Moltres|100/100|[from] item: Leftovers
|-heal|p1a: Celebi|100/100 tox|[from] item: Leftovers
|-damage|p1a: Celebi|88/100 tox|[from] psn
|upkeep
|turn|18
|inactive|Halbert Simpson has 270 seconds left.
|
|t:|1727980520
|-curestatus|p1a: Celebi|tox|[from] ability: Natural Cure
|switch|p1a: Salamence|Salamence, F|100/100
|-ability|p1a: Salamence|Intimidate|boost
|-unboost|p2a: Moltres|atk|1
|move|p2a: Moltres|Roar|p1a: Salamence
|drag|p1a: Skarmory|Skarmory, M|24/100
|
|-weather|Sandstorm|[upkeep]
|-damage|p2a: Moltres|94/100|[from] Sandstorm
|-heal|p2a: Moltres|100/100|[from] item: Leftovers
|-heal|p1a: Skarmory|30/100|[from] item: Leftovers
|upkeep
|turn|19
|
|t:|1727980535
|move|p1a: Skarmory|Protect|p1a: Skarmory
|-singleturn|p1a: Skarmory|Protect
|move|p2a: Moltres|Will-O-Wisp|p1a: Skarmory
|-activate|p1a: Skarmory|Protect
|
|-weather|Sandstorm|[upkeep]
|-damage|p2a: Moltres|94/100|[from] Sandstorm
|-heal|p2a: Moltres|100/100|[from] item: Leftovers
|-heal|p1a: Skarmory|36/100|[from] item: Leftovers
|upkeep
|turn|20
|
|t:|1727980552
|switch|p1a: Salamence|Salamence, F|100/100
|-ability|p1a: Salamence|Intimidate|boost
|-unboost|p2a: Moltres|atk|1
|move|p2a: Moltres|Flamethrower|p1a: Salamence
|-resisted|p1a: Salamence
|-damage|p1a: Salamence|69/100
|
|-weather|Sandstorm|[upkeep]
|-damage|p1a: Salamence|63/100|[from] Sandstorm
|-damage|p2a: Moltres|94/100|[from] Sandstorm
|-heal|p1a: Salamence|69/100|[from] item: Leftovers
|-heal|p2a: Moltres|100/100|[from] item: Leftovers
|upkeep
|turn|21
|
|t:|1727980575
|move|p1a: Salamence|Rock Slide|p2a: Moltres
|-supereffective|p2a: Moltres
|-damage|p2a: Moltres|0 fnt
|faint|p2a: Moltres
|
|t:|1727980588
|switch|p2a: Blissey|Blissey, F|91/100
|-damage|p2a: Blissey|66/100|[from] Spikes
|
|-weather|Sandstorm|[upkeep]
|-damage|p1a: Salamence|63/100|[from] Sandstorm
|-damage|p2a: Blissey|60/100|[from] Sandstorm
|-heal|p1a: Salamence|69/100|[from] item: Leftovers
|-heal|p2a: Blissey|66/100|[from] item: Leftovers
|upkeep
|turn|22
|
|t:|1727980601
|switch|p1a: Swampert|Swampert, F|100/100
|-damage|p1a: Swampert|76/100|[from] Spikes
|move|p2a: Blissey|Soft-Boiled|p2a: Blissey
|-heal|p2a: Blissey|100/100
|
|-weather|Sandstorm|[upkeep]
|-damage|p2a: Blissey|94/100|[from] Sandstorm
|-heal|p1a: Swampert|82/100|[from] item: Leftovers
|-heal|p2a: Blissey|100/100|[from] item: Leftovers
|upkeep
|turn|23
|
|t:|1727980606
|move|p1a: Swampert|Toxic|p2a: Blissey
|-status|p2a: Blissey|tox
|move|p2a: Blissey|Ice Beam|p1a: Swampert
|-damage|p1a: Swampert|58/100
|
|-weather|Sandstorm|[upkeep]
|-damage|p2a: Blissey|94/100 tox|[from] Sandstorm
|-heal|p1a: Swampert|64/100|[from] item: Leftovers
|-heal|p2a: Blissey|100/100 tox|[from] item: Leftovers
|-damage|p2a: Blissey|94/100 tox|[from] psn
|upkeep
|turn|24
|
|t:|1727980629
|-curestatus|p2a: Blissey|tox|[from] ability: Natural Cure
|switch|p2a: Jirachi|Jirachi|100/100
|-damage|p2a: Jirachi|75/100|[from] Spikes
|move|p1a: Swampert|Surf|p2a: Jirachi
|-damage|p2a: Jirachi|58/100
|
|-weather|Sandstorm|[upkeep]
|-heal|p2a: Jirachi|64/100|[from] item: Leftovers
|-heal|p1a: Swampert|70/100|[from] item: Leftovers
|upkeep
|turn|25
|inactive|Halbert Simpson has 270 seconds left.
|
|t:|1727980678
|switch|p1a: Celebi|Celebi|88/100
|-damage|p1a: Celebi|63/100|[from] Spikes
|move|p2a: Jirachi|Wish|p2a: Jirachi
|
|-weather|Sandstorm|[upkeep]
|-damage|p1a: Celebi|57/100|[from] Sandstorm
|-heal|p1a: Celebi|63/100|[from] item: Leftovers
|-heal|p2a: Jirachi|71/100|[from] item: Leftovers
|upkeep
|turn|26
|
|t:|1727980690
|move|p1a: Celebi|Hidden Power|p2a: Jirachi
|-resisted|p2a: Jirachi
|-damage|p2a: Jirachi|63/100
|move|p2a: Jirachi|Toxic|p1a: Celebi
|-status|p1a: Celebi|tox
|
|-heal|p2a: Jirachi|100/100|[from] move: Wish|[wisher] Jirachi
|-weather|Sandstorm|[upkeep]
|-damage|p1a: Celebi|57/100 tox|[from] Sandstorm
|-heal|p1a: Celebi|63/100 tox|[from] item: Leftovers
|-damage|p1a: Celebi|57/100 tox|[from] psn
|upkeep
|turn|27
|
|t:|1727980695
|move|p1a: Celebi|Recover|p1a: Celebi
|-heal|p1a: Celebi|100/100 tox
|move|p2a: Jirachi|Wish|p2a: Jirachi
|
|-weather|Sandstorm|[upkeep]
|-damage|p1a: Celebi|94/100 tox|[from] Sandstorm
|-heal|p1a: Celebi|100/100 tox|[from] item: Leftovers
|-damage|p1a: Celebi|88/100 tox|[from] psn
|upkeep
|turn|28
|
|t:|1727980704
|move|p1a: Celebi|Leech Seed|p2a: Jirachi
|-start|p2a: Jirachi|move: Leech Seed
|move|p2a: Jirachi|Fire Punch|p1a: Celebi
|-supereffective|p1a: Celebi
|-damage|p1a: Celebi|63/100 tox
|
|-weather|Sandstorm|[upkeep]
|-damage|p1a: Celebi|57/100 tox|[from] Sandstorm
|-heal|p1a: Celebi|63/100 tox|[from] item: Leftovers
|-damage|p1a: Celebi|44/100 tox|[from] psn
|-damage|p2a: Jirachi|88/100|[from] Leech Seed|[of] p1a: Celebi
|-heal|p1a: Celebi|57/100 tox|[silent]
|upkeep
|turn|29
|inactive|Halbert Simpson has 270 seconds left.
|
|t:|1727980714
|move|p1a: Celebi|Heal Bell|p1a: Celebi
|-activate|p1a: Celebi|move: Heal Bell
|-curestatus|p1a: Celebi|tox|[silent]
|move|p2a: Jirachi|Wish|p2a: Jirachi
|
|-weather|Sandstorm|[upkeep]
|-damage|p1a: Celebi|50/100|[from] Sandstorm
|-heal|p1a: Celebi|57/100|[from] item: Leftovers
|-heal|p2a: Jirachi|94/100|[from] item: Leftovers
|-damage|p2a: Jirachi|82/100|[from] Leech Seed|[of] p1a: Celebi
|-heal|p1a: Celebi|69/100|[silent]
|upkeep
|turn|30
|
|t:|1727980721
|move|p1a: Celebi|Recover|p1a: Celebi
|-heal|p1a: Celebi|100/100
|move|p2a: Jirachi|Toxic|p1a: Celebi
|-status|p1a: Celebi|tox
|
|-heal|p2a: Jirachi|100/100|[from] move: Wish|[wisher] Jirachi
|-weather|Sandstorm|[upkeep]
|-damage|p1a: Celebi|94/100 tox|[from] Sandstorm
|-heal|p1a: Celebi|100/100 tox|[from] item: Leftovers
|-damage|p1a: Celebi|94/100 tox|[from] psn
|-damage|p2a: Jirachi|88/100|[from] Leech Seed|[of] p1a: Celebi
|-heal|p1a: Celebi|100/100 tox|[silent]
|upkeep
|turn|31
|
|t:|1727980727
|-curestatus|p1a: Celebi|tox|[from] ability: Natural Cure
|switch|p1a: Swampert|Swampert, F|70/100
|-damage|p1a: Swampert|45/100|[from] Spikes
|move|p2a: Jirachi|Wish|p2a: Jirachi
|
|-weather|Sandstorm|[upkeep]
|-heal|p2a: Jirachi|94/100|[from] item: Leftovers
|-damage|p2a: Jirachi|82/100|[from] Leech Seed|[of] p1a: Swampert
|-heal|p1a: Swampert|58/100|[silent]
|-heal|p1a: Swampert|64/100|[from] item: Leftovers
|upkeep
|turn|32
|
|t:|1727980736
|move|p2a: Jirachi|Toxic|p1a: Swampert|[miss]
|-miss|p2a: Jirachi|p1a: Swampert
|move|p1a: Swampert|Surf|p2a: Jirachi
|-damage|p2a: Jirachi|63/100
|
|-heal|p2a: Jirachi|100/100|[from] move: Wish|[wisher] Jirachi
|-weather|Sandstorm|[upkeep]
|-damage|p2a: Jirachi|88/100|[from] Leech Seed|[of] p1a: Swampert
|-heal|p1a: Swampert|76/100|[silent]
|-heal|p1a: Swampert|83/100|[from] item: Leftovers
|upkeep
|turn|33
|
|t:|1727980754
|move|p2a: Jirachi|Wish|p2a: Jirachi
|move|p1a: Swampert|Surf|p2a: Jirachi
|-damage|p2a: Jirachi|71/100
|
|-weather|Sandstorm|[upkeep]
|-heal|p2a: Jirachi|77/100|[from] item: Leftovers
|-damage|p2a: Jirachi|64/100|[from] Leech Seed|[of] p1a: Swampert
|-heal|p1a: Swampert|95/100|[silent]
|-heal|p1a: Swampert|100/100|[from] item: Leftovers
|upkeep
|turn|34
|
|t:|1727980764
|move|p2a: Jirachi|Toxic|p1a: Swampert
|-status|p1a: Swampert|tox
|move|p1a: Swampert|Surf|p2a: Jirachi
|-damage|p2a: Jirachi|47/100
|
|-heal|p2a: Jirachi|97/100|[from] move: Wish|[wisher] Jirachi
|-weather|Sandstorm|[upkeep]
|-heal|p2a: Jirachi|100/100|[from] item: Leftovers
|-damage|p2a: Jirachi|88/100|[from] Leech Seed|[of] p1a: Swampert
|-damage|p1a: Swampert|94/100 tox|[from] psn
|upkeep
|turn|35
|
|t:|1727980770
|move|p2a: Jirachi|Wish|p2a: Jirachi
|move|p1a: Swampert|Refresh|p1a: Swampert
|-curestatus|p1a: Swampert|tox|[msg]
|
|-weather|Sandstorm|[upkeep]
|-heal|p2a: Jirachi|94/100|[from] item: Leftovers
|-damage|p2a: Jirachi|82/100|[from] Leech Seed|[of] p1a: Swampert
|-heal|p1a: Swampert|100/100|[silent]
|upkeep
|turn|36
|
|t:|1727980779
|switch|p2a: Swampert|Swampert, M|57/100
|-damage|p2a: Swampert|32/100|[from] Spikes
|move|p1a: Swampert|Surf|p2a: Swampert
|-damage|p2a: Swampert|4/100
|
|-heal|p2a: Swampert|54/100|[from] move: Wish|[wisher] Jirachi
|-weather|Sandstorm|[upkeep]
|-heal|p2a: Swampert|61/100|[from] item: Leftovers
|upkeep
|turn|37
|
|t:|1727980792
|switch|p1a: Celebi|Celebi|100/100
|-damage|p1a: Celebi|75/100|[from] Spikes
|move|p2a: Swampert|Toxic|p1a: Celebi|[miss]
|-miss|p2a: Swampert|p1a: Celebi
|
|-weather|Sandstorm|[upkeep]
|-damage|p1a: Celebi|69/100|[from] Sandstorm
|-heal|p1a: Celebi|75/100|[from] item: Leftovers
|-heal|p2a: Swampert|67/100|[from] item: Leftovers
|upkeep
|turn|38
|
|t:|1727980806
|move|p2a: Swampert|Protect|p2a: Swampert
|-singleturn|p2a: Swampert|Protect
|move|p1a: Celebi|Leech Seed|p2a: Swampert
|-activate|p2a: Swampert|Protect
|
|-weather|Sandstorm|[upkeep]
|-damage|p1a: Celebi|69/100|[from] Sandstorm
|-heal|p1a: Celebi|75/100|[from] item: Leftovers
|-heal|p2a: Swampert|73/100|[from] item: Leftovers
|upkeep
|turn|39
|
|t:|1727980822
|move|p1a: Celebi|Leech Seed|p2a: Swampert
|-start|p2a: Swampert|move: Leech Seed
|move|p2a: Swampert|Toxic|p1a: Celebi
|-status|p1a: Celebi|tox
|
|-weather|Sandstorm|[upkeep]
|-damage|p1a: Celebi|69/100 tox|[from] Sandstorm
|-heal|p1a: Celebi|75/100 tox|[from] item: Leftovers
|-damage|p1a: Celebi|69/100 tox|[from] psn
|-heal|p2a: Swampert|79/100|[from] item: Leftovers
|-damage|p2a: Swampert|67/100|[from] Leech Seed|[of] p1a: Celebi
|-heal|p1a: Celebi|82/100 tox|[silent]
|upkeep
|turn|40
|
|t:|1727980828
|switch|p2a: Skarmory|Skarmory, F|62/100
|move|p1a: Celebi|Leech Seed|p2a: Skarmory
|-start|p2a: Skarmory|move: Leech Seed
|
|-weather|Sandstorm|[upkeep]
|-damage|p1a: Celebi|75/100 tox|[from] Sandstorm
|-heal|p1a: Celebi|82/100 tox|[from] item: Leftovers
|-damage|p1a: Celebi|69/100 tox|[from] psn
|-heal|p2a: Skarmory|68/100|[from] item: Leftovers
|-damage|p2a: Skarmory|56/100|[from] Leech Seed|[of] p1a: Celebi
|-heal|p1a: Celebi|79/100 tox|[silent]
|upkeep
|turn|41
|
|t:|1727980836
|-curestatus|p1a: Celebi|tox|[from] ability: Natural Cure
|switch|p1a: Skarmory|Skarmory, M|36/100
|switch|p2a: Jirachi|Jirachi|82/100
|-damage|p2a: Jirachi|57/100|[from] Spikes
|
|-weather|Sandstorm|[upkeep]
|-heal|p2a: Jirachi|63/100|[from] item: Leftovers
|-heal|p1a: Skarmory|42/100|[from] item: Leftovers
|upkeep
|turn|42
|
|t:|1727980843
|move|p1a: Skarmory|Protect|p1a: Skarmory
|-singleturn|p1a: Skarmory|Protect
|move|p2a: Jirachi|Wish|p2a: Jirachi
|
|-weather|Sandstorm|[upkeep]
|-heal|p2a: Jirachi|69/100|[from] item: Leftovers
|-heal|p1a: Skarmory|48/100|[from] item: Leftovers
|upkeep
|turn|43
|
|t:|1727980857
|switch|p1a: Swampert|Swampert, F|100/100
|-damage|p1a: Swampert|76/100|[from] Spikes
|move|p2a: Jirachi|Fire Punch|p1a: Swampert
|-resisted|p1a: Swampert
|-damage|p1a: Swampert|68/100
|
|-heal|p2a: Jirachi|100/100|[from] move: Wish|[wisher] Jirachi
|-weather|Sandstorm|[upkeep]
|-heal|p1a: Swampert|74/100|[from] item: Leftovers
|upkeep
|turn|44
|
|t:|1727980869
|switch|p1a: Celebi|Celebi|79/100
|-damage|p1a: Celebi|54/100|[from] Spikes
|move|p2a: Jirachi|Toxic|p1a: Celebi
|-status|p1a: Celebi|tox
|
|-weather|Sandstorm|[upkeep]
|-damage|p1a: Celebi|48/100 tox|[from] Sandstorm
|-heal|p1a: Celebi|54/100 tox|[from] item: Leftovers
|-damage|p1a: Celebi|48/100 tox|[from] psn
|upkeep
|turn|45
|
|t:|1727980874
|move|p1a: Celebi|Leech Seed|p2a: Jirachi
|-start|p2a: Jirachi|move: Leech Seed
|move|p2a: Jirachi|Fire Punch|p1a: Celebi
|-supereffective|p1a: Celebi
|-damage|p1a: Celebi|24/100 tox
|
|-weather|Sandstorm|[upkeep]
|-damage|p1a: Celebi|18/100 tox|[from] Sandstorm
|-heal|p1a: Celebi|24/100 tox|[from] item: Leftovers
|-damage|p1a: Celebi|12/100 tox|[from] psn
|-damage|p2a: Jirachi|88/100|[from] Leech Seed|[of] p1a: Celebi
|-heal|p1a: Celebi|24/100 tox|[silent]
|upkeep
|turn|46
|
|t:|1727980878
|switch|p2a: Skarmory|Skarmory, F|56/100
|move|p1a: Celebi|Recover|p1a: Celebi
|-heal|p1a: Celebi|74/100 tox
|
|-weather|Sandstorm|[upkeep]
|-damage|p1a: Celebi|68/100 tox|[from] Sandstorm
|-heal|p1a: Celebi|74/100 tox|[from] item: Leftovers
|-damage|p1a: Celebi|55/100 tox|[from] psn
|-heal|p2a: Skarmory|62/100|[from] item: Leftovers
|upkeep
|turn|47
|
|t:|1727980886
|move|p1a: Celebi|Recover|p1a: Celebi
|-heal|p1a: Celebi|100/100 tox
|move|p2a: Skarmory|Drill Peck|p1a: Celebi
|-supereffective|p1a: Celebi
|-damage|p1a: Celebi|67/100 tox
|
|-weather|Sandstorm|[upkeep]
|-damage|p1a: Celebi|61/100 tox|[from] Sandstorm
|-heal|p1a: Celebi|67/100 tox|[from] item: Leftovers
|-damage|p1a: Celebi|43/100 tox|[from] psn
|-heal|p2a: Skarmory|68/100|[from] item: Leftovers
|upkeep
|turn|48
|
|t:|1727980905
|move|p1a: Celebi|Heal Bell|p1a: Celebi
|-activate|p1a: Celebi|move: Heal Bell
|-curestatus|p1a: Celebi|tox|[silent]
|move|p2a: Skarmory|Drill Peck|p1a: Celebi
|-supereffective|p1a: Celebi
|-damage|p1a: Celebi|6/100
|
|-weather|Sandstorm|[upkeep]
|-damage|p1a: Celebi|0 fnt|[from] Sandstorm
|faint|p1a: Celebi
|-heal|p2a: Skarmory|74/100|[from] item: Leftovers
|upkeep
|
|t:|1727980911
|switch|p1a: Salamence|Salamence, F|69/100
|-ability|p1a: Salamence|Intimidate|boost
|-unboost|p2a: Skarmory|atk|1
|turn|49
|inactive|Halbert Simpson has 270 seconds left.
|inactive|gorditoconbigote has 270 seconds left.
|
|t:|1727980982
|switch|p1a: We're Barack.|Aerodactyl, M|100/100
|switch|p2a: Swampert|Swampert, M|67/100
|-damage|p2a: Swampert|42/100|[from] Spikes
|
|-weather|Sandstorm|[upkeep]
|-heal|p2a: Swampert|48/100|[from] item: Leftovers
|upkeep
|turn|50
|inactive|Halbert Simpson has 270 seconds left.
|
|t:|1727981004
|switch|p1a: Salamence|Salamence, F|69/100
|-ability|p1a: Salamence|Intimidate|boost
|-unboost|p2a: Swampert|atk|1
|move|p2a: Swampert|Toxic|p1a: Salamence
|-status|p1a: Salamence|tox
|
|-weather|Sandstorm|[upkeep]
|-damage|p1a: Salamence|63/100 tox|[from] Sandstorm
|-heal|p1a: Salamence|69/100 tox|[from] item: Leftovers
|-damage|p1a: Salamence|63/100 tox|[from] psn
|-heal|p2a: Swampert|54/100|[from] item: Leftovers
|upkeep
|turn|51
|
|t:|1727981020
|switch|p2a: Blissey|Blissey, F|94/100
|-damage|p2a: Blissey|69/100|[from] Spikes
|move|p1a: Salamence|Wish|p1a: Salamence
|
|-weather|Sandstorm|[upkeep]
|-damage|p1a: Salamence|57/100 tox|[from] Sandstorm
|-damage|p2a: Blissey|63/100|[from] Sandstorm
|-heal|p1a: Salamence|63/100 tox|[from] item: Leftovers
|-damage|p1a: Salamence|51/100 tox|[from] psn
|-heal|p2a: Blissey|69/100|[from] item: Leftovers
|upkeep
|turn|52
|inactive|Halbert Simpson has 270 seconds left.
|inactive|gorditoconbigote has 240 seconds left.
|
|t:|1727981044
|switch|p1a: Swampert|Swampert, F|74/100
|-damage|p1a: Swampert|50/100|[from] Spikes
|move|p2a: Blissey|Soft-Boiled|p2a: Blissey
|-heal|p2a: Blissey|100/100
|
|-heal|p1a: Swampert|99/100|[from] move: Wish|[wisher] Salamence
|-weather|Sandstorm|[upkeep]
|-damage|p2a: Blissey|94/100|[from] Sandstorm
|-heal|p1a: Swampert|100/100|[from] item: Leftovers
|-heal|p2a: Blissey|100/100|[from] item: Leftovers
|upkeep
|turn|53
|
|t:|1727981052
|move|p1a: Swampert|Toxic|p2a: Blissey|[miss]
|-miss|p1a: Swampert|p2a: Blissey
|move|p2a: Blissey|Calm Mind|p2a: Blissey
|-boost|p2a: Blissey|spa|1
|-boost|p2a: Blissey|spd|1
|
|-weather|Sandstorm|[upkeep]
|-damage|p2a: Blissey|94/100|[from] Sandstorm
|-heal|p2a: Blissey|100/100|[from] item: Leftovers
|upkeep
|turn|54
|
|t:|1727981055
|move|p1a: Swampert|Toxic|p2a: Blissey
|-status|p2a: Blissey|tox
|move|p2a: Blissey|Ice Beam|p1a: Swampert
|-damage|p1a: Swampert|66/100
|
|-weather|Sandstorm|[upkeep]
|-damage|p2a: Blissey|94/100 tox|[from] Sandstorm
|-heal|p1a: Swampert|72/100|[from] item: Leftovers
|-heal|p2a: Blissey|100/100 tox|[from] item: Leftovers
|-damage|p2a: Blissey|94/100 tox|[from] psn
|upkeep
|turn|55
|
|t:|1727981062
|-curestatus|p2a: Blissey|tox|[from] ability: Natural Cure
|switch|p2a: Jirachi|Jirachi|88/100
|-damage|p2a: Jirachi|63/100|[from] Spikes
|move|p1a: Swampert|Protect||[still]
|-fail|p1a: Swampert
|
|-weather|Sandstorm|[upkeep]
|-heal|p2a: Jirachi|69/100|[from] item: Leftovers
|-heal|p1a: Swampert|78/100|[from] item: Leftovers
|upkeep
|turn|56
|
|t:|1727981073
|move|p2a: Jirachi|Wish|p2a: Jirachi
|move|p1a: Swampert|Surf|p2a: Jirachi
|-damage|p2a: Jirachi|50/100
|
|-weather|Sandstorm|[upkeep]
|-heal|p2a: Jirachi|56/100|[from] item: Leftovers
|-heal|p1a: Swampert|85/100|[from] item: Leftovers
|upkeep
|turn|57
|
|t:|1727981081
|move|p2a: Jirachi|Fire Punch|p1a: Swampert
|-resisted|p1a: Swampert
|-damage|p1a: Swampert|78/100
|move|p1a: Swampert|Surf|p2a: Jirachi
|-damage|p2a: Jirachi|37/100
|
|-heal|p2a: Jirachi|87/100|[from] move: Wish|[wisher] Jirachi
|-weather|Sandstorm|[upkeep]
|-heal|p2a: Jirachi|93/100|[from] item: Leftovers
|-heal|p1a: Swampert|84/100|[from] item: Leftovers
|upkeep
|turn|58
|
|t:|1727981090
|move|p2a: Jirachi|Protect|p2a: Jirachi
|-singleturn|p2a: Jirachi|Protect
|move|p1a: Swampert|Surf|p2a: Jirachi
|-activate|p2a: Jirachi|Protect
|
|-weather|Sandstorm|[upkeep]
|-heal|p2a: Jirachi|99/100|[from] item: Leftovers
|-heal|p1a: Swampert|90/100|[from] item: Leftovers
|upkeep
|turn|59
|
|t:|1727981101
|move|p2a: Jirachi|Wish|p2a: Jirachi
|move|p1a: Swampert|Surf|p2a: Jirachi
|-damage|p2a: Jirachi|80/100
|
|-weather|Sandstorm|[upkeep]
|-heal|p2a: Jirachi|87/100|[from] item: Leftovers
|-heal|p1a: Swampert|96/100|[from] item: Leftovers
|upkeep
|turn|60
|
|t:|1727981128
|switch|p2a: Swampert|Swampert, M|54/100
|-damage|p2a: Swampert|30/100|[from] Spikes
|move|p1a: Swampert|Surf|p2a: Swampert
|-damage|p2a: Swampert|4/100
|
|-heal|p2a: Swampert|54/100|[from] move: Wish|[wisher] Jirachi
|-weather|Sandstorm|[upkeep]
|-heal|p2a: Swampert|60/100|[from] item: Leftovers
|-heal|p1a: Swampert|100/100|[from] item: Leftovers
|upkeep
|turn|61
|
|t:|1727981137
|switch|p1a: Salamence|Salamence, F|51/100 tox
|-ability|p1a: Salamence|Intimidate|boost
|-unboost|p2a: Swampert|atk|1
|move|p2a: Swampert|Toxic|p1a: Salamence|[miss]
|-miss|p2a: Swampert|p1a: Salamence
|
|-weather|Sandstorm|[upkeep]
|-damage|p1a: Salamence|45/100 tox|[from] Sandstorm
|-heal|p1a: Salamence|51/100 tox|[from] item: Leftovers
|-damage|p1a: Salamence|45/100 tox|[from] psn
|-heal|p2a: Swampert|67/100|[from] item: Leftovers
|upkeep
|turn|62
|
|t:|1727981148
|switch|p2a: Blissey|Blissey, F|94/100
|-damage|p2a: Blissey|69/100|[from] Spikes
|move|p1a: Salamence|Rock Slide|p2a: Blissey
|-damage|p2a: Blissey|44/100
|
|-weather|Sandstorm|[upkeep]
|-damage|p1a: Salamence|39/100 tox|[from] Sandstorm
|-damage|p2a: Blissey|38/100|[from] Sandstorm
|-heal|p1a: Salamence|45/100 tox|[from] item: Leftovers
|-damage|p1a: Salamence|33/100 tox|[from] psn
|-heal|p2a: Blissey|44/100|[from] item: Leftovers
|upkeep
|turn|63
|
|t:|1727981159
|move|p1a: Salamence|Rock Slide|p2a: Blissey
|-damage|p2a: Blissey|20/100
|move|p2a: Blissey|Soft-Boiled|p2a: Blissey
|-heal|p2a: Blissey|69/100
|
|-weather|Sandstorm|[upkeep]
|-damage|p1a: Salamence|27/100 tox|[from] Sandstorm
|-damage|p2a: Blissey|63/100|[from] Sandstorm
|-heal|p1a: Salamence|33/100 tox|[from] item: Leftovers
|-damage|p1a: Salamence|15/100 tox|[from] psn
|-heal|p2a: Blissey|69/100|[from] item: Leftovers
|upkeep
|turn|64
|
|t:|1727981172
|switch|p1a: Swampert|Swampert, F|100/100
|-damage|p1a: Swampert|76/100|[from] Spikes
|move|p2a: Blissey|Soft-Boiled|p2a: Blissey
|-heal|p2a: Blissey|100/100
|
|-weather|Sandstorm|[upkeep]
|-damage|p2a: Blissey|94/100|[from] Sandstorm
|-heal|p1a: Swampert|82/100|[from] item: Leftovers
|-heal|p2a: Blissey|100/100|[from] item: Leftovers
|upkeep
|turn|65
|
|t:|1727981180
|move|p1a: Swampert|Toxic|p2a: Blissey
|-status|p2a: Blissey|tox
|move|p2a: Blissey|Ice Beam|p1a: Swampert
|-crit|p1a: Swampert
|-damage|p1a: Swampert|34/100
|
|-weather|Sandstorm|[upkeep]
|-damage|p2a: Blissey|94/100 tox|[from] Sandstorm
|-heal|p1a: Swampert|40/100|[from] item: Leftovers
|-heal|p2a: Blissey|100/100 tox|[from] item: Leftovers
|-damage|p2a: Blissey|94/100 tox|[from] psn
|upkeep
|turn|66
|
|t:|1727981184
|move|p1a: Swampert|Protect|p1a: Swampert
|-singleturn|p1a: Swampert|Protect
|move|p2a: Blissey|Ice Beam|p1a: Swampert
|-activate|p1a: Swampert|Protect
|
|-weather|Sandstorm|[upkeep]
|-damage|p2a: Blissey|88/100 tox|[from] Sandstorm
|-heal|p1a: Swampert|47/100|[from] item: Leftovers
|-heal|p2a: Blissey|94/100 tox|[from] item: Leftovers
|-damage|p2a: Blissey|82/100 tox|[from] psn
|upkeep
|turn|67
|
|t:|1727981202
|switch|p1a: Salamence|Salamence, F|15/100 tox
|-ability|p1a: Salamence|Intimidate|boost
|-unboost|p2a: Blissey|atk|1
|move|p2a: Blissey|Ice Beam|p1a: Salamence
|-supereffective|p1a: Salamence
|-damage|p1a: Salamence|0 fnt
|faint|p1a: Salamence
|
|t:|1727981209
|switch|p1a: We're Barack.|Aerodactyl, M|100/100
|
|-weather|Sandstorm|[upkeep]
|-damage|p2a: Blissey|76/100 tox|[from] Sandstorm
|-heal|p2a: Blissey|82/100 tox|[from] item: Leftovers
|-damage|p2a: Blissey|64/100 tox|[from] psn
|upkeep
|turn|68
|
|t:|1727981218
|-curestatus|p2a: Blissey|tox|[from] ability: Natural Cure
|switch|p2a: Skarmory|Skarmory, F|74/100
|move|p1a: We're Barack.|Earthquake|p2a: Skarmory
|-immune|p2a: Skarmory
|
|-weather|Sandstorm|[upkeep]
|-heal|p2a: Skarmory|80/100|[from] item: Leftovers
|upkeep
|turn|69
|
|t:|1727981229
|switch|p1a: Skarmory|Skarmory, M|48/100
|move|p2a: Skarmory|Roar|p1a: Skarmory
|drag|p1a: Swampert|Swampert, F|47/100
|-damage|p1a: Swampert|22/100|[from] Spikes
|
|-weather|Sandstorm|[upkeep]
|-heal|p2a: Skarmory|86/100|[from] item: Leftovers
|-heal|p1a: Swampert|28/100|[from] item: Leftovers
|upkeep
|turn|70
|
|t:|1727981234
|move|p1a: Swampert|Protect|p1a: Swampert
|-singleturn|p1a: Swampert|Protect
|move|p2a: Skarmory|Drill Peck|p1a: Swampert
|-activate|p1a: Swampert|Protect
|
|-weather|Sandstorm|[upkeep]
|-heal|p2a: Skarmory|92/100|[from] item: Leftovers
|-heal|p1a: Swampert|34/100|[from] item: Leftovers
|upkeep
|turn|71
|
|t:|1727981239
|move|p1a: Swampert|Surf|p2a: Skarmory
|-damage|p2a: Skarmory|64/100
|move|p2a: Skarmory|Roar|p1a: Swampert
|drag|p1a: It's Joever.|Suicune|100/100
|-damage|p1a: It's Joever.|75/100|[from] Spikes
|
|-weather|Sandstorm|[upkeep]
|-damage|p1a: It's Joever.|69/100|[from] Sandstorm
|-heal|p1a: It's Joever.|75/100|[from] item: Leftovers
|-heal|p2a: Skarmory|70/100|[from] item: Leftovers
|upkeep
|turn|72
|
|t:|1727981251
|move|p1a: It's Joever.|Surf|p2a: Skarmory
|-damage|p2a: Skarmory|41/100
|move|p2a: Skarmory|Roar|p1a: It's Joever.
|drag|p1a: Skarmory|Skarmory, M|48/100
|
|-weather|Sandstorm|[upkeep]
|-heal|p2a: Skarmory|47/100|[from] item: Leftovers
|-heal|p1a: Skarmory|53/100|[from] item: Leftovers
|upkeep
|turn|73
|
|t:|1727981266
|switch|p1a: We're Barack.|Aerodactyl, M|100/100
|move|p2a: Skarmory|Taunt|p1a: We're Barack.
|-start|p1a: We're Barack.|move: Taunt
|
|-weather|Sandstorm|[upkeep]
|-heal|p2a: Skarmory|53/100|[from] item: Leftovers
|upkeep
|turn|74
|
|t:|1727981294
|move|p1a: We're Barack.|Rock Slide|p2a: Skarmory
|-damage|p2a: Skarmory|12/100
|move|p2a: Skarmory|Drill Peck|p1a: We're Barack.
|-resisted|p1a: We're Barack.
|-damage|p1a: We're Barack.|82/100
|
|-weather|Sandstorm|[upkeep]
|-end|p1a: We're Barack.|move: Taunt|[silent]
|-heal|p2a: Skarmory|18/100|[from] item: Leftovers
|upkeep
|turn|75
|
|t:|1727981309
|switch|p2a: Swampert|Swampert, M|67/100
|-damage|p2a: Swampert|42/100|[from] Spikes
|move|p1a: We're Barack.|Rock Slide|p2a: Swampert|[miss]
|-miss|p1a: We're Barack.|p2a: Swampert
|
|-weather|Sandstorm|[upkeep]
|-heal|p2a: Swampert|48/100|[from] item: Leftovers
|upkeep
|turn|76
|
|t:|1727981318
|switch|p1a: Skarmory|Skarmory, M|53/100
|move|p2a: Swampert|Surf|p1a: Skarmory
|-damage|p1a: Skarmory|27/100
|
|-weather|Sandstorm|[upkeep]
|-heal|p1a: Skarmory|33/100|[from] item: Leftovers
|-heal|p2a: Swampert|54/100|[from] item: Leftovers
|upkeep
|turn|77
|
|t:|1727981325
|move|p1a: Skarmory|Drill Peck|p2a: Swampert
|-damage|p2a: Swampert|39/100
|move|p2a: Swampert|Surf|p1a: Skarmory
|-damage|p1a: Skarmory|6/100
|
|-weather|Sandstorm|[upkeep]
|-heal|p1a: Skarmory|12/100|[from] item: Leftovers
|-heal|p2a: Swampert|45/100|[from] item: Leftovers
|upkeep
|turn|78
|
|t:|1727981331
|move|p2a: Swampert|Protect|p2a: Swampert
|-singleturn|p2a: Swampert|Protect
|move|p1a: Skarmory|Drill Peck|p2a: Swampert
|-activate|p2a: Swampert|Protect
|
|-weather|Sandstorm|[upkeep]
|-heal|p1a: Skarmory|18/100|[from] item: Leftovers
|-heal|p2a: Swampert|51/100|[from] item: Leftovers
|upkeep
|turn|79
|
|t:|1727981334
|move|p1a: Skarmory|Drill Peck|p2a: Swampert
|-damage|p2a: Swampert|36/100
|move|p2a: Swampert|Surf|p1a: Skarmory
|-damage|p1a: Skarmory|0 fnt
|faint|p1a: Skarmory
|
|t:|1727981347
|switch|p1a: It's Joever.|Suicune|75/100
|-damage|p1a: It's Joever.|50/100|[from] Spikes
|
|-weather|Sandstorm|[upkeep]
|-damage|p1a: It's Joever.|44/100|[from] Sandstorm
|-heal|p1a: It's Joever.|50/100|[from] item: Leftovers
|-heal|p2a: Swampert|42/100|[from] item: Leftovers
|upkeep
|turn|80
|
|t:|1727981359
|move|p1a: It's Joever.|Calm Mind|p1a: It's Joever.
|-boost|p1a: It's Joever.|spa|1
|-boost|p1a: It's Joever.|spd|1
|move|p2a: Swampert|Toxic|p1a: It's Joever.
|-status|p1a: It's Joever.|tox
|
|-weather|Sandstorm|[upkeep]
|-damage|p1a: It's Joever.|44/100 tox|[from] Sandstorm
|-heal|p1a: It's Joever.|50/100 tox|[from] item: Leftovers
|-damage|p1a: It's Joever.|44/100 tox|[from] psn
|-heal|p2a: Swampert|49/100|[from] item: Leftovers
|upkeep
|turn|81
|
|t:|1727981376
|switch|p2a: Blissey|Blissey, F|64/100
|-damage|p2a: Blissey|39/100|[from] Spikes
|move|p1a: It's Joever.|Rest|p1a: It's Joever.
|-status|p1a: It's Joever.|slp|[from] move: Rest
|-heal|p1a: It's Joever.|100/100 slp|[silent]
|
|-weather|Sandstorm|[upkeep]
|-damage|p1a: It's Joever.|94/100 slp|[from] Sandstorm
|-damage|p2a: Blissey|33/100|[from] Sandstorm
|-heal|p1a: It's Joever.|100/100 slp|[from] item: Leftovers
|-heal|p2a: Blissey|39/100|[from] item: Leftovers
|upkeep
|turn|82
|
|t:|1727981381
|cant|p1a: It's Joever.|slp
|move|p2a: Blissey|Soft-Boiled|p2a: Blissey
|-heal|p2a: Blissey|89/100
|
|-weather|Sandstorm|[upkeep]
|-damage|p1a: It's Joever.|94/100 slp|[from] Sandstorm
|-damage|p2a: Blissey|83/100|[from] Sandstorm
|-heal|p1a: It's Joever.|100/100 slp|[from] item: Leftovers
|-heal|p2a: Blissey|89/100|[from] item: Leftovers
|upkeep
|turn|83
|
|t:|1727981385
|cant|p1a: It's Joever.|slp
|move|p2a: Blissey|Calm Mind|p2a: Blissey
|-boost|p2a: Blissey|spa|1
|-boost|p2a: Blissey|spd|1
|
|-weather|Sandstorm|[upkeep]
|-damage|p1a: It's Joever.|94/100 slp|[from] Sandstorm
|-damage|p2a: Blissey|83/100|[from] Sandstorm
|-heal|p1a: It's Joever.|100/100 slp|[from] item: Leftovers
|-heal|p2a: Blissey|89/100|[from] item: Leftovers
|upkeep
|turn|84
|
|t:|1727981390
|move|p2a: Blissey|Thunderbolt|p1a: It's Joever.
|-supereffective|p1a: It's Joever.
|-damage|p1a: It's Joever.|61/100 slp
|-curestatus|p1a: It's Joever.|slp|[msg]
|move|p1a: It's Joever.|Roar|p2a: Blissey
|drag|p2a: Tyranitar|Tyranitar, M|82/100
|-damage|p2a: Tyranitar|57/100|[from] Spikes
|
|-weather|Sandstorm|[upkeep]
|-damage|p1a: It's Joever.|54/100|[from] Sandstorm
|-heal|p1a: It's Joever.|61/100|[from] item: Leftovers
|-heal|p2a: Tyranitar|63/100|[from] item: Leftovers
|upkeep
|turn|85
|
|t:|1727981405
|move|p1a: It's Joever.|Surf|p2a: Tyranitar
|-supereffective|p2a: Tyranitar
|-damage|p2a: Tyranitar|0 fnt
|faint|p2a: Tyranitar
|
|t:|1727981409
|switch|p2a: Blissey|Blissey, F|89/100
|-damage|p2a: Blissey|64/100|[from] Spikes
|
|-weather|Sandstorm|[upkeep]
|-damage|p1a: It's Joever.|54/100|[from] Sandstorm
|-damage|p2a: Blissey|58/100|[from] Sandstorm
|-heal|p1a: It's Joever.|61/100|[from] item: Leftovers
|-heal|p2a: Blissey|64/100|[from] item: Leftovers
|upkeep
|turn|86
|
|t:|1727981416
|move|p1a: It's Joever.|Calm Mind|p1a: It's Joever.
|-boost|p1a: It's Joever.|spa|1
|-boost|p1a: It's Joever.|spd|1
|move|p2a: Blissey|Thunderbolt|p1a: It's Joever.
|-supereffective|p1a: It's Joever.
|-damage|p1a: It's Joever.|40/100
|
|-weather|Sandstorm|[upkeep]
|-damage|p1a: It's Joever.|34/100|[from] Sandstorm
|-damage|p2a: Blissey|58/100|[from] Sandstorm
|-heal|p1a: It's Joever.|40/100|[from] item: Leftovers
|-heal|p2a: Blissey|64/100|[from] item: Leftovers
|upkeep
|turn|87
|
|t:|1727981422
|move|p2a: Blissey|Thunderbolt|p1a: It's Joever.
|-supereffective|p1a: It's Joever.
|-damage|p1a: It's Joever.|20/100
|move|p1a: It's Joever.|Roar|p2a: Blissey
|drag|p2a: Swampert|Swampert, M|49/100
|-damage|p2a: Swampert|24/100|[from] Spikes
|
|-weather|Sandstorm|[upkeep]
|-damage|p1a: It's Joever.|14/100|[from] Sandstorm
|-heal|p1a: It's Joever.|20/100|[from] item: Leftovers
|-heal|p2a: Swampert|30/100|[from] item: Leftovers
|upkeep
|turn|88
|
|t:|1727981434
|switch|p2a: Skarmory|Skarmory, F|18/100
|move|p1a: It's Joever.|Surf|p2a: Skarmory
|-damage|p2a: Skarmory|0 fnt
|faint|p2a: Skarmory
|
|t:|1727981438
|switch|p2a: Blissey|Blissey, F|64/100
|-damage|p2a: Blissey|39/100|[from] Spikes
|
|-weather|Sandstorm|[upkeep]
|-damage|p1a: It's Joever.|14/100|[from] Sandstorm
|-damage|p2a: Blissey|33/100|[from] Sandstorm
|-heal|p1a: It's Joever.|20/100|[from] item: Leftovers
|-heal|p2a: Blissey|39/100|[from] item: Leftovers
|upkeep
|turn|89
|
|t:|1727981447
|move|p1a: It's Joever.|Rest|p1a: It's Joever.
|-status|p1a: It's Joever.|slp|[from] move: Rest
|-heal|p1a: It's Joever.|100/100 slp|[silent]
|move|p2a: Blissey|Soft-Boiled|p2a: Blissey
|-heal|p2a: Blissey|89/100
|
|-weather|Sandstorm|[upkeep]
|-damage|p1a: It's Joever.|94/100 slp|[from] Sandstorm
|-damage|p2a: Blissey|83/100|[from] Sandstorm
|-heal|p1a: It's Joever.|100/100 slp|[from] item: Leftovers
|-heal|p2a: Blissey|89/100|[from] item: Leftovers
|upkeep
|turn|90
|
|t:|1727981451
|cant|p1a: It's Joever.|slp
|move|p2a: Blissey|Thunderbolt|p1a: It's Joever.
|-supereffective|p1a: It's Joever.
|-damage|p1a: It's Joever.|81/100 slp
|
|-weather|Sandstorm|[upkeep]
|-damage|p1a: It's Joever.|75/100 slp|[from] Sandstorm
|-damage|p2a: Blissey|83/100|[from] Sandstorm
|-heal|p1a: It's Joever.|81/100 slp|[from] item: Leftovers
|-heal|p2a: Blissey|89/100|[from] item: Leftovers
|upkeep
|turn|91
|
|t:|1727981455
|move|p2a: Blissey|Thunderbolt|p1a: It's Joever.
|-supereffective|p1a: It's Joever.
|-damage|p1a: It's Joever.|63/100 slp
|cant|p1a: It's Joever.|slp
|
|-weather|Sandstorm|[upkeep]
|-damage|p1a: It's Joever.|57/100 slp|[from] Sandstorm
|-damage|p2a: Blissey|83/100|[from] Sandstorm
|-heal|p1a: It's Joever.|63/100 slp|[from] item: Leftovers
|-heal|p2a: Blissey|89/100|[from] item: Leftovers
|upkeep
|turn|92
|
|t:|1727981459
|move|p2a: Blissey|Thunderbolt|p1a: It's Joever.
|-supereffective|p1a: It's Joever.
|-damage|p1a: It's Joever.|43/100 slp
|-curestatus|p1a: It's Joever.|slp|[msg]
|move|p1a: It's Joever.|Roar|p2a: Blissey
|drag|p2a: Swampert|Swampert, M|30/100
|-damage|p2a: Swampert|5/100|[from] Spikes
|
|-weather|Sandstorm|[upkeep]
|-damage|p1a: It's Joever.|37/100|[from] Sandstorm
|-heal|p1a: It's Joever.|43/100|[from] item: Leftovers
|-heal|p2a: Swampert|11/100|[from] item: Leftovers
|upkeep
|turn|93
|
|t:|1727981466
|move|p1a: It's Joever.|Calm Mind|p1a: It's Joever.
|-boost|p1a: It's Joever.|spa|1
|-boost|p1a: It's Joever.|spd|1
|move|p2a: Swampert|Toxic|p1a: It's Joever.
|-status|p1a: It's Joever.|tox
|
|-weather|Sandstorm|[upkeep]
|-damage|p1a: It's Joever.|37/100 tox|[from] Sandstorm
|-heal|p1a: It's Joever.|43/100 tox|[from] item: Leftovers
|-damage|p1a: It's Joever.|37/100 tox|[from] psn
|-heal|p2a: Swampert|18/100|[from] item: Leftovers
|upkeep
|turn|94
|
|t:|1727981474
|switch|p2a: Blissey|Blissey, F|89/100
|-damage|p2a: Blissey|64/100|[from] Spikes
|move|p1a: It's Joever.|Surf|p2a: Blissey
|-damage|p2a: Blissey|32/100
|
|-weather|Sandstorm|[upkeep]
|-damage|p1a: It's Joever.|30/100 tox|[from] Sandstorm
|-damage|p2a: Blissey|26/100|[from] Sandstorm
|-heal|p1a: It's Joever.|37/100 tox|[from] item: Leftovers
|-damage|p1a: It's Joever.|24/100 tox|[from] psn
|-heal|p2a: Blissey|32/100|[from] item: Leftovers
|upkeep
|turn|95
|
|t:|1727981489
|move|p1a: It's Joever.|Rest|p1a: It's Joever.
|-status|p1a: It's Joever.|slp|[from] move: Rest
|-heal|p1a: It's Joever.|100/100 slp|[silent]
|move|p2a: Blissey|Soft-Boiled|p2a: Blissey
|-heal|p2a: Blissey|82/100
|
|-weather|Sandstorm|[upkeep]
|-damage|p1a: It's Joever.|94/100 slp|[from] Sandstorm
|-damage|p2a: Blissey|75/100|[from] Sandstorm
|-heal|p1a: It's Joever.|100/100 slp|[from] item: Leftovers
|-heal|p2a: Blissey|82/100|[from] item: Leftovers
|upkeep
|turn|96
|
|t:|1727981493
|move|p2a: Blissey|Thunderbolt|p1a: It's Joever.
|-supereffective|p1a: It's Joever.
|-damage|p1a: It's Joever.|85/100 slp
|cant|p1a: It's Joever.|slp
|
|-weather|Sandstorm|[upkeep]
|-damage|p1a: It's Joever.|79/100 slp|[from] Sandstorm
|-damage|p2a: Blissey|75/100|[from] Sandstorm
|-heal|p1a: It's Joever.|85/100 slp|[from] item: Leftovers
|-heal|p2a: Blissey|82/100|[from] item: Leftovers
|upkeep
|turn|97
|
|t:|1727981503
|move|p2a: Blissey|Thunderbolt|p1a: It's Joever.
|-supereffective|p1a: It's Joever.
|-damage|p1a: It's Joever.|70/100 slp
|cant|p1a: It's Joever.|slp
|
|-weather|Sandstorm|[upkeep]
|-damage|p1a: It's Joever.|64/100 slp|[from] Sandstorm
|-damage|p2a: Blissey|75/100|[from] Sandstorm
|-heal|p1a: It's Joever.|70/100 slp|[from] item: Leftovers
|-heal|p2a: Blissey|82/100|[from] item: Leftovers
|upkeep
|turn|98
|
|t:|1727981509
|move|p2a: Blissey|Thunderbolt|p1a: It's Joever.
|-supereffective|p1a: It's Joever.
|-damage|p1a: It's Joever.|55/100 slp
|-curestatus|p1a: It's Joever.|slp|[msg]
|move|p1a: It's Joever.|Roar|p2a: Blissey
|drag|p2a: Swampert|Swampert, M|18/100
|-damage|p2a: Swampert|0 fnt|[from] Spikes
|faint|p2a: Swampert
|
|t:|1727981516
|switch|p2a: Blissey|Blissey, F|82/100
|-damage|p2a: Blissey|57/100|[from] Spikes
|
|-weather|Sandstorm|[upkeep]
|-damage|p1a: It's Joever.|49/100|[from] Sandstorm
|-damage|p2a: Blissey|51/100|[from] Sandstorm
|-heal|p1a: It's Joever.|55/100|[from] item: Leftovers
|-heal|p2a: Blissey|57/100|[from] item: Leftovers
|upkeep
|turn|99
|
|t:|1727981519
|move|p1a: It's Joever.|Surf|p2a: Blissey
|-damage|p2a: Blissey|24/100
|move|p2a: Blissey|Soft-Boiled|p2a: Blissey
|-heal|p2a: Blissey|74/100
|
|-weather|Sandstorm|[upkeep]
|-damage|p1a: It's Joever.|49/100|[from] Sandstorm
|-damage|p2a: Blissey|68/100|[from] Sandstorm
|-heal|p1a: It's Joever.|55/100|[from] item: Leftovers
|-heal|p2a: Blissey|74/100|[from] item: Leftovers
|upkeep
|turn|100
|
|t:|1727981525
|move|p2a: Blissey|Soft-Boiled|p2a: Blissey
|-heal|p2a: Blissey|100/100
|move|p1a: It's Joever.|Roar|p2a: Blissey
|drag|p2a: Jirachi|Jirachi|87/100
|-damage|p2a: Jirachi|62/100|[from] Spikes
|
|-weather|Sandstorm|[upkeep]
|-damage|p1a: It's Joever.|49/100|[from] Sandstorm
|-heal|p1a: It's Joever.|55/100|[from] item: Leftovers
|-heal|p2a: Jirachi|68/100|[from] item: Leftovers
|upkeep
|turn|101
|
|t:|1727981532
|move|p1a: It's Joever.|Calm Mind|p1a: It's Joever.
|-boost|p1a: It's Joever.|spa|1
|-boost|p1a: It's Joever.|spd|1
|move|p2a: Jirachi|Toxic|p1a: It's Joever.|[miss]
|-miss|p2a: Jirachi|p1a: It's Joever.
|
|-weather|Sandstorm|[upkeep]
|-damage|p1a: It's Joever.|49/100|[from] Sandstorm
|-heal|p1a: It's Joever.|55/100|[from] item: Leftovers
|-heal|p2a: Jirachi|74/100|[from] item: Leftovers
|upkeep
|turn|102
|
|t:|1727981551
|move|p1a: It's Joever.|Surf|p2a: Jirachi
|-damage|p2a: Jirachi|15/100
|move|p2a: Jirachi|Toxic|p1a: It's Joever.
|-status|p1a: It's Joever.|tox
|
|-weather|Sandstorm|[upkeep]
|-damage|p1a: It's Joever.|49/100 tox|[from] Sandstorm
|-heal|p1a: It's Joever.|55/100 tox|[from] item: Leftovers
|-damage|p1a: It's Joever.|49/100 tox|[from] psn
|-heal|p2a: Jirachi|22/100|[from] item: Leftovers
|upkeep
|turn|103
|
|t:|1727981557
|move|p1a: It's Joever.|Rest|p1a: It's Joever.
|-status|p1a: It's Joever.|slp|[from] move: Rest
|-heal|p1a: It's Joever.|100/100 slp|[silent]
|move|p2a: Jirachi|Wish|p2a: Jirachi
|
|-weather|Sandstorm|[upkeep]
|-damage|p1a: It's Joever.|94/100 slp|[from] Sandstorm
|-heal|p1a: It's Joever.|100/100 slp|[from] item: Leftovers
|-heal|p2a: Jirachi|28/100|[from] item: Leftovers
|upkeep
|turn|104
|
|t:|1727981564
|switch|p2a: Blissey|Blissey, F|100/100
|-damage|p2a: Blissey|76/100|[from] Spikes
|cant|p1a: It's Joever.|slp
|
|-heal|p2a: Blissey|100/100|[from] move: Wish|[wisher] Jirachi
|-weather|Sandstorm|[upkeep]
|-damage|p1a: It's Joever.|94/100 slp|[from] Sandstorm
|-damage|p2a: Blissey|94/100|[from] Sandstorm
|-heal|p1a: It's Joever.|100/100 slp|[from] item: Leftovers
|-heal|p2a: Blissey|100/100|[from] item: Leftovers
|upkeep
|turn|105
|
|t:|1727981568
|move|p2a: Blissey|Thunderbolt|p1a: It's Joever.
|-supereffective|p1a: It's Joever.
|-damage|p1a: It's Joever.|88/100 slp
|cant|p1a: It's Joever.|slp
|
|-weather|Sandstorm|[upkeep]
|-damage|p1a: It's Joever.|82/100 slp|[from] Sandstorm
|-damage|p2a: Blissey|94/100|[from] Sandstorm
|-heal|p1a: It's Joever.|88/100 slp|[from] item: Leftovers
|-heal|p2a: Blissey|100/100|[from] item: Leftovers
|upkeep
|turn|106
|
|t:|1727981573
|move|p2a: Blissey|Thunderbolt|p1a: It's Joever.
|-supereffective|p1a: It's Joever.
|-damage|p1a: It's Joever.|74/100 slp
|-curestatus|p1a: It's Joever.|slp|[msg]
|move|p1a: It's Joever.|Roar|p2a: Blissey
|drag|p2a: Jirachi|Jirachi|28/100
|-damage|p2a: Jirachi|3/100|[from] Spikes
|
|-weather|Sandstorm|[upkeep]
|-damage|p1a: It's Joever.|68/100|[from] Sandstorm
|-heal|p1a: It's Joever.|74/100|[from] item: Leftovers
|-heal|p2a: Jirachi|9/100|[from] item: Leftovers
|upkeep
|turn|107
|
|t:|1727981580
|move|p1a: It's Joever.|Calm Mind|p1a: It's Joever.
|-boost|p1a: It's Joever.|spa|1
|-boost|p1a: It's Joever.|spd|1
|move|p2a: Jirachi|Toxic|p1a: It's Joever.
|-status|p1a: It's Joever.|tox
|
|-weather|Sandstorm|[upkeep]
|-damage|p1a: It's Joever.|68/100 tox|[from] Sandstorm
|-heal|p1a: It's Joever.|74/100 tox|[from] item: Leftovers
|-damage|p1a: It's Joever.|68/100 tox|[from] psn
|-heal|p2a: Jirachi|15/100|[from] item: Leftovers
|upkeep
|turn|108
|
|t:|1727981590
|move|p1a: It's Joever.|Calm Mind|p1a: It's Joever.
|-boost|p1a: It's Joever.|spa|1
|-boost|p1a: It's Joever.|spd|1
|move|p2a: Jirachi|Wish|p2a: Jirachi
|
|-weather|Sandstorm|[upkeep]
|-damage|p1a: It's Joever.|62/100 tox|[from] Sandstorm
|-heal|p1a: It's Joever.|68/100 tox|[from] item: Leftovers
|-damage|p1a: It's Joever.|55/100 tox|[from] psn
|-heal|p2a: Jirachi|21/100|[from] item: Leftovers
|upkeep
|turn|109
|
|t:|1727981598
|switch|p2a: Blissey|Blissey, F|100/100
|-damage|p2a: Blissey|76/100|[from] Spikes
|move|p1a: It's Joever.|Rest|p1a: It's Joever.
|-status|p1a: It's Joever.|slp|[from] move: Rest
|-heal|p1a: It's Joever.|100/100 slp|[silent]
|
|-heal|p2a: Blissey|100/100|[from] move: Wish|[wisher] Jirachi
|-weather|Sandstorm|[upkeep]
|-damage|p1a: It's Joever.|94/100 slp|[from] Sandstorm
|-damage|p2a: Blissey|94/100|[from] Sandstorm
|-heal|p1a: It's Joever.|100/100 slp|[from] item: Leftovers
|-heal|p2a: Blissey|100/100|[from] item: Leftovers
|upkeep
|turn|110
|
|t:|1727981607
|switch|p2a: Jirachi|Jirachi|21/100
|-damage|p2a: Jirachi|0 fnt|[from] Spikes
|faint|p2a: Jirachi
|
|t:|1727981611
|switch|p2a: Blissey|Blissey, F|100/100
|-damage|p2a: Blissey|76/100|[from] Spikes
|
|-weather|Sandstorm|[upkeep]
|-damage|p1a: It's Joever.|94/100 slp|[from] Sandstorm
|-damage|p2a: Blissey|69/100|[from] Sandstorm
|-heal|p1a: It's Joever.|100/100 slp|[from] item: Leftovers
|-heal|p2a: Blissey|76/100|[from] item: Leftovers
|upkeep
|turn|111
|
|t:|1727981636
|cant|p1a: It's Joever.|slp
|move|p2a: Blissey|Soft-Boiled|p2a: Blissey
|-heal|p2a: Blissey|100/100
|
|-weather|Sandstorm|[upkeep]
|-damage|p1a: It's Joever.|94/100 slp|[from] Sandstorm
|-damage|p2a: Blissey|94/100|[from] Sandstorm
|-heal|p1a: It's Joever.|100/100 slp|[from] item: Leftovers
|-heal|p2a: Blissey|100/100|[from] item: Leftovers
|upkeep
|turn|112
|
|t:|1727981642
|cant|p1a: It's Joever.|slp
|move|p2a: Blissey|Calm Mind|p2a: Blissey
|-boost|p2a: Blissey|spa|1
|-boost|p2a: Blissey|spd|1
|
|-weather|Sandstorm|[upkeep]
|-damage|p1a: It's Joever.|94/100 slp|[from] Sandstorm
|-damage|p2a: Blissey|94/100|[from] Sandstorm
|-heal|p1a: It's Joever.|100/100 slp|[from] item: Leftovers
|-heal|p2a: Blissey|100/100|[from] item: Leftovers
|upkeep
|turn|113
|
|t:|1727981649
|-curestatus|p1a: It's Joever.|slp|[msg]
|move|p1a: It's Joever.|Calm Mind|p1a: It's Joever.
|-boost|p1a: It's Joever.|spa|0
|-boost|p1a: It's Joever.|spd|0
|move|p2a: Blissey|Calm Mind|p2a: Blissey
|-boost|p2a: Blissey|spa|1
|-boost|p2a: Blissey|spd|1
|
|-weather|Sandstorm|[upkeep]
|-damage|p1a: It's Joever.|94/100|[from] Sandstorm
|-damage|p2a: Blissey|94/100|[from] Sandstorm
|-heal|p1a: It's Joever.|100/100|[from] item: Leftovers
|-heal|p2a: Blissey|100/100|[from] item: Leftovers
|upkeep
|turn|114
|
|t:|1727981654
|move|p1a: It's Joever.|Calm Mind|p1a: It's Joever.
|-boost|p1a: It's Joever.|spa|0
|-boost|p1a: It's Joever.|spd|0
|move|p2a: Blissey|Calm Mind|p2a: Blissey
|-boost|p2a: Blissey|spa|1
|-boost|p2a: Blissey|spd|1
|
|-weather|Sandstorm|[upkeep]
|-damage|p1a: It's Joever.|94/100|[from] Sandstorm
|-damage|p2a: Blissey|94/100|[from] Sandstorm
|-heal|p1a: It's Joever.|100/100|[from] item: Leftovers
|-heal|p2a: Blissey|100/100|[from] item: Leftovers
|upkeep
|turn|115
|
|t:|1727981657
|move|p1a: It's Joever.|Calm Mind|p1a: It's Joever.
|-boost|p1a: It's Joever.|spa|0
|-boost|p1a: It's Joever.|spd|0
|move|p2a: Blissey|Calm Mind|p2a: Blissey
|-boost|p2a: Blissey|spa|1
|-boost|p2a: Blissey|spd|1
|
|-weather|Sandstorm|[upkeep]
|-damage|p1a: It's Joever.|94/100|[from] Sandstorm
|-damage|p2a: Blissey|94/100|[from] Sandstorm
|-heal|p1a: It's Joever.|100/100|[from] item: Leftovers
|-heal|p2a: Blissey|100/100|[from] item: Leftovers
|upkeep
|turn|116
|
|t:|1727981661
|move|p1a: It's Joever.|Calm Mind|p1a: It's Joever.
|-boost|p1a: It's Joever.|spa|0
|-boost|p1a: It's Joever.|spd|0
|move|p2a: Blissey|Calm Mind|p2a: Blissey
|-boost|p2a: Blissey|spa|1
|-boost|p2a: Blissey|spd|1
|
|-weather|Sandstorm|[upkeep]
|-damage|p1a: It's Joever.|94/100|[from] Sandstorm
|-damage|p2a: Blissey|94/100|[from] Sandstorm
|-heal|p1a: It's Joever.|100/100|[from] item: Leftovers
|-heal|p2a: Blissey|100/100|[from] item: Leftovers
|upkeep
|turn|117
|
|t:|1727981665
|move|p1a: It's Joever.|Surf|p2a: Blissey
|-damage|p2a: Blissey|87/100
|move|p2a: Blissey|Ice Beam|p1a: It's Joever.
|-resisted|p1a: It's Joever.
|-damage|p1a: It's Joever.|92/100
|
|-weather|Sandstorm|[upkeep]
|-damage|p1a: It's Joever.|86/100|[from] Sandstorm
|-damage|p2a: Blissey|81/100|[from] Sandstorm
|-heal|p1a: It's Joever.|92/100|[from] item: Leftovers
|-heal|p2a: Blissey|87/100|[from] item: Leftovers
|upkeep
|turn|118
|
|t:|1727981671
|move|p1a: It's Joever.|Rest|p1a: It's Joever.
|-status|p1a: It's Joever.|slp|[from] move: Rest
|-heal|p1a: It's Joever.|100/100 slp|[silent]
|move|p2a: Blissey|Calm Mind|p2a: Blissey
|-boost|p2a: Blissey|spa|1
|-boost|p2a: Blissey|spd|1
|
|-weather|Sandstorm|[upkeep]
|-damage|p1a: It's Joever.|94/100 slp|[from] Sandstorm
|-damage|p2a: Blissey|81/100|[from] Sandstorm
|-heal|p1a: It's Joever.|100/100 slp|[from] item: Leftovers
|-heal|p2a: Blissey|87/100|[from] item: Leftovers
|upkeep
|turn|119
|
|t:|1727981676
|cant|p1a: It's Joever.|slp
|move|p2a: Blissey|Ice Beam|p1a: It's Joever.
|-resisted|p1a: It's Joever.
|-crit|p1a: It's Joever.
|-damage|p1a: It's Joever.|20/100 slp
|
|-weather|Sandstorm|[upkeep]
|-damage|p1a: It's Joever.|14/100 slp|[from] Sandstorm
|-damage|p2a: Blissey|81/100|[from] Sandstorm
|-heal|p1a: It's Joever.|20/100 slp|[from] item: Leftovers
|-heal|p2a: Blissey|87/100|[from] item: Leftovers
|upkeep
|turn|120
|
|t:|1727981682
|cant|p1a: It's Joever.|slp
|move|p2a: Blissey|Thunderbolt|p1a: It's Joever.
|-supereffective|p1a: It's Joever.
|-damage|p1a: It's Joever.|0 fnt
|faint|p1a: It's Joever.
|
|t:|1727981688
|switch|p1a: Swampert|Swampert, F|34/100
|-damage|p1a: Swampert|9/100|[from] Spikes
|
|-weather|Sandstorm|[upkeep]
|-damage|p2a: Blissey|81/100|[from] Sandstorm
|-heal|p1a: Swampert|16/100|[from] item: Leftovers
|-heal|p2a: Blissey|87/100|[from] item: Leftovers
|upkeep
|turn|121
|
|t:|1727981693
|move|p1a: Swampert|Toxic|p2a: Blissey
|-status|p2a: Blissey|tox
|move|p2a: Blissey|Ice Beam|p1a: Swampert
|-damage|p1a: Swampert|0 fnt
|faint|p1a: Swampert
|
|t:|1727981698
|switch|p1a: We're Barack.|Aerodactyl, M|82/100
|
|-weather|Sandstorm|[upkeep]
|-damage|p2a: Blissey|81/100 tox|[from] Sandstorm
|-heal|p2a: Blissey|87/100 tox|[from] item: Leftovers
|-damage|p2a: Blissey|81/100 tox|[from] psn
|upkeep
|turn|122
|
|t:|1727981708
|move|p1a: We're Barack.|Rock Slide|p2a: Blissey
|-damage|p2a: Blissey|25/100 tox
|cant|p2a: Blissey|flinch
|
|-weather|Sandstorm|[upkeep]
|-damage|p2a: Blissey|19/100 tox|[from] Sandstorm
|-heal|p2a: Blissey|25/100 tox|[from] item: Leftovers
|-damage|p2a: Blissey|13/100 tox|[from] psn
|upkeep
|turn|123
|c|☆gorditoconbigote|damn
|c|☆gorditoconbigote|gg
|
|t:|1727981717
|move|p1a: We're Barack.|Rock Slide|p2a: Blissey
|-crit|p2a: Blissey
|-damage|p2a: Blissey|0 fnt
|faint|p2a: Blissey
|
|win|Halbert Simpson

</script>
<script type="application/json" class="data" id="replaydata-smogtours-gen3ou-794301">
{"id":"smogtours-gen3ou-794301","format":"[Gen 3] OU","players":["Halbert Simpson","gorditoconbigote"],"uploadtime":1727981717,"views":99,"formatid":"gen3ou","rating":null,"private":0,"password":null}
</script>

<script defer src="js/replays.js?9d40a366"></script>
