<!DOCTYPE html>
<meta charset="utf-8" />
<meta name="viewport" content="width=device-width" />

<title>[Gen 3] OU: Tree69420 vs. WalterFartwelWhite - Replays - Pok&eacute;mon Showdown!</title>

<meta name="description" content="Watch a replay of a Pok&eacute;mon battle between Tree69420 and WalterFartwelWhite! Format: [Gen 3] OU; Date: Oct 6, 2024" />
<!--

Hey, you! Looking in the source for the replay log?

You can find them in JSON format, just add `.json` at the end of a replay URL.

https://replay.pokemonshowdown.com/gen7randomdoublesbattle-865046831.json

Or, if you only need the log itself, add `.log` instead:

https://replay.pokemonshowdown.com/gen7randomdoublesbattle-865046831.log

-->

<link rel="stylesheet" href="//pokemonshowdown.com/style/global.css?0.767286132409787" />
<link rel="stylesheet" href="//play.pokemonshowdown.com/style/font-awesome.css?0.9266228007934947" />
<link rel="stylesheet" href="//play.pokemonshowdown.com/style/battle.css?0.7924700842790926" />
<link rel="stylesheet" href="//play.pokemonshowdown.com/style/utilichart.css?0.8777417872839479" />

<!-- Global site tag (gtag.js) - Google Analytics -->
<script async src="https://www.googletagmanager.com/gtag/js?id=UA-26211653-1"></script>
<script>
  window.dataLayer = window.dataLayer || [];
  function gtag(){dataLayer.push(arguments);}
  gtag('js', new Date());

  gtag('config', 'UA-26211653-1');
</script>
<!-- End Google Analytics -->
<!-- Venatus Ad Manager - Install in <HEAD> of page -->
	<script src="https://hb.vntsm.com/v3/live/ad-manager.min.js" type="text/javascript" data-site-id="642aba63ec9a7b11c3c9c1be" data-mode="scan" async></script>
<!-- / Venatus Ad Manager -->

<style>
	@media (max-width:820px) {
		.battle {
			margin: 0 auto;
		}
		.battle-log {
			margin: 7px auto 0;
			max-width: 640px;
			height: 300px;
			position: static;
		}
	}
	.optgroup {
		display: inline-block;
		line-height: 22px;
		font-size: 10pt;
	}
	.optgroup .button {
		height: 25px;
		padding-top: 0;
		padding-bottom: 0;
	}
	.optgroup button.button {
		padding-left: 12px;
		padding-right: 12px;
	}
	.linklist {
		list-style: none;
		margin: 0.5em 0;
		padding: 0;
	}
	.linklist li {
		padding: 2px 0;
	}
	.sidebar {
		float: left;
		width: 320px;
	}
	.bar-wrapper {
		max-width: 1100px;
		margin: 0 auto;
	}
	.bar-wrapper.has-sidebar {
		max-width: 1430px;
	}
	.mainbar {
		margin: 0;
		padding-right: 1px;
	}
	.mainbar.has-sidebar {
		margin-left: 330px;
	}
	@media (min-width: 1511px) {
		.sidebar {
			width: 400px;
		}
		.bar-wrapper.has-sidebar {
			max-width: 1510px;
		}
		.mainbar.has-sidebar {
			margin-left: 410px;
		}
	}
	.section.first-section {
		margin-top: 9px;
	}
	.blocklink small {
		white-space: normal;
	}
	.button {
		vertical-align: middle;
	}
	.replay-controls {
		padding-top: 10px;
	}
	.replay-controls h1 {
		font-size: 16pt;
		font-weight: normal;
		color: #CCC;
	}
	.pagelink {
		text-align: center;
	}
	.pagelink a {
		width: 150px;
	}
	.textbox, .button {
		font-size: 11pt;
		vertical-align: middle;
	}
	@media (max-width: 450px) {
		.button {
			font-size: 9pt;
		}
	}
</style>

<div>

	<header>
		<div class="nav-wrapper"><ul class="nav">
			<li><a class="button nav-first" href="//pokemonshowdown.com/"><img src="//pokemonshowdown.com/images/pokemonshowdownbeta.png" srcset="//pokemonshowdown.com/images/pokemonshowdownbeta.png 1x, //pokemonshowdown.com/images/pokemonshowdownbeta@2x.png 2x" alt="Pok&eacute;mon Showdown" width="146" height="44" /> Home</a></li>
			<li><a class="button" href="//pokemonshowdown.com/dex/">Pok&eacute;dex</a></li>
			<li><a class="button cur" href="/">Replays</a></li>
			<li><a class="button" href="//pokemonshowdown.com/ladder/">Ladder</a></li>
			<li><a class="button nav-last" href="//pokemonshowdown.com/forums/">Forum</a></li>
			<li><a class="button greenbutton nav-first nav-last" href="//play.pokemonshowdown.com/">Play</a></li>
		</ul></div>
	</header>

	<div class="main" id="main">

		<noscript><section class="section">You need to enable JavaScript to use this page; sorry!</section></noscript>

	</div>

</div>

<script defer nomodule src="//play.pokemonshowdown.com/js/lib/ps-polyfill.js"></script>
<script defer src="//play.pokemonshowdown.com/js/lib/preact.min.js"></script>

<script defer src="//play.pokemonshowdown.com/config/config.js?6dec07f6"></script>
<script defer src="//play.pokemonshowdown.com/js/lib/jquery-1.11.0.min.js"></script>
<script defer src="//play.pokemonshowdown.com/js/lib/html-sanitizer-minified.js"></script>
<script defer src="//play.pokemonshowdown.com/js/battle-sound.js"></script>
<script defer src="//play.pokemonshowdown.com/js/battledata.js?0.6315294753075389"></script>
<script defer src="//play.pokemonshowdown.com/data/pokedex-mini.js?0.7603743185311358"></script>
<script defer src="//play.pokemonshowdown.com/data/pokedex-mini-bw.js?0.030888842834281283"></script>
<script defer src="//play.pokemonshowdown.com/data/graphics.js?0.05593094747507488"></script>
<script defer src="//play.pokemonshowdown.com/data/pokedex.js?0.47064822249611904"></script>
<script defer src="//play.pokemonshowdown.com/data/moves.js?0.8583693120512459"></script>
<script defer src="//play.pokemonshowdown.com/data/abilities.js?0.16017181182386842"></script>
<script defer src="//play.pokemonshowdown.com/data/items.js?0.4163379185673943"></script>
<script defer src="//play.pokemonshowdown.com/data/teambuilder-tables.js?0.31075597372830477"></script>
<script defer src="//play.pokemonshowdown.com/js/battle-tooltips.js?0.6536193500708172"></script>
<script defer src="//play.pokemonshowdown.com/js/battle.js?0.1916591943277901"></script>

<script defer src="js/utils.js?e31f9a17"></script>
<script defer src="js/replays-battle.js?7008c182"></script>

<!-- don't scrape this data! just add .json or .log after the URL!
Full API docs: https://github.com/smogon/pokemon-showdown-client/blob/master/WEB-API.md -->
<script type="text/plain" class="log" id="replaylog-smogtours-gen3ou-796044">
|inactive|Battle timer is ON: inactive players will automatically lose when time's up.
|badge|p1|silver|gen9uu|30-3
|uhtml|medal-msg|<div class="broadcast-blue">Curious what those medals under the avatar are? PS now has Ladder Seasons! For more information, check out the <a href="https://www.smogon.com/forums/threads/3740067/">thread on Smogon.<\/a><\/div>
|t:|1728252416
|gametype|singles
|player|p1|Tree69420|#rbyplivglacialarticunos|
|player|p2|WalterFartwelWhite|blaine|
|teamsize|p1|6
|teamsize|p2|6
|gen|3
|tier|[Gen 3] OU
|rule|Sleep Clause Mod: Limit one foe put to sleep
|rule|Switch Priority Clause Mod: Faster Pokémon switch first
|rule|Species Clause: Limit one of each Pokémon
|rule|OHKO Clause: OHKO moves are banned
|rule|Evasion Items Clause: Evasion items are banned
|rule|Evasion Moves Clause: Evasion moves are banned
|rule|Endless Battle Clause: Forcing endless battles is banned
|rule|HP Percentage Mod: HP is shown in percentages
|rule|One Boost Passer Clause: Limit one Baton Passer that has a way to boost its stats
|rule|Freeze Clause Mod: Limit one foe frozen
|
|t:|1728252416
|start
|switch|p1a: Tyranitar|Tyranitar, F|100/100
|switch|p2a: Suicune|Suicune|100/100
|-weather|Sandstorm|[from] ability: Sand Stream|[of] p1a: Tyranitar
|turn|1
|
|t:|1728252425
|switch|p1a: Blissey|Blissey, F|100/100
|move|p2a: Suicune|Calm Mind|p2a: Suicune
|-boost|p2a: Suicune|spa|1
|-boost|p2a: Suicune|spd|1
|
|-weather|Sandstorm|[upkeep]
|-damage|p2a: Suicune|94/100|[from] Sandstorm
|-damage|p1a: Blissey|94/100|[from] Sandstorm
|-heal|p2a: Suicune|100/100|[from] item: Leftovers
|-heal|p1a: Blissey|100/100|[from] item: Leftovers
|upkeep
|turn|2
|
|t:|1728252432
|move|p2a: Suicune|Hydro Pump|p1a: Blissey
|-damage|p1a: Blissey|66/100
|move|p1a: Blissey|Thunder Wave|p2a: Suicune
|-status|p2a: Suicune|par
|
|-weather|Sandstorm|[upkeep]
|-damage|p1a: Blissey|60/100|[from] Sandstorm
|-damage|p2a: Suicune|94/100 par|[from] Sandstorm
|-heal|p1a: Blissey|66/100|[from] item: Leftovers
|-heal|p2a: Suicune|100/100 par|[from] item: Leftovers
|upkeep
|turn|3
|
|t:|1728252438
|move|p1a: Blissey|Soft-Boiled|p1a: Blissey
|-heal|p1a: Blissey|100/100
|move|p2a: Suicune|Roar|p1a: Blissey
|drag|p1a: Tyranitar|Tyranitar, F|100/100
|
|-weather|Sandstorm|[upkeep]
|-damage|p2a: Suicune|94/100 par|[from] Sandstorm
|-heal|p2a: Suicune|100/100 par|[from] item: Leftovers
|upkeep
|turn|4
|
|t:|1728252445
|switch|p1a: Quagsire|Quagsire, F|100/100
|move|p2a: Suicune|Calm Mind|p2a: Suicune
|-boost|p2a: Suicune|spa|1
|-boost|p2a: Suicune|spd|1
|
|-weather|Sandstorm|[upkeep]
|-damage|p2a: Suicune|94/100 par|[from] Sandstorm
|-heal|p2a: Suicune|100/100 par|[from] item: Leftovers
|upkeep
|turn|5
|
|t:|1728252457
|move|p1a: Quagsire|Earthquake|p2a: Suicune
|-damage|p2a: Suicune|76/100 par
|move|p2a: Suicune|Ice Beam|p1a: Quagsire
|-damage|p1a: Quagsire|30/100
|
|-weather|Sandstorm|[upkeep]
|-damage|p2a: Suicune|70/100 par|[from] Sandstorm
|-heal|p1a: Quagsire|36/100|[from] item: Leftovers
|-heal|p2a: Suicune|76/100 par|[from] item: Leftovers
|upkeep
|turn|6
|
|t:|1728252467
|switch|p1a: Blissey|Blissey, F|100/100
|move|p2a: Suicune|Ice Beam|p1a: Blissey
|-crit|p1a: Blissey
|-damage|p1a: Blissey|58/100
|
|-weather|Sandstorm|[upkeep]
|-damage|p1a: Blissey|52/100|[from] Sandstorm
|-damage|p2a: Suicune|70/100 par|[from] Sandstorm
|-heal|p1a: Blissey|58/100|[from] item: Leftovers
|-heal|p2a: Suicune|76/100 par|[from] item: Leftovers
|upkeep
|turn|7
|
|t:|1728252473
|switch|p2a: Dugtrio|Dugtrio, F|100/100
|move|p1a: Blissey|Soft-Boiled|p1a: Blissey
|-heal|p1a: Blissey|100/100
|
|-weather|Sandstorm|[upkeep]
|-damage|p1a: Blissey|94/100|[from] Sandstorm
|-heal|p1a: Blissey|100/100|[from] item: Leftovers
|upkeep
|turn|8
|
|t:|1728252477
|move|p2a: Dugtrio|Beat Up|p1a: Blissey
|-damage|p1a: Blissey|90/100
|-damage|p1a: Blissey|81/100
|-damage|p1a: Blissey|71/100
|-damage|p1a: Blissey|59/100
|-damage|p1a: Blissey|42/100
|-hitcount|p1a: Blissey|5
|move|p1a: Blissey|Ice Beam|p2a: Dugtrio
|-supereffective|p2a: Dugtrio
|-damage|p2a: Dugtrio|19/100
|
|-weather|Sandstorm|[upkeep]
|-damage|p1a: Blissey|36/100|[from] Sandstorm
|-heal|p1a: Blissey|42/100|[from] item: Leftovers
|upkeep
|turn|9
|
|t:|1728252482
|move|p2a: Dugtrio|Beat Up|p1a: Blissey
|-crit|p1a: Blissey
|-damage|p1a: Blissey|22/100
|-damage|p1a: Blissey|11/100
|-damage|p1a: Blissey|1/100
|-damage|p1a: Blissey|0 fnt
|-hitcount|p1a: Blissey|4
|faint|p1a: Blissey
|
|t:|1728252483
|switch|p1a: Forretress|Forretress, F|100/100
|
|-weather|Sandstorm|[upkeep]
|upkeep
|turn|10
|
|t:|1728252490
|switch|p2a: Jirachi|Jirachi|100/100
|move|p1a: Forretress|Spikes|p2a: Jirachi
|-sidestart|p2: WalterFartwelWhite|Spikes
|
|-weather|Sandstorm|[upkeep]
|upkeep
|turn|11
|
|t:|1728252497
|switch|p1a: Charizard|Charizard, M|100/100
|move|p2a: Jirachi|Substitute|p2a: Jirachi
|-start|p2a: Jirachi|Substitute
|-damage|p2a: Jirachi|75/100
|
|-weather|Sandstorm|[upkeep]
|-damage|p1a: Charizard|94/100|[from] Sandstorm
|-heal|p1a: Charizard|100/100|[from] item: Leftovers
|-heal|p2a: Jirachi|82/100|[from] item: Leftovers
|upkeep
|turn|12
|
|t:|1728252500
|move|p1a: Charizard|Flamethrower|p2a: Jirachi
|-supereffective|p2a: Jirachi
|-end|p2a: Jirachi|Substitute
|move|p2a: Jirachi|Psychic|p1a: Charizard
|-damage|p1a: Charizard|45/100
|
|-weather|Sandstorm|[upkeep]
|-damage|p1a: Charizard|39/100|[from] Sandstorm
|-heal|p1a: Charizard|45/100|[from] item: Leftovers
|-heal|p2a: Jirachi|88/100|[from] item: Leftovers
|upkeep
|turn|13
|
|t:|1728252509
|switch|p1a: Tyranitar|Tyranitar, F|100/100
|switch|p2a: Dugtrio|Dugtrio, F|19/100
|-damage|p2a: Dugtrio|7/100|[from] Spikes
|
|-weather|Sandstorm|[upkeep]
|upkeep
|turn|14
|
|t:|1728252514
|move|p2a: Dugtrio|Earthquake|p1a: Tyranitar
|-supereffective|p1a: Tyranitar
|-damage|p1a: Tyranitar|19/100
|move|p1a: Tyranitar|Crunch|p2a: Dugtrio
|-damage|p2a: Dugtrio|0 fnt
|faint|p2a: Dugtrio
|
|t:|1728252530
|switch|p2a: Raikou|Raikou|100/100
|-damage|p2a: Raikou|88/100|[from] Spikes
|
|-weather|Sandstorm|[upkeep]
|-damage|p2a: Raikou|82/100|[from] Sandstorm
|-heal|p2a: Raikou|88/100|[from] item: Leftovers
|-heal|p1a: Tyranitar|25/100|[from] item: Leftovers
|upkeep
|turn|15
|
|t:|1728252535
|move|p2a: Raikou|Thunderbolt|p1a: Tyranitar
|-damage|p1a: Tyranitar|0 fnt
|faint|p1a: Tyranitar
|
|t:|1728252537
|switch|p1a: Flygon|Flygon, F|100/100
|
|-weather|Sandstorm|[upkeep]
|-damage|p2a: Raikou|82/100|[from] Sandstorm
|-heal|p2a: Raikou|88/100|[from] item: Leftovers
|upkeep
|turn|16
|
|t:|1728252542
|switch|p2a: Porygon2|Porygon2|100/100
|-damage|p2a: Porygon2|88/100|[from] Spikes
|-ability|p2a: Porygon2|Levitate|[from] ability: Trace|[of] p1a: Flygon
|move|p1a: Flygon|Earthquake|p2a: Porygon2
|-immune|p2a: Porygon2
|
|-weather|Sandstorm|[upkeep]
|-damage|p2a: Porygon2|82/100|[from] Sandstorm
|-heal|p2a: Porygon2|88/100|[from] item: Leftovers
|upkeep
|turn|17
|
|t:|1728252547
|switch|p1a: Forretress|Forretress, F|100/100
|move|p2a: Porygon2|Toxic|p1a: Forretress
|-immune|p1a: Forretress
|
|-weather|Sandstorm|[upkeep]
|-damage|p2a: Porygon2|82/100|[from] Sandstorm
|-heal|p2a: Porygon2|88/100|[from] item: Leftovers
|upkeep
|turn|18
|
|t:|1728252562
|switch|p2a: Jirachi|Jirachi|88/100
|-damage|p2a: Jirachi|75/100|[from] Spikes
|move|p1a: Forretress|Spikes|p2a: Jirachi
|-sidestart|p2: WalterFartwelWhite|Spikes
|
|-weather|Sandstorm|[upkeep]
|-heal|p2a: Jirachi|82/100|[from] item: Leftovers
|upkeep
|turn|19
|
|t:|1728252565
|move|p2a: Jirachi|Fire Punch|p1a: Forretress
|-supereffective|p1a: Forretress
|-damage|p1a: Forretress|17/100
|-status|p1a: Forretress|brn
|move|p1a: Forretress|Earthquake|p2a: Jirachi
|-supereffective|p2a: Jirachi
|-damage|p2a: Jirachi|63/100
|
|-weather|Sandstorm|[upkeep]
|-heal|p2a: Jirachi|69/100|[from] item: Leftovers
|-heal|p1a: Forretress|23/100 brn|[from] item: Leftovers
|-damage|p1a: Forretress|10/100 brn|[from] brn
|upkeep
|turn|20
|
|t:|1728252572
|switch|p1a: Flygon|Flygon, F|100/100
|move|p2a: Jirachi|Substitute|p2a: Jirachi
|-start|p2a: Jirachi|Substitute
|-damage|p2a: Jirachi|44/100
|
|-weather|Sandstorm|[upkeep]
|-heal|p2a: Jirachi|50/100|[from] item: Leftovers
|upkeep
|turn|21
|
|t:|1728252577
|move|p2a: Jirachi|Psychic|p1a: Flygon
|-damage|p1a: Flygon|62/100
|move|p1a: Flygon|Earthquake|p2a: Jirachi
|-supereffective|p2a: Jirachi
|-end|p2a: Jirachi|Substitute
|
|-weather|Sandstorm|[upkeep]
|-heal|p2a: Jirachi|57/100|[from] item: Leftovers
|-heal|p1a: Flygon|68/100|[from] item: Leftovers
|upkeep
|turn|22
|
|t:|1728252596
|move|p2a: Jirachi|Psychic|p1a: Flygon
|-damage|p1a: Flygon|28/100
|-unboost|p1a: Flygon|spd|1
|move|p1a: Flygon|Earthquake|p2a: Jirachi
|-supereffective|p2a: Jirachi
|-damage|p2a: Jirachi|3/100
|
|-weather|Sandstorm|[upkeep]
|-heal|p2a: Jirachi|9/100|[from] item: Leftovers
|-heal|p1a: Flygon|34/100|[from] item: Leftovers
|upkeep
|turn|23
|
|t:|1728252608
|switch|p1a: Forretress|Forretress, F|10/100 brn
|move|p2a: Jirachi|Psychic|p1a: Forretress
|-resisted|p1a: Forretress
|-crit|p1a: Forretress
|-damage|p1a: Forretress|0 fnt
|faint|p1a: Forretress
|
|t:|1728252614
|switch|p1a: Charizard|Charizard, M|45/100
|
|-weather|Sandstorm|[upkeep]
|-damage|p1a: Charizard|39/100|[from] Sandstorm
|-heal|p1a: Charizard|45/100|[from] item: Leftovers
|-heal|p2a: Jirachi|16/100|[from] item: Leftovers
|upkeep
|turn|24
|
|t:|1728252633
|move|p1a: Charizard|Flamethrower|p2a: Jirachi
|-supereffective|p2a: Jirachi
|-damage|p2a: Jirachi|0 fnt
|faint|p2a: Jirachi
|
|t:|1728252639
|switch|p2a: Raikou|Raikou|88/100
|-damage|p2a: Raikou|72/100|[from] Spikes
|
|-weather|Sandstorm|[upkeep]
|-damage|p2a: Raikou|65/100|[from] Sandstorm
|-damage|p1a: Charizard|39/100|[from] Sandstorm
|-heal|p2a: Raikou|72/100|[from] item: Leftovers
|-heal|p1a: Charizard|45/100|[from] item: Leftovers
|upkeep
|turn|25
|
|t:|1728252644
|move|p2a: Raikou|Calm Mind|p2a: Raikou
|-boost|p2a: Raikou|spa|1
|-boost|p2a: Raikou|spd|1
|move|p1a: Charizard|Flamethrower|p2a: Raikou
|-damage|p2a: Raikou|39/100
|
|-weather|Sandstorm|[upkeep]
|-damage|p2a: Raikou|33/100|[from] Sandstorm
|-damage|p1a: Charizard|39/100|[from] Sandstorm
|-heal|p2a: Raikou|39/100|[from] item: Leftovers
|-heal|p1a: Charizard|45/100|[from] item: Leftovers
|upkeep
|turn|26
|
|t:|1728252649
|switch|p1a: Flygon|Flygon, F|34/100
|move|p2a: Raikou|Thunderbolt|p1a: Flygon
|-immune|p1a: Flygon
|
|-weather|Sandstorm|[upkeep]
|-damage|p2a: Raikou|33/100|[from] Sandstorm
|-heal|p2a: Raikou|39/100|[from] item: Leftovers
|-heal|p1a: Flygon|40/100|[from] item: Leftovers
|upkeep
|turn|27
|
|t:|1728252656
|move|p2a: Raikou|Hidden Power|p1a: Flygon
|-damage|p1a: Flygon|0 fnt
|faint|p1a: Flygon
|c|☆Tree69420|dammit
|c|☆Tree69420|gg
|-message|Tree69420 forfeited.
|
|win|WalterFartwelWhite
|c|☆WalterFartwelWhite|gg
|player|p2|

</script>
<script type="application/json" class="data" id="replaydata-smogtours-gen3ou-796044">
{"id":"smogtours-gen3ou-796044","format":"[Gen 3] OU","players":["Tree69420","WalterFartwelWhite"],"uploadtime":1728252667,"views":141,"formatid":"gen3ou","rating":null,"private":0,"password":null}
</script>

<script defer src="js/replays.js?9d40a366"></script>
