<!DOCTYPE html>
<meta charset="utf-8" />
<meta name="viewport" content="width=device-width" />

<title>[Gen 3] OU: RedCrimp vs. woeishuen - Replays - Pok&eacute;mon Showdown!</title>

<meta name="description" content="Watch a replay of a Pok&eacute;mon battle between RedCrimp and woeishuen! Format: [Gen 3] OU; Date: Oct 8, 2024" />
<!--

Hey, you! Looking in the source for the replay log?

You can find them in JSON format, just add `.json` at the end of a replay URL.

https://replay.pokemonshowdown.com/gen7randomdoublesbattle-865046831.json

Or, if you only need the log itself, add `.log` instead:

https://replay.pokemonshowdown.com/gen7randomdoublesbattle-865046831.log

-->

<link rel="stylesheet" href="//pokemonshowdown.com/style/global.css?0.767286132409787" />
<link rel="stylesheet" href="//play.pokemonshowdown.com/style/font-awesome.css?0.9266228007934947" />
<link rel="stylesheet" href="//play.pokemonshowdown.com/style/battle.css?0.7924700842790926" />
<link rel="stylesheet" href="//play.pokemonshowdown.com/style/utilichart.css?0.8777417872839479" />

<!-- Global site tag (gtag.js) - Google Analytics -->
<script async src="https://www.googletagmanager.com/gtag/js?id=UA-26211653-1"></script>
<script>
  window.dataLayer = window.dataLayer || [];
  function gtag(){dataLayer.push(arguments);}
  gtag('js', new Date());

  gtag('config', 'UA-26211653-1');
</script>
<!-- End Google Analytics -->
<!-- Venatus Ad Manager - Install in <HEAD> of page -->
	<script src="https://hb.vntsm.com/v3/live/ad-manager.min.js" type="text/javascript" data-site-id="642aba63ec9a7b11c3c9c1be" data-mode="scan" async></script>
<!-- / Venatus Ad Manager -->

<style>
	@media (max-width:820px) {
		.battle {
			margin: 0 auto;
		}
		.battle-log {
			margin: 7px auto 0;
			max-width: 640px;
			height: 300px;
			position: static;
		}
	}
	.optgroup {
		display: inline-block;
		line-height: 22px;
		font-size: 10pt;
	}
	.optgroup .button {
		height: 25px;
		padding-top: 0;
		padding-bottom: 0;
	}
	.optgroup button.button {
		padding-left: 12px;
		padding-right: 12px;
	}
	.linklist {
		list-style: none;
		margin: 0.5em 0;
		padding: 0;
	}
	.linklist li {
		padding: 2px 0;
	}
	.sidebar {
		float: left;
		width: 320px;
	}
	.bar-wrapper {
		max-width: 1100px;
		margin: 0 auto;
	}
	.bar-wrapper.has-sidebar {
		max-width: 1430px;
	}
	.mainbar {
		margin: 0;
		padding-right: 1px;
	}
	.mainbar.has-sidebar {
		margin-left: 330px;
	}
	@media (min-width: 1511px) {
		.sidebar {
			width: 400px;
		}
		.bar-wrapper.has-sidebar {
			max-width: 1510px;
		}
		.mainbar.has-sidebar {
			margin-left: 410px;
		}
	}
	.section.first-section {
		margin-top: 9px;
	}
	.blocklink small {
		white-space: normal;
	}
	.button {
		vertical-align: middle;
	}
	.replay-controls {
		padding-top: 10px;
	}
	.replay-controls h1 {
		font-size: 16pt;
		font-weight: normal;
		color: #CCC;
	}
	.pagelink {
		text-align: center;
	}
	.pagelink a {
		width: 150px;
	}
	.textbox, .button {
		font-size: 11pt;
		vertical-align: middle;
	}
	@media (max-width: 450px) {
		.button {
			font-size: 9pt;
		}
	}
</style>

<div>

	<header>
		<div class="nav-wrapper"><ul class="nav">
			<li><a class="button nav-first" href="//pokemonshowdown.com/"><img src="//pokemonshowdown.com/images/pokemonshowdownbeta.png" srcset="//pokemonshowdown.com/images/pokemonshowdownbeta.png 1x, //pokemonshowdown.com/images/pokemonshowdownbeta@2x.png 2x" alt="Pok&eacute;mon Showdown" width="146" height="44" /> Home</a></li>
			<li><a class="button" href="//pokemonshowdown.com/dex/">Pok&eacute;dex</a></li>
			<li><a class="button cur" href="/">Replays</a></li>
			<li><a class="button" href="//pokemonshowdown.com/ladder/">Ladder</a></li>
			<li><a class="button nav-last" href="//pokemonshowdown.com/forums/">Forum</a></li>
			<li><a class="button greenbutton nav-first nav-last" href="//play.pokemonshowdown.com/">Play</a></li>
		</ul></div>
	</header>

	<div class="main" id="main">

		<noscript><section class="section">You need to enable JavaScript to use this page; sorry!</section></noscript>

	</div>

</div>

<script defer nomodule src="//play.pokemonshowdown.com/js/lib/ps-polyfill.js"></script>
<script defer src="//play.pokemonshowdown.com/js/lib/preact.min.js"></script>

<script defer src="//play.pokemonshowdown.com/config/config.js?6dec07f6"></script>
<script defer src="//play.pokemonshowdown.com/js/lib/jquery-1.11.0.min.js"></script>
<script defer src="//play.pokemonshowdown.com/js/lib/html-sanitizer-minified.js"></script>
<script defer src="//play.pokemonshowdown.com/js/battle-sound.js"></script>
<script defer src="//play.pokemonshowdown.com/js/battledata.js?0.6315294753075389"></script>
<script defer src="//play.pokemonshowdown.com/data/pokedex-mini.js?0.7603743185311358"></script>
<script defer src="//play.pokemonshowdown.com/data/pokedex-mini-bw.js?0.030888842834281283"></script>
<script defer src="//play.pokemonshowdown.com/data/graphics.js?0.05593094747507488"></script>
<script defer src="//play.pokemonshowdown.com/data/pokedex.js?0.47064822249611904"></script>
<script defer src="//play.pokemonshowdown.com/data/moves.js?0.8583693120512459"></script>
<script defer src="//play.pokemonshowdown.com/data/abilities.js?0.16017181182386842"></script>
<script defer src="//play.pokemonshowdown.com/data/items.js?0.4163379185673943"></script>
<script defer src="//play.pokemonshowdown.com/data/teambuilder-tables.js?0.31075597372830477"></script>
<script defer src="//play.pokemonshowdown.com/js/battle-tooltips.js?0.6536193500708172"></script>
<script defer src="//play.pokemonshowdown.com/js/battle.js?0.1916591943277901"></script>

<script defer src="js/utils.js?e31f9a17"></script>
<script defer src="js/replays-battle.js?7008c182"></script>

<!-- don't scrape this data! just add .json or .log after the URL!
Full API docs: https://github.com/smogon/pokemon-showdown-client/blob/master/WEB-API.md -->
<script type="text/plain" class="log" id="replaylog-smogtours-gen3ou-796456">
|inactive|Battle timer is ON: inactive players will automatically lose when time's up.
|t:|1728415378
|gametype|singles
|player|p1|RedCrimp|1|
|player|p2|woeishuen|2|
|teamsize|p1|6
|teamsize|p2|6
|gen|3
|tier|[Gen 3] OU
|rule|Sleep Clause Mod: Limit one foe put to sleep
|rule|Switch Priority Clause Mod: Faster Pokémon switch first
|rule|Species Clause: Limit one of each Pokémon
|rule|OHKO Clause: OHKO moves are banned
|rule|Evasion Items Clause: Evasion items are banned
|rule|Evasion Moves Clause: Evasion moves are banned
|rule|Endless Battle Clause: Forcing endless battles is banned
|rule|HP Percentage Mod: HP is shown in percentages
|rule|One Boost Passer Clause: Limit one Baton Passer that has a way to boost its stats
|rule|Freeze Clause Mod: Limit one foe frozen
|
|t:|1728415378
|start
|switch|p1a: Tyranitar|Tyranitar, F|100/100
|switch|p2a: Jolteon|Jolteon, F|100/100
|-weather|Sandstorm|[from] ability: Sand Stream|[of] p1a: Tyranitar
|turn|1
|
|t:|1728415396
|move|p2a: Jolteon|Thunderbolt|p1a: Tyranitar
|-damage|p1a: Tyranitar|61/100
|move|p1a: Tyranitar|Rock Slide|p2a: Jolteon
|-damage|p2a: Jolteon|0 fnt
|faint|p2a: Jolteon
|inactive|woeishuen has 270 seconds left.
|
|t:|1728415435
|switch|p2a: Dugtrio|Dugtrio, F|100/100
|
|-weather|Sandstorm|[upkeep]
|upkeep
|turn|2
|
|t:|1728415438
|move|p2a: Dugtrio|Earthquake|p1a: Tyranitar
|-supereffective|p1a: Tyranitar
|-damage|p1a: Tyranitar|0 fnt
|faint|p1a: Tyranitar
|
|t:|1728415441
|switch|p1a: Skarmory|Skarmory, M|100/100
|
|-weather|Sandstorm|[upkeep]
|upkeep
|turn|3
|
|t:|1728415445
|switch|p2a: Zapdos|Zapdos|100/100
|move|p1a: Skarmory|Spikes|p2a: Zapdos
|-sidestart|p2: woeishuen|Spikes
|
|-weather|Sandstorm|[upkeep]
|-damage|p2a: Zapdos|94/100|[from] Sandstorm
|-heal|p2a: Zapdos|100/100|[from] item: Leftovers
|upkeep
|turn|4
|
|t:|1728415456
|switch|p1a: Claydol|Claydol|100/100
|move|p2a: Zapdos|Thunderbolt|p1a: Claydol
|-immune|p1a: Claydol
|
|-weather|Sandstorm|[upkeep]
|-damage|p2a: Zapdos|94/100|[from] Sandstorm
|-heal|p2a: Zapdos|100/100|[from] item: Leftovers
|upkeep
|turn|5
|
|t:|1728415461
|move|p2a: Zapdos|Hidden Power|p1a: Claydol
|-supereffective|p1a: Claydol
|-damage|p1a: Claydol|61/100
|move|p1a: Claydol|Psychic|p2a: Zapdos
|-damage|p2a: Zapdos|86/100
|
|-weather|Sandstorm|[upkeep]
|-damage|p2a: Zapdos|80/100|[from] Sandstorm
|-heal|p2a: Zapdos|86/100|[from] item: Leftovers
|-heal|p1a: Claydol|67/100|[from] item: Leftovers
|upkeep
|turn|6
|
|t:|1728415468
|move|p2a: Zapdos|Hidden Power|p1a: Claydol
|-supereffective|p1a: Claydol
|-damage|p1a: Claydol|29/100
|move|p1a: Claydol|Explosion|p2a: Zapdos
|-damage|p2a: Zapdos|0 fnt
|faint|p1a: Claydol
|faint|p2a: Zapdos
|
|t:|1728415476
|switch|p2a: Suicune|Suicune|100/100
|switch|p1a: Charizard|Charizard, F|100/100
|-damage|p2a: Suicune|88/100|[from] Spikes
|
|-weather|Sandstorm|[upkeep]
|-damage|p1a: Charizard|94/100|[from] Sandstorm
|-damage|p2a: Suicune|82/100|[from] Sandstorm
|-heal|p1a: Charizard|100/100|[from] item: Leftovers
|-heal|p2a: Suicune|88/100|[from] item: Leftovers
|upkeep
|turn|7
|
|t:|1728415483
|switch|p1a: Blissey|Blissey, F|100/100
|move|p2a: Suicune|Hydro Pump|p1a: Blissey
|-crit|p1a: Blissey
|-damage|p1a: Blissey|53/100
|
|-weather|Sandstorm|[upkeep]
|-damage|p2a: Suicune|82/100|[from] Sandstorm
|-damage|p1a: Blissey|47/100|[from] Sandstorm
|-heal|p2a: Suicune|88/100|[from] item: Leftovers
|-heal|p1a: Blissey|53/100|[from] item: Leftovers
|upkeep
|turn|8
|
|t:|1728415494
|switch|p2a: Dugtrio|Dugtrio, F|100/100
|-damage|p2a: Dugtrio|88/100|[from] Spikes
|switch|p1a: Skarmory|Skarmory, M|100/100
|
|-weather|Sandstorm|[upkeep]
|upkeep
|turn|9
|
|t:|1728415501
|switch|p2a: Raikou|Raikou|100/100
|-damage|p2a: Raikou|88/100|[from] Spikes
|move|p1a: Skarmory|Roar|p2a: Raikou
|drag|p2a: Dugtrio|Dugtrio, F|88/100
|-damage|p2a: Dugtrio|76/100|[from] Spikes
|
|-weather|Sandstorm|[upkeep]
|upkeep
|turn|10
|
|t:|1728415514
|switch|p2a: Raikou|Raikou|88/100
|-damage|p2a: Raikou|76/100|[from] Spikes
|move|p1a: Skarmory|Roar|p2a: Raikou
|drag|p2a: Machamp|Machamp, M|100/100
|-damage|p2a: Machamp|88/100|[from] Spikes
|
|-weather|Sandstorm|[upkeep]
|-damage|p2a: Machamp|82/100|[from] Sandstorm
|-heal|p2a: Machamp|88/100|[from] item: Leftovers
|upkeep
|turn|11
|
|t:|1728415521
|switch|p2a: Raikou|Raikou|76/100
|-damage|p2a: Raikou|63/100|[from] Spikes
|move|p1a: Skarmory|Drill Peck|p2a: Raikou
|-resisted|p2a: Raikou
|-damage|p2a: Raikou|48/100
|
|-weather|Sandstorm|[upkeep]
|-damage|p2a: Raikou|41/100|[from] Sandstorm
|-heal|p2a: Raikou|48/100|[from] item: Leftovers
|upkeep
|turn|12
|
|t:|1728415530
|move|p2a: Raikou|Calm Mind|p2a: Raikou
|-boost|p2a: Raikou|spa|1
|-boost|p2a: Raikou|spd|1
|move|p1a: Skarmory|Roar|p2a: Raikou
|drag|p2a: Dugtrio|Dugtrio, F|76/100
|-damage|p2a: Dugtrio|64/100|[from] Spikes
|
|-weather|Sandstorm|[upkeep]
|upkeep
|turn|13
|
|t:|1728415535
|move|p2a: Dugtrio|Rock Slide|p1a: Skarmory
|-damage|p1a: Skarmory|76/100
|move|p1a: Skarmory|Spikes|p2a: Dugtrio
|-sidestart|p2: woeishuen|Spikes
|
|-weather|Sandstorm|[upkeep]
|-heal|p1a: Skarmory|82/100|[from] item: Leftovers
|upkeep
|turn|14
|
|t:|1728415540
|move|p2a: Dugtrio|Rock Slide|p1a: Skarmory
|-damage|p1a: Skarmory|59/100
|move|p1a: Skarmory|Roar|p2a: Dugtrio
|drag|p2a: Raikou|Raikou|48/100
|-damage|p2a: Raikou|31/100|[from] Spikes
|
|-weather|Sandstorm|[upkeep]
|-damage|p2a: Raikou|25/100|[from] Sandstorm
|-heal|p2a: Raikou|31/100|[from] item: Leftovers
|-heal|p1a: Skarmory|65/100|[from] item: Leftovers
|upkeep
|turn|15
|
|t:|1728415555
|move|p2a: Raikou|Thunderbolt|p1a: Skarmory
|-supereffective|p1a: Skarmory
|-damage|p1a: Skarmory|0 fnt
|faint|p1a: Skarmory
|
|t:|1728415557
|switch|p1a: Blissey|Blissey, F|53/100
|
|-weather|Sandstorm|[upkeep]
|-damage|p2a: Raikou|25/100|[from] Sandstorm
|-damage|p1a: Blissey|47/100|[from] Sandstorm
|-heal|p2a: Raikou|31/100|[from] item: Leftovers
|-heal|p1a: Blissey|53/100|[from] item: Leftovers
|upkeep
|turn|16
|
|t:|1728415561
|switch|p2a: Machamp|Machamp, M|88/100
|-damage|p2a: Machamp|72/100|[from] Spikes
|move|p1a: Blissey|Soft-Boiled|p1a: Blissey
|-heal|p1a: Blissey|100/100
|
|-weather|Sandstorm|[upkeep]
|-damage|p1a: Blissey|94/100|[from] Sandstorm
|-damage|p2a: Machamp|66/100|[from] Sandstorm
|-heal|p1a: Blissey|100/100|[from] item: Leftovers
|-heal|p2a: Machamp|72/100|[from] item: Leftovers
|upkeep
|turn|17
|
|t:|1728415569
|switch|p1a: Swampert|Swampert, M|100/100
|move|p2a: Machamp|Cross Chop|p1a: Swampert|[miss]
|-miss|p2a: Machamp|p1a: Swampert
|
|-weather|Sandstorm|[upkeep]
|-damage|p2a: Machamp|66/100|[from] Sandstorm
|-heal|p2a: Machamp|72/100|[from] item: Leftovers
|upkeep
|turn|18
|
|t:|1728415578
|move|p1a: Swampert|Surf|p2a: Machamp
|-damage|p2a: Machamp|42/100
|move|p2a: Machamp|Cross Chop|p1a: Swampert
|-crit|p1a: Swampert
|-damage|p1a: Swampert|24/100
|
|-weather|Sandstorm|[upkeep]
|-damage|p2a: Machamp|36/100|[from] Sandstorm
|-heal|p1a: Swampert|30/100|[from] item: Leftovers
|-heal|p2a: Machamp|42/100|[from] item: Leftovers
|upkeep
|turn|19
|
|t:|1728415588
|switch|p2a: Suicune|Suicune|88/100
|-damage|p2a: Suicune|72/100|[from] Spikes
|move|p1a: Swampert|Surf|p2a: Suicune
|-resisted|p2a: Suicune
|-damage|p2a: Suicune|54/100
|
|-weather|Sandstorm|[upkeep]
|-damage|p2a: Suicune|48/100|[from] Sandstorm
|-heal|p2a: Suicune|54/100|[from] item: Leftovers
|-heal|p1a: Swampert|36/100|[from] item: Leftovers
|upkeep
|turn|20
|
|t:|1728415594
|move|p2a: Suicune|Hydro Pump|p1a: Swampert|[miss]
|-miss|p2a: Suicune|p1a: Swampert
|move|p1a: Swampert|Toxic|p2a: Suicune
|-status|p2a: Suicune|tox
|
|-weather|Sandstorm|[upkeep]
|-damage|p2a: Suicune|48/100 tox|[from] Sandstorm
|-heal|p2a: Suicune|54/100 tox|[from] item: Leftovers
|-damage|p2a: Suicune|48/100 tox|[from] psn
|-heal|p1a: Swampert|42/100|[from] item: Leftovers
|upkeep
|turn|21
|
|t:|1728415600
|switch|p2a: Machamp|Machamp, M|42/100
|-damage|p2a: Machamp|26/100|[from] Spikes
|move|p1a: Swampert|Surf|p2a: Machamp
|-damage|p2a: Machamp|0 fnt
|faint|p2a: Machamp
|
|t:|1728415603
|switch|p2a: Dugtrio|Dugtrio, F|64/100
|-damage|p2a: Dugtrio|47/100|[from] Spikes
|
|-weather|Sandstorm|[upkeep]
|-heal|p1a: Swampert|49/100|[from] item: Leftovers
|upkeep
|turn|22
|
|t:|1728415609
|move|p1a: Swampert|Protect|p1a: Swampert
|-singleturn|p1a: Swampert|Protect
|move|p2a: Dugtrio|Earthquake|p1a: Swampert
|-activate|p1a: Swampert|Protect
|
|-weather|Sandstorm|[upkeep]
|-heal|p1a: Swampert|55/100|[from] item: Leftovers
|upkeep
|turn|23
|
|t:|1728415614
|move|p2a: Dugtrio|Earthquake|p1a: Swampert
|-damage|p1a: Swampert|13/100
|move|p1a: Swampert|Surf|p2a: Dugtrio
|-supereffective|p2a: Dugtrio
|-damage|p2a: Dugtrio|0 fnt
|faint|p2a: Dugtrio
|
|t:|1728415623
|switch|p2a: Raikou|Raikou|31/100
|-damage|p2a: Raikou|15/100|[from] Spikes
|
|-weather|Sandstorm|[upkeep]
|-damage|p2a: Raikou|9/100|[from] Sandstorm
|-heal|p2a: Raikou|15/100|[from] item: Leftovers
|-heal|p1a: Swampert|19/100|[from] item: Leftovers
|upkeep
|turn|24
|
|t:|1728415626
|move|p2a: Raikou|Hidden Power|p1a: Swampert
|-damage|p1a: Swampert|0 fnt
|faint|p1a: Swampert
|
|t:|1728415629
|switch|p1a: Blissey|Blissey, F|100/100
|
|-weather|Sandstorm|[upkeep]
|-damage|p2a: Raikou|9/100|[from] Sandstorm
|-damage|p1a: Blissey|94/100|[from] Sandstorm
|-heal|p2a: Raikou|15/100|[from] item: Leftovers
|-heal|p1a: Blissey|100/100|[from] item: Leftovers
|upkeep
|turn|25
|
|t:|1728415634
|move|p2a: Raikou|Calm Mind|p2a: Raikou
|-boost|p2a: Raikou|spa|1
|-boost|p2a: Raikou|spd|1
|move|p1a: Blissey|Ice Beam|p2a: Raikou
|-damage|p2a: Raikou|0 fnt
|faint|p2a: Raikou
|
|t:|1728415636
|switch|p2a: Suicune|Suicune|48/100 tox
|-damage|p2a: Suicune|32/100 tox|[from] Spikes
|
|-weather|Sandstorm|[upkeep]
|-damage|p2a: Suicune|25/100 tox|[from] Sandstorm
|-damage|p1a: Blissey|94/100|[from] Sandstorm
|-heal|p2a: Suicune|32/100 tox|[from] item: Leftovers
|-damage|p2a: Suicune|25/100 tox|[from] psn
|-heal|p1a: Blissey|100/100|[from] item: Leftovers
|upkeep
|turn|26
|c|☆woeishuen|gg
|c|☆RedCrimp|gg
|
|t:|1728415642
|move|p2a: Suicune|Hydro Pump|p1a: Blissey
|-damage|p1a: Blissey|80/100
|move|p1a: Blissey|Calm Mind|p1a: Blissey
|-boost|p1a: Blissey|spa|1
|-boost|p1a: Blissey|spd|1
|
|-weather|Sandstorm|[upkeep]
|-damage|p2a: Suicune|19/100 tox|[from] Sandstorm
|-damage|p1a: Blissey|74/100|[from] Sandstorm
|-heal|p2a: Suicune|25/100 tox|[from] item: Leftovers
|-damage|p2a: Suicune|13/100 tox|[from] psn
|-heal|p1a: Blissey|80/100|[from] item: Leftovers
|upkeep
|turn|27
|
|t:|1728415646
|move|p2a: Suicune|Hydro Pump|p1a: Blissey|[miss]
|-miss|p2a: Suicune|p1a: Blissey
|move|p1a: Blissey|Thunderbolt|p2a: Suicune
|-supereffective|p2a: Suicune
|-damage|p2a: Suicune|0 fnt
|faint|p2a: Suicune
|
|win|RedCrimp
|c|☆RedCrimp|i apologize for the bad luck
|c|☆woeishuen|it do be like that

</script>
<script type="application/json" class="data" id="replaydata-smogtours-gen3ou-796456">
{"id":"smogtours-gen3ou-796456","format":"[Gen 3] OU","players":["RedCrimp","woeishuen"],"uploadtime":1728415646,"views":122,"formatid":"gen3ou","rating":null,"private":0,"password":null}
</script>

<script defer src="js/replays.js?9d40a366"></script>
