<!DOCTYPE html>
<meta charset="utf-8" />
<meta name="viewport" content="width=device-width" />

<title>[Gen 3] OU: Dr4gonl0rd vs. charku - Replays - Pok&eacute;mon Showdown!</title>

<meta name="description" content="Watch a replay of a Pok&eacute;mon battle between Dr4gonl0rd and charku! Format: [Gen 3] OU; Date: Nov 4, 2024" />
<!--

Hey, you! Looking in the source for the replay log?

You can find them in JSON format, just add `.json` at the end of a replay URL.

https://replay.pokemonshowdown.com/gen7randomdoublesbattle-865046831.json

Or, if you only need the log itself, add `.log` instead:

https://replay.pokemonshowdown.com/gen7randomdoublesbattle-865046831.log

-->

<link rel="stylesheet" href="//pokemonshowdown.com/style/global.css?0.023195364461161105" />
<link rel="stylesheet" href="//play.pokemonshowdown.com/style/font-awesome.css?0.13261647063804238" />
<link rel="stylesheet" href="//play.pokemonshowdown.com/style/battle.css?0.8753245789963631" />
<link rel="stylesheet" href="//play.pokemonshowdown.com/style/utilichart.css?0.8627959624976733" />

<!-- Global site tag (gtag.js) - Google Analytics -->
<script async src="https://www.googletagmanager.com/gtag/js?id=UA-26211653-1"></script>
<script>
  window.dataLayer = window.dataLayer || [];
  function gtag(){dataLayer.push(arguments);}
  gtag('js', new Date());

  gtag('config', 'UA-26211653-1');
</script>
<!-- End Google Analytics -->
<!-- Venatus Ad Manager - Install in <HEAD> of page -->
	<script src="https://hb.vntsm.com/v3/live/ad-manager.min.js" type="text/javascript" data-site-id="642aba63ec9a7b11c3c9c1be" data-mode="scan" async></script>
<!-- / Venatus Ad Manager -->

<style>
	@media (max-width:820px) {
		.battle {
			margin: 0 auto;
		}
		.battle-log {
			margin: 7px auto 0;
			max-width: 640px;
			height: 300px;
			position: static;
		}
	}
	.optgroup {
		display: inline-block;
		line-height: 22px;
		font-size: 10pt;
	}
	.optgroup .button {
		height: 25px;
		padding-top: 0;
		padding-bottom: 0;
	}
	.optgroup button.button {
		padding-left: 12px;
		padding-right: 12px;
	}
	.linklist {
		list-style: none;
		margin: 0.5em 0;
		padding: 0;
	}
	.linklist li {
		padding: 2px 0;
	}
	.sidebar {
		float: left;
		width: 320px;
	}
	.bar-wrapper {
		max-width: 1100px;
		margin: 0 auto;
	}
	.bar-wrapper.has-sidebar {
		max-width: 1430px;
	}
	.mainbar {
		margin: 0;
		padding-right: 1px;
	}
	.mainbar.has-sidebar {
		margin-left: 330px;
	}
	@media (min-width: 1511px) {
		.sidebar {
			width: 400px;
		}
		.bar-wrapper.has-sidebar {
			max-width: 1510px;
		}
		.mainbar.has-sidebar {
			margin-left: 410px;
		}
	}
	.section.first-section {
		margin-top: 9px;
	}
	.blocklink small {
		white-space: normal;
	}
	.button {
		vertical-align: middle;
	}
	.replay-controls {
		padding-top: 10px;
	}
	.replay-controls h1 {
		font-size: 16pt;
		font-weight: normal;
		color: #CCC;
	}
	.pagelink {
		text-align: center;
	}
	.pagelink a {
		width: 150px;
	}
	.textbox, .button {
		font-size: 11pt;
		vertical-align: middle;
	}
	@media (max-width: 450px) {
		.button {
			font-size: 9pt;
		}
	}
</style>

<div>

	<header>
		<div class="nav-wrapper"><ul class="nav">
			<li><a class="button nav-first" href="//pokemonshowdown.com/"><img src="//pokemonshowdown.com/images/pokemonshowdownbeta.png" srcset="//pokemonshowdown.com/images/pokemonshowdownbeta.png 1x, //pokemonshowdown.com/images/pokemonshowdownbeta@2x.png 2x" alt="Pok&eacute;mon Showdown" width="146" height="44" /> Home</a></li>
			<li><a class="button" href="//pokemonshowdown.com/dex/">Pok&eacute;dex</a></li>
			<li><a class="button cur" href="/">Replays</a></li>
			<li><a class="button" href="//pokemonshowdown.com/ladder/">Ladder</a></li>
			<li><a class="button nav-last" href="//pokemonshowdown.com/forums/">Forum</a></li>
			<li><a class="button greenbutton nav-first nav-last" href="//play.pokemonshowdown.com/">Play</a></li>
		</ul></div>
	</header>

	<div class="main" id="main">

		<noscript><section class="section">You need to enable JavaScript to use this page; sorry!</section></noscript>

	</div>

</div>

<script defer nomodule src="//play.pokemonshowdown.com/js/lib/ps-polyfill.js"></script>
<script defer src="//play.pokemonshowdown.com/js/lib/preact.min.js"></script>

<script defer src="//play.pokemonshowdown.com/config/config.js?2bddbc15"></script>
<script defer src="//play.pokemonshowdown.com/js/lib/jquery-1.11.0.min.js"></script>
<script defer src="//play.pokemonshowdown.com/js/lib/html-sanitizer-minified.js"></script>
<script defer src="//play.pokemonshowdown.com/js/battle-sound.js"></script>
<script defer src="//play.pokemonshowdown.com/js/battledata.js?0.7209276989879541"></script>
<script defer src="//play.pokemonshowdown.com/data/pokedex-mini.js?0.6111056340867951"></script>
<script defer src="//play.pokemonshowdown.com/data/pokedex-mini-bw.js?0.3532142036491459"></script>
<script defer src="//play.pokemonshowdown.com/data/graphics.js?0.24223875632456182"></script>
<script defer src="//play.pokemonshowdown.com/data/pokedex.js?0.38839984266356864"></script>
<script defer src="//play.pokemonshowdown.com/data/moves.js?0.21866028504024015"></script>
<script defer src="//play.pokemonshowdown.com/data/abilities.js?0.2005157953846628"></script>
<script defer src="//play.pokemonshowdown.com/data/items.js?0.9894211263848525"></script>
<script defer src="//play.pokemonshowdown.com/data/teambuilder-tables.js?0.6008791140282215"></script>
<script defer src="//play.pokemonshowdown.com/js/battle-tooltips.js?0.7580118955022959"></script>
<script defer src="//play.pokemonshowdown.com/js/battle.js?0.6057722274234274"></script>

<script defer src="js/utils.js?e31f9a17"></script>
<script defer src="js/replays-battle.js?7008c182"></script>

<!-- don't scrape this data! just add .json or .log after the URL!
Full API docs: https://github.com/smogon/pokemon-showdown-client/blob/master/WEB-API.md -->
<script type="text/plain" class="log" id="replaylog-smogtours-gen3ou-804763">
|inactive|Battle timer is ON: inactive players will automatically lose when time's up.
|t:|1730745072
|gametype|singles
|player|p1|Dr4gonl0rd|170|
|player|p2|charku|265|
|teamsize|p1|6
|teamsize|p2|6
|gen|3
|tier|[Gen 3] OU
|rule|Sleep Clause Mod: Limit one foe put to sleep
|rule|Switch Priority Clause Mod: Faster Pokémon switch first
|rule|Species Clause: Limit one of each Pokémon
|rule|OHKO Clause: OHKO moves are banned
|rule|Evasion Items Clause: Evasion items are banned
|rule|Evasion Moves Clause: Evasion moves are banned
|rule|Endless Battle Clause: Forcing endless battles is banned
|rule|HP Percentage Mod: HP is shown in percentages
|rule|One Boost Passer Clause: Limit one Baton Passer that has a way to boost its stats
|rule|Freeze Clause Mod: Limit one foe frozen
|
|t:|1730745072
|start
|switch|p1a: Skare-mory|Skarmory, M|100/100
|switch|p2a: Zapdos|Zapdos|100/100
|turn|1
|c|☆charku|gl hf
|c|☆Dr4gonl0rd|Good luck
|c|☆charku|may the best one win
|inactive|charku has 270 seconds left.
|inactive|charku has 240 seconds left.
|inactive|charku has 210 seconds left.
|
|t:|1730745182
|switch|p1a: Nurse|Blissey, F|100/100
|move|p2a: Zapdos|Substitute|p2a: Zapdos
|-start|p2a: Zapdos|Substitute
|-damage|p2a: Zapdos|76/100
|
|-heal|p2a: Zapdos|82/100|[from] item: Leftovers
|upkeep
|turn|2
|
|t:|1730745189
|move|p2a: Zapdos|Baton Pass|p2a: Zapdos
|
|t:|1730745195
|switch|p2a: Swampert|Swampert, M|100/100|[from] Baton Pass
|move|p1a: Nurse|Ice Beam|p2a: Swampert
|-end|p2a: Swampert|Substitute
|
|upkeep
|turn|3
|
|t:|1730745205
|switch|p1a: Skare-mory|Skarmory, M|100/100
|move|p2a: Swampert|Earthquake|p1a: Skare-mory
|-immune|p1a: Skare-mory
|
|upkeep
|turn|4
|
|t:|1730745215
|switch|p2a: Zapdos|Zapdos|82/100
|move|p1a: Skare-mory|Spikes|p2a: Zapdos
|-sidestart|p2: charku|Spikes
|
|-heal|p2a: Zapdos|88/100|[from] item: Leftovers
|upkeep
|turn|5
|
|t:|1730745225
|switch|p1a: Nurse|Blissey, F|100/100
|move|p2a: Zapdos|Thunderbolt|p1a: Nurse
|-crit|p1a: Nurse
|-damage|p1a: Nurse|55/100
|
|-heal|p2a: Zapdos|94/100|[from] item: Leftovers
|-heal|p1a: Nurse|61/100|[from] item: Leftovers
|upkeep
|turn|6
|
|t:|1730745232
|move|p2a: Zapdos|Baton Pass|p2a: Zapdos
|inactive|charku has 270 seconds left.
|inactive|charku has 240 seconds left.
|inactive|charku has 210 seconds left.
|
|t:|1730745346
|switch|p2a: Salamence|Salamence, F|100/100|[from] Baton Pass
|-ability|p2a: Salamence|Intimidate|boost
|-unboost|p1a: Nurse|atk|1
|move|p1a: Nurse|Soft-Boiled|p1a: Nurse
|-heal|p1a: Nurse|100/100
|
|upkeep
|turn|7
|inactive|charku has 180 seconds left.
|inactive|charku has 150 seconds left.
|
|t:|1730745400
|move|p2a: Salamence|Dragon Dance|p2a: Salamence
|-boost|p2a: Salamence|atk|1
|-boost|p2a: Salamence|spe|1
|move|p1a: Nurse|Ice Beam|p2a: Salamence
|-supereffective|p2a: Salamence
|-damage|p2a: Salamence|17/100
|
|-enditem|p2a: Salamence|Liechi Berry|[eat]
|-boost|p2a: Salamence|atk|1|[from] item: Liechi Berry
|upkeep
|turn|8
|inactive|charku has 150 seconds left.
|
|t:|1730745418
|switch|p1a: Skare-mory|Skarmory, M|100/100
|move|p2a: Salamence|Brick Break|p1a: Skare-mory
|-damage|p1a: Skare-mory|63/100
|
|-heal|p1a: Skare-mory|69/100|[from] item: Leftovers
|upkeep
|turn|9
|
|t:|1730745425
|switch|p2a: Zapdos|Zapdos|94/100
|move|p1a: Skare-mory|Drill Peck|p2a: Zapdos
|-resisted|p2a: Zapdos
|-damage|p2a: Zapdos|80/100
|
|-heal|p2a: Zapdos|86/100|[from] item: Leftovers
|-heal|p1a: Skare-mory|75/100|[from] item: Leftovers
|upkeep
|turn|10
|
|t:|1730745434
|switch|p1a: Nurse|Blissey, F|100/100
|move|p2a: Zapdos|Thunderbolt|p1a: Nurse
|-damage|p1a: Nurse|80/100
|
|-heal|p2a: Zapdos|92/100|[from] item: Leftovers
|-heal|p1a: Nurse|86/100|[from] item: Leftovers
|upkeep
|turn|11
|
|t:|1730745443
|switch|p2a: Swampert|Swampert, M|100/100
|-damage|p2a: Swampert|88/100|[from] Spikes
|move|p1a: Nurse|Ice Beam|p2a: Swampert
|-damage|p2a: Swampert|63/100
|-status|p2a: Swampert|frz
|
|-heal|p1a: Nurse|92/100|[from] item: Leftovers
|-heal|p2a: Swampert|70/100 frz|[from] item: Leftovers
|upkeep
|turn|12
|
|t:|1730745461
|move|p1a: Nurse|Seismic Toss|p2a: Swampert
|-damage|p2a: Swampert|45/100 frz
|cant|p2a: Swampert|frz
|
|-heal|p1a: Nurse|98/100|[from] item: Leftovers
|-heal|p2a: Swampert|51/100 frz|[from] item: Leftovers
|upkeep
|turn|13
|
|t:|1730745469
|move|p1a: Nurse|Seismic Toss|p2a: Swampert
|-damage|p2a: Swampert|26/100 frz
|cant|p2a: Swampert|frz
|
|-heal|p1a: Nurse|100/100|[from] item: Leftovers
|-heal|p2a: Swampert|32/100 frz|[from] item: Leftovers
|upkeep
|turn|14
|
|t:|1730745477
|move|p1a: Nurse|Seismic Toss|p2a: Swampert
|-damage|p2a: Swampert|8/100 frz
|cant|p2a: Swampert|frz
|
|-heal|p2a: Swampert|14/100 frz|[from] item: Leftovers
|upkeep
|turn|15
|
|t:|1730745483
|cant|p2a: Swampert|frz
|move|p1a: Nurse|Ice Beam|p2a: Swampert
|-damage|p2a: Swampert|0 fnt
|faint|p2a: Swampert
|
|t:|1730745496
|switch|p2a: Salamence|Salamence, F|17/100
|-ability|p2a: Salamence|Intimidate|boost
|-unboost|p1a: Nurse|atk|1
|
|upkeep
|turn|16
|
|t:|1730745501
|switch|p1a: Skare-mory|Skarmory, M|75/100
|move|p2a: Salamence|Brick Break|p1a: Skare-mory
|-damage|p1a: Skare-mory|55/100
|
|-heal|p1a: Skare-mory|61/100|[from] item: Leftovers
|upkeep
|turn|17
|
|t:|1730745511
|switch|p2a: Gengar|Gengar, F|100/100
|move|p1a: Skare-mory|Drill Peck|p2a: Gengar
|-damage|p2a: Gengar|55/100
|
|-heal|p2a: Gengar|61/100|[from] item: Leftovers
|-heal|p1a: Skare-mory|67/100|[from] item: Leftovers
|upkeep
|turn|18
|
|t:|1730745522
|move|p2a: Gengar|Will-O-Wisp|p1a: Skare-mory
|-status|p1a: Skare-mory|brn
|move|p1a: Skare-mory|Drill Peck|p2a: Gengar
|-damage|p2a: Gengar|38/100
|
|-heal|p2a: Gengar|44/100|[from] item: Leftovers
|-heal|p1a: Skare-mory|73/100 brn|[from] item: Leftovers
|-damage|p1a: Skare-mory|61/100 brn|[from] brn
|upkeep
|turn|19
|
|t:|1730745526
|move|p2a: Gengar|Thunderbolt|p1a: Skare-mory
|-supereffective|p1a: Skare-mory
|-damage|p1a: Skare-mory|0 fnt
|faint|p1a: Skare-mory
|
|t:|1730745540
|switch|p1a: ⛈⛈⛈|Zapdos|100/100
|
|-heal|p2a: Gengar|50/100|[from] item: Leftovers
|upkeep
|turn|20
|
|t:|1730745546
|switch|p2a: Regice|Regice|100/100
|-damage|p2a: Regice|88/100|[from] Spikes
|move|p1a: ⛈⛈⛈|Thunderbolt|p2a: Regice
|-damage|p2a: Regice|68/100
|
|-heal|p2a: Regice|74/100|[from] item: Leftovers
|upkeep
|turn|21
|
|t:|1730745551
|switch|p1a: Nurse|Blissey, F|100/100
|move|p2a: Regice|Ice Beam|p1a: Nurse
|-damage|p1a: Nurse|82/100
|
|-heal|p1a: Nurse|88/100|[from] item: Leftovers
|-heal|p2a: Regice|80/100|[from] item: Leftovers
|upkeep
|turn|22
|
|t:|1730745581
|switch|p1a: A ghost 👻|Misdreavus, F|100/100
|move|p2a: Regice|Thunder Wave|p1a: A ghost 👻
|-status|p1a: A ghost 👻|par
|
|-heal|p2a: Regice|86/100|[from] item: Leftovers
|upkeep
|turn|23
|inactive|charku has 240 seconds left.
|
|t:|1730745610
|switch|p2a: Salamence|Salamence, F|17/100
|-ability|p2a: Salamence|Intimidate|boost
|-unboost|p1a: A ghost 👻|atk|1
|move|p1a: A ghost 👻|Mean Look|p2a: Salamence
|-activate|p2a: Salamence|trapped
|
|upkeep
|turn|24
|
|t:|1730745615
|move|p2a: Salamence|Hidden Power|p1a: A ghost 👻
|-damage|p1a: A ghost 👻|49/100 par
|move|p1a: A ghost 👻|Thunderbolt|p2a: Salamence
|-damage|p2a: Salamence|0 fnt
|faint|p2a: Salamence
|
|t:|1730745620
|switch|p2a: Zapdos|Zapdos|92/100
|
|-heal|p2a: Zapdos|99/100|[from] item: Leftovers
|-heal|p1a: A ghost 👻|55/100 par|[from] item: Leftovers
|upkeep
|turn|25
|
|t:|1730745625
|move|p2a: Zapdos|Substitute|p2a: Zapdos
|-start|p2a: Zapdos|Substitute
|-damage|p2a: Zapdos|74/100
|move|p1a: A ghost 👻|Rest|p1a: A ghost 👻
|-status|p1a: A ghost 👻|slp|[from] move: Rest
|-heal|p1a: A ghost 👻|100/100 slp|[silent]
|
|-heal|p2a: Zapdos|80/100|[from] item: Leftovers
|upkeep
|turn|26
|inactive|charku has 240 seconds left.
|
|t:|1730745665
|switch|p1a: ⛈⛈⛈|Zapdos|100/100
|move|p2a: Zapdos|Baton Pass|p2a: Zapdos
|
|t:|1730745673
|switch|p2a: Regice|Regice|86/100|[from] Baton Pass
|-damage|p2a: Regice|73/100|[from] Spikes
|
|-heal|p2a: Regice|79/100|[from] item: Leftovers
|upkeep
|turn|27
|
|t:|1730745683
|switch|p1a: A ghost 👻|Misdreavus, F|100/100 slp
|move|p2a: Regice|Ice Beam|p1a: A ghost 👻
|-damage|p1a: A ghost 👻|61/100 slp
|
|-heal|p1a: A ghost 👻|67/100 slp|[from] item: Leftovers
|-heal|p2a: Regice|85/100|[from] item: Leftovers
|upkeep
|turn|28
|
|t:|1730745692
|switch|p1a: Nurse|Blissey, F|88/100
|move|p2a: Regice|Ice Beam|p1a: Nurse
|-damage|p1a: Nurse|71/100
|
|-heal|p1a: Nurse|77/100|[from] item: Leftovers
|-heal|p2a: Regice|91/100|[from] item: Leftovers
|upkeep
|turn|29
|inactive|charku has 240 seconds left.
|
|t:|1730745706
|move|p1a: Nurse|Aromatherapy|p1a: Nurse
|-cureteam|p1a: Nurse|[from] move: Aromatherapy
|move|p2a: Regice|Ice Beam|p1a: Nurse
|-damage|p1a: Nurse|60/100
|
|-heal|p1a: Nurse|66/100|[from] item: Leftovers
|-heal|p2a: Regice|97/100|[from] item: Leftovers
|upkeep
|turn|30
|
|t:|1730745713
|move|p1a: Nurse|Soft-Boiled|p1a: Nurse
|-heal|p1a: Nurse|100/100
|move|p2a: Regice|Ice Beam|p1a: Nurse
|-damage|p1a: Nurse|82/100
|
|-heal|p1a: Nurse|88/100|[from] item: Leftovers
|-heal|p2a: Regice|100/100|[from] item: Leftovers
|upkeep
|turn|31
|inactive|charku has 240 seconds left.
|
|t:|1730745740
|move|p1a: Nurse|Seismic Toss|p2a: Regice
|-end|p2a: Regice|Substitute
|move|p2a: Regice|Ice Beam|p1a: Nurse
|-damage|p1a: Nurse|69/100
|
|-heal|p1a: Nurse|75/100|[from] item: Leftovers
|upkeep
|turn|32
|
|t:|1730745757
|switch|p2a: Zapdos|Zapdos|80/100
|move|p1a: Nurse|Seismic Toss|p2a: Zapdos
|-damage|p2a: Zapdos|49/100
|
|-heal|p2a: Zapdos|55/100|[from] item: Leftovers
|-heal|p1a: Nurse|82/100|[from] item: Leftovers
|upkeep
|turn|33
|
|t:|1730745763
|move|p2a: Zapdos|Baton Pass|p2a: Zapdos
|
|t:|1730745771
|switch|p2a: Gengar|Gengar, F|50/100|[from] Baton Pass
|move|p1a: Nurse|Ice Beam|p2a: Gengar
|-damage|p2a: Gengar|9/100
|
|-heal|p2a: Gengar|15/100|[from] item: Leftovers
|-heal|p1a: Nurse|88/100|[from] item: Leftovers
|upkeep
|turn|34
|
|t:|1730745780
|switch|p1a: A ghost 👻|Misdreavus, F|67/100
|move|p2a: Gengar|Destiny Bond|p2a: Gengar
|-singlemove|p2a: Gengar|Destiny Bond
|
|-heal|p2a: Gengar|21/100|[from] item: Leftovers
|-heal|p1a: A ghost 👻|73/100|[from] item: Leftovers
|upkeep
|turn|35
|inactive|charku has 240 seconds left.
|
|t:|1730745786
|switch|p2a: Zapdos|Zapdos|55/100
|move|p1a: A ghost 👻|Perish Song|p1a: A ghost 👻
|-start|p1a: A ghost 👻|perish3|[silent]
|-start|p2a: Zapdos|perish3|[silent]
|-fieldactivate|move: Perish Song
|
|-heal|p2a: Zapdos|61/100|[from] item: Leftovers
|-heal|p1a: A ghost 👻|80/100|[from] item: Leftovers
|-start|p2a: Zapdos|perish3
|-start|p1a: A ghost 👻|perish3
|upkeep
|turn|36
|
|t:|1730745794
|switch|p2a: Regice|Regice|100/100
|-damage|p2a: Regice|88/100|[from] Spikes
|move|p1a: A ghost 👻|Mean Look|p2a: Regice
|-activate|p2a: Regice|trapped
|
|-heal|p1a: A ghost 👻|86/100|[from] item: Leftovers
|-heal|p2a: Regice|94/100|[from] item: Leftovers
|-start|p1a: A ghost 👻|perish2
|upkeep
|turn|37
|
|t:|1730745798
|move|p1a: A ghost 👻|Perish Song|p1a: A ghost 👻
|-start|p2a: Regice|perish3|[silent]
|-fieldactivate|move: Perish Song
|move|p2a: Regice|Ice Beam|p1a: A ghost 👻
|-damage|p1a: A ghost 👻|50/100
|
|-heal|p1a: A ghost 👻|56/100|[from] item: Leftovers
|-heal|p2a: Regice|99/100|[from] item: Leftovers
|-start|p1a: A ghost 👻|perish1
|-start|p2a: Regice|perish3
|upkeep
|turn|38
|
|t:|1730745804
|switch|p1a: Nurse|Blissey, F|88/100
|move|p2a: Regice|Thunder Wave|p1a: Nurse
|-status|p1a: Nurse|par
|
|-heal|p2a: Regice|100/100|[from] item: Leftovers
|-heal|p1a: Nurse|94/100 par|[from] item: Leftovers
|-start|p2a: Regice|perish2
|upkeep
|turn|39
|inactive|charku has 270 seconds left.
|
|t:|1730745815
|switch|p2a: Zapdos|Zapdos|61/100
|move|p1a: Nurse|Ice Beam|p2a: Zapdos
|-supereffective|p2a: Zapdos
|-damage|p2a: Zapdos|6/100
|
|-heal|p2a: Zapdos|13/100|[from] item: Leftovers
|-heal|p1a: Nurse|99/100 par|[from] item: Leftovers
|upkeep
|turn|40
|
|t:|1730745836
|move|p2a: Zapdos|Thunderbolt|p1a: Nurse
|-damage|p1a: Nurse|78/100 par
|move|p1a: Nurse|Ice Beam|p2a: Zapdos
|-supereffective|p2a: Zapdos
|-damage|p2a: Zapdos|0 fnt
|faint|p2a: Zapdos
|
|t:|1730745841
|switch|p2a: Gengar|Gengar, F|21/100
|
|-heal|p2a: Gengar|27/100|[from] item: Leftovers
|-heal|p1a: Nurse|85/100 par|[from] item: Leftovers
|upkeep
|turn|41
|inactive|charku has 270 seconds left.
|inactive|charku has 240 seconds left.
|
|t:|1730745896
|-curestatus|p1a: Nurse|par|[from] ability: Natural Cure
|switch|p1a: A ghost 👻|Misdreavus, F|56/100
|move|p2a: Gengar|Destiny Bond|p2a: Gengar
|-singlemove|p2a: Gengar|Destiny Bond
|
|-heal|p2a: Gengar|33/100|[from] item: Leftovers
|-heal|p1a: A ghost 👻|62/100|[from] item: Leftovers
|upkeep
|turn|42
|inactive|charku has 240 seconds left.
|inactive|charku has 210 seconds left.
|
|t:|1730745954
|move|p2a: Gengar|Thunderbolt|p1a: A ghost 👻
|-damage|p1a: A ghost 👻|36/100
|move|p1a: A ghost 👻|Perish Song|p1a: A ghost 👻
|-start|p1a: A ghost 👻|perish3|[silent]
|-start|p2a: Gengar|perish3|[silent]
|-fieldactivate|move: Perish Song
|
|-heal|p2a: Gengar|39/100|[from] item: Leftovers
|-heal|p1a: A ghost 👻|42/100|[from] item: Leftovers
|-start|p2a: Gengar|perish3
|-start|p1a: A ghost 👻|perish3
|upkeep
|turn|43
|
|t:|1730745972
|switch|p2a: Regice|Regice|100/100
|-damage|p2a: Regice|88/100|[from] Spikes
|move|p1a: A ghost 👻|Rest|p1a: A ghost 👻
|-status|p1a: A ghost 👻|slp|[from] move: Rest
|-heal|p1a: A ghost 👻|100/100 slp|[silent]
|
|-heal|p2a: Regice|94/100|[from] item: Leftovers
|-start|p1a: A ghost 👻|perish2
|upkeep
|turn|44
|inactive|charku has 210 seconds left.
|
|t:|1730745989
|switch|p1a: Nurse|Blissey, F|85/100
|move|p2a: Regice|Ice Beam|p1a: Nurse
|-damage|p1a: Nurse|66/100
|-status|p1a: Nurse|frz
|
|-heal|p1a: Nurse|72/100 frz|[from] item: Leftovers
|-heal|p2a: Regice|99/100|[from] item: Leftovers
|upkeep
|turn|45
|inactive|charku has 180 seconds left.
|inactive|charku has 150 seconds left.
|
|t:|1730746067
|-curestatus|p1a: Nurse|frz|[from] ability: Natural Cure
|switch|p1a: El pollo diablo|Moltres|100/100
|switch|p2a: Gengar|Gengar, F|39/100
|
|-heal|p2a: Gengar|45/100|[from] item: Leftovers
|upkeep
|turn|46
|inactive|charku has 120 seconds left.
|inactive|Dr4gonl0rd has 270 seconds left.
|inactive|charku has 90 seconds left.
|
|t:|1730746130
|switch|p1a: Nurse|Blissey, F|72/100
|move|p2a: Gengar|Thunderbolt|p1a: Nurse
|-damage|p1a: Nurse|59/100
|-status|p1a: Nurse|par
|
|-heal|p2a: Gengar|52/100|[from] item: Leftovers
|-heal|p1a: Nurse|66/100 par|[from] item: Leftovers
|upkeep
|turn|47
|inactive|charku has 90 seconds left.
|
|t:|1730746157
|move|p2a: Gengar|Thunderbolt|p1a: Nurse
|-damage|p1a: Nurse|53/100 par
|move|p1a: Nurse|Aromatherapy|p1a: Nurse
|-cureteam|p1a: Nurse|[from] move: Aromatherapy
|
|-heal|p2a: Gengar|58/100|[from] item: Leftovers
|-heal|p1a: Nurse|60/100|[from] item: Leftovers
|upkeep
|turn|48
|inactive|charku has 60 seconds left.
|
|t:|1730746189
|move|p2a: Gengar|Will-O-Wisp|p1a: Nurse|[miss]
|-miss|p2a: Gengar|p1a: Nurse
|move|p1a: Nurse|Soft-Boiled|p1a: Nurse
|-heal|p1a: Nurse|100/100
|
|-heal|p2a: Gengar|64/100|[from] item: Leftovers
|upkeep
|turn|49
|
|t:|1730746193
|move|p2a: Gengar|Will-O-Wisp|p1a: Nurse|[miss]
|-miss|p2a: Gengar|p1a: Nurse
|move|p1a: Nurse|Ice Beam|p2a: Gengar
|-damage|p2a: Gengar|22/100
|
|-heal|p2a: Gengar|28/100|[from] item: Leftovers
|upkeep
|turn|50
|
|t:|1730746204
|move|p2a: Gengar|Destiny Bond|p2a: Gengar
|-singlemove|p2a: Gengar|Destiny Bond
|move|p1a: Nurse|Ice Beam|p2a: Gengar
|-damage|p2a: Gengar|0 fnt
|faint|p2a: Gengar
|-activate|p2a: Gengar|move: Destiny Bond
|faint|p1a: Nurse
|
|t:|1730746210
|switch|p2a: Regice|Regice|99/100
|switch|p1a: El pollo diablo|Moltres|100/100
|-damage|p2a: Regice|88/100|[from] Spikes
|
|-heal|p2a: Regice|94/100|[from] item: Leftovers
|upkeep
|turn|51
|
|t:|1730746214
|move|p1a: El pollo diablo|Flamethrower|p2a: Regice
|-supereffective|p2a: Regice
|-damage|p2a: Regice|40/100
|move|p2a: Regice|Thunder Wave|p1a: El pollo diablo
|-status|p1a: El pollo diablo|par
|
|-heal|p2a: Regice|46/100|[from] item: Leftovers
|upkeep
|turn|52
|
|t:|1730746220
|move|p2a: Regice|Thunderbolt|p1a: El pollo diablo
|-supereffective|p1a: El pollo diablo
|-damage|p1a: El pollo diablo|24/100 par
|cant|p1a: El pollo diablo|par
|
|-heal|p2a: Regice|52/100|[from] item: Leftovers
|-heal|p1a: El pollo diablo|30/100 par|[from] item: Leftovers
|upkeep
|turn|53
|
|t:|1730746225
|move|p2a: Regice|Thunderbolt|p1a: El pollo diablo
|-supereffective|p1a: El pollo diablo
|-damage|p1a: El pollo diablo|0 fnt
|faint|p1a: El pollo diablo
|
|t:|1730746233
|switch|p1a: A ghost 👻|Misdreavus, F|100/100
|
|-heal|p2a: Regice|58/100|[from] item: Leftovers
|upkeep
|turn|54
|inactive|charku has 120 seconds left.
|
|t:|1730746244
|move|p1a: A ghost 👻|Mean Look|p2a: Regice
|-activate|p2a: Regice|trapped
|move|p2a: Regice|Thunder Wave|p1a: A ghost 👻
|-status|p1a: A ghost 👻|par
|
|-heal|p2a: Regice|64/100|[from] item: Leftovers
|upkeep
|turn|55
|
|t:|1730746250
|move|p2a: Regice|Ice Beam|p1a: A ghost 👻
|-damage|p1a: A ghost 👻|65/100 par
|move|p1a: A ghost 👻|Perish Song|p1a: A ghost 👻
|-start|p1a: A ghost 👻|perish3|[silent]
|-start|p2a: Regice|perish3|[silent]
|-fieldactivate|move: Perish Song
|
|-heal|p2a: Regice|70/100|[from] item: Leftovers
|-heal|p1a: A ghost 👻|71/100 par|[from] item: Leftovers
|-start|p2a: Regice|perish3
|-start|p1a: A ghost 👻|perish3
|upkeep
|turn|56
|
|t:|1730746255
|move|p2a: Regice|Ice Beam|p1a: A ghost 👻
|-damage|p1a: A ghost 👻|34/100 par
|move|p1a: A ghost 👻|Rest|p1a: A ghost 👻
|-status|p1a: A ghost 👻|slp|[from] move: Rest
|-heal|p1a: A ghost 👻|100/100 slp|[silent]
|
|-heal|p2a: Regice|76/100|[from] item: Leftovers
|-start|p1a: A ghost 👻|perish2
|-start|p2a: Regice|perish2
|upkeep
|turn|57
|
|t:|1730746261
|cant|p1a: A ghost 👻|slp
|move|p2a: Regice|Ice Beam|p1a: A ghost 👻
|-damage|p1a: A ghost 👻|62/100 slp
|
|-heal|p1a: A ghost 👻|68/100 slp|[from] item: Leftovers
|-heal|p2a: Regice|82/100|[from] item: Leftovers
|-start|p1a: A ghost 👻|perish1
|-start|p2a: Regice|perish1
|upkeep
|turn|58
|inactive|charku has 120 seconds left.
|inactive|charku has 90 seconds left.
|
|t:|1730746339
|cant|p1a: A ghost 👻|slp
|move|p2a: Regice|Ice Beam|p1a: A ghost 👻
|-damage|p1a: A ghost 👻|29/100 slp
|
|-heal|p1a: A ghost 👻|35/100 slp|[from] item: Leftovers
|-heal|p2a: Regice|88/100|[from] item: Leftovers
|-start|p1a: A ghost 👻|perish0
|-start|p2a: Regice|perish0
|upkeep
|faint|p1a: A ghost 👻
|faint|p2a: Regice
|inactive|charku has 90 seconds left.
|
|t:|1730746348
|switch|p1a: ⛈⛈⛈|Zapdos|100/100
|switch|p2a: Kingdra|Kingdra, M|100/100
|-damage|p2a: Kingdra|88/100|[from] Spikes
|turn|59
|
|t:|1730746353
|move|p1a: ⛈⛈⛈|Thunderbolt|p2a: Kingdra
|-damage|p2a: Kingdra|47/100
|move|p2a: Kingdra|Rain Dance|p2a: Kingdra
|-weather|RainDance
|
|-weather|RainDance|[upkeep]
|upkeep
|turn|60
|
|t:|1730746360
|move|p2a: Kingdra|Surf|p1a: ⛈⛈⛈
|-damage|p1a: ⛈⛈⛈|56/100
|move|p1a: ⛈⛈⛈|Thunderbolt|p2a: Kingdra
|-damage|p2a: Kingdra|10/100
|-status|p2a: Kingdra|par
|
|-weather|RainDance|[upkeep]
|-heal|p1a: ⛈⛈⛈|62/100|[from] item: Leftovers
|-enditem|p2a: Kingdra|Petaya Berry|[eat]
|-boost|p2a: Kingdra|spa|1|[from] item: Petaya Berry
|upkeep
|turn|61
|c|☆charku|nooooooo
|
|t:|1730746370
|move|p1a: ⛈⛈⛈|Thunderbolt|p2a: Kingdra
|-damage|p2a: Kingdra|0 fnt
|faint|p2a: Kingdra
|
|win|Dr4gonl0rd
|c|☆charku|almost
|c|☆charku|gg
|c|☆Dr4gonl0rd|gg
|c|☆Dr4gonl0rd|that was close as heck
|c|☆charku|yeah got down a lot but almost clutched it up
|player|p1|
|c|☆charku|I shouldn't have switched dug out of the team last minute
|player|p2|
|player|p2|charku|265|

</script>
<script type="application/json" class="data" id="replaydata-smogtours-gen3ou-804763">
{"id":"smogtours-gen3ou-804763","format":"[Gen 3] OU","players":["Dr4gonl0rd","charku"],"uploadtime":1730746370,"views":48,"formatid":"gen3ou","rating":null,"private":0,"password":null}
</script>

<script defer src="js/replays.js?9d40a366"></script>
