<!DOCTYPE html>
<meta charset="utf-8" />
<meta name="viewport" content="width=device-width" />

<title>[Gen 3] OU: adv pride vs. verbatim - Replays - Pok&eacute;mon Showdown!</title>

<meta name="description" content="Watch a replay of a Pok&eacute;mon battle between adv pride and verbatim! Format: [Gen 3] OU; Date: Nov 2, 2024" />
<!--

Hey, you! Looking in the source for the replay log?

You can find them in JSON format, just add `.json` at the end of a replay URL.

https://replay.pokemonshowdown.com/gen7randomdoublesbattle-865046831.json

Or, if you only need the log itself, add `.log` instead:

https://replay.pokemonshowdown.com/gen7randomdoublesbattle-865046831.log

-->

<link rel="stylesheet" href="//pokemonshowdown.com/style/global.css?0.023195364461161105" />
<link rel="stylesheet" href="//play.pokemonshowdown.com/style/font-awesome.css?0.13261647063804238" />
<link rel="stylesheet" href="//play.pokemonshowdown.com/style/battle.css?0.8753245789963631" />
<link rel="stylesheet" href="//play.pokemonshowdown.com/style/utilichart.css?0.8627959624976733" />

<!-- Global site tag (gtag.js) - Google Analytics -->
<script async src="https://www.googletagmanager.com/gtag/js?id=UA-26211653-1"></script>
<script>
  window.dataLayer = window.dataLayer || [];
  function gtag(){dataLayer.push(arguments);}
  gtag('js', new Date());

  gtag('config', 'UA-26211653-1');
</script>
<!-- End Google Analytics -->
<!-- Venatus Ad Manager - Install in <HEAD> of page -->
	<script src="https://hb.vntsm.com/v3/live/ad-manager.min.js" type="text/javascript" data-site-id="642aba63ec9a7b11c3c9c1be" data-mode="scan" async></script>
<!-- / Venatus Ad Manager -->

<style>
	@media (max-width:820px) {
		.battle {
			margin: 0 auto;
		}
		.battle-log {
			margin: 7px auto 0;
			max-width: 640px;
			height: 300px;
			position: static;
		}
	}
	.optgroup {
		display: inline-block;
		line-height: 22px;
		font-size: 10pt;
	}
	.optgroup .button {
		height: 25px;
		padding-top: 0;
		padding-bottom: 0;
	}
	.optgroup button.button {
		padding-left: 12px;
		padding-right: 12px;
	}
	.linklist {
		list-style: none;
		margin: 0.5em 0;
		padding: 0;
	}
	.linklist li {
		padding: 2px 0;
	}
	.sidebar {
		float: left;
		width: 320px;
	}
	.bar-wrapper {
		max-width: 1100px;
		margin: 0 auto;
	}
	.bar-wrapper.has-sidebar {
		max-width: 1430px;
	}
	.mainbar {
		margin: 0;
		padding-right: 1px;
	}
	.mainbar.has-sidebar {
		margin-left: 330px;
	}
	@media (min-width: 1511px) {
		.sidebar {
			width: 400px;
		}
		.bar-wrapper.has-sidebar {
			max-width: 1510px;
		}
		.mainbar.has-sidebar {
			margin-left: 410px;
		}
	}
	.section.first-section {
		margin-top: 9px;
	}
	.blocklink small {
		white-space: normal;
	}
	.button {
		vertical-align: middle;
	}
	.replay-controls {
		padding-top: 10px;
	}
	.replay-controls h1 {
		font-size: 16pt;
		font-weight: normal;
		color: #CCC;
	}
	.pagelink {
		text-align: center;
	}
	.pagelink a {
		width: 150px;
	}
	.textbox, .button {
		font-size: 11pt;
		vertical-align: middle;
	}
	@media (max-width: 450px) {
		.button {
			font-size: 9pt;
		}
	}
</style>

<div>

	<header>
		<div class="nav-wrapper"><ul class="nav">
			<li><a class="button nav-first" href="//pokemonshowdown.com/"><img src="//pokemonshowdown.com/images/pokemonshowdownbeta.png" srcset="//pokemonshowdown.com/images/pokemonshowdownbeta.png 1x, //pokemonshowdown.com/images/pokemonshowdownbeta@2x.png 2x" alt="Pok&eacute;mon Showdown" width="146" height="44" /> Home</a></li>
			<li><a class="button" href="//pokemonshowdown.com/dex/">Pok&eacute;dex</a></li>
			<li><a class="button cur" href="/">Replays</a></li>
			<li><a class="button" href="//pokemonshowdown.com/ladder/">Ladder</a></li>
			<li><a class="button nav-last" href="//pokemonshowdown.com/forums/">Forum</a></li>
			<li><a class="button greenbutton nav-first nav-last" href="//play.pokemonshowdown.com/">Play</a></li>
		</ul></div>
	</header>

	<div class="main" id="main">

		<noscript><section class="section">You need to enable JavaScript to use this page; sorry!</section></noscript>

	</div>

</div>

<script defer nomodule src="//play.pokemonshowdown.com/js/lib/ps-polyfill.js"></script>
<script defer src="//play.pokemonshowdown.com/js/lib/preact.min.js"></script>

<script defer src="//play.pokemonshowdown.com/config/config.js?2bddbc15"></script>
<script defer src="//play.pokemonshowdown.com/js/lib/jquery-1.11.0.min.js"></script>
<script defer src="//play.pokemonshowdown.com/js/lib/html-sanitizer-minified.js"></script>
<script defer src="//play.pokemonshowdown.com/js/battle-sound.js"></script>
<script defer src="//play.pokemonshowdown.com/js/battledata.js?0.7209276989879541"></script>
<script defer src="//play.pokemonshowdown.com/data/pokedex-mini.js?0.6111056340867951"></script>
<script defer src="//play.pokemonshowdown.com/data/pokedex-mini-bw.js?0.3532142036491459"></script>
<script defer src="//play.pokemonshowdown.com/data/graphics.js?0.24223875632456182"></script>
<script defer src="//play.pokemonshowdown.com/data/pokedex.js?0.38839984266356864"></script>
<script defer src="//play.pokemonshowdown.com/data/moves.js?0.21866028504024015"></script>
<script defer src="//play.pokemonshowdown.com/data/abilities.js?0.2005157953846628"></script>
<script defer src="//play.pokemonshowdown.com/data/items.js?0.9894211263848525"></script>
<script defer src="//play.pokemonshowdown.com/data/teambuilder-tables.js?0.6008791140282215"></script>
<script defer src="//play.pokemonshowdown.com/js/battle-tooltips.js?0.7580118955022959"></script>
<script defer src="//play.pokemonshowdown.com/js/battle.js?0.6057722274234274"></script>

<script defer src="js/utils.js?e31f9a17"></script>
<script defer src="js/replays-battle.js?7008c182"></script>

<!-- don't scrape this data! just add .json or .log after the URL!
Full API docs: https://github.com/smogon/pokemon-showdown-client/blob/master/WEB-API.md -->
<script type="text/plain" class="log" id="replaylog-smogtours-gen3ou-804173">
|inactive|Battle timer is ON: inactive players will automatically lose when time's up.
|t:|1730589438
|gametype|singles
|player|p1|adv pride|101|
|player|p2|verbatim|#psstaffm|
|teamsize|p1|6
|teamsize|p2|6
|gen|3
|tier|[Gen 3] OU
|rule|Sleep Clause Mod: Limit one foe put to sleep
|rule|Switch Priority Clause Mod: Faster Pokémon switch first
|rule|Species Clause: Limit one of each Pokémon
|rule|OHKO Clause: OHKO moves are banned
|rule|Evasion Items Clause: Evasion items are banned
|rule|Evasion Moves Clause: Evasion moves are banned
|rule|Endless Battle Clause: Forcing endless battles is banned
|rule|HP Percentage Mod: HP is shown in percentages
|rule|One Boost Passer Clause: Limit one Baton Passer that has a way to boost its stats
|rule|Freeze Clause Mod: Limit one foe frozen
|
|t:|1730589438
|start
|switch|p1a: Salamence|Salamence, F|100/100
|switch|p2a: Mag Mell|Jynx, F, shiny|100/100
|-ability|p1a: Salamence|Intimidate|boost
|-unboost|p2a: Mag Mell|atk|1
|turn|1
|
|t:|1730589464
|switch|p1a: Tyranitar|Tyranitar, F|100/100
|-weather|Sandstorm|[from] ability: Sand Stream|[of] p1a: Tyranitar
|switch|p2a: Triangle▲Strategy|Starmie|100/100
|
|-weather|Sandstorm|[upkeep]
|-damage|p2a: Triangle▲Strategy|94/100|[from] Sandstorm
|-heal|p2a: Triangle▲Strategy|100/100|[from] item: Leftovers
|upkeep
|turn|2
|
|t:|1730589477
|move|p2a: Triangle▲Strategy|Thunder Wave|p1a: Tyranitar
|-status|p1a: Tyranitar|par
|move|p1a: Tyranitar|Hidden Power|p2a: Triangle▲Strategy
|-supereffective|p2a: Triangle▲Strategy
|-crit|p2a: Triangle▲Strategy
|-damage|p2a: Triangle▲Strategy|0 fnt
|faint|p2a: Triangle▲Strategy
|
|t:|1730589486
|switch|p2a: Kakurezato Sagitta|Dugtrio, F|100/100
|
|-weather|Sandstorm|[upkeep]
|upkeep
|turn|3
|
|t:|1730589490
|move|p2a: Kakurezato Sagitta|Earthquake|p1a: Tyranitar
|-supereffective|p1a: Tyranitar
|-damage|p1a: Tyranitar|0 fnt
|faint|p1a: Tyranitar
|
|t:|1730589498
|switch|p1a: Skarmory|Skarmory, F|100/100
|
|-weather|Sandstorm|[upkeep]
|upkeep
|turn|4
|
|t:|1730589502
|switch|p2a: Mag Mell|Jynx, F, shiny|100/100
|move|p1a: Skarmory|Toxic|p2a: Mag Mell
|-status|p2a: Mag Mell|tox
|
|-weather|Sandstorm|[upkeep]
|-damage|p2a: Mag Mell|94/100 tox|[from] Sandstorm
|-damage|p2a: Mag Mell|88/100 tox|[from] psn
|upkeep
|turn|5
|
|t:|1730589516
|move|p2a: Mag Mell|Perish Song|p2a: Mag Mell
|-start|p1a: Skarmory|perish3|[silent]
|-start|p2a: Mag Mell|perish3|[silent]
|-fieldactivate|move: Perish Song
|move|p1a: Skarmory|Spikes|p2a: Mag Mell
|-sidestart|p2: verbatim|Spikes
|
|-weather|Sandstorm|[upkeep]
|-damage|p2a: Mag Mell|82/100 tox|[from] Sandstorm
|-damage|p2a: Mag Mell|69/100 tox|[from] psn
|-start|p2a: Mag Mell|perish3
|-start|p1a: Skarmory|perish3
|upkeep
|turn|6
|
|t:|1730589521
|switch|p1a: Blissey|Blissey, F|100/100
|move|p2a: Mag Mell|Ice Beam|p1a: Blissey
|-damage|p1a: Blissey|80/100
|
|-weather|Sandstorm|[upkeep]
|-damage|p2a: Mag Mell|63/100 tox|[from] Sandstorm
|-damage|p1a: Blissey|73/100|[from] Sandstorm
|-damage|p2a: Mag Mell|44/100 tox|[from] psn
|-heal|p1a: Blissey|80/100|[from] item: Leftovers
|-start|p2a: Mag Mell|perish2
|upkeep
|turn|7
|
|t:|1730589535
|move|p2a: Mag Mell|Perish Song|p2a: Mag Mell
|-start|p1a: Blissey|perish3|[silent]
|-fieldactivate|move: Perish Song
|move|p1a: Blissey|Soft-Boiled|p1a: Blissey
|-heal|p1a: Blissey|100/100
|
|-weather|Sandstorm|[upkeep]
|-damage|p2a: Mag Mell|38/100 tox|[from] Sandstorm
|-damage|p1a: Blissey|94/100|[from] Sandstorm
|-damage|p2a: Mag Mell|13/100 tox|[from] psn
|-heal|p1a: Blissey|100/100|[from] item: Leftovers
|-start|p2a: Mag Mell|perish1
|-start|p1a: Blissey|perish3
|upkeep
|turn|8
|
|t:|1730589539
|switch|p1a: Skarmory|Skarmory, F|100/100
|move|p2a: Mag Mell|Ice Beam|p1a: Skarmory
|-damage|p1a: Skarmory|50/100
|
|-weather|Sandstorm|[upkeep]
|-damage|p2a: Mag Mell|7/100 tox|[from] Sandstorm
|-damage|p2a: Mag Mell|0 fnt|[from] psn
|faint|p2a: Mag Mell
|-heal|p1a: Skarmory|56/100|[from] item: Leftovers
|upkeep
|
|t:|1730589544
|switch|p2a: Fall a Sleep...|Snorlax, M|100/100
|-damage|p2a: Fall a Sleep...|88/100|[from] Spikes
|turn|9
|
|t:|1730589552
|-singleturn|p2a: Fall a Sleep...|move: Focus Punch
|move|p2a: Fall a Sleep...|Focus Punch|p1a: Skarmory
|-damage|p1a: Skarmory|24/100
|move|p1a: Skarmory|Roar|p2a: Fall a Sleep...
|drag|p2a: At Journey's End|Medicham, M|100/100
|-damage|p2a: At Journey's End|88/100|[from] Spikes
|
|-weather|Sandstorm|[upkeep]
|-damage|p2a: At Journey's End|82/100|[from] Sandstorm
|-heal|p1a: Skarmory|30/100|[from] item: Leftovers
|upkeep
|turn|10
|
|t:|1730589562
|switch|p1a: Gengar|Gengar, M|100/100
|move|p2a: At Journey's End|Substitute|p2a: At Journey's End
|-start|p2a: At Journey's End|Substitute
|-damage|p2a: At Journey's End|57/100
|
|-weather|Sandstorm|[upkeep]
|-damage|p1a: Gengar|94/100|[from] Sandstorm
|-damage|p2a: At Journey's End|51/100|[from] Sandstorm
|-heal|p1a: Gengar|100/100|[from] item: Leftovers
|upkeep
|turn|11
|
|t:|1730589566
|move|p1a: Gengar|Thunderbolt|p2a: At Journey's End
|-end|p2a: At Journey's End|Substitute
|move|p2a: At Journey's End|Shadow Ball|p1a: Gengar
|-supereffective|p1a: Gengar
|-crit|p1a: Gengar
|-damage|p1a: Gengar|0 fnt
|faint|p1a: Gengar
|
|t:|1730589568
|switch|p1a: Salamence|Salamence, F|100/100
|-ability|p1a: Salamence|Intimidate|boost
|-unboost|p2a: At Journey's End|atk|1
|
|-weather|Sandstorm|[upkeep]
|-damage|p1a: Salamence|94/100|[from] Sandstorm
|-damage|p2a: At Journey's End|45/100|[from] Sandstorm
|-heal|p1a: Salamence|100/100|[from] item: Leftovers
|upkeep
|turn|12
|
|t:|1730589577
|switch|p2a: Fall a Sleep...|Snorlax, M|88/100
|-damage|p2a: Fall a Sleep...|76/100|[from] Spikes
|move|p1a: Salamence|Dragon Claw|p2a: Fall a Sleep...
|-damage|p2a: Fall a Sleep...|52/100
|
|-weather|Sandstorm|[upkeep]
|-damage|p1a: Salamence|94/100|[from] Sandstorm
|-damage|p2a: Fall a Sleep...|46/100|[from] Sandstorm
|-heal|p1a: Salamence|100/100|[from] item: Leftovers
|-heal|p2a: Fall a Sleep...|52/100|[from] item: Leftovers
|upkeep
|turn|13
|
|t:|1730589585
|switch|p1a: Skarmory|Skarmory, F|30/100
|move|p2a: Fall a Sleep...|Self-Destruct|p1a: Skarmory
|-resisted|p1a: Skarmory
|-damage|p1a: Skarmory|0 fnt
|faint|p2a: Fall a Sleep...
|faint|p1a: Skarmory
|
|t:|1730589591
|switch|p1a: Salamence|Salamence, F|100/100
|switch|p2a: ඞ Stately Peaks|Metagross|100/100
|-ability|p1a: Salamence|Intimidate|boost
|-fail|p2a: ඞ Stately Peaks|unboost|[from] ability: Clear Body|[of] p2a: ඞ Stately Peaks
|-damage|p2a: ඞ Stately Peaks|88/100|[from] Spikes
|
|-weather|Sandstorm|[upkeep]
|-damage|p1a: Salamence|94/100|[from] Sandstorm
|-heal|p1a: Salamence|100/100|[from] item: Leftovers
|upkeep
|turn|14
|
|t:|1730589596
|move|p1a: Salamence|Fire Blast|p2a: ඞ Stately Peaks
|-supereffective|p2a: ඞ Stately Peaks
|-damage|p2a: ඞ Stately Peaks|0 fnt
|faint|p2a: ඞ Stately Peaks
|c|☆verbatim|oof
|
|t:|1730589600
|switch|p2a: At Journey's End|Medicham, M|45/100
|-damage|p2a: At Journey's End|33/100|[from] Spikes
|
|-weather|Sandstorm|[upkeep]
|-damage|p1a: Salamence|94/100|[from] Sandstorm
|-damage|p2a: At Journey's End|27/100|[from] Sandstorm
|-heal|p1a: Salamence|100/100|[from] item: Leftovers
|upkeep
|turn|15
|
|t:|1730589604
|switch|p2a: Kakurezato Sagitta|Dugtrio, F|100/100
|-damage|p2a: Kakurezato Sagitta|88/100|[from] Spikes
|move|p1a: Salamence|Dragon Claw|p2a: Kakurezato Sagitta
|-damage|p2a: Kakurezato Sagitta|15/100
|
|-weather|Sandstorm|[upkeep]
|-damage|p1a: Salamence|94/100|[from] Sandstorm
|-heal|p1a: Salamence|100/100|[from] item: Leftovers
|upkeep
|turn|16
|
|t:|1730589625
|switch|p1a: Blissey|Blissey, F|100/100
|move|p2a: Kakurezato Sagitta|Earthquake|p1a: Blissey
|-damage|p1a: Blissey|41/100
|
|-weather|Sandstorm|[upkeep]
|-damage|p1a: Blissey|35/100|[from] Sandstorm
|-heal|p1a: Blissey|41/100|[from] item: Leftovers
|upkeep
|turn|17
|
|t:|1730589628
|move|p2a: Kakurezato Sagitta|Earthquake|p1a: Blissey
|-damage|p1a: Blissey|0 fnt
|faint|p1a: Blissey
|
|t:|1730589632
|switch|p1a: Salamence|Salamence, F|100/100
|-ability|p1a: Salamence|Intimidate|boost
|-unboost|p2a: Kakurezato Sagitta|atk|1
|
|-weather|Sandstorm|[upkeep]
|-damage|p1a: Salamence|94/100|[from] Sandstorm
|-heal|p1a: Salamence|100/100|[from] item: Leftovers
|upkeep
|turn|18
|
|t:|1730589634
|move|p2a: Kakurezato Sagitta|Earthquake|p1a: Salamence
|-immune|p1a: Salamence
|move|p1a: Salamence|Dragon Claw|p2a: Kakurezato Sagitta
|-crit|p2a: Kakurezato Sagitta
|-damage|p2a: Kakurezato Sagitta|0 fnt
|faint|p2a: Kakurezato Sagitta
|
|t:|1730589637
|switch|p2a: At Journey's End|Medicham, M|27/100
|-damage|p2a: At Journey's End|15/100|[from] Spikes
|
|-weather|Sandstorm|[upkeep]
|-damage|p1a: Salamence|94/100|[from] Sandstorm
|-damage|p2a: At Journey's End|9/100|[from] Sandstorm
|-heal|p1a: Salamence|100/100|[from] item: Leftovers
|-enditem|p2a: At Journey's End|Salac Berry|[eat]
|-boost|p2a: At Journey's End|spe|1|[from] item: Salac Berry
|upkeep
|turn|19
|c|☆verbatim|gg
|
|t:|1730589642
|move|p2a: At Journey's End|Reversal|p1a: Salamence
|-resisted|p1a: Salamence
|-damage|p1a: Salamence|37/100
|move|p1a: Salamence|Dragon Claw|p2a: At Journey's End
|-damage|p2a: At Journey's End|0 fnt
|faint|p2a: At Journey's End
|
|win|adv pride
|c|☆adv pride|Gg
|player|p2|

</script>
<script type="application/json" class="data" id="replaydata-smogtours-gen3ou-804173">
{"id":"smogtours-gen3ou-804173","format":"[Gen 3] OU","players":["adv pride","verbatim"],"uploadtime":1730589642,"views":56,"formatid":"gen3ou","rating":null,"private":0,"password":null}
</script>

<script defer src="js/replays.js?9d40a366"></script>
