<!DOCTYPE html>
<meta charset="utf-8" />
<meta name="viewport" content="width=device-width" />

<title>[Gen 3] OU: beeoi vs. pslmrt_ochs - Replays - Pok&eacute;mon Showdown!</title>

<meta name="description" content="Watch a replay of a Pok&eacute;mon battle between beeoi and pslmrt_ochs! Format: [Gen 3] OU; Date: Oct 9, 2024" />
<!--

Hey, you! Looking in the source for the replay log?

You can find them in JSON format, just add `.json` at the end of a replay URL.

https://replay.pokemonshowdown.com/gen7randomdoublesbattle-865046831.json

Or, if you only need the log itself, add `.log` instead:

https://replay.pokemonshowdown.com/gen7randomdoublesbattle-865046831.log

-->

<link rel="stylesheet" href="//pokemonshowdown.com/style/global.css?0.023195364461161105" />
<link rel="stylesheet" href="//play.pokemonshowdown.com/style/font-awesome.css?0.13261647063804238" />
<link rel="stylesheet" href="//play.pokemonshowdown.com/style/battle.css?0.8753245789963631" />
<link rel="stylesheet" href="//play.pokemonshowdown.com/style/utilichart.css?0.8627959624976733" />

<!-- Global site tag (gtag.js) - Google Analytics -->
<script async src="https://www.googletagmanager.com/gtag/js?id=UA-26211653-1"></script>
<script>
  window.dataLayer = window.dataLayer || [];
  function gtag(){dataLayer.push(arguments);}
  gtag('js', new Date());

  gtag('config', 'UA-26211653-1');
</script>
<!-- End Google Analytics -->
<!-- Venatus Ad Manager - Install in <HEAD> of page -->
	<script src="https://hb.vntsm.com/v3/live/ad-manager.min.js" type="text/javascript" data-site-id="642aba63ec9a7b11c3c9c1be" data-mode="scan" async></script>
<!-- / Venatus Ad Manager -->

<style>
	@media (max-width:820px) {
		.battle {
			margin: 0 auto;
		}
		.battle-log {
			margin: 7px auto 0;
			max-width: 640px;
			height: 300px;
			position: static;
		}
	}
	.optgroup {
		display: inline-block;
		line-height: 22px;
		font-size: 10pt;
	}
	.optgroup .button {
		height: 25px;
		padding-top: 0;
		padding-bottom: 0;
	}
	.optgroup button.button {
		padding-left: 12px;
		padding-right: 12px;
	}
	.linklist {
		list-style: none;
		margin: 0.5em 0;
		padding: 0;
	}
	.linklist li {
		padding: 2px 0;
	}
	.sidebar {
		float: left;
		width: 320px;
	}
	.bar-wrapper {
		max-width: 1100px;
		margin: 0 auto;
	}
	.bar-wrapper.has-sidebar {
		max-width: 1430px;
	}
	.mainbar {
		margin: 0;
		padding-right: 1px;
	}
	.mainbar.has-sidebar {
		margin-left: 330px;
	}
	@media (min-width: 1511px) {
		.sidebar {
			width: 400px;
		}
		.bar-wrapper.has-sidebar {
			max-width: 1510px;
		}
		.mainbar.has-sidebar {
			margin-left: 410px;
		}
	}
	.section.first-section {
		margin-top: 9px;
	}
	.blocklink small {
		white-space: normal;
	}
	.button {
		vertical-align: middle;
	}
	.replay-controls {
		padding-top: 10px;
	}
	.replay-controls h1 {
		font-size: 16pt;
		font-weight: normal;
		color: #CCC;
	}
	.pagelink {
		text-align: center;
	}
	.pagelink a {
		width: 150px;
	}
	.textbox, .button {
		font-size: 11pt;
		vertical-align: middle;
	}
	@media (max-width: 450px) {
		.button {
			font-size: 9pt;
		}
	}
</style>

<div>

	<header>
		<div class="nav-wrapper"><ul class="nav">
			<li><a class="button nav-first" href="//pokemonshowdown.com/"><img src="//pokemonshowdown.com/images/pokemonshowdownbeta.png" srcset="//pokemonshowdown.com/images/pokemonshowdownbeta.png 1x, //pokemonshowdown.com/images/pokemonshowdownbeta@2x.png 2x" alt="Pok&eacute;mon Showdown" width="146" height="44" /> Home</a></li>
			<li><a class="button" href="//pokemonshowdown.com/dex/">Pok&eacute;dex</a></li>
			<li><a class="button cur" href="/">Replays</a></li>
			<li><a class="button" href="//pokemonshowdown.com/ladder/">Ladder</a></li>
			<li><a class="button nav-last" href="//pokemonshowdown.com/forums/">Forum</a></li>
			<li><a class="button greenbutton nav-first nav-last" href="//play.pokemonshowdown.com/">Play</a></li>
		</ul></div>
	</header>

	<div class="main" id="main">

		<noscript><section class="section">You need to enable JavaScript to use this page; sorry!</section></noscript>

	</div>

</div>

<script defer nomodule src="//play.pokemonshowdown.com/js/lib/ps-polyfill.js"></script>
<script defer src="//play.pokemonshowdown.com/js/lib/preact.min.js"></script>

<script defer src="//play.pokemonshowdown.com/config/config.js?2bddbc15"></script>
<script defer src="//play.pokemonshowdown.com/js/lib/jquery-1.11.0.min.js"></script>
<script defer src="//play.pokemonshowdown.com/js/lib/html-sanitizer-minified.js"></script>
<script defer src="//play.pokemonshowdown.com/js/battle-sound.js"></script>
<script defer src="//play.pokemonshowdown.com/js/battledata.js?0.7209276989879541"></script>
<script defer src="//play.pokemonshowdown.com/data/pokedex-mini.js?0.6111056340867951"></script>
<script defer src="//play.pokemonshowdown.com/data/pokedex-mini-bw.js?0.3532142036491459"></script>
<script defer src="//play.pokemonshowdown.com/data/graphics.js?0.24223875632456182"></script>
<script defer src="//play.pokemonshowdown.com/data/pokedex.js?0.38839984266356864"></script>
<script defer src="//play.pokemonshowdown.com/data/moves.js?0.21866028504024015"></script>
<script defer src="//play.pokemonshowdown.com/data/abilities.js?0.2005157953846628"></script>
<script defer src="//play.pokemonshowdown.com/data/items.js?0.9894211263848525"></script>
<script defer src="//play.pokemonshowdown.com/data/teambuilder-tables.js?0.6008791140282215"></script>
<script defer src="//play.pokemonshowdown.com/js/battle-tooltips.js?0.7580118955022959"></script>
<script defer src="//play.pokemonshowdown.com/js/battle.js?0.6057722274234274"></script>

<script defer src="js/utils.js?e31f9a17"></script>
<script defer src="js/replays-battle.js?7008c182"></script>

<!-- don't scrape this data! just add .json or .log after the URL!
Full API docs: https://github.com/smogon/pokemon-showdown-client/blob/master/WEB-API.md -->
<script type="text/plain" class="log" id="replaylog-smogtours-gen3ou-796573">
|inactive|Battle timer is ON: inactive players will automatically lose when time's up.
|t:|1728438831
|gametype|singles
|player|p1|beeoi|101|
|player|p2|pslmrt_ochs|170|
|teamsize|p1|6
|teamsize|p2|6
|gen|3
|tier|[Gen 3] OU
|rule|Sleep Clause Mod: Limit one foe put to sleep
|rule|Switch Priority Clause Mod: Faster Pokémon switch first
|rule|Species Clause: Limit one of each Pokémon
|rule|OHKO Clause: OHKO moves are banned
|rule|Evasion Items Clause: Evasion items are banned
|rule|Evasion Moves Clause: Evasion moves are banned
|rule|Endless Battle Clause: Forcing endless battles is banned
|rule|HP Percentage Mod: HP is shown in percentages
|rule|One Boost Passer Clause: Limit one Baton Passer that has a way to boost its stats
|rule|Freeze Clause Mod: Limit one foe frozen
|
|t:|1728438831
|start
|switch|p1a: Salamence|Salamence, F|100/100
|switch|p2a: Skarmory|Skarmory, F|100/100
|-ability|p1a: Salamence|Intimidate|boost
|-unboost|p2a: Skarmory|atk|1
|turn|1
|
|t:|1728438857
|move|p1a: Salamence|Fire Blast|p2a: Skarmory
|-supereffective|p2a: Skarmory
|-damage|p2a: Skarmory|21/100
|move|p2a: Skarmory|Spikes|p1a: Salamence
|-sidestart|p1: beeoi|Spikes
|
|-heal|p2a: Skarmory|27/100|[from] item: Leftovers
|upkeep
|turn|2
|
|t:|1728438869
|move|p2a: Skarmory|Protect|p2a: Skarmory
|-singleturn|p2a: Skarmory|Protect
|move|p1a: Salamence|Dragon Claw|p2a: Skarmory
|-activate|p2a: Skarmory|Protect
|
|-heal|p2a: Skarmory|33/100|[from] item: Leftovers
|upkeep
|turn|3
|
|t:|1728438882
|switch|p2a: Starmie|Starmie|100/100
|move|p1a: Salamence|Fire Blast|p2a: Starmie
|-resisted|p2a: Starmie
|-damage|p2a: Starmie|68/100
|
|-heal|p2a: Starmie|74/100|[from] item: Leftovers
|upkeep
|turn|4
|
|t:|1728438895
|switch|p1a: Blissey|Blissey, F|100/100
|-damage|p1a: Blissey|88/100|[from] Spikes
|move|p2a: Starmie|Ice Beam|p1a: Blissey
|-damage|p1a: Blissey|77/100
|
|-heal|p2a: Starmie|80/100|[from] item: Leftovers
|-heal|p1a: Blissey|83/100|[from] item: Leftovers
|upkeep
|turn|5
|
|t:|1728438923
|switch|p2a: Gengar|Gengar, F|100/100
|switch|p1a: Skarmory|Skarmory, M|100/100
|
|upkeep
|turn|6
|inactive|pslmrt_ochs has 270 seconds left.
|
|t:|1728438949
|move|p1a: Skarmory|Protect|p1a: Skarmory
|-singleturn|p1a: Skarmory|Protect
|move|p2a: Gengar|Will-O-Wisp|p1a: Skarmory
|-activate|p1a: Skarmory|Protect
|
|upkeep
|turn|7
|inactive|pslmrt_ochs has 270 seconds left.
|
|t:|1728438959
|move|p2a: Gengar|Thunderbolt|p1a: Skarmory
|-supereffective|p1a: Skarmory
|-damage|p1a: Skarmory|48/100
|move|p1a: Skarmory|Spikes|p2a: Gengar
|-sidestart|p2: pslmrt_ochs|Spikes
|
|-heal|p1a: Skarmory|54/100|[from] item: Leftovers
|upkeep
|turn|8
|inactive|pslmrt_ochs has 270 seconds left.
|
|t:|1728438978
|move|p1a: Skarmory|Protect|p1a: Skarmory
|-singleturn|p1a: Skarmory|Protect
|move|p2a: Gengar|Thunderbolt|p1a: Skarmory
|-activate|p1a: Skarmory|Protect
|
|-heal|p1a: Skarmory|60/100|[from] item: Leftovers
|upkeep
|turn|9
|inactive|pslmrt_ochs has 270 seconds left.
|inactive|pslmrt_ochs has 240 seconds left.
|
|t:|1728439014
|move|p2a: Gengar|Thunderbolt|p1a: Skarmory
|-supereffective|p1a: Skarmory
|-damage|p1a: Skarmory|12/100
|move|p1a: Skarmory|Roar|p2a: Gengar
|drag|p2a: Tyranitar|Tyranitar, F|100/100
|-damage|p2a: Tyranitar|88/100|[from] Spikes
|-weather|Sandstorm|[from] ability: Sand Stream|[of] p2a: Tyranitar
|
|-weather|Sandstorm|[upkeep]
|-heal|p1a: Skarmory|18/100|[from] item: Leftovers
|-heal|p2a: Tyranitar|94/100|[from] item: Leftovers
|upkeep
|turn|10
|inactive|pslmrt_ochs has 240 seconds left.
|inactive|beeoi has 270 seconds left.
|
|t:|1728439044
|-singleturn|p2a: Tyranitar|move: Focus Punch
|switch|p1a: Salamence|Salamence, F|100/100
|-ability|p1a: Salamence|Intimidate|boost
|-unboost|p2a: Tyranitar|atk|1
|move|p2a: Tyranitar|Focus Punch|p1a: Salamence
|-resisted|p1a: Salamence
|-damage|p1a: Salamence|78/100
|
|-weather|Sandstorm|[upkeep]
|-damage|p1a: Salamence|72/100|[from] Sandstorm
|-heal|p1a: Salamence|78/100|[from] item: Leftovers
|-heal|p2a: Tyranitar|100/100|[from] item: Leftovers
|upkeep
|turn|11
|
|t:|1728439072
|move|p1a: Salamence|Dragon Claw|p2a: Tyranitar
|-damage|p2a: Tyranitar|67/100
|move|p2a: Tyranitar|Rock Slide|p1a: Salamence
|-supereffective|p1a: Salamence
|-damage|p1a: Salamence|14/100
|
|-weather|Sandstorm|[upkeep]
|-damage|p1a: Salamence|8/100|[from] Sandstorm
|-heal|p1a: Salamence|14/100|[from] item: Leftovers
|-heal|p2a: Tyranitar|73/100|[from] item: Leftovers
|upkeep
|turn|12
|
|t:|1728439086
|move|p1a: Salamence|Brick Break|p2a: Tyranitar
|-supereffective|p2a: Tyranitar
|-damage|p2a: Tyranitar|2/100
|move|p2a: Tyranitar|Rock Slide|p1a: Salamence
|-supereffective|p1a: Salamence
|-damage|p1a: Salamence|0 fnt
|faint|p1a: Salamence
|
|t:|1728439100
|switch|p1a: Aerodactyl|Aerodactyl, M|100/100
|
|-weather|Sandstorm|[upkeep]
|-heal|p2a: Tyranitar|8/100|[from] item: Leftovers
|upkeep
|turn|13
|
|t:|1728439116
|move|p1a: Aerodactyl|Rock Slide|p2a: Tyranitar
|-damage|p2a: Tyranitar|0 fnt
|faint|p2a: Tyranitar
|inactive|pslmrt_ochs has 210 seconds left.
|
|t:|1728439127
|switch|p2a: Starmie|Starmie|80/100
|-damage|p2a: Starmie|68/100|[from] Spikes
|
|-weather|Sandstorm|[upkeep]
|-damage|p2a: Starmie|62/100|[from] Sandstorm
|-heal|p2a: Starmie|68/100|[from] item: Leftovers
|upkeep
|turn|14
|inactive|pslmrt_ochs has 210 seconds left.
|
|t:|1728439137
|move|p1a: Aerodactyl|Rock Slide|p2a: Starmie
|-damage|p2a: Starmie|0 fnt
|faint|p2a: Starmie
|inactive|pslmrt_ochs has 210 seconds left.
|
|t:|1728439157
|switch|p2a: Swampert|Swampert, F|100/100
|-damage|p2a: Swampert|88/100|[from] Spikes
|
|-weather|Sandstorm|[upkeep]
|-heal|p2a: Swampert|94/100|[from] item: Leftovers
|upkeep
|turn|15
|
|t:|1728439169
|switch|p1a: Skarmory|Skarmory, M|18/100
|move|p2a: Swampert|Hydro Pump|p1a: Skarmory|[miss]
|-miss|p2a: Swampert|p1a: Skarmory
|
|-weather|Sandstorm|[upkeep]
|-heal|p1a: Skarmory|24/100|[from] item: Leftovers
|-heal|p2a: Swampert|100/100|[from] item: Leftovers
|upkeep
|turn|16
|inactive|pslmrt_ochs has 210 seconds left.
|
|t:|1728439193
|switch|p1a: Blissey|Blissey, F|83/100
|-damage|p1a: Blissey|71/100|[from] Spikes
|move|p2a: Swampert|Hydro Pump|p1a: Blissey
|-damage|p1a: Blissey|56/100
|
|-weather|Sandstorm|[upkeep]
|-damage|p1a: Blissey|50/100|[from] Sandstorm
|-heal|p1a: Blissey|56/100|[from] item: Leftovers
|upkeep
|turn|17
|inactive|pslmrt_ochs has 180 seconds left.
|
|t:|1728439226
|switch|p2a: Gengar|Gengar, F|100/100
|move|p1a: Blissey|Soft-Boiled|p1a: Blissey
|-heal|p1a: Blissey|100/100
|
|-weather|Sandstorm|[upkeep]
|-damage|p2a: Gengar|95/100|[from] Sandstorm
|-damage|p1a: Blissey|94/100|[from] Sandstorm
|-heal|p2a: Gengar|100/100|[from] item: Leftovers
|-heal|p1a: Blissey|100/100|[from] item: Leftovers
|upkeep
|turn|18
|inactive|pslmrt_ochs has 180 seconds left.
|
|t:|1728439238
|move|p2a: Gengar|Will-O-Wisp|p1a: Blissey
|-status|p1a: Blissey|brn
|move|p1a: Blissey|Thunder Wave|p2a: Gengar
|-status|p2a: Gengar|par
|
|-weather|Sandstorm|[upkeep]
|-damage|p1a: Blissey|94/100 brn|[from] Sandstorm
|-damage|p2a: Gengar|95/100 par|[from] Sandstorm
|-heal|p1a: Blissey|100/100 brn|[from] item: Leftovers
|-damage|p1a: Blissey|88/100 brn|[from] brn
|-heal|p2a: Gengar|100/100 par|[from] item: Leftovers
|upkeep
|turn|19
|inactive|pslmrt_ochs has 180 seconds left.
|
|t:|1728439257
|move|p1a: Blissey|Ice Beam|p2a: Gengar
|-damage|p2a: Gengar|74/100 par
|move|p2a: Gengar|Thunderbolt|p1a: Blissey
|-damage|p1a: Blissey|77/100 brn
|
|-weather|Sandstorm|[upkeep]
|-damage|p1a: Blissey|71/100 brn|[from] Sandstorm
|-damage|p2a: Gengar|68/100 par|[from] Sandstorm
|-heal|p1a: Blissey|77/100 brn|[from] item: Leftovers
|-damage|p1a: Blissey|64/100 brn|[from] brn
|-heal|p2a: Gengar|74/100 par|[from] item: Leftovers
|upkeep
|turn|20
|
|t:|1728439277
|-curestatus|p1a: Blissey|brn|[from] ability: Natural Cure
|switch|p1a: Tyranitar|Tyranitar, F|100/100
|-damage|p1a: Tyranitar|88/100|[from] Spikes
|move|p2a: Gengar|Explosion|p1a: Tyranitar
|-resisted|p1a: Tyranitar
|-damage|p1a: Tyranitar|53/100
|faint|p2a: Gengar
|
|t:|1728439294
|switch|p2a: Swampert|Swampert, F|100/100
|-damage|p2a: Swampert|88/100|[from] Spikes
|
|-weather|Sandstorm|[upkeep]
|-heal|p2a: Swampert|94/100|[from] item: Leftovers
|upkeep
|turn|21
|
|t:|1728439315
|switch|p1a: Skarmory|Skarmory, M|24/100
|switch|p2a: Skarmory|Skarmory, F|33/100
|
|-weather|Sandstorm|[upkeep]
|-heal|p1a: Skarmory|30/100|[from] item: Leftovers
|-heal|p2a: Skarmory|39/100|[from] item: Leftovers
|upkeep
|turn|22
|
|t:|1728439335
|move|p2a: Skarmory|Spikes|p1a: Skarmory
|-sidestart|p1: beeoi|Spikes
|move|p1a: Skarmory|Roar|p2a: Skarmory
|drag|p2a: Swampert|Swampert, F|94/100
|-damage|p2a: Swampert|82/100|[from] Spikes
|
|-weather|Sandstorm|[upkeep]
|-heal|p1a: Skarmory|36/100|[from] item: Leftovers
|-heal|p2a: Swampert|88/100|[from] item: Leftovers
|upkeep
|turn|23
|
|t:|1728439350
|move|p1a: Skarmory|Drill Peck|p2a: Swampert
|-damage|p2a: Swampert|72/100
|move|p2a: Swampert|Hydro Pump|p1a: Skarmory
|-crit|p1a: Skarmory
|-damage|p1a: Skarmory|0 fnt
|faint|p1a: Skarmory
|
|t:|1728439360
|switch|p1a: Metagross|Metagross|100/100
|-damage|p1a: Metagross|84/100|[from] Spikes
|
|-weather|Sandstorm|[upkeep]
|-heal|p1a: Metagross|90/100|[from] item: Leftovers
|-heal|p2a: Swampert|78/100|[from] item: Leftovers
|upkeep
|turn|24
|inactive|beeoi has 240 seconds left.
|
|t:|1728439383
|move|p1a: Metagross|Icy Wind|p2a: Swampert
|-damage|p2a: Swampert|64/100
|-unboost|p2a: Swampert|spe|1
|move|p2a: Swampert|Hydro Pump|p1a: Metagross
|-damage|p1a: Metagross|51/100
|
|-weather|Sandstorm|[upkeep]
|-heal|p1a: Metagross|57/100|[from] item: Leftovers
|-heal|p2a: Swampert|70/100|[from] item: Leftovers
|upkeep
|turn|25
|inactive|beeoi has 240 seconds left.
|
|t:|1728439396
|move|p2a: Swampert|Protect|p2a: Swampert
|-singleturn|p2a: Swampert|Protect
|move|p1a: Metagross|Hidden Power|p2a: Swampert
|-activate|p2a: Swampert|Protect
|
|-weather|Sandstorm|[upkeep]
|-heal|p1a: Metagross|63/100|[from] item: Leftovers
|-heal|p2a: Swampert|76/100|[from] item: Leftovers
|upkeep
|turn|26
|inactive|beeoi has 240 seconds left.
|inactive|pslmrt_ochs has 150 seconds left.
|
|t:|1728439419
|switch|p2a: Skarmory|Skarmory, F|39/100
|move|p1a: Metagross|Hidden Power|p2a: Skarmory
|-resisted|p2a: Skarmory
|-damage|p2a: Skarmory|34/100
|
|-weather|Sandstorm|[upkeep]
|-heal|p2a: Skarmory|40/100|[from] item: Leftovers
|-heal|p1a: Metagross|69/100|[from] item: Leftovers
|upkeep
|turn|27
|inactive|pslmrt_ochs has 150 seconds left.
|inactive|beeoi has 240 seconds left.
|
|t:|1728439431
|move|p2a: Skarmory|Spikes|p1a: Metagross
|-sidestart|p1: beeoi|Spikes
|move|p1a: Metagross|Psychic|p2a: Skarmory
|-resisted|p2a: Skarmory
|-damage|p2a: Skarmory|21/100
|
|-weather|Sandstorm|[upkeep]
|-heal|p2a: Skarmory|27/100|[from] item: Leftovers
|-heal|p1a: Metagross|75/100|[from] item: Leftovers
|upkeep
|turn|28
|inactive|pslmrt_ochs has 150 seconds left.
|
|t:|1728439440
|move|p2a: Skarmory|Protect|p2a: Skarmory
|-singleturn|p2a: Skarmory|Protect
|move|p1a: Metagross|Psychic|p2a: Skarmory
|-activate|p2a: Skarmory|Protect
|
|-weather|Sandstorm|[upkeep]
|-heal|p2a: Skarmory|33/100|[from] item: Leftovers
|-heal|p1a: Metagross|81/100|[from] item: Leftovers
|upkeep
|turn|29
|inactive|pslmrt_ochs has 150 seconds left.
|
|t:|1728439452
|move|p1a: Metagross|Icy Wind|p2a: Skarmory
|-damage|p2a: Skarmory|18/100
|-unboost|p2a: Skarmory|spe|1
|move|p2a: Skarmory|Roar|p1a: Metagross
|drag|p1a: Aerodactyl|Aerodactyl, M|100/100
|
|-weather|Sandstorm|[upkeep]
|-heal|p2a: Skarmory|24/100|[from] item: Leftovers
|upkeep
|turn|30
|inactive|pslmrt_ochs has 150 seconds left.
|inactive|beeoi has 240 seconds left.
|
|t:|1728439473
|move|p2a: Skarmory|Protect|p2a: Skarmory
|-singleturn|p2a: Skarmory|Protect
|move|p1a: Aerodactyl|Double-Edge|p2a: Skarmory
|-activate|p2a: Skarmory|Protect
|
|-weather|Sandstorm|[upkeep]
|-heal|p2a: Skarmory|30/100|[from] item: Leftovers
|upkeep
|turn|31
|inactive|beeoi has 240 seconds left.
|
|t:|1728439487
|move|p1a: Aerodactyl|Double-Edge|p2a: Skarmory
|-resisted|p2a: Skarmory
|-damage|p2a: Skarmory|8/100
|move|p2a: Skarmory|Roar|p1a: Aerodactyl
|drag|p1a: Metagross|Metagross|81/100
|-damage|p1a: Metagross|56/100|[from] Spikes
|
|-weather|Sandstorm|[upkeep]
|-heal|p1a: Metagross|62/100|[from] item: Leftovers
|-heal|p2a: Skarmory|14/100|[from] item: Leftovers
|upkeep
|turn|32
|inactive|beeoi has 240 seconds left.
|
|t:|1728439500
|move|p2a: Skarmory|Protect|p2a: Skarmory
|-singleturn|p2a: Skarmory|Protect
|move|p1a: Metagross|Psychic|p2a: Skarmory
|-activate|p2a: Skarmory|Protect
|
|-weather|Sandstorm|[upkeep]
|-heal|p1a: Metagross|68/100|[from] item: Leftovers
|-heal|p2a: Skarmory|20/100|[from] item: Leftovers
|upkeep
|turn|33
|
|t:|1728439509
|move|p1a: Metagross|Psychic|p2a: Skarmory
|-resisted|p2a: Skarmory
|-damage|p2a: Skarmory|2/100
|move|p2a: Skarmory|Roar|p1a: Metagross
|drag|p1a: Blissey|Blissey, F|64/100
|-damage|p1a: Blissey|40/100|[from] Spikes
|
|-weather|Sandstorm|[upkeep]
|-damage|p1a: Blissey|33/100|[from] Sandstorm
|-heal|p1a: Blissey|40/100|[from] item: Leftovers
|-heal|p2a: Skarmory|8/100|[from] item: Leftovers
|upkeep
|turn|34
|
|t:|1728439521
|move|p2a: Skarmory|Protect|p2a: Skarmory
|-singleturn|p2a: Skarmory|Protect
|move|p1a: Blissey|Soft-Boiled|p1a: Blissey
|-heal|p1a: Blissey|89/100
|
|-weather|Sandstorm|[upkeep]
|-damage|p1a: Blissey|83/100|[from] Sandstorm
|-heal|p1a: Blissey|89/100|[from] item: Leftovers
|-heal|p2a: Skarmory|14/100|[from] item: Leftovers
|upkeep
|turn|35
|
|t:|1728439537
|move|p1a: Blissey|Ice Beam|p2a: Skarmory
|-damage|p2a: Skarmory|0 fnt
|faint|p2a: Skarmory
|inactive|pslmrt_ochs has 150 seconds left.
|
|t:|1728439548
|switch|p2a: Swampert|Swampert, F|76/100
|-damage|p2a: Swampert|64/100|[from] Spikes
|
|-weather|Sandstorm|[upkeep]
|-damage|p1a: Blissey|83/100|[from] Sandstorm
|-heal|p2a: Swampert|70/100|[from] item: Leftovers
|-heal|p1a: Blissey|89/100|[from] item: Leftovers
|upkeep
|turn|36
|inactive|pslmrt_ochs has 150 seconds left.
|
|t:|1728439561
|move|p2a: Swampert|Ice Beam|p1a: Blissey
|-damage|p1a: Blissey|81/100
|move|p1a: Blissey|Seismic Toss|p2a: Swampert
|-damage|p2a: Swampert|45/100
|
|-weather|Sandstorm|[upkeep]
|-damage|p1a: Blissey|75/100|[from] Sandstorm
|-heal|p2a: Swampert|51/100|[from] item: Leftovers
|-heal|p1a: Blissey|81/100|[from] item: Leftovers
|upkeep
|turn|37
|inactive|pslmrt_ochs has 150 seconds left.
|
|t:|1728439575
|move|p2a: Swampert|Earthquake|p1a: Blissey
|-damage|p1a: Blissey|45/100
|move|p1a: Blissey|Seismic Toss|p2a: Swampert
|-damage|p2a: Swampert|26/100
|
|-weather|Sandstorm|[upkeep]
|-damage|p1a: Blissey|39/100|[from] Sandstorm
|-heal|p2a: Swampert|33/100|[from] item: Leftovers
|-heal|p1a: Blissey|45/100|[from] item: Leftovers
|upkeep
|turn|38
|inactive|pslmrt_ochs has 150 seconds left.
|
|t:|1728439605
|move|p2a: Swampert|Hydro Pump|p1a: Blissey
|-damage|p1a: Blissey|23/100
|move|p1a: Blissey|Seismic Toss|p2a: Swampert
|-damage|p2a: Swampert|8/100
|
|-weather|Sandstorm|[upkeep]
|-damage|p1a: Blissey|16/100|[from] Sandstorm
|-heal|p2a: Swampert|14/100|[from] item: Leftovers
|-heal|p1a: Blissey|23/100|[from] item: Leftovers
|upkeep
|turn|39
|
|t:|1728439622
|move|p2a: Swampert|Earthquake|p1a: Blissey
|-damage|p1a: Blissey|0 fnt
|faint|p1a: Blissey
|inactive|beeoi has 240 seconds left.
|
|t:|1728439638
|switch|p1a: Metagross|Metagross|68/100
|-damage|p1a: Metagross|43/100|[from] Spikes
|
|-weather|Sandstorm|[upkeep]
|-heal|p1a: Metagross|49/100|[from] item: Leftovers
|-heal|p2a: Swampert|20/100|[from] item: Leftovers
|upkeep
|turn|40
|
|t:|1728439664
|move|p1a: Metagross|Psychic|p2a: Swampert
|-damage|p2a: Swampert|0 fnt
|faint|p2a: Swampert
|
|t:|1728439670
|switch|p2a: Blissey|Blissey, F, shiny|100/100
|-damage|p2a: Blissey|88/100|[from] Spikes
|
|-weather|Sandstorm|[upkeep]
|-damage|p2a: Blissey|82/100|[from] Sandstorm
|-heal|p1a: Metagross|55/100|[from] item: Leftovers
|-heal|p2a: Blissey|88/100|[from] item: Leftovers
|upkeep
|turn|41
|
|t:|1728439682
|move|p1a: Metagross|Meteor Mash|p2a: Blissey
|-damage|p2a: Blissey|43/100
|move|p2a: Blissey|Fire Blast|p1a: Metagross
|-supereffective|p1a: Metagross
|-damage|p1a: Metagross|0 fnt
|faint|p1a: Metagross
|
|t:|1728439689
|switch|p1a: Aerodactyl|Aerodactyl, M|100/100
|
|-weather|Sandstorm|[upkeep]
|-damage|p2a: Blissey|37/100|[from] Sandstorm
|-heal|p2a: Blissey|43/100|[from] item: Leftovers
|upkeep
|turn|42
|
|t:|1728439707
|move|p1a: Aerodactyl|Double-Edge|p2a: Blissey
|-damage|p2a: Blissey|0 fnt
|faint|p2a: Blissey
|
|win|beeoi
|c|☆beeoi|GG

</script>
<script type="application/json" class="data" id="replaydata-smogtours-gen3ou-796573">
{"id":"smogtours-gen3ou-796573","format":"[Gen 3] OU","players":["beeoi","pslmrt_ochs"],"uploadtime":1728439707,"views":121,"formatid":"gen3ou","rating":null,"private":0,"password":null}
</script>

<script defer src="js/replays.js?9d40a366"></script>
