<!DOCTYPE html>
<meta charset="utf-8" />
<meta name="viewport" content="width=device-width" />

<title>[Gen 3] OU: SKITZ_MONEY vs. Depres_ionCher_y - Replays - Pok&eacute;mon Showdown!</title>

<meta name="description" content="Watch a replay of a Pok&eacute;mon battle between SKITZ_MONEY and Depres_ionCher_y! Format: [Gen 3] OU; Date: Oct 12, 2024" />
<!--

Hey, you! Looking in the source for the replay log?

You can find them in JSON format, just add `.json` at the end of a replay URL.

https://replay.pokemonshowdown.com/gen7randomdoublesbattle-865046831.json

Or, if you only need the log itself, add `.log` instead:

https://replay.pokemonshowdown.com/gen7randomdoublesbattle-865046831.log

-->

<link rel="stylesheet" href="//pokemonshowdown.com/style/global.css?0.023195364461161105" />
<link rel="stylesheet" href="//play.pokemonshowdown.com/style/font-awesome.css?0.13261647063804238" />
<link rel="stylesheet" href="//play.pokemonshowdown.com/style/battle.css?0.8753245789963631" />
<link rel="stylesheet" href="//play.pokemonshowdown.com/style/utilichart.css?0.8627959624976733" />

<!-- Global site tag (gtag.js) - Google Analytics -->
<script async src="https://www.googletagmanager.com/gtag/js?id=UA-26211653-1"></script>
<script>
  window.dataLayer = window.dataLayer || [];
  function gtag(){dataLayer.push(arguments);}
  gtag('js', new Date());

  gtag('config', 'UA-26211653-1');
</script>
<!-- End Google Analytics -->
<!-- Venatus Ad Manager - Install in <HEAD> of page -->
	<script src="https://hb.vntsm.com/v3/live/ad-manager.min.js" type="text/javascript" data-site-id="642aba63ec9a7b11c3c9c1be" data-mode="scan" async></script>
<!-- / Venatus Ad Manager -->

<style>
	@media (max-width:820px) {
		.battle {
			margin: 0 auto;
		}
		.battle-log {
			margin: 7px auto 0;
			max-width: 640px;
			height: 300px;
			position: static;
		}
	}
	.optgroup {
		display: inline-block;
		line-height: 22px;
		font-size: 10pt;
	}
	.optgroup .button {
		height: 25px;
		padding-top: 0;
		padding-bottom: 0;
	}
	.optgroup button.button {
		padding-left: 12px;
		padding-right: 12px;
	}
	.linklist {
		list-style: none;
		margin: 0.5em 0;
		padding: 0;
	}
	.linklist li {
		padding: 2px 0;
	}
	.sidebar {
		float: left;
		width: 320px;
	}
	.bar-wrapper {
		max-width: 1100px;
		margin: 0 auto;
	}
	.bar-wrapper.has-sidebar {
		max-width: 1430px;
	}
	.mainbar {
		margin: 0;
		padding-right: 1px;
	}
	.mainbar.has-sidebar {
		margin-left: 330px;
	}
	@media (min-width: 1511px) {
		.sidebar {
			width: 400px;
		}
		.bar-wrapper.has-sidebar {
			max-width: 1510px;
		}
		.mainbar.has-sidebar {
			margin-left: 410px;
		}
	}
	.section.first-section {
		margin-top: 9px;
	}
	.blocklink small {
		white-space: normal;
	}
	.button {
		vertical-align: middle;
	}
	.replay-controls {
		padding-top: 10px;
	}
	.replay-controls h1 {
		font-size: 16pt;
		font-weight: normal;
		color: #CCC;
	}
	.pagelink {
		text-align: center;
	}
	.pagelink a {
		width: 150px;
	}
	.textbox, .button {
		font-size: 11pt;
		vertical-align: middle;
	}
	@media (max-width: 450px) {
		.button {
			font-size: 9pt;
		}
	}
</style>

<div>

	<header>
		<div class="nav-wrapper"><ul class="nav">
			<li><a class="button nav-first" href="//pokemonshowdown.com/"><img src="//pokemonshowdown.com/images/pokemonshowdownbeta.png" srcset="//pokemonshowdown.com/images/pokemonshowdownbeta.png 1x, //pokemonshowdown.com/images/pokemonshowdownbeta@2x.png 2x" alt="Pok&eacute;mon Showdown" width="146" height="44" /> Home</a></li>
			<li><a class="button" href="//pokemonshowdown.com/dex/">Pok&eacute;dex</a></li>
			<li><a class="button cur" href="/">Replays</a></li>
			<li><a class="button" href="//pokemonshowdown.com/ladder/">Ladder</a></li>
			<li><a class="button nav-last" href="//pokemonshowdown.com/forums/">Forum</a></li>
			<li><a class="button greenbutton nav-first nav-last" href="//play.pokemonshowdown.com/">Play</a></li>
		</ul></div>
	</header>

	<div class="main" id="main">

		<noscript><section class="section">You need to enable JavaScript to use this page; sorry!</section></noscript>

	</div>

</div>

<script defer nomodule src="//play.pokemonshowdown.com/js/lib/ps-polyfill.js"></script>
<script defer src="//play.pokemonshowdown.com/js/lib/preact.min.js"></script>

<script defer src="//play.pokemonshowdown.com/config/config.js?2bddbc15"></script>
<script defer src="//play.pokemonshowdown.com/js/lib/jquery-1.11.0.min.js"></script>
<script defer src="//play.pokemonshowdown.com/js/lib/html-sanitizer-minified.js"></script>
<script defer src="//play.pokemonshowdown.com/js/battle-sound.js"></script>
<script defer src="//play.pokemonshowdown.com/js/battledata.js?0.7209276989879541"></script>
<script defer src="//play.pokemonshowdown.com/data/pokedex-mini.js?0.6111056340867951"></script>
<script defer src="//play.pokemonshowdown.com/data/pokedex-mini-bw.js?0.3532142036491459"></script>
<script defer src="//play.pokemonshowdown.com/data/graphics.js?0.24223875632456182"></script>
<script defer src="//play.pokemonshowdown.com/data/pokedex.js?0.38839984266356864"></script>
<script defer src="//play.pokemonshowdown.com/data/moves.js?0.21866028504024015"></script>
<script defer src="//play.pokemonshowdown.com/data/abilities.js?0.2005157953846628"></script>
<script defer src="//play.pokemonshowdown.com/data/items.js?0.9894211263848525"></script>
<script defer src="//play.pokemonshowdown.com/data/teambuilder-tables.js?0.6008791140282215"></script>
<script defer src="//play.pokemonshowdown.com/js/battle-tooltips.js?0.7580118955022959"></script>
<script defer src="//play.pokemonshowdown.com/js/battle.js?0.6057722274234274"></script>

<script defer src="js/utils.js?e31f9a17"></script>
<script defer src="js/replays-battle.js?7008c182"></script>

<!-- don't scrape this data! just add .json or .log after the URL!
Full API docs: https://github.com/smogon/pokemon-showdown-client/blob/master/WEB-API.md -->
<script type="text/plain" class="log" id="replaylog-smogtours-gen3ou-797498">
|inactive|Battle timer is ON: inactive players will automatically lose when time's up.
|t:|1728747939
|gametype|singles
|player|p1|SKITZ_MONEY|266|
|player|p2|Depres_ionCher_y|waitress-gen4|
|teamsize|p1|6
|teamsize|p2|6
|gen|3
|tier|[Gen 3] OU
|rule|Sleep Clause Mod: Limit one foe put to sleep
|rule|Switch Priority Clause Mod: Faster Pokémon switch first
|rule|Species Clause: Limit one of each Pokémon
|rule|OHKO Clause: OHKO moves are banned
|rule|Evasion Items Clause: Evasion items are banned
|rule|Evasion Moves Clause: Evasion moves are banned
|rule|Endless Battle Clause: Forcing endless battles is banned
|rule|HP Percentage Mod: HP is shown in percentages
|rule|One Boost Passer Clause: Limit one Baton Passer that has a way to boost its stats
|rule|Freeze Clause Mod: Limit one foe frozen
|
|t:|1728747939
|start
|switch|p1a: Suicune|Suicune|100/100
|switch|p2a: Tyranitar|Tyranitar, F|100/100
|-weather|Sandstorm|[from] ability: Sand Stream|[of] p2a: Tyranitar
|turn|1
|c|☆Depres_ionCher_y|glhf
|c|☆SKITZ_MONEY|gl hf
|inactive|Depres_ionCher_y has 270 seconds left.
|
|t:|1728747975
|switch|p2a: Milotic|Milotic, F|100/100
|move|p1a: Suicune|Hydro Pump|p2a: Milotic
|-resisted|p2a: Milotic
|-damage|p2a: Milotic|81/100
|
|-weather|Sandstorm|[upkeep]
|-damage|p1a: Suicune|94/100|[from] Sandstorm
|-damage|p2a: Milotic|75/100|[from] Sandstorm
|-heal|p1a: Suicune|100/100|[from] item: Leftovers
|-heal|p2a: Milotic|81/100|[from] item: Leftovers
|upkeep
|turn|2
|
|t:|1728747980
|switch|p1a: Snorlax|Snorlax, M|100/100
|move|p2a: Milotic|Surf|p1a: Snorlax
|-damage|p1a: Snorlax|80/100
|
|-weather|Sandstorm|[upkeep]
|-damage|p2a: Milotic|75/100|[from] Sandstorm
|-damage|p1a: Snorlax|73/100|[from] Sandstorm
|-heal|p2a: Milotic|81/100|[from] item: Leftovers
|-heal|p1a: Snorlax|80/100|[from] item: Leftovers
|upkeep
|turn|3
|
|t:|1728747995
|switch|p2a: Skarmory|Skarmory, F|100/100
|move|p1a: Snorlax|Body Slam|p2a: Skarmory
|-resisted|p2a: Skarmory
|-crit|p2a: Skarmory
|-damage|p2a: Skarmory|65/100
|-status|p2a: Skarmory|par
|
|-weather|Sandstorm|[upkeep]
|-damage|p1a: Snorlax|73/100|[from] Sandstorm
|-heal|p1a: Snorlax|80/100|[from] item: Leftovers
|-heal|p2a: Skarmory|71/100 par|[from] item: Leftovers
|upkeep
|turn|4
|
|t:|1728748003
|switch|p1a: Magneton|Magneton|100/100
|switch|p2a: Dugtrio|Dugtrio, M|100/100
|
|-weather|Sandstorm|[upkeep]
|upkeep
|turn|5
|
|t:|1728748008
|move|p2a: Dugtrio|Earthquake|p1a: Magneton
|-supereffective|p1a: Magneton
|-crit|p1a: Magneton
|-damage|p1a: Magneton|0 fnt
|faint|p1a: Magneton
|c|☆SKITZ_MONEY|wp
|
|t:|1728748019
|switch|p1a: Salamence|Salamence, M|100/100
|-ability|p1a: Salamence|Intimidate|boost
|-unboost|p2a: Dugtrio|atk|1
|
|-weather|Sandstorm|[upkeep]
|-damage|p1a: Salamence|94/100|[from] Sandstorm
|-heal|p1a: Salamence|100/100|[from] item: Leftovers
|upkeep
|turn|6
|
|t:|1728748029
|switch|p2a: Milotic|Milotic, F|81/100
|move|p1a: Salamence|Fire Blast|p2a: Milotic|[miss]
|-miss|p1a: Salamence|p2a: Milotic
|
|-weather|Sandstorm|[upkeep]
|-damage|p1a: Salamence|94/100|[from] Sandstorm
|-damage|p2a: Milotic|75/100|[from] Sandstorm
|-heal|p1a: Salamence|100/100|[from] item: Leftovers
|-heal|p2a: Milotic|81/100|[from] item: Leftovers
|upkeep
|turn|7
|
|t:|1728748033
|switch|p1a: Snorlax|Snorlax, M|80/100
|move|p2a: Milotic|Recover|p2a: Milotic
|-heal|p2a: Milotic|100/100
|
|-weather|Sandstorm|[upkeep]
|-damage|p2a: Milotic|94/100|[from] Sandstorm
|-damage|p1a: Snorlax|73/100|[from] Sandstorm
|-heal|p2a: Milotic|100/100|[from] item: Leftovers
|-heal|p1a: Snorlax|80/100|[from] item: Leftovers
|upkeep
|turn|8
|
|t:|1728748041
|switch|p2a: Skarmory|Skarmory, F|71/100 par
|move|p1a: Snorlax|Body Slam|p2a: Skarmory
|-resisted|p2a: Skarmory
|-damage|p2a: Skarmory|54/100 par
|
|-weather|Sandstorm|[upkeep]
|-damage|p1a: Snorlax|73/100|[from] Sandstorm
|-heal|p1a: Snorlax|80/100|[from] item: Leftovers
|-heal|p2a: Skarmory|60/100 par|[from] item: Leftovers
|upkeep
|turn|9
|
|t:|1728748045
|move|p1a: Snorlax|Self-Destruct|p2a: Skarmory
|-resisted|p2a: Skarmory
|-crit|p2a: Skarmory
|-damage|p2a: Skarmory|0 fnt
|faint|p1a: Snorlax
|faint|p2a: Skarmory
|
|t:|1728748056
|switch|p2a: Dugtrio|Dugtrio, M|100/100
|switch|p1a: Metagross|Metagross|100/100
|
|-weather|Sandstorm|[upkeep]
|upkeep
|turn|10
|
|t:|1728748065
|switch|p2a: Milotic|Milotic, F|100/100
|move|p1a: Metagross|Earthquake|p2a: Milotic
|-damage|p2a: Milotic|55/100
|
|-weather|Sandstorm|[upkeep]
|-damage|p2a: Milotic|49/100|[from] Sandstorm
|-heal|p2a: Milotic|55/100|[from] item: Leftovers
|upkeep
|turn|11
|
|t:|1728748076
|switch|p2a: Claydol|Claydol|100/100
|move|p1a: Metagross|Earthquake|p2a: Claydol
|-immune|p2a: Claydol
|
|-weather|Sandstorm|[upkeep]
|upkeep
|turn|12
|
|t:|1728748084
|switch|p1a: Suicune|Suicune|100/100
|move|p2a: Claydol|Psychic|p1a: Suicune
|-damage|p1a: Suicune|81/100
|
|-weather|Sandstorm|[upkeep]
|-damage|p1a: Suicune|75/100|[from] Sandstorm
|-heal|p1a: Suicune|81/100|[from] item: Leftovers
|upkeep
|turn|13
|
|t:|1728748095
|switch|p1a: Metagross|Metagross|100/100
|switch|p2a: Milotic|Milotic, F|55/100
|
|-weather|Sandstorm|[upkeep]
|-damage|p2a: Milotic|49/100|[from] Sandstorm
|-heal|p2a: Milotic|55/100|[from] item: Leftovers
|upkeep
|turn|14
|
|t:|1728748117
|move|p1a: Metagross|Meteor Mash|p2a: Milotic|[miss]
|-miss|p1a: Metagross|p2a: Milotic
|move|p2a: Milotic|Recover|p2a: Milotic
|-heal|p2a: Milotic|100/100
|
|-weather|Sandstorm|[upkeep]
|-damage|p2a: Milotic|94/100|[from] Sandstorm
|-heal|p2a: Milotic|100/100|[from] item: Leftovers
|upkeep
|turn|15
|
|t:|1728748120
|move|p1a: Metagross|Meteor Mash|p2a: Milotic
|-resisted|p2a: Milotic
|-damage|p2a: Milotic|70/100
|move|p2a: Milotic|Surf|p1a: Metagross
|-damage|p1a: Metagross|61/100
|
|-weather|Sandstorm|[upkeep]
|-damage|p2a: Milotic|63/100|[from] Sandstorm
|-heal|p2a: Milotic|70/100|[from] item: Leftovers
|upkeep
|turn|16
|
|t:|1728748126
|switch|p1a: Salamence|Salamence, M|100/100
|-ability|p1a: Salamence|Intimidate|boost
|-unboost|p2a: Milotic|atk|1
|move|p2a: Milotic|Recover|p2a: Milotic
|-heal|p2a: Milotic|100/100
|
|-weather|Sandstorm|[upkeep]
|-damage|p1a: Salamence|94/100|[from] Sandstorm
|-damage|p2a: Milotic|94/100|[from] Sandstorm
|-heal|p1a: Salamence|100/100|[from] item: Leftovers
|-heal|p2a: Milotic|100/100|[from] item: Leftovers
|upkeep
|turn|17
|
|t:|1728748129
|switch|p1a: Suicune|Suicune|81/100
|move|p2a: Milotic|Surf|p1a: Suicune
|-resisted|p1a: Suicune
|-damage|p1a: Suicune|67/100
|
|-weather|Sandstorm|[upkeep]
|-damage|p1a: Suicune|61/100|[from] Sandstorm
|-damage|p2a: Milotic|94/100|[from] Sandstorm
|-heal|p1a: Suicune|67/100|[from] item: Leftovers
|-heal|p2a: Milotic|100/100|[from] item: Leftovers
|upkeep
|turn|18
|
|t:|1728748133
|switch|p1a: Metagross|Metagross|61/100
|move|p2a: Milotic|Surf|p1a: Metagross
|-damage|p1a: Metagross|24/100
|
|-weather|Sandstorm|[upkeep]
|-damage|p2a: Milotic|94/100|[from] Sandstorm
|-heal|p2a: Milotic|100/100|[from] item: Leftovers
|upkeep
|turn|19
|
|t:|1728748141
|switch|p1a: Heracross|Heracross, M|100/100
|switch|p2a: Claydol|Claydol|100/100
|
|-weather|Sandstorm|[upkeep]
|-damage|p1a: Heracross|94/100|[from] Sandstorm
|upkeep
|turn|20
|
|t:|1728748154
|move|p1a: Heracross|Substitute|p1a: Heracross
|-start|p1a: Heracross|Substitute
|-damage|p1a: Heracross|69/100
|move|p2a: Claydol|Psychic|p1a: Heracross
|-supereffective|p1a: Heracross
|-end|p1a: Heracross|Substitute
|
|-weather|Sandstorm|[upkeep]
|-damage|p1a: Heracross|63/100|[from] Sandstorm
|upkeep
|turn|21
|
|t:|1728748158
|move|p1a: Heracross|Substitute|p1a: Heracross
|-start|p1a: Heracross|Substitute
|-damage|p1a: Heracross|38/100
|move|p2a: Claydol|Psychic|p1a: Heracross
|-supereffective|p1a: Heracross
|-end|p1a: Heracross|Substitute
|
|-weather|Sandstorm|[upkeep]
|-damage|p1a: Heracross|32/100|[from] Sandstorm
|upkeep
|turn|22
|
|t:|1728748165
|move|p1a: Heracross|Megahorn|p2a: Claydol
|-supereffective|p2a: Claydol
|-damage|p2a: Claydol|0 fnt
|faint|p2a: Claydol
|
|t:|1728748169
|switch|p2a: Milotic|Milotic, F|100/100
|
|-weather|Sandstorm|[upkeep]
|-damage|p1a: Heracross|26/100|[from] Sandstorm
|-damage|p2a: Milotic|94/100|[from] Sandstorm
|-heal|p2a: Milotic|100/100|[from] item: Leftovers
|upkeep
|turn|23
|
|t:|1728748180
|switch|p1a: Suicune|Suicune|67/100
|move|p2a: Milotic|Surf|p1a: Suicune
|-resisted|p1a: Suicune
|-damage|p1a: Suicune|54/100
|
|-weather|Sandstorm|[upkeep]
|-damage|p1a: Suicune|47/100|[from] Sandstorm
|-damage|p2a: Milotic|94/100|[from] Sandstorm
|-heal|p1a: Suicune|54/100|[from] item: Leftovers
|-heal|p2a: Milotic|100/100|[from] item: Leftovers
|upkeep
|turn|24
|
|t:|1728748190
|move|p1a: Suicune|Ice Beam|p2a: Milotic
|-resisted|p2a: Milotic
|-damage|p2a: Milotic|91/100
|-status|p2a: Milotic|frz
|-curestatus|p2a: Milotic|frz|[msg]
|move|p2a: Milotic|Toxic|p1a: Suicune
|-status|p1a: Suicune|tox
|
|-weather|Sandstorm|[upkeep]
|-damage|p1a: Suicune|47/100 tox|[from] Sandstorm
|-damage|p2a: Milotic|85/100|[from] Sandstorm
|-heal|p1a: Suicune|54/100 tox|[from] item: Leftovers
|-damage|p1a: Suicune|47/100 tox|[from] psn
|-heal|p2a: Milotic|91/100|[from] item: Leftovers
|upkeep
|turn|25
|
|t:|1728748193
|move|p1a: Suicune|Ice Beam|p2a: Milotic
|-resisted|p2a: Milotic
|-damage|p2a: Milotic|81/100
|move|p2a: Milotic|Surf|p1a: Suicune
|-resisted|p1a: Suicune
|-damage|p1a: Suicune|34/100 tox
|
|-weather|Sandstorm|[upkeep]
|-damage|p1a: Suicune|28/100 tox|[from] Sandstorm
|-damage|p2a: Milotic|75/100|[from] Sandstorm
|-heal|p1a: Suicune|34/100 tox|[from] item: Leftovers
|-damage|p1a: Suicune|22/100 tox|[from] psn
|-heal|p2a: Milotic|81/100|[from] item: Leftovers
|upkeep
|turn|26
|
|t:|1728748195
|move|p1a: Suicune|Ice Beam|p2a: Milotic
|-resisted|p2a: Milotic
|-damage|p2a: Milotic|72/100
|move|p2a: Milotic|Recover|p2a: Milotic
|-heal|p2a: Milotic|100/100
|
|-weather|Sandstorm|[upkeep]
|-damage|p1a: Suicune|16/100 tox|[from] Sandstorm
|-damage|p2a: Milotic|94/100|[from] Sandstorm
|-heal|p1a: Suicune|22/100 tox|[from] item: Leftovers
|-damage|p1a: Suicune|4/100 tox|[from] psn
|-heal|p2a: Milotic|100/100|[from] item: Leftovers
|upkeep
|turn|27
|
|t:|1728748199
|move|p1a: Suicune|Ice Beam|p2a: Milotic
|-resisted|p2a: Milotic
|-damage|p2a: Milotic|90/100
|move|p2a: Milotic|Recover|p2a: Milotic
|-heal|p2a: Milotic|100/100
|
|-weather|Sandstorm|[upkeep]
|-damage|p1a: Suicune|0 fnt|[from] Sandstorm
|-damage|p2a: Milotic|94/100|[from] Sandstorm
|faint|p1a: Suicune
|-heal|p2a: Milotic|100/100|[from] item: Leftovers
|upkeep
|
|t:|1728748201
|switch|p1a: Metagross|Metagross|24/100
|turn|28
|
|t:|1728748208
|switch|p2a: Tyranitar|Tyranitar, F|100/100
|move|p1a: Metagross|Explosion|p2a: Tyranitar
|-resisted|p2a: Tyranitar
|-damage|p2a: Tyranitar|0 fnt
|faint|p1a: Metagross
|faint|p2a: Tyranitar
|
|t:|1728748223
|switch|p1a: Heracross|Heracross, M|26/100
|switch|p2a: Milotic|Milotic, F|100/100
|
|-weather|Sandstorm|[upkeep]
|-damage|p1a: Heracross|20/100|[from] Sandstorm
|-damage|p2a: Milotic|94/100|[from] Sandstorm
|-enditem|p1a: Heracross|Salac Berry|[eat]
|-boost|p1a: Heracross|spe|1|[from] item: Salac Berry
|-heal|p2a: Milotic|100/100|[from] item: Leftovers
|upkeep
|turn|29
|
|t:|1728748232
|move|p1a: Heracross|Megahorn|p2a: Milotic|[miss]
|-miss|p1a: Heracross|p2a: Milotic
|move|p2a: Milotic|Surf|p1a: Heracross
|-damage|p1a: Heracross|0 fnt
|faint|p1a: Heracross
|
|t:|1728748234
|switch|p1a: Salamence|Salamence, M|100/100
|-ability|p1a: Salamence|Intimidate|boost
|-unboost|p2a: Milotic|atk|1
|
|-weather|Sandstorm|[upkeep]
|-damage|p1a: Salamence|94/100|[from] Sandstorm
|-damage|p2a: Milotic|94/100|[from] Sandstorm
|-heal|p1a: Salamence|100/100|[from] item: Leftovers
|-heal|p2a: Milotic|100/100|[from] item: Leftovers
|upkeep
|turn|30
|c|☆SKITZ_MONEY|well gamed 
|c|☆SKITZ_MONEY|gg
|-message|SKITZ_MONEY forfeited.
|
|win|Depres_ionCher_y
|player|p1|
|c|☆Depres_ionCher_y|gg
|c|☆Depres_ionCher_y|ggs

</script>
<script type="application/json" class="data" id="replaydata-smogtours-gen3ou-797498">
{"id":"smogtours-gen3ou-797498","format":"[Gen 3] OU","players":["SKITZ_MONEY","Depres_ionCher_y"],"uploadtime":1728748245,"views":124,"formatid":"gen3ou","rating":null,"private":0,"password":null}
</script>

<script defer src="js/replays.js?9d40a366"></script>
