<!DOCTYPE html>
<meta charset="utf-8" />
<meta name="viewport" content="width=device-width" />

<title>[Gen 3] OU: Nardgo vs. brotha dog - Replays - Pok&eacute;mon Showdown!</title>

<meta name="description" content="Watch a replay of a Pok&eacute;mon battle between Nardgo and brotha dog! Format: [Gen 3] OU; Date: Oct 25, 2024" />
<!--

Hey, you! Looking in the source for the replay log?

You can find them in JSON format, just add `.json` at the end of a replay URL.

https://replay.pokemonshowdown.com/gen7randomdoublesbattle-865046831.json

Or, if you only need the log itself, add `.log` instead:

https://replay.pokemonshowdown.com/gen7randomdoublesbattle-865046831.log

-->

<link rel="stylesheet" href="//pokemonshowdown.com/style/global.css?0.023195364461161105" />
<link rel="stylesheet" href="//play.pokemonshowdown.com/style/font-awesome.css?0.13261647063804238" />
<link rel="stylesheet" href="//play.pokemonshowdown.com/style/battle.css?0.8753245789963631" />
<link rel="stylesheet" href="//play.pokemonshowdown.com/style/utilichart.css?0.8627959624976733" />

<!-- Global site tag (gtag.js) - Google Analytics -->
<script async src="https://www.googletagmanager.com/gtag/js?id=UA-26211653-1"></script>
<script>
  window.dataLayer = window.dataLayer || [];
  function gtag(){dataLayer.push(arguments);}
  gtag('js', new Date());

  gtag('config', 'UA-26211653-1');
</script>
<!-- End Google Analytics -->
<!-- Venatus Ad Manager - Install in <HEAD> of page -->
	<script src="https://hb.vntsm.com/v3/live/ad-manager.min.js" type="text/javascript" data-site-id="642aba63ec9a7b11c3c9c1be" data-mode="scan" async></script>
<!-- / Venatus Ad Manager -->

<style>
	@media (max-width:820px) {
		.battle {
			margin: 0 auto;
		}
		.battle-log {
			margin: 7px auto 0;
			max-width: 640px;
			height: 300px;
			position: static;
		}
	}
	.optgroup {
		display: inline-block;
		line-height: 22px;
		font-size: 10pt;
	}
	.optgroup .button {
		height: 25px;
		padding-top: 0;
		padding-bottom: 0;
	}
	.optgroup button.button {
		padding-left: 12px;
		padding-right: 12px;
	}
	.linklist {
		list-style: none;
		margin: 0.5em 0;
		padding: 0;
	}
	.linklist li {
		padding: 2px 0;
	}
	.sidebar {
		float: left;
		width: 320px;
	}
	.bar-wrapper {
		max-width: 1100px;
		margin: 0 auto;
	}
	.bar-wrapper.has-sidebar {
		max-width: 1430px;
	}
	.mainbar {
		margin: 0;
		padding-right: 1px;
	}
	.mainbar.has-sidebar {
		margin-left: 330px;
	}
	@media (min-width: 1511px) {
		.sidebar {
			width: 400px;
		}
		.bar-wrapper.has-sidebar {
			max-width: 1510px;
		}
		.mainbar.has-sidebar {
			margin-left: 410px;
		}
	}
	.section.first-section {
		margin-top: 9px;
	}
	.blocklink small {
		white-space: normal;
	}
	.button {
		vertical-align: middle;
	}
	.replay-controls {
		padding-top: 10px;
	}
	.replay-controls h1 {
		font-size: 16pt;
		font-weight: normal;
		color: #CCC;
	}
	.pagelink {
		text-align: center;
	}
	.pagelink a {
		width: 150px;
	}
	.textbox, .button {
		font-size: 11pt;
		vertical-align: middle;
	}
	@media (max-width: 450px) {
		.button {
			font-size: 9pt;
		}
	}
</style>

<div>

	<header>
		<div class="nav-wrapper"><ul class="nav">
			<li><a class="button nav-first" href="//pokemonshowdown.com/"><img src="//pokemonshowdown.com/images/pokemonshowdownbeta.png" srcset="//pokemonshowdown.com/images/pokemonshowdownbeta.png 1x, //pokemonshowdown.com/images/pokemonshowdownbeta@2x.png 2x" alt="Pok&eacute;mon Showdown" width="146" height="44" /> Home</a></li>
			<li><a class="button" href="//pokemonshowdown.com/dex/">Pok&eacute;dex</a></li>
			<li><a class="button cur" href="/">Replays</a></li>
			<li><a class="button" href="//pokemonshowdown.com/ladder/">Ladder</a></li>
			<li><a class="button nav-last" href="//pokemonshowdown.com/forums/">Forum</a></li>
			<li><a class="button greenbutton nav-first nav-last" href="//play.pokemonshowdown.com/">Play</a></li>
		</ul></div>
	</header>

	<div class="main" id="main">

		<noscript><section class="section">You need to enable JavaScript to use this page; sorry!</section></noscript>

	</div>

</div>

<script defer nomodule src="//play.pokemonshowdown.com/js/lib/ps-polyfill.js"></script>
<script defer src="//play.pokemonshowdown.com/js/lib/preact.min.js"></script>

<script defer src="//play.pokemonshowdown.com/config/config.js?2bddbc15"></script>
<script defer src="//play.pokemonshowdown.com/js/lib/jquery-1.11.0.min.js"></script>
<script defer src="//play.pokemonshowdown.com/js/lib/html-sanitizer-minified.js"></script>
<script defer src="//play.pokemonshowdown.com/js/battle-sound.js"></script>
<script defer src="//play.pokemonshowdown.com/js/battledata.js?0.7209276989879541"></script>
<script defer src="//play.pokemonshowdown.com/data/pokedex-mini.js?0.6111056340867951"></script>
<script defer src="//play.pokemonshowdown.com/data/pokedex-mini-bw.js?0.3532142036491459"></script>
<script defer src="//play.pokemonshowdown.com/data/graphics.js?0.24223875632456182"></script>
<script defer src="//play.pokemonshowdown.com/data/pokedex.js?0.38839984266356864"></script>
<script defer src="//play.pokemonshowdown.com/data/moves.js?0.21866028504024015"></script>
<script defer src="//play.pokemonshowdown.com/data/abilities.js?0.2005157953846628"></script>
<script defer src="//play.pokemonshowdown.com/data/items.js?0.9894211263848525"></script>
<script defer src="//play.pokemonshowdown.com/data/teambuilder-tables.js?0.6008791140282215"></script>
<script defer src="//play.pokemonshowdown.com/js/battle-tooltips.js?0.7580118955022959"></script>
<script defer src="//play.pokemonshowdown.com/js/battle.js?0.6057722274234274"></script>

<script defer src="js/utils.js?e31f9a17"></script>
<script defer src="js/replays-battle.js?7008c182"></script>

<!-- don't scrape this data! just add .json or .log after the URL!
Full API docs: https://github.com/smogon/pokemon-showdown-client/blob/master/WEB-API.md -->
<script type="text/plain" class="log" id="replaylog-smogtours-gen3ou-801753">
|inactive|Battle timer is ON: inactive players will automatically lose when time's up.
|t:|1729822943
|gametype|singles
|player|p1|Nardgo|steven|
|player|p2|brotha dog|cynthia-masters|
|teamsize|p1|6
|teamsize|p2|6
|gen|3
|tier|[Gen 3] OU
|rule|Sleep Clause Mod: Limit one foe put to sleep
|rule|Switch Priority Clause Mod: Faster Pokémon switch first
|rule|Species Clause: Limit one of each Pokémon
|rule|OHKO Clause: OHKO moves are banned
|rule|Evasion Items Clause: Evasion items are banned
|rule|Evasion Moves Clause: Evasion moves are banned
|rule|Endless Battle Clause: Forcing endless battles is banned
|rule|HP Percentage Mod: HP is shown in percentages
|rule|One Boost Passer Clause: Limit one Baton Passer that has a way to boost its stats
|rule|Freeze Clause Mod: Limit one foe frozen
|
|t:|1729822943
|start
|switch|p1a: Skarmory|Skarmory, M|100/100
|switch|p2a: Zapdos|Zapdos|100/100
|turn|1
|inactive|brotha dog also wants the timer to be on.
|
|t:|1729822948
|switch|p1a: Zapdos|Zapdos|100/100
|move|p2a: Zapdos|Substitute|p2a: Zapdos
|-start|p2a: Zapdos|Substitute
|-damage|p2a: Zapdos|76/100
|
|-heal|p2a: Zapdos|82/100|[from] item: Leftovers
|upkeep
|turn|2
|inactive|brotha dog has 270 seconds left.
|
|t:|1729822979
|move|p2a: Zapdos|Thunderbolt|p1a: Zapdos
|-damage|p1a: Zapdos|62/100
|-status|p1a: Zapdos|par
|move|p1a: Zapdos|Roar|p2a: Zapdos
|drag|p2a: Suicune|Suicune|100/100
|
|-heal|p1a: Zapdos|68/100 par|[from] item: Leftovers
|upkeep
|turn|3
|inactive|brotha dog has 270 seconds left.
|
|t:|1729822990
|switch|p2a: Celebi|Celebi|100/100
|move|p1a: Zapdos|Rest|p1a: Zapdos
|-status|p1a: Zapdos|slp|[from] move: Rest
|-heal|p1a: Zapdos|100/100 slp|[silent]
|
|upkeep
|turn|4
|
|t:|1729822995
|switch|p1a: Skarmory|Skarmory, M|100/100
|move|p2a: Celebi|Calm Mind|p2a: Celebi
|-boost|p2a: Celebi|spa|1
|-boost|p2a: Celebi|spd|1
|
|upkeep
|turn|5
|
|t:|1729823007
|move|p2a: Celebi|Psychic|p1a: Skarmory
|-resisted|p1a: Skarmory
|-damage|p1a: Skarmory|73/100
|-unboost|p1a: Skarmory|spd|1
|move|p1a: Skarmory|Spikes|p2a: Celebi
|-sidestart|p2: brotha dog|Spikes
|
|-heal|p1a: Skarmory|79/100|[from] item: Leftovers
|upkeep
|turn|6
|
|t:|1729823013
|move|p2a: Celebi|Psychic|p1a: Skarmory
|-resisted|p1a: Skarmory
|-damage|p1a: Skarmory|40/100
|move|p1a: Skarmory|Roar|p2a: Celebi
|drag|p2a: Metagross|Metagross|100/100
|-damage|p2a: Metagross|88/100|[from] Spikes
|
|-heal|p2a: Metagross|94/100|[from] item: Leftovers
|-heal|p1a: Skarmory|46/100|[from] item: Leftovers
|upkeep
|turn|7
|
|t:|1729823022
|switch|p2a: Zapdos|Zapdos|82/100
|move|p1a: Skarmory|Protect||[still]
|-fail|p1a: Skarmory
|
|-heal|p2a: Zapdos|88/100|[from] item: Leftovers
|-heal|p1a: Skarmory|52/100|[from] item: Leftovers
|upkeep
|turn|8
|
|t:|1729823028
|switch|p1a: Blissey|Blissey, F|100/100
|move|p2a: Zapdos|Thunderbolt|p1a: Blissey
|-damage|p1a: Blissey|79/100
|
|-heal|p2a: Zapdos|94/100|[from] item: Leftovers
|-heal|p1a: Blissey|85/100|[from] item: Leftovers
|upkeep
|turn|9
|
|t:|1729823035
|switch|p2a: Metagross|Metagross|94/100
|-damage|p2a: Metagross|82/100|[from] Spikes
|move|p1a: Blissey|Aromatherapy|p1a: Blissey
|-cureteam|p1a: Blissey|[from] move: Aromatherapy
|
|-heal|p2a: Metagross|88/100|[from] item: Leftovers
|-heal|p1a: Blissey|92/100|[from] item: Leftovers
|upkeep
|turn|10
|
|t:|1729823044
|switch|p2a: Celebi|Celebi|100/100
|-damage|p2a: Celebi|88/100|[from] Spikes
|switch|p1a: Skarmory|Skarmory, M|52/100
|
|-heal|p2a: Celebi|94/100|[from] item: Leftovers
|-heal|p1a: Skarmory|58/100|[from] item: Leftovers
|upkeep
|turn|11
|
|t:|1729823053
|switch|p2a: Zapdos|Zapdos|94/100
|move|p1a: Skarmory|Spikes|p2a: Zapdos
|-sidestart|p2: brotha dog|Spikes
|
|-heal|p2a: Zapdos|100/100|[from] item: Leftovers
|-heal|p1a: Skarmory|64/100|[from] item: Leftovers
|upkeep
|turn|12
|
|t:|1729823056
|move|p1a: Skarmory|Protect|p1a: Skarmory
|-singleturn|p1a: Skarmory|Protect
|move|p2a: Zapdos|Substitute|p2a: Zapdos
|-start|p2a: Zapdos|Substitute
|-damage|p2a: Zapdos|76/100
|
|-heal|p2a: Zapdos|82/100|[from] item: Leftovers
|-heal|p1a: Skarmory|70/100|[from] item: Leftovers
|upkeep
|turn|13
|
|t:|1729823063
|switch|p1a: Zapdos|Zapdos|100/100
|move|p2a: Zapdos|Thunderbolt|p1a: Zapdos
|-damage|p1a: Zapdos|65/100
|
|-heal|p2a: Zapdos|88/100|[from] item: Leftovers
|-heal|p1a: Zapdos|72/100|[from] item: Leftovers
|upkeep
|turn|14
|
|t:|1729823067
|move|p2a: Zapdos|Baton Pass|p2a: Zapdos
|
|t:|1729823072
|switch|p2a: Celebi|Celebi|94/100|[from] Baton Pass
|-damage|p2a: Celebi|78/100|[from] Spikes
|move|p1a: Zapdos|Roar|p2a: Celebi
|drag|p2a: Dugtrio|Dugtrio, F|100/100
|-damage|p2a: Dugtrio|84/100|[from] Spikes
|
|-heal|p1a: Zapdos|78/100|[from] item: Leftovers
|upkeep
|turn|15
|
|t:|1729823082
|switch|p2a: Celebi|Celebi|78/100
|-damage|p2a: Celebi|61/100|[from] Spikes
|switch|p1a: Skarmory|Skarmory, M|70/100
|
|-heal|p2a: Celebi|67/100|[from] item: Leftovers
|-heal|p1a: Skarmory|76/100|[from] item: Leftovers
|upkeep
|turn|16
|
|t:|1729823093
|switch|p2a: Zapdos|Zapdos|88/100
|move|p1a: Skarmory|Drill Peck|p2a: Zapdos
|-resisted|p2a: Zapdos
|-damage|p2a: Zapdos|74/100
|
|-heal|p2a: Zapdos|80/100|[from] item: Leftovers
|-heal|p1a: Skarmory|82/100|[from] item: Leftovers
|upkeep
|turn|17
|
|t:|1729823104
|switch|p1a: Blissey|Blissey, F|92/100
|move|p2a: Zapdos|Thunderbolt|p1a: Blissey
|-damage|p1a: Blissey|71/100
|
|-heal|p2a: Zapdos|86/100|[from] item: Leftovers
|-heal|p1a: Blissey|77/100|[from] item: Leftovers
|upkeep
|turn|18
|
|t:|1729823112
|move|p2a: Zapdos|Baton Pass|p2a: Zapdos
|
|t:|1729823116
|switch|p2a: Starmie|Starmie|100/100|[from] Baton Pass
|-damage|p2a: Starmie|84/100|[from] Spikes
|move|p1a: Blissey|Seismic Toss|p2a: Starmie
|-damage|p2a: Starmie|46/100
|
|-heal|p2a: Starmie|52/100|[from] item: Leftovers
|-heal|p1a: Blissey|84/100|[from] item: Leftovers
|upkeep
|turn|19
|
|t:|1729823121
|move|p2a: Starmie|Rapid Spin|p1a: Blissey
|-damage|p1a: Blissey|81/100
|-sideend|p2: brotha dog|Spikes|[from] move: Rapid Spin|[of] p2a: Starmie
|move|p1a: Blissey|Seismic Toss|p2a: Starmie
|-damage|p2a: Starmie|14/100
|
|-heal|p2a: Starmie|20/100|[from] item: Leftovers
|-heal|p1a: Blissey|87/100|[from] item: Leftovers
|upkeep
|turn|20
|
|t:|1729823142
|switch|p2a: Metagross|Metagross|88/100
|move|p1a: Blissey|Seismic Toss|p2a: Metagross
|-damage|p2a: Metagross|59/100
|
|-heal|p2a: Metagross|65/100|[from] item: Leftovers
|-heal|p1a: Blissey|93/100|[from] item: Leftovers
|upkeep
|turn|21
|
|t:|1729823149
|switch|p2a: Zapdos|Zapdos|86/100
|switch|p1a: Skarmory|Skarmory, M|82/100
|
|-heal|p2a: Zapdos|92/100|[from] item: Leftovers
|-heal|p1a: Skarmory|88/100|[from] item: Leftovers
|upkeep
|turn|22
|
|t:|1729823157
|switch|p1a: Zapdos|Zapdos|78/100
|move|p2a: Zapdos|Substitute|p2a: Zapdos
|-start|p2a: Zapdos|Substitute
|-damage|p2a: Zapdos|67/100
|
|-heal|p2a: Zapdos|74/100|[from] item: Leftovers
|-heal|p1a: Zapdos|84/100|[from] item: Leftovers
|upkeep
|turn|23
|
|t:|1729823162
|move|p2a: Zapdos|Thunderbolt|p1a: Zapdos
|-damage|p1a: Zapdos|49/100
|move|p1a: Zapdos|Roar|p2a: Zapdos
|drag|p2a: Starmie|Starmie|20/100
|
|-heal|p2a: Starmie|26/100|[from] item: Leftovers
|-heal|p1a: Zapdos|55/100|[from] item: Leftovers
|upkeep
|turn|24
|
|t:|1729823171
|switch|p2a: Celebi|Celebi|67/100
|switch|p1a: Blissey|Blissey, F|93/100
|
|-heal|p2a: Celebi|73/100|[from] item: Leftovers
|-heal|p1a: Blissey|99/100|[from] item: Leftovers
|upkeep
|turn|25
|c|+goldmason|Big dawg
|
|t:|1729823195
|switch|p1a: Skarmory|Skarmory, M|88/100
|move|p2a: Celebi|Baton Pass|p2a: Celebi
|
|t:|1729823199
|switch|p2a: Zapdos|Zapdos|74/100|[from] Baton Pass
|
|-heal|p2a: Zapdos|80/100|[from] item: Leftovers
|-heal|p1a: Skarmory|94/100|[from] item: Leftovers
|upkeep
|turn|26
|
|t:|1729823205
|switch|p1a: Blissey|Blissey, F|99/100
|move|p2a: Zapdos|Substitute|p2a: Zapdos
|-start|p2a: Zapdos|Substitute
|-damage|p2a: Zapdos|55/100
|
|-heal|p2a: Zapdos|61/100|[from] item: Leftovers
|-heal|p1a: Blissey|100/100|[from] item: Leftovers
|upkeep
|turn|27
|
|t:|1729823209
|move|p2a: Zapdos|Baton Pass|p2a: Zapdos
|
|t:|1729823211
|switch|p2a: Dugtrio|Dugtrio, F|84/100|[from] Baton Pass
|move|p1a: Blissey|Seismic Toss|p2a: Dugtrio
|-end|p2a: Dugtrio|Substitute
|
|upkeep
|turn|28
|
|t:|1729823219
|move|p2a: Dugtrio|Beat Up|p1a: Blissey
|-damage|p1a: Blissey|91/100
|-damage|p1a: Blissey|80/100
|-damage|p1a: Blissey|71/100
|-damage|p1a: Blissey|62/100
|-damage|p1a: Blissey|49/100
|-damage|p1a: Blissey|34/100
|-hitcount|p1a: Blissey|6
|move|p1a: Blissey|Ice Beam|p2a: Dugtrio
|-supereffective|p2a: Dugtrio
|-damage|p2a: Dugtrio|0 fnt
|faint|p2a: Dugtrio
|inactive|brotha dog has 270 seconds left.
|
|t:|1729823257
|switch|p2a: Suicune|Suicune|100/100
|
|-heal|p1a: Blissey|40/100|[from] item: Leftovers
|upkeep
|turn|29
|
|t:|1729823261
|move|p2a: Suicune|Substitute|p2a: Suicune
|-start|p2a: Suicune|Substitute
|-damage|p2a: Suicune|75/100
|move|p1a: Blissey|Soft-Boiled|p1a: Blissey
|-heal|p1a: Blissey|90/100
|
|-heal|p2a: Suicune|82/100|[from] item: Leftovers
|-heal|p1a: Blissey|96/100|[from] item: Leftovers
|upkeep
|turn|30
|
|t:|1729823264
|switch|p1a: Misdreavus|Misdreavus, F|100/100
|move|p2a: Suicune|Calm Mind|p2a: Suicune
|-boost|p2a: Suicune|spa|1
|-boost|p2a: Suicune|spd|1
|
|-heal|p2a: Suicune|88/100|[from] item: Leftovers
|upkeep
|turn|31
|
|t:|1729823268
|move|p2a: Suicune|Surf|p1a: Misdreavus
|-crit|p1a: Misdreavus
|-damage|p1a: Misdreavus|21/100
|move|p1a: Misdreavus|Perish Song|p1a: Misdreavus
|-start|p1a: Misdreavus|perish3|[silent]
|-start|p2a: Suicune|perish3|[silent]
|-fieldactivate|move: Perish Song
|
|-heal|p2a: Suicune|94/100|[from] item: Leftovers
|-heal|p1a: Misdreavus|27/100|[from] item: Leftovers
|-start|p2a: Suicune|perish3
|-start|p1a: Misdreavus|perish3
|upkeep
|turn|32
|
|t:|1729823272
|switch|p1a: Blissey|Blissey, F|96/100
|move|p2a: Suicune|Surf|p1a: Blissey
|-damage|p1a: Blissey|78/100
|
|-heal|p2a: Suicune|99/100|[from] item: Leftovers
|-heal|p1a: Blissey|84/100|[from] item: Leftovers
|-start|p2a: Suicune|perish2
|upkeep
|turn|33
|
|t:|1729823276
|switch|p2a: Metagross|Metagross|65/100
|switch|p1a: Skarmory|Skarmory, M|94/100
|
|-heal|p2a: Metagross|71/100|[from] item: Leftovers
|-heal|p1a: Skarmory|99/100|[from] item: Leftovers
|upkeep
|turn|34
|
|t:|1729823280
|switch|p2a: Starmie|Starmie|26/100
|move|p1a: Skarmory|Spikes|p2a: Starmie
|-sidestart|p2: brotha dog|Spikes
|
|-heal|p2a: Starmie|32/100|[from] item: Leftovers
|-heal|p1a: Skarmory|100/100|[from] item: Leftovers
|upkeep
|turn|35
|
|t:|1729823287
|move|p2a: Starmie|Thunderbolt|p1a: Skarmory
|-supereffective|p1a: Skarmory
|-damage|p1a: Skarmory|48/100
|move|p1a: Skarmory|Drill Peck|p2a: Starmie
|-damage|p2a: Starmie|0 fnt
|faint|p2a: Starmie
|
|t:|1729823293
|switch|p2a: Zapdos|Zapdos|61/100
|
|-heal|p2a: Zapdos|67/100|[from] item: Leftovers
|-heal|p1a: Skarmory|54/100|[from] item: Leftovers
|upkeep
|turn|36
|
|t:|1729823301
|switch|p1a: Blissey|Blissey, F|84/100
|move|p2a: Zapdos|Substitute|p2a: Zapdos
|-start|p2a: Zapdos|Substitute
|-damage|p2a: Zapdos|43/100
|
|-heal|p2a: Zapdos|49/100|[from] item: Leftovers
|-heal|p1a: Blissey|90/100|[from] item: Leftovers
|upkeep
|turn|37
|
|t:|1729823306
|move|p2a: Zapdos|Baton Pass|p2a: Zapdos
|
|t:|1729823311
|switch|p2a: Suicune|Suicune|99/100|[from] Baton Pass
|-damage|p2a: Suicune|88/100|[from] Spikes
|move|p1a: Blissey|Seismic Toss|p2a: Suicune
|-end|p2a: Suicune|Substitute
|
|-heal|p2a: Suicune|94/100|[from] item: Leftovers
|-heal|p1a: Blissey|96/100|[from] item: Leftovers
|upkeep
|turn|38
|
|t:|1729823330
|switch|p1a: Zapdos|Zapdos|55/100
|move|p2a: Suicune|Calm Mind|p2a: Suicune
|-boost|p2a: Suicune|spa|1
|-boost|p2a: Suicune|spd|1
|
|-heal|p2a: Suicune|99/100|[from] item: Leftovers
|-heal|p1a: Zapdos|61/100|[from] item: Leftovers
|upkeep
|turn|39
|
|t:|1729823336
|move|p2a: Suicune|Ice Beam|p1a: Zapdos
|-supereffective|p1a: Zapdos
|-damage|p1a: Zapdos|18/100
|move|p1a: Zapdos|Thunderbolt|p2a: Suicune
|-supereffective|p2a: Suicune
|-damage|p2a: Suicune|60/100
|
|-heal|p2a: Suicune|66/100|[from] item: Leftovers
|-heal|p1a: Zapdos|24/100|[from] item: Leftovers
|upkeep
|turn|40
|
|t:|1729823343
|switch|p1a: Blissey|Blissey, F|96/100
|move|p2a: Suicune|Ice Beam|p1a: Blissey
|-damage|p1a: Blissey|83/100
|
|-heal|p2a: Suicune|72/100|[from] item: Leftovers
|-heal|p1a: Blissey|89/100|[from] item: Leftovers
|upkeep
|turn|41
|
|t:|1729823346
|move|p2a: Suicune|Substitute|p2a: Suicune
|-start|p2a: Suicune|Substitute
|-damage|p2a: Suicune|47/100
|move|p1a: Blissey|Seismic Toss|p2a: Suicune
|-activate|p2a: Suicune|Substitute|[damage]
|
|-heal|p2a: Suicune|53/100|[from] item: Leftovers
|-heal|p1a: Blissey|95/100|[from] item: Leftovers
|upkeep
|turn|42
|
|t:|1729823363
|move|p2a: Suicune|Calm Mind|p2a: Suicune
|-boost|p2a: Suicune|spa|1
|-boost|p2a: Suicune|spd|1
|move|p1a: Blissey|Seismic Toss|p2a: Suicune
|-end|p2a: Suicune|Substitute
|
|-heal|p2a: Suicune|60/100|[from] item: Leftovers
|-heal|p1a: Blissey|100/100|[from] item: Leftovers
|upkeep
|turn|43
|
|t:|1729823365
|move|p2a: Suicune|Substitute|p2a: Suicune
|-start|p2a: Suicune|Substitute
|-damage|p2a: Suicune|35/100
|move|p1a: Blissey|Seismic Toss|p2a: Suicune
|-activate|p2a: Suicune|Substitute|[damage]
|
|-heal|p2a: Suicune|41/100|[from] item: Leftovers
|upkeep
|turn|44
|
|t:|1729823371
|move|p2a: Suicune|Surf|p1a: Blissey
|-crit|p1a: Blissey
|-damage|p1a: Blissey|48/100
|move|p1a: Blissey|Seismic Toss|p2a: Suicune
|-end|p2a: Suicune|Substitute
|
|-heal|p2a: Suicune|47/100|[from] item: Leftovers
|-heal|p1a: Blissey|54/100|[from] item: Leftovers
|upkeep
|turn|45
|
|t:|1729823380
|move|p2a: Suicune|Substitute|p2a: Suicune
|-start|p2a: Suicune|Substitute
|-damage|p2a: Suicune|22/100
|move|p1a: Blissey|Soft-Boiled|p1a: Blissey
|-heal|p1a: Blissey|100/100
|
|-heal|p2a: Suicune|28/100|[from] item: Leftovers
|upkeep
|turn|46
|
|t:|1729823391
|move|p2a: Suicune|Surf|p1a: Blissey
|-damage|p1a: Blissey|76/100
|move|p1a: Blissey|Seismic Toss|p2a: Suicune
|-activate|p2a: Suicune|Substitute|[damage]
|
|-heal|p2a: Suicune|34/100|[from] item: Leftovers
|-heal|p1a: Blissey|82/100|[from] item: Leftovers
|upkeep
|turn|47
|
|t:|1729823396
|move|p2a: Suicune|Ice Beam|p1a: Blissey
|-damage|p1a: Blissey|62/100
|move|p1a: Blissey|Seismic Toss|p2a: Suicune
|-end|p2a: Suicune|Substitute
|
|-heal|p2a: Suicune|41/100|[from] item: Leftovers
|-heal|p1a: Blissey|69/100|[from] item: Leftovers
|upkeep
|turn|48
|
|t:|1729823399
|move|p2a: Suicune|Substitute|p2a: Suicune
|-start|p2a: Suicune|Substitute
|-damage|p2a: Suicune|16/100
|move|p1a: Blissey|Seismic Toss|p2a: Suicune
|-activate|p2a: Suicune|Substitute|[damage]
|
|-heal|p2a: Suicune|22/100|[from] item: Leftovers
|-heal|p1a: Blissey|75/100|[from] item: Leftovers
|upkeep
|turn|49
|
|t:|1729823401
|move|p2a: Suicune|Ice Beam|p1a: Blissey
|-damage|p1a: Blissey|57/100
|move|p1a: Blissey|Seismic Toss|p2a: Suicune
|-end|p2a: Suicune|Substitute
|
|-heal|p2a: Suicune|28/100|[from] item: Leftovers
|-heal|p1a: Blissey|63/100|[from] item: Leftovers
|upkeep
|turn|50
|
|t:|1729823406
|move|p2a: Suicune|Substitute|p2a: Suicune
|-start|p2a: Suicune|Substitute
|-damage|p2a: Suicune|3/100
|move|p1a: Blissey|Seismic Toss|p2a: Suicune
|-activate|p2a: Suicune|Substitute|[damage]
|
|-heal|p2a: Suicune|9/100|[from] item: Leftovers
|-heal|p1a: Blissey|69/100|[from] item: Leftovers
|upkeep
|turn|51
|
|t:|1729823408
|move|p2a: Suicune|Ice Beam|p1a: Blissey
|-damage|p1a: Blissey|53/100
|move|p1a: Blissey|Seismic Toss|p2a: Suicune
|-end|p2a: Suicune|Substitute
|
|-heal|p2a: Suicune|15/100|[from] item: Leftovers
|-heal|p1a: Blissey|59/100|[from] item: Leftovers
|upkeep
|turn|52
|
|t:|1729823412
|move|p2a: Suicune|Ice Beam|p1a: Blissey
|-damage|p1a: Blissey|39/100
|move|p1a: Blissey|Seismic Toss|p2a: Suicune
|-damage|p2a: Suicune|0 fnt
|faint|p2a: Suicune
|
|t:|1729823416
|switch|p2a: Metagross|Metagross|71/100
|-damage|p2a: Metagross|59/100|[from] Spikes
|
|-heal|p2a: Metagross|65/100|[from] item: Leftovers
|-heal|p1a: Blissey|46/100|[from] item: Leftovers
|upkeep
|turn|53
|
|t:|1729823418
|switch|p2a: Zapdos|Zapdos|49/100
|switch|p1a: Skarmory|Skarmory, M|54/100
|
|-heal|p2a: Zapdos|55/100|[from] item: Leftovers
|-heal|p1a: Skarmory|60/100|[from] item: Leftovers
|upkeep
|turn|54
|
|t:|1729823431
|switch|p1a: Blissey|Blissey, F|46/100
|move|p2a: Zapdos|Baton Pass|p2a: Zapdos
|
|t:|1729823434
|switch|p2a: Metagross|Metagross|65/100|[from] Baton Pass
|-damage|p2a: Metagross|53/100|[from] Spikes
|
|-heal|p2a: Metagross|59/100|[from] item: Leftovers
|-heal|p1a: Blissey|52/100|[from] item: Leftovers
|upkeep
|turn|55
|
|t:|1729823438
|switch|p1a: Skarmory|Skarmory, M|60/100
|move|p2a: Metagross|Meteor Mash|p1a: Skarmory
|-resisted|p1a: Skarmory
|-damage|p1a: Skarmory|37/100
|-boost|p2a: Metagross|atk|1
|
|-heal|p2a: Metagross|65/100|[from] item: Leftovers
|-heal|p1a: Skarmory|43/100|[from] item: Leftovers
|upkeep
|turn|56
|
|t:|1729823440
|move|p2a: Metagross|Meteor Mash|p1a: Skarmory
|-resisted|p1a: Skarmory
|-damage|p1a: Skarmory|7/100
|-boost|p2a: Metagross|atk|1
|move|p1a: Skarmory|Roar|p2a: Metagross
|drag|p2a: Celebi|Celebi|73/100
|-damage|p2a: Celebi|61/100|[from] Spikes
|
|-heal|p2a: Celebi|67/100|[from] item: Leftovers
|-heal|p1a: Skarmory|13/100|[from] item: Leftovers
|upkeep
|turn|57
|
|t:|1729823444
|switch|p1a: Moltres|Moltres|100/100
|move|p2a: Celebi|Psychic|p1a: Moltres
|-damage|p1a: Moltres|55/100
|
|-heal|p2a: Celebi|73/100|[from] item: Leftovers
|-heal|p1a: Moltres|62/100|[from] item: Leftovers
|upkeep
|turn|58
|
|t:|1729823471
|move|p2a: Celebi|Calm Mind|p2a: Celebi
|-boost|p2a: Celebi|spa|1
|-boost|p2a: Celebi|spd|1
|move|p1a: Moltres|Flamethrower|p2a: Celebi
|-supereffective|p2a: Celebi
|-damage|p2a: Celebi|10/100
|-status|p2a: Celebi|brn
|
|-heal|p2a: Celebi|16/100 brn|[from] item: Leftovers
|-damage|p2a: Celebi|4/100 brn|[from] brn
|-heal|p1a: Moltres|68/100|[from] item: Leftovers
|upkeep
|turn|59
|
|t:|1729823491
|switch|p1a: Misdreavus|Misdreavus, F|27/100
|move|p2a: Celebi|Psychic|p1a: Misdreavus
|-damage|p1a: Misdreavus|0 fnt
|faint|p1a: Misdreavus
|
|t:|1729823503
|switch|p1a: Blissey|Blissey, F|52/100
|
|-heal|p2a: Celebi|10/100 brn|[from] item: Leftovers
|-damage|p2a: Celebi|0 fnt|[from] brn
|faint|p2a: Celebi
|-heal|p1a: Blissey|58/100|[from] item: Leftovers
|upkeep
|
|t:|1729823506
|switch|p2a: Metagross|Metagross|65/100
|-damage|p2a: Metagross|53/100|[from] Spikes
|turn|60
|
|t:|1729823511
|switch|p1a: Flygon|Flygon, M|100/100
|move|p2a: Metagross|Agility|p2a: Metagross
|-boost|p2a: Metagross|spe|2
|
|-heal|p2a: Metagross|59/100|[from] item: Leftovers
|upkeep
|turn|61
|
|t:|1729823515
|move|p2a: Metagross|Meteor Mash|p1a: Flygon|[miss]
|-miss|p2a: Metagross|p1a: Flygon
|move|p1a: Flygon|Earthquake|p2a: Metagross
|-supereffective|p2a: Metagross
|-damage|p2a: Metagross|2/100
|
|-heal|p2a: Metagross|8/100|[from] item: Leftovers
|upkeep
|turn|62
|
|t:|1729823518
|move|p2a: Metagross|Meteor Mash|p1a: Flygon
|-damage|p1a: Flygon|52/100
|move|p1a: Flygon|Earthquake|p2a: Metagross
|-supereffective|p2a: Metagross
|-damage|p2a: Metagross|0 fnt
|faint|p2a: Metagross
|
|t:|1729823522
|switch|p2a: Zapdos|Zapdos|55/100
|
|-heal|p2a: Zapdos|61/100|[from] item: Leftovers
|-heal|p1a: Flygon|58/100|[from] item: Leftovers
|upkeep
|turn|63
|
|t:|1729823524
|move|p2a: Zapdos|Substitute|p2a: Zapdos
|-start|p2a: Zapdos|Substitute
|-damage|p2a: Zapdos|36/100
|move|p1a: Flygon|Rock Slide|p2a: Zapdos
|-supereffective|p2a: Zapdos
|-end|p2a: Zapdos|Substitute
|
|-heal|p2a: Zapdos|43/100|[from] item: Leftovers
|-heal|p1a: Flygon|64/100|[from] item: Leftovers
|upkeep
|turn|64
|
|t:|1729823526
|move|p2a: Zapdos|Hidden Power|p1a: Flygon
|-supereffective|p1a: Flygon
|-damage|p1a: Flygon|0 fnt
|faint|p1a: Flygon
|
|t:|1729823532
|switch|p1a: Blissey|Blissey, F|58/100
|
|-heal|p2a: Zapdos|49/100|[from] item: Leftovers
|-heal|p1a: Blissey|64/100|[from] item: Leftovers
|upkeep
|turn|65
|
|t:|1729823534
|move|p2a: Zapdos|Thunderbolt|p1a: Blissey
|-damage|p1a: Blissey|43/100
|move|p1a: Blissey|Ice Beam|p2a: Zapdos
|-supereffective|p2a: Zapdos
|-damage|p2a: Zapdos|0 fnt
|faint|p2a: Zapdos
|
|win|Nardgo
|c|☆Nardgo|GG

</script>
<script type="application/json" class="data" id="replaydata-smogtours-gen3ou-801753">
{"id":"smogtours-gen3ou-801753","format":"[Gen 3] OU","players":["Nardgo","brotha dog"],"uploadtime":1729823534,"views":72,"formatid":"gen3ou","rating":null,"private":0,"password":null}
</script>

<script defer src="js/replays.js?9d40a366"></script>
