<!DOCTYPE html>
<meta charset="utf-8" />
<meta name="viewport" content="width=device-width" />

<title>[Gen 3] OU: loleinsmaragd vs. shinyslurpuff_s - Replays - Pok&eacute;mon Showdown!</title>

<meta name="description" content="Watch a replay of a Pok&eacute;mon battle between loleinsmaragd and shinyslurpuff_s! Format: [Gen 3] OU; Date: Oct 2, 2024" />
<!--

Hey, you! Looking in the source for the replay log?

You can find them in JSON format, just add `.json` at the end of a replay URL.

https://replay.pokemonshowdown.com/gen7randomdoublesbattle-865046831.json

Or, if you only need the log itself, add `.log` instead:

https://replay.pokemonshowdown.com/gen7randomdoublesbattle-865046831.log

-->

<link rel="stylesheet" href="//pokemonshowdown.com/style/global.css?0.023195364461161105" />
<link rel="stylesheet" href="//play.pokemonshowdown.com/style/font-awesome.css?0.13261647063804238" />
<link rel="stylesheet" href="//play.pokemonshowdown.com/style/battle.css?0.8753245789963631" />
<link rel="stylesheet" href="//play.pokemonshowdown.com/style/utilichart.css?0.8627959624976733" />

<!-- Global site tag (gtag.js) - Google Analytics -->
<script async src="https://www.googletagmanager.com/gtag/js?id=UA-26211653-1"></script>
<script>
  window.dataLayer = window.dataLayer || [];
  function gtag(){dataLayer.push(arguments);}
  gtag('js', new Date());

  gtag('config', 'UA-26211653-1');
</script>
<!-- End Google Analytics -->
<!-- Venatus Ad Manager - Install in <HEAD> of page -->
	<script src="https://hb.vntsm.com/v3/live/ad-manager.min.js" type="text/javascript" data-site-id="642aba63ec9a7b11c3c9c1be" data-mode="scan" async></script>
<!-- / Venatus Ad Manager -->

<style>
	@media (max-width:820px) {
		.battle {
			margin: 0 auto;
		}
		.battle-log {
			margin: 7px auto 0;
			max-width: 640px;
			height: 300px;
			position: static;
		}
	}
	.optgroup {
		display: inline-block;
		line-height: 22px;
		font-size: 10pt;
	}
	.optgroup .button {
		height: 25px;
		padding-top: 0;
		padding-bottom: 0;
	}
	.optgroup button.button {
		padding-left: 12px;
		padding-right: 12px;
	}
	.linklist {
		list-style: none;
		margin: 0.5em 0;
		padding: 0;
	}
	.linklist li {
		padding: 2px 0;
	}
	.sidebar {
		float: left;
		width: 320px;
	}
	.bar-wrapper {
		max-width: 1100px;
		margin: 0 auto;
	}
	.bar-wrapper.has-sidebar {
		max-width: 1430px;
	}
	.mainbar {
		margin: 0;
		padding-right: 1px;
	}
	.mainbar.has-sidebar {
		margin-left: 330px;
	}
	@media (min-width: 1511px) {
		.sidebar {
			width: 400px;
		}
		.bar-wrapper.has-sidebar {
			max-width: 1510px;
		}
		.mainbar.has-sidebar {
			margin-left: 410px;
		}
	}
	.section.first-section {
		margin-top: 9px;
	}
	.blocklink small {
		white-space: normal;
	}
	.button {
		vertical-align: middle;
	}
	.replay-controls {
		padding-top: 10px;
	}
	.replay-controls h1 {
		font-size: 16pt;
		font-weight: normal;
		color: #CCC;
	}
	.pagelink {
		text-align: center;
	}
	.pagelink a {
		width: 150px;
	}
	.textbox, .button {
		font-size: 11pt;
		vertical-align: middle;
	}
	@media (max-width: 450px) {
		.button {
			font-size: 9pt;
		}
	}
</style>

<div>

	<header>
		<div class="nav-wrapper"><ul class="nav">
			<li><a class="button nav-first" href="//pokemonshowdown.com/"><img src="//pokemonshowdown.com/images/pokemonshowdownbeta.png" srcset="//pokemonshowdown.com/images/pokemonshowdownbeta.png 1x, //pokemonshowdown.com/images/pokemonshowdownbeta@2x.png 2x" alt="Pok&eacute;mon Showdown" width="146" height="44" /> Home</a></li>
			<li><a class="button" href="//pokemonshowdown.com/dex/">Pok&eacute;dex</a></li>
			<li><a class="button cur" href="/">Replays</a></li>
			<li><a class="button" href="//pokemonshowdown.com/ladder/">Ladder</a></li>
			<li><a class="button nav-last" href="//pokemonshowdown.com/forums/">Forum</a></li>
			<li><a class="button greenbutton nav-first nav-last" href="//play.pokemonshowdown.com/">Play</a></li>
		</ul></div>
	</header>

	<div class="main" id="main">

		<noscript><section class="section">You need to enable JavaScript to use this page; sorry!</section></noscript>

	</div>

</div>

<script defer nomodule src="//play.pokemonshowdown.com/js/lib/ps-polyfill.js"></script>
<script defer src="//play.pokemonshowdown.com/js/lib/preact.min.js"></script>

<script defer src="//play.pokemonshowdown.com/config/config.js?2bddbc15"></script>
<script defer src="//play.pokemonshowdown.com/js/lib/jquery-1.11.0.min.js"></script>
<script defer src="//play.pokemonshowdown.com/js/lib/html-sanitizer-minified.js"></script>
<script defer src="//play.pokemonshowdown.com/js/battle-sound.js"></script>
<script defer src="//play.pokemonshowdown.com/js/battledata.js?0.7209276989879541"></script>
<script defer src="//play.pokemonshowdown.com/data/pokedex-mini.js?0.6111056340867951"></script>
<script defer src="//play.pokemonshowdown.com/data/pokedex-mini-bw.js?0.3532142036491459"></script>
<script defer src="//play.pokemonshowdown.com/data/graphics.js?0.24223875632456182"></script>
<script defer src="//play.pokemonshowdown.com/data/pokedex.js?0.38839984266356864"></script>
<script defer src="//play.pokemonshowdown.com/data/moves.js?0.21866028504024015"></script>
<script defer src="//play.pokemonshowdown.com/data/abilities.js?0.2005157953846628"></script>
<script defer src="//play.pokemonshowdown.com/data/items.js?0.9894211263848525"></script>
<script defer src="//play.pokemonshowdown.com/data/teambuilder-tables.js?0.6008791140282215"></script>
<script defer src="//play.pokemonshowdown.com/js/battle-tooltips.js?0.7580118955022959"></script>
<script defer src="//play.pokemonshowdown.com/js/battle.js?0.6057722274234274"></script>

<script defer src="js/utils.js?e31f9a17"></script>
<script defer src="js/replays-battle.js?7008c182"></script>

<!-- don't scrape this data! just add .json or .log after the URL!
Full API docs: https://github.com/smogon/pokemon-showdown-client/blob/master/WEB-API.md -->
<script type="text/plain" class="log" id="replaylog-gen3ou-2214306333">
|j|☆loleinsmaragd
|j|☆shinyslurpuff_s
|t:|1727877970
|gametype|singles
|player|p1|loleinsmaragd|clerk-boss|
|player|p2|shinyslurpuff_s|265|
|teamsize|p1|6
|teamsize|p2|6
|gen|3
|tier|[Gen 3] OU
|rule|Sleep Clause Mod: Limit one foe put to sleep
|rule|Switch Priority Clause Mod: Faster Pokémon switch first
|rule|Species Clause: Limit one of each Pokémon
|rule|OHKO Clause: OHKO moves are banned
|rule|Evasion Items Clause: Evasion items are banned
|rule|Evasion Moves Clause: Evasion moves are banned
|rule|Endless Battle Clause: Forcing endless battles is banned
|rule|HP Percentage Mod: HP is shown in percentages
|rule|One Boost Passer Clause: Limit one Baton Passer that has a way to boost its stats
|rule|Freeze Clause Mod: Limit one foe frozen
|
|t:|1727877970
|start
|switch|p1a: Slaking|Slaking, F|100/100
|switch|p2a: Regirock|Regirock|100/100
|turn|1
|
|t:|1727877989
|switch|p1a: Skarmory|Skarmory, M|100/100
|move|p2a: Regirock|Thunder Wave|p1a: Skarmory
|-status|p1a: Skarmory|par
|
|upkeep
|turn|2
|
|t:|1727878007
|switch|p2a: Zapdos|Zapdos|100/100
|switch|p1a: Flygon|Flygon, F|100/100
|
|upkeep
|turn|3
|inactive|Battle timer is ON: inactive players will automatically lose when time's up. (requested by loleinsmaragd)
|
|t:|1727878027
|switch|p2a: Suicune|Suicune|100/100
|switch|p1a: Blissey|Blissey, F|100/100
|
|upkeep
|turn|4
|
|t:|1727878050
|switch|p2a: Regirock|Regirock|100/100
|move|p1a: Blissey|Thunderbolt|p2a: Regirock
|-damage|p2a: Regirock|79/100
|
|-heal|p2a: Regirock|85/100|[from] item: Leftovers
|upkeep
|turn|5
|
|t:|1727878058
|switch|p1a: Skarmory|Skarmory, M|100/100 par
|move|p2a: Regirock|Counter|p1a: Skarmory
|
|-heal|p2a: Regirock|91/100|[from] item: Leftovers
|upkeep
|turn|6
|inactive|shinyslurpuff_s has 270 seconds left.
|
|t:|1727878095
|switch|p2a: Zapdos|Zapdos|100/100
|move|p1a: Skarmory|Spikes|p2a: Zapdos
|-sidestart|p2: shinyslurpuff_s|Spikes
|
|upkeep
|turn|7
|
|t:|1727878108
|switch|p1a: Blissey|Blissey, F|100/100
|move|p2a: Zapdos|Hidden Power|p1a: Blissey
|-damage|p1a: Blissey|90/100
|
|-heal|p1a: Blissey|96/100|[from] item: Leftovers
|upkeep
|turn|8
|
|t:|1727878117
|move|p2a: Zapdos|Thunder Wave|p1a: Blissey
|-status|p1a: Blissey|par
|move|p1a: Blissey|Thunderbolt|p2a: Zapdos
|-damage|p2a: Zapdos|71/100
|-status|p2a: Zapdos|par
|
|-heal|p2a: Zapdos|78/100 par|[from] item: Leftovers
|-heal|p1a: Blissey|100/100 par|[from] item: Leftovers
|upkeep
|turn|9
|inactive|shinyslurpuff_s has 270 seconds left.
|
|t:|1727878137
|switch|p2a: Regirock|Regirock|91/100
|-damage|p2a: Regirock|79/100|[from] Spikes
|move|p1a: Blissey|Thunderbolt|p2a: Regirock
|-damage|p2a: Regirock|58/100
|
|-heal|p2a: Regirock|65/100|[from] item: Leftovers
|upkeep
|turn|10
|
|t:|1727878146
|-curestatus|p1a: Blissey|par|[from] ability: Natural Cure
|switch|p1a: Skarmory|Skarmory, M|100/100 par
|move|p2a: Regirock|Rock Slide|p1a: Skarmory
|-damage|p1a: Skarmory|73/100 par
|
|-heal|p2a: Regirock|71/100|[from] item: Leftovers
|-heal|p1a: Skarmory|79/100 par|[from] item: Leftovers
|upkeep
|turn|11
|
|t:|1727878158
|move|p2a: Regirock|Rock Slide|p1a: Skarmory
|-damage|p1a: Skarmory|51/100 par
|cant|p1a: Skarmory|flinch
|
|-heal|p2a: Regirock|77/100|[from] item: Leftovers
|-heal|p1a: Skarmory|57/100 par|[from] item: Leftovers
|upkeep
|turn|12
|
|t:|1727878166
|cant|p1a: Skarmory|par
|move|p2a: Regirock|Rock Slide|p1a: Skarmory
|-damage|p1a: Skarmory|29/100 par
|
|-heal|p2a: Regirock|83/100|[from] item: Leftovers
|-heal|p1a: Skarmory|35/100 par|[from] item: Leftovers
|upkeep
|turn|13
|inactive|shinyslurpuff_s has 270 seconds left.
|
|t:|1727878177
|move|p1a: Skarmory|Protect|p1a: Skarmory
|-singleturn|p1a: Skarmory|Protect
|move|p2a: Regirock|Rock Slide|p1a: Skarmory
|-activate|p1a: Skarmory|Protect
|
|-heal|p2a: Regirock|89/100|[from] item: Leftovers
|-heal|p1a: Skarmory|41/100 par|[from] item: Leftovers
|upkeep
|turn|14
|inactive|shinyslurpuff_s has 270 seconds left.
|
|t:|1727878186
|move|p2a: Regirock|Rock Slide|p1a: Skarmory
|-damage|p1a: Skarmory|15/100 par
|cant|p1a: Skarmory|flinch
|
|-heal|p2a: Regirock|96/100|[from] item: Leftovers
|-heal|p1a: Skarmory|21/100 par|[from] item: Leftovers
|upkeep
|turn|15
|
|t:|1727878194
|switch|p1a: Flygon|Flygon, F|100/100
|move|p2a: Regirock|Rock Slide|p1a: Flygon
|-resisted|p1a: Flygon
|-damage|p1a: Flygon|87/100
|
|-heal|p1a: Flygon|93/100|[from] item: Leftovers
|-heal|p2a: Regirock|100/100|[from] item: Leftovers
|upkeep
|turn|16
|
|t:|1727878206
|move|p1a: Flygon|Toxic|p2a: Regirock
|-status|p2a: Regirock|tox
|move|p2a: Regirock|Thunder Wave|p1a: Flygon
|-immune|p1a: Flygon
|
|-heal|p1a: Flygon|99/100|[from] item: Leftovers
|-damage|p2a: Regirock|94/100 tox|[from] psn
|upkeep
|turn|17
|inactive|shinyslurpuff_s has 270 seconds left.
|
|t:|1727878242
|switch|p2a: Suicune|Suicune|100/100
|-damage|p2a: Suicune|88/100|[from] Spikes
|move|p1a: Flygon|Toxic|p2a: Suicune
|-status|p2a: Suicune|tox
|
|-heal|p1a: Flygon|100/100|[from] item: Leftovers
|-heal|p2a: Suicune|94/100 tox|[from] item: Leftovers
|-damage|p2a: Suicune|88/100 tox|[from] psn
|upkeep
|turn|18
|
|t:|1727878255
|switch|p1a: Blissey|Blissey, F|100/100
|move|p2a: Suicune|Calm Mind|p2a: Suicune
|-boost|p2a: Suicune|spa|1
|-boost|p2a: Suicune|spd|1
|
|-heal|p2a: Suicune|94/100 tox|[from] item: Leftovers
|-damage|p2a: Suicune|82/100 tox|[from] psn
|upkeep
|turn|19
|inactive|shinyslurpuff_s has 240 seconds left.
|
|t:|1727878288
|move|p2a: Suicune|Calm Mind|p2a: Suicune
|-boost|p2a: Suicune|spa|1
|-boost|p2a: Suicune|spd|1
|move|p1a: Blissey|Calm Mind|p1a: Blissey
|-boost|p1a: Blissey|spa|1
|-boost|p1a: Blissey|spd|1
|
|-heal|p2a: Suicune|88/100 tox|[from] item: Leftovers
|-damage|p2a: Suicune|69/100 tox|[from] psn
|upkeep
|turn|20
|inactive|loleinsmaragd has 270 seconds left.
|
|t:|1727878320
|move|p2a: Suicune|Calm Mind|p2a: Suicune
|-boost|p2a: Suicune|spa|1
|-boost|p2a: Suicune|spd|1
|move|p1a: Blissey|Calm Mind|p1a: Blissey
|-boost|p1a: Blissey|spa|1
|-boost|p1a: Blissey|spd|1
|
|-heal|p2a: Suicune|76/100 tox|[from] item: Leftovers
|-damage|p2a: Suicune|51/100 tox|[from] psn
|upkeep
|turn|21
|j| Spfunkm
|
|t:|1727878350
|move|p2a: Suicune|Rest|p2a: Suicune
|-status|p2a: Suicune|slp|[from] move: Rest
|-heal|p2a: Suicune|100/100 slp|[silent]
|move|p1a: Blissey|Thunderbolt|p2a: Suicune
|-supereffective|p2a: Suicune
|-damage|p2a: Suicune|72/100 slp
|
|-heal|p2a: Suicune|78/100 slp|[from] item: Leftovers
|upkeep
|turn|22
|
|t:|1727878362
|cant|p2a: Suicune|slp
|move|p1a: Blissey|Calm Mind|p1a: Blissey
|-boost|p1a: Blissey|spa|1
|-boost|p1a: Blissey|spd|1
|
|-heal|p2a: Suicune|84/100 slp|[from] item: Leftovers
|upkeep
|turn|23
|
|t:|1727878379
|cant|p2a: Suicune|slp
|move|p1a: Blissey|Thunderbolt|p2a: Suicune
|-supereffective|p2a: Suicune
|-damage|p2a: Suicune|45/100 slp
|
|-heal|p2a: Suicune|51/100 slp|[from] item: Leftovers
|upkeep
|turn|24
|
|t:|1727878386
|-curestatus|p2a: Suicune|slp|[msg]
|move|p2a: Suicune|Rest|p2a: Suicune
|-status|p2a: Suicune|slp|[from] move: Rest
|-heal|p2a: Suicune|100/100 slp|[silent]
|move|p1a: Blissey|Thunderbolt|p2a: Suicune
|-supereffective|p2a: Suicune
|-damage|p2a: Suicune|61/100 slp
|
|-heal|p2a: Suicune|68/100 slp|[from] item: Leftovers
|upkeep
|turn|25
|
|t:|1727878405
|cant|p2a: Suicune|slp
|move|p1a: Blissey|Thunderbolt|p2a: Suicune
|-supereffective|p2a: Suicune
|-crit|p2a: Suicune
|-damage|p2a: Suicune|0 fnt
|faint|p2a: Suicune
|inactive|shinyslurpuff_s has 210 seconds left.
|
|t:|1727878434
|switch|p2a: Regirock|Regirock|94/100 tox
|-damage|p2a: Regirock|82/100 tox|[from] Spikes
|
|-heal|p2a: Regirock|88/100 tox|[from] item: Leftovers
|-damage|p2a: Regirock|82/100 tox|[from] psn
|upkeep
|turn|26
|inactive|shinyslurpuff_s has 210 seconds left.
|inactive|loleinsmaragd has 270 seconds left.
|l| Spfunkm
|inactive|loleinsmaragd has 240 seconds left.
|
|t:|1727878492
|switch|p1a: Skarmory|Skarmory, M|21/100 par
|move|p2a: Regirock|Thunder Wave|p1a: Skarmory
|-fail|p1a: Skarmory|par
|
|-heal|p2a: Regirock|88/100 tox|[from] item: Leftovers
|-damage|p2a: Regirock|76/100 tox|[from] psn
|-heal|p1a: Skarmory|27/100 par|[from] item: Leftovers
|upkeep
|turn|27
|inactive|shinyslurpuff_s has 210 seconds left.
|
|t:|1727878507
|move|p1a: Skarmory|Protect|p1a: Skarmory
|-singleturn|p1a: Skarmory|Protect
|move|p2a: Regirock|Rock Slide|p1a: Skarmory
|-activate|p1a: Skarmory|Protect
|
|-heal|p2a: Regirock|82/100 tox|[from] item: Leftovers
|-damage|p2a: Regirock|63/100 tox|[from] psn
|-heal|p1a: Skarmory|33/100 par|[from] item: Leftovers
|upkeep
|turn|28
|inactive|shinyslurpuff_s has 210 seconds left.
|
|t:|1727878516
|move|p2a: Regirock|Rock Slide|p1a: Skarmory
|-damage|p1a: Skarmory|8/100 par
|cant|p1a: Skarmory|flinch
|
|-heal|p2a: Regirock|69/100 tox|[from] item: Leftovers
|-damage|p2a: Regirock|45/100 tox|[from] psn
|-heal|p1a: Skarmory|14/100 par|[from] item: Leftovers
|upkeep
|turn|29
|inactive|shinyslurpuff_s has 210 seconds left.
|
|t:|1727878528
|move|p1a: Skarmory|Protect|p1a: Skarmory
|-singleturn|p1a: Skarmory|Protect
|move|p2a: Regirock|Rock Slide|p1a: Skarmory
|-activate|p1a: Skarmory|Protect
|
|-heal|p2a: Regirock|51/100 tox|[from] item: Leftovers
|-damage|p2a: Regirock|20/100 tox|[from] psn
|-heal|p1a: Skarmory|20/100 par|[from] item: Leftovers
|upkeep
|turn|30
|inactive|shinyslurpuff_s has 210 seconds left.
|
|t:|1727878547
|move|p1a: Skarmory|Protect|p1a: Skarmory
|-singleturn|p1a: Skarmory|Protect
|move|p2a: Regirock|Explosion|p1a: Skarmory
|-activate|p1a: Skarmory|Protect
|faint|p2a: Regirock
|
|t:|1727878553
|switch|p2a: Zapdos|Zapdos|78/100 par
|
|-heal|p2a: Zapdos|84/100 par|[from] item: Leftovers
|-heal|p1a: Skarmory|26/100 par|[from] item: Leftovers
|upkeep
|turn|31
|inactive|shinyslurpuff_s has 210 seconds left.
|
|t:|1727878560
|switch|p1a: Blissey|Blissey, F|100/100
|move|p2a: Zapdos|Thunderbolt|p1a: Blissey
|-damage|p1a: Blissey|81/100
|
|-heal|p1a: Blissey|87/100|[from] item: Leftovers
|-heal|p2a: Zapdos|90/100 par|[from] item: Leftovers
|upkeep
|turn|32
|inactive|loleinsmaragd has 270 seconds left.
|inactive|shinyslurpuff_s has 210 seconds left.
|
|t:|1727878578
|switch|p2a: Snorlax|Snorlax, M|100/100
|-damage|p2a: Snorlax|88/100|[from] Spikes
|move|p1a: Blissey|Calm Mind|p1a: Blissey
|-boost|p1a: Blissey|spa|1
|-boost|p1a: Blissey|spd|1
|
|-heal|p1a: Blissey|93/100|[from] item: Leftovers
|-heal|p2a: Snorlax|94/100|[from] item: Leftovers
|upkeep
|turn|33
|inactive|shinyslurpuff_s has 210 seconds left.
|inactive|loleinsmaragd has 270 seconds left.
|
|t:|1727878603
|move|p1a: Blissey|Ice Beam|p2a: Snorlax
|-damage|p2a: Snorlax|71/100
|move|p2a: Snorlax|Curse|p2a: Snorlax
|-unboost|p2a: Snorlax|spe|1
|-boost|p2a: Snorlax|atk|1
|-boost|p2a: Snorlax|def|1
|
|-heal|p1a: Blissey|99/100|[from] item: Leftovers
|-heal|p2a: Snorlax|77/100|[from] item: Leftovers
|upkeep
|turn|34
|j| Spfunkm
|
|t:|1727878626
|move|p1a: Blissey|Ice Beam|p2a: Snorlax
|-damage|p2a: Snorlax|55/100
|move|p2a: Snorlax|Double-Edge|p1a: Blissey
|-damage|p1a: Blissey|0 fnt
|-damage|p2a: Snorlax|8/100|[from] Recoil|[of] p1a: Blissey
|faint|p1a: Blissey
|
|t:|1727878634
|switch|p1a: Slaking|Slaking, F|100/100
|
|-heal|p2a: Snorlax|14/100|[from] item: Leftovers
|upkeep
|turn|35
|
|t:|1727878649
|move|p1a: Slaking|Return|p2a: Snorlax
|-damage|p2a: Snorlax|0 fnt
|faint|p2a: Snorlax
|
|t:|1727878661
|switch|p2a: Tyranitar|Tyranitar, F|100/100
|-damage|p2a: Tyranitar|88/100|[from] Spikes
|-weather|Sandstorm|[from] ability: Sand Stream|[of] p2a: Tyranitar
|
|-weather|Sandstorm|[upkeep]
|-damage|p1a: Slaking|94/100|[from] Sandstorm
|-heal|p2a: Tyranitar|94/100|[from] item: Leftovers
|upkeep
|turn|36
|
|t:|1727878674
|switch|p1a: Flygon|Flygon, F|100/100
|move|p2a: Tyranitar|Dragon Dance|p2a: Tyranitar
|-boost|p2a: Tyranitar|atk|1
|-boost|p2a: Tyranitar|spe|1
|
|-weather|Sandstorm|[upkeep]
|-heal|p2a: Tyranitar|100/100|[from] item: Leftovers
|upkeep
|turn|37
|inactive|loleinsmaragd has 270 seconds left.
|
|t:|1727878699
|move|p2a: Tyranitar|Double-Edge|p1a: Flygon
|-damage|p1a: Flygon|46/100
|-damage|p2a: Tyranitar|83/100|[from] Recoil|[of] p1a: Flygon
|move|p1a: Flygon|Earthquake|p2a: Tyranitar
|-supereffective|p2a: Tyranitar
|-damage|p2a: Tyranitar|25/100
|
|-weather|Sandstorm|[upkeep]
|-heal|p2a: Tyranitar|31/100|[from] item: Leftovers
|-heal|p1a: Flygon|52/100|[from] item: Leftovers
|upkeep
|turn|38
|inactive|loleinsmaragd has 270 seconds left.
|inactive|shinyslurpuff_s has 180 seconds left.
|l| Spfunkm
|
|t:|1727878737
|move|p1a: Flygon|Protect|p1a: Flygon
|-singleturn|p1a: Flygon|Protect
|move|p2a: Tyranitar|Double-Edge|p1a: Flygon
|-activate|p1a: Flygon|Protect
|
|-weather|Sandstorm|[upkeep]
|-heal|p2a: Tyranitar|37/100|[from] item: Leftovers
|-heal|p1a: Flygon|58/100|[from] item: Leftovers
|upkeep
|turn|39
|inactive|shinyslurpuff_s has 150 seconds left.
|
|t:|1727878758
|move|p2a: Tyranitar|Rock Slide|p1a: Flygon
|-resisted|p1a: Flygon
|-damage|p1a: Flygon|31/100
|move|p1a: Flygon|Earthquake|p2a: Tyranitar
|-supereffective|p2a: Tyranitar
|-damage|p2a: Tyranitar|0 fnt
|faint|p2a: Tyranitar
|inactive|shinyslurpuff_s has 150 seconds left.
|
|t:|1727878772
|switch|p2a: Metagross|Metagross|100/100
|-damage|p2a: Metagross|88/100|[from] Spikes
|
|-weather|Sandstorm|[upkeep]
|-heal|p1a: Flygon|37/100|[from] item: Leftovers
|-heal|p2a: Metagross|94/100|[from] item: Leftovers
|upkeep
|turn|40
|inactive|shinyslurpuff_s has 150 seconds left.
|
|t:|1727878794
|move|p1a: Flygon|Earthquake|p2a: Metagross
|-supereffective|p2a: Metagross
|-damage|p2a: Metagross|39/100
|move|p2a: Metagross|Rock Slide|p1a: Flygon
|-resisted|p1a: Flygon
|-damage|p1a: Flygon|25/100
|
|-weather|Sandstorm|[upkeep]
|-heal|p1a: Flygon|32/100|[from] item: Leftovers
|-heal|p2a: Metagross|45/100|[from] item: Leftovers
|upkeep
|turn|41
|
|t:|1727878810
|move|p1a: Flygon|Earthquake|p2a: Metagross
|-supereffective|p2a: Metagross
|-damage|p2a: Metagross|0 fnt
|faint|p2a: Metagross
|
|t:|1727878815
|switch|p2a: Zapdos|Zapdos|90/100 par
|
|-weather|Sandstorm|[upkeep]
|-damage|p2a: Zapdos|84/100 par|[from] Sandstorm
|-heal|p1a: Flygon|38/100|[from] item: Leftovers
|-heal|p2a: Zapdos|90/100 par|[from] item: Leftovers
|upkeep
|turn|42
|
|t:|1727878824
|move|p1a: Flygon|Rock Slide|p2a: Zapdos
|-supereffective|p2a: Zapdos
|-damage|p2a: Zapdos|49/100 par
|move|p2a: Zapdos|Hidden Power|p1a: Flygon
|-damage|p1a: Flygon|13/100
|
|-weather|Sandstorm|[upkeep]
|-damage|p2a: Zapdos|42/100 par|[from] Sandstorm
|-heal|p1a: Flygon|19/100|[from] item: Leftovers
|-heal|p2a: Zapdos|49/100 par|[from] item: Leftovers
|upkeep
|turn|43
|
|t:|1727878836
|move|p1a: Flygon|Rock Slide|p2a: Zapdos
|-supereffective|p2a: Zapdos
|-damage|p2a: Zapdos|3/100 par
|cant|p2a: Zapdos|flinch
|
|-weather|Sandstorm|[upkeep]
|-damage|p2a: Zapdos|0 fnt|[from] Sandstorm
|faint|p2a: Zapdos
|
|win|loleinsmaragd
|upkeep
|l|☆loleinsmaragd
|player|p1|
|j| Spfunkm
|l| Spfunkm
|j| Spfunkm

</script>
<script type="application/json" class="data" id="replaydata-gen3ou-2214306333">
{"id":"gen3ou-2214306333","format":"[Gen 3] OU","players":["loleinsmaragd","shinyslurpuff_s"],"uploadtime":1727878851,"views":112,"formatid":"gen3ou","rating":null,"private":0,"password":null}
</script>

<script defer src="js/replays.js?9d40a366"></script>
