<!DOCTYPE html>
<meta charset="utf-8" />
<meta name="viewport" content="width=device-width" />

<title>[Gen 3] OU: Dhgss vs. Alecss - Replays - Pok&eacute;mon Showdown!</title>

<meta name="description" content="Watch a replay of a Pok&eacute;mon battle between Dhgss and Alecss! Format: [Gen 3] OU; Date: Nov 2, 2024" />
<!--

Hey, you! Looking in the source for the replay log?

You can find them in JSON format, just add `.json` at the end of a replay URL.

https://replay.pokemonshowdown.com/gen7randomdoublesbattle-865046831.json

Or, if you only need the log itself, add `.log` instead:

https://replay.pokemonshowdown.com/gen7randomdoublesbattle-865046831.log

-->

<link rel="stylesheet" href="//pokemonshowdown.com/style/global.css?0.023195364461161105" />
<link rel="stylesheet" href="//play.pokemonshowdown.com/style/font-awesome.css?0.13261647063804238" />
<link rel="stylesheet" href="//play.pokemonshowdown.com/style/battle.css?0.8753245789963631" />
<link rel="stylesheet" href="//play.pokemonshowdown.com/style/utilichart.css?0.8627959624976733" />

<!-- Global site tag (gtag.js) - Google Analytics -->
<script async src="https://www.googletagmanager.com/gtag/js?id=UA-26211653-1"></script>
<script>
  window.dataLayer = window.dataLayer || [];
  function gtag(){dataLayer.push(arguments);}
  gtag('js', new Date());

  gtag('config', 'UA-26211653-1');
</script>
<!-- End Google Analytics -->
<!-- Venatus Ad Manager - Install in <HEAD> of page -->
	<script src="https://hb.vntsm.com/v3/live/ad-manager.min.js" type="text/javascript" data-site-id="642aba63ec9a7b11c3c9c1be" data-mode="scan" async></script>
<!-- / Venatus Ad Manager -->

<style>
	@media (max-width:820px) {
		.battle {
			margin: 0 auto;
		}
		.battle-log {
			margin: 7px auto 0;
			max-width: 640px;
			height: 300px;
			position: static;
		}
	}
	.optgroup {
		display: inline-block;
		line-height: 22px;
		font-size: 10pt;
	}
	.optgroup .button {
		height: 25px;
		padding-top: 0;
		padding-bottom: 0;
	}
	.optgroup button.button {
		padding-left: 12px;
		padding-right: 12px;
	}
	.linklist {
		list-style: none;
		margin: 0.5em 0;
		padding: 0;
	}
	.linklist li {
		padding: 2px 0;
	}
	.sidebar {
		float: left;
		width: 320px;
	}
	.bar-wrapper {
		max-width: 1100px;
		margin: 0 auto;
	}
	.bar-wrapper.has-sidebar {
		max-width: 1430px;
	}
	.mainbar {
		margin: 0;
		padding-right: 1px;
	}
	.mainbar.has-sidebar {
		margin-left: 330px;
	}
	@media (min-width: 1511px) {
		.sidebar {
			width: 400px;
		}
		.bar-wrapper.has-sidebar {
			max-width: 1510px;
		}
		.mainbar.has-sidebar {
			margin-left: 410px;
		}
	}
	.section.first-section {
		margin-top: 9px;
	}
	.blocklink small {
		white-space: normal;
	}
	.button {
		vertical-align: middle;
	}
	.replay-controls {
		padding-top: 10px;
	}
	.replay-controls h1 {
		font-size: 16pt;
		font-weight: normal;
		color: #CCC;
	}
	.pagelink {
		text-align: center;
	}
	.pagelink a {
		width: 150px;
	}
	.textbox, .button {
		font-size: 11pt;
		vertical-align: middle;
	}
	@media (max-width: 450px) {
		.button {
			font-size: 9pt;
		}
	}
</style>

<div>

	<header>
		<div class="nav-wrapper"><ul class="nav">
			<li><a class="button nav-first" href="//pokemonshowdown.com/"><img src="//pokemonshowdown.com/images/pokemonshowdownbeta.png" srcset="//pokemonshowdown.com/images/pokemonshowdownbeta.png 1x, //pokemonshowdown.com/images/pokemonshowdownbeta@2x.png 2x" alt="Pok&eacute;mon Showdown" width="146" height="44" /> Home</a></li>
			<li><a class="button" href="//pokemonshowdown.com/dex/">Pok&eacute;dex</a></li>
			<li><a class="button cur" href="/">Replays</a></li>
			<li><a class="button" href="//pokemonshowdown.com/ladder/">Ladder</a></li>
			<li><a class="button nav-last" href="//pokemonshowdown.com/forums/">Forum</a></li>
			<li><a class="button greenbutton nav-first nav-last" href="//play.pokemonshowdown.com/">Play</a></li>
		</ul></div>
	</header>

	<div class="main" id="main">

		<noscript><section class="section">You need to enable JavaScript to use this page; sorry!</section></noscript>

	</div>

</div>

<script defer nomodule src="//play.pokemonshowdown.com/js/lib/ps-polyfill.js"></script>
<script defer src="//play.pokemonshowdown.com/js/lib/preact.min.js"></script>

<script defer src="//play.pokemonshowdown.com/config/config.js?2bddbc15"></script>
<script defer src="//play.pokemonshowdown.com/js/lib/jquery-1.11.0.min.js"></script>
<script defer src="//play.pokemonshowdown.com/js/lib/html-sanitizer-minified.js"></script>
<script defer src="//play.pokemonshowdown.com/js/battle-sound.js"></script>
<script defer src="//play.pokemonshowdown.com/js/battledata.js?0.7209276989879541"></script>
<script defer src="//play.pokemonshowdown.com/data/pokedex-mini.js?0.6111056340867951"></script>
<script defer src="//play.pokemonshowdown.com/data/pokedex-mini-bw.js?0.3532142036491459"></script>
<script defer src="//play.pokemonshowdown.com/data/graphics.js?0.24223875632456182"></script>
<script defer src="//play.pokemonshowdown.com/data/pokedex.js?0.38839984266356864"></script>
<script defer src="//play.pokemonshowdown.com/data/moves.js?0.21866028504024015"></script>
<script defer src="//play.pokemonshowdown.com/data/abilities.js?0.2005157953846628"></script>
<script defer src="//play.pokemonshowdown.com/data/items.js?0.9894211263848525"></script>
<script defer src="//play.pokemonshowdown.com/data/teambuilder-tables.js?0.6008791140282215"></script>
<script defer src="//play.pokemonshowdown.com/js/battle-tooltips.js?0.7580118955022959"></script>
<script defer src="//play.pokemonshowdown.com/js/battle.js?0.6057722274234274"></script>

<script defer src="js/utils.js?e31f9a17"></script>
<script defer src="js/replays-battle.js?7008c182"></script>

<!-- don't scrape this data! just add .json or .log after the URL!
Full API docs: https://github.com/smogon/pokemon-showdown-client/blob/master/WEB-API.md -->
<script type="text/plain" class="log" id="replaylog-smogtours-gen3ou-803908">
|inactive|Battle timer is ON: inactive players will automatically lose when time's up.
|t:|1730552330
|gametype|singles
|player|p1|Dhgss|ethan|
|player|p2|Alecss|red-gen1|
|teamsize|p1|6
|teamsize|p2|6
|gen|3
|tier|[Gen 3] OU
|rule|Sleep Clause Mod: Limit one foe put to sleep
|rule|Switch Priority Clause Mod: Faster Pokémon switch first
|rule|Species Clause: Limit one of each Pokémon
|rule|OHKO Clause: OHKO moves are banned
|rule|Evasion Items Clause: Evasion items are banned
|rule|Evasion Moves Clause: Evasion moves are banned
|rule|Endless Battle Clause: Forcing endless battles is banned
|rule|HP Percentage Mod: HP is shown in percentages
|rule|One Boost Passer Clause: Limit one Baton Passer that has a way to boost its stats
|rule|Freeze Clause Mod: Limit one foe frozen
|
|t:|1730552330
|start
|switch|p1a: Skarmory|Skarmory, M|100/100
|switch|p2a: Jynx|Jynx, F|100/100
|turn|1
|c|☆Dhgss|GL
|c|☆Alecss|u2!
|inactive|Dhgss has 270 seconds left.
|inactive|Alecss has 270 seconds left.
|inactive|Alecss has 240 seconds left.
|
|t:|1730552426
|move|p2a: Jynx|Lovely Kiss|p1a: Skarmory|[miss]
|-miss|p2a: Jynx|p1a: Skarmory
|move|p1a: Skarmory|Spikes|p2a: Jynx
|-sidestart|p2: Alecss|Spikes
|
|upkeep
|turn|2
|
|t:|1730552439
|move|p2a: Jynx|Substitute|p2a: Jynx
|-start|p2a: Jynx|Substitute
|-damage|p2a: Jynx|76/100
|move|p1a: Skarmory|Roar|p2a: Jynx
|drag|p2a: Dugtrio|Dugtrio, M|100/100
|-damage|p2a: Dugtrio|88/100|[from] Spikes
|
|upkeep
|turn|3
|
|t:|1730552450
|switch|p2a: Electhor|Zapdos|100/100
|move|p1a: Skarmory|Toxic|p2a: Electhor|[miss]
|-miss|p1a: Skarmory|p2a: Electhor
|
|upkeep
|turn|4
|
|t:|1730552459
|switch|p1a: Blissey|Blissey, F, shiny|100/100
|move|p2a: Electhor|Thunder Wave|p1a: Blissey
|-status|p1a: Blissey|par
|
|upkeep
|turn|5
|
|t:|1730552477
|switch|p2a: Suicune|Suicune, shiny|100/100
|-damage|p2a: Suicune|88/100|[from] Spikes
|-curestatus|p1a: Blissey|par|[from] ability: Natural Cure
|switch|p1a: Swampert|Swampert, M|100/100
|
|-heal|p2a: Suicune|94/100|[from] item: Leftovers
|upkeep
|turn|6
|
|t:|1730552487
|switch|p1a: Skarmory|Skarmory, M|100/100
|move|p2a: Suicune|Surf|p1a: Skarmory
|-damage|p1a: Skarmory|72/100
|
|-heal|p2a: Suicune|100/100|[from] item: Leftovers
|-heal|p1a: Skarmory|78/100|[from] item: Leftovers
|upkeep
|turn|7
|
|t:|1730552495
|move|p2a: Suicune|Calm Mind|p2a: Suicune
|-boost|p2a: Suicune|spa|1
|-boost|p2a: Suicune|spd|1
|move|p1a: Skarmory|Toxic|p2a: Suicune
|-status|p2a: Suicune|tox
|
|-damage|p2a: Suicune|94/100 tox|[from] psn
|-heal|p1a: Skarmory|84/100|[from] item: Leftovers
|upkeep
|turn|8
|
|t:|1730552505
|move|p2a: Suicune|Surf|p1a: Skarmory
|-damage|p1a: Skarmory|44/100
|move|p1a: Skarmory|Roar|p2a: Suicune
|drag|p2a: Dugtrio|Dugtrio, M|88/100
|-damage|p2a: Dugtrio|75/100|[from] Spikes
|
|-heal|p1a: Skarmory|50/100|[from] item: Leftovers
|upkeep
|turn|9
|
|t:|1730552515
|switch|p2a: Suicune|Suicune, shiny|94/100 tox
|-damage|p2a: Suicune|82/100 tox|[from] Spikes
|move|p1a: Skarmory|Spikes|p2a: Suicune
|-sidestart|p2: Alecss|Spikes
|
|-heal|p2a: Suicune|88/100 tox|[from] item: Leftovers
|-damage|p2a: Suicune|82/100 tox|[from] psn
|-heal|p1a: Skarmory|56/100|[from] item: Leftovers
|upkeep
|turn|10
|
|t:|1730552543
|move|p2a: Suicune|Surf|p1a: Skarmory
|-damage|p1a: Skarmory|25/100
|move|p1a: Skarmory|Roar|p2a: Suicune
|drag|p2a: Dugtrio|Dugtrio, M|75/100
|-damage|p2a: Dugtrio|59/100|[from] Spikes
|
|-heal|p1a: Skarmory|31/100|[from] item: Leftovers
|upkeep
|turn|11
|
|t:|1730552552
|switch|p2a: Electhor|Zapdos|100/100
|move|p1a: Skarmory|Protect||[still]
|-fail|p1a: Skarmory
|
|-heal|p1a: Skarmory|37/100|[from] item: Leftovers
|upkeep
|turn|12
|
|t:|1730552563
|switch|p2a: Suicune|Suicune, shiny|82/100 tox
|-damage|p2a: Suicune|65/100 tox|[from] Spikes
|move|p1a: Skarmory|Protect||[still]
|-fail|p1a: Skarmory
|
|-heal|p2a: Suicune|71/100 tox|[from] item: Leftovers
|-damage|p2a: Suicune|65/100 tox|[from] psn
|-heal|p1a: Skarmory|43/100|[from] item: Leftovers
|upkeep
|turn|13
|
|t:|1730552583
|switch|p1a: Swampert|Swampert, M|100/100
|move|p2a: Suicune|Calm Mind|p2a: Suicune
|-boost|p2a: Suicune|spa|1
|-boost|p2a: Suicune|spd|1
|
|-heal|p2a: Suicune|71/100 tox|[from] item: Leftovers
|-damage|p2a: Suicune|59/100 tox|[from] psn
|upkeep
|turn|14
|
|t:|1730552591
|move|p2a: Suicune|Rest|p2a: Suicune
|-status|p2a: Suicune|slp|[from] move: Rest
|-heal|p2a: Suicune|100/100 slp|[silent]
|move|p1a: Swampert|Earthquake|p2a: Suicune
|-damage|p2a: Suicune|78/100 slp
|
|-heal|p2a: Suicune|84/100 slp|[from] item: Leftovers
|upkeep
|turn|15
|
|t:|1730552600
|switch|p1a: Skarmory|Skarmory, M|43/100
|cant|p2a: Suicune|slp
|move|p2a: Suicune|Sleep Talk|p2a: Suicune
|move|p2a: Suicune|Calm Mind|p2a: Suicune|[from]Sleep Talk
|-boost|p2a: Suicune|spa|1
|-boost|p2a: Suicune|spd|1
|
|-heal|p2a: Suicune|90/100 slp|[from] item: Leftovers
|-heal|p1a: Skarmory|49/100|[from] item: Leftovers
|upkeep
|turn|16
|
|t:|1730552611
|cant|p2a: Suicune|slp
|move|p2a: Suicune|Sleep Talk|p2a: Suicune
|move|p2a: Suicune|Surf|p1a: Skarmory|[from]Sleep Talk
|-damage|p1a: Skarmory|0 fnt
|faint|p1a: Skarmory
|inactive|Dhgss has 270 seconds left.
|
|t:|1730552656
|switch|p1a: Gengar|Gengar, F, shiny|100/100
|
|-heal|p2a: Suicune|97/100 slp|[from] item: Leftovers
|upkeep
|turn|17
|
|t:|1730552661
|move|p1a: Gengar|Thunderbolt|p2a: Suicune
|-supereffective|p2a: Suicune
|-damage|p2a: Suicune|76/100 slp
|-curestatus|p2a: Suicune|slp|[msg]
|move|p2a: Suicune|Surf|p1a: Gengar
|-damage|p1a: Gengar|26/100
|
|-heal|p1a: Gengar|32/100|[from] item: Leftovers
|-heal|p2a: Suicune|82/100|[from] item: Leftovers
|upkeep
|turn|18
|
|t:|1730552670
|switch|p2a: Ptera|Aerodactyl, F|100/100
|move|p1a: Gengar|Explosion|p2a: Ptera
|-resisted|p2a: Ptera
|-damage|p2a: Ptera|42/100
|faint|p1a: Gengar
|
|t:|1730552678
|switch|p1a: Swampert|Swampert, M|100/100
|
|upkeep
|turn|19
|
|t:|1730552688
|switch|p2a: Suicune|Suicune, shiny|82/100
|-damage|p2a: Suicune|65/100|[from] Spikes
|move|p1a: Swampert|Earthquake|p2a: Suicune
|-damage|p2a: Suicune|44/100
|
|-heal|p2a: Suicune|50/100|[from] item: Leftovers
|upkeep
|turn|20
|
|t:|1730552699
|switch|p1a: Tyranitar|Tyranitar, F|100/100
|-weather|Sandstorm|[from] ability: Sand Stream|[of] p1a: Tyranitar
|move|p2a: Suicune|Surf|p1a: Tyranitar
|-supereffective|p1a: Tyranitar
|-damage|p1a: Tyranitar|40/100
|
|-weather|Sandstorm|[upkeep]
|-damage|p2a: Suicune|44/100|[from] Sandstorm
|-heal|p2a: Suicune|50/100|[from] item: Leftovers
|upkeep
|turn|21
|inactive|Dhgss has 270 seconds left.
|
|t:|1730552729
|move|p1a: Tyranitar|Rock Slide|p2a: Suicune
|-damage|p2a: Suicune|13/100
|move|p2a: Suicune|Surf|p1a: Tyranitar
|-supereffective|p1a: Tyranitar
|-damage|p1a: Tyranitar|0 fnt
|faint|p1a: Tyranitar
|
|t:|1730552748
|switch|p1a: Starmie|Starmie|100/100
|
|-weather|Sandstorm|[upkeep]
|-damage|p1a: Starmie|94/100|[from] Sandstorm
|-damage|p2a: Suicune|7/100|[from] Sandstorm
|-heal|p1a: Starmie|100/100|[from] item: Leftovers
|-heal|p2a: Suicune|13/100|[from] item: Leftovers
|upkeep
|turn|22
|
|t:|1730552756
|move|p1a: Starmie|Psychic|p2a: Suicune
|-damage|p2a: Suicune|0 fnt
|faint|p2a: Suicune
|
|t:|1730552767
|switch|p2a: Ronflex|Snorlax, M, shiny|100/100
|-damage|p2a: Ronflex|84/100|[from] Spikes
|
|-weather|Sandstorm|[upkeep]
|-damage|p1a: Starmie|94/100|[from] Sandstorm
|-damage|p2a: Ronflex|78/100|[from] Sandstorm
|-heal|p1a: Starmie|100/100|[from] item: Leftovers
|-heal|p2a: Ronflex|84/100|[from] item: Leftovers
|upkeep
|turn|23
|inactive|Dhgss has 270 seconds left.
|
|t:|1730552776
|switch|p1a: Swampert|Swampert, M|100/100
|move|p2a: Ronflex|Return|p1a: Swampert
|-damage|p1a: Swampert|67/100
|
|-weather|Sandstorm|[upkeep]
|-damage|p2a: Ronflex|78/100|[from] Sandstorm
|-heal|p1a: Swampert|73/100|[from] item: Leftovers
|-heal|p2a: Ronflex|84/100|[from] item: Leftovers
|upkeep
|turn|24
|inactive|Dhgss has 270 seconds left.
|
|t:|1730552788
|switch|p2a: Electhor|Zapdos|100/100
|move|p1a: Swampert|Earthquake|p2a: Electhor
|-immune|p2a: Electhor
|
|-weather|Sandstorm|[upkeep]
|-damage|p2a: Electhor|94/100|[from] Sandstorm
|-heal|p2a: Electhor|100/100|[from] item: Leftovers
|-heal|p1a: Swampert|79/100|[from] item: Leftovers
|upkeep
|turn|25
|
|t:|1730552797
|move|p1a: Swampert|Protect|p1a: Swampert
|-singleturn|p1a: Swampert|Protect
|move|p2a: Electhor|Hidden Power|p1a: Swampert
|-activate|p1a: Swampert|Protect
|
|-weather|Sandstorm|[upkeep]
|-damage|p2a: Electhor|94/100|[from] Sandstorm
|-heal|p2a: Electhor|100/100|[from] item: Leftovers
|-heal|p1a: Swampert|86/100|[from] item: Leftovers
|upkeep
|turn|26
|
|t:|1730552803
|switch|p2a: Dugtrio|Dugtrio, M|59/100
|-damage|p2a: Dugtrio|42/100|[from] Spikes
|switch|p1a: Blissey|Blissey, F, shiny|100/100
|
|-weather|Sandstorm|[upkeep]
|-damage|p1a: Blissey|94/100|[from] Sandstorm
|-heal|p1a: Blissey|100/100|[from] item: Leftovers
|upkeep
|turn|27
|
|t:|1730552813
|move|p2a: Dugtrio|Beat Up|p1a: Blissey
|-damage|p1a: Blissey|91/100
|-damage|p1a: Blissey|80/100
|-damage|p1a: Blissey|74/100
|-damage|p1a: Blissey|61/100
|-damage|p1a: Blissey|48/100
|-hitcount|p1a: Blissey|5
|move|p1a: Blissey|Ice Beam|p2a: Dugtrio
|-supereffective|p2a: Dugtrio
|-damage|p2a: Dugtrio|0 fnt
|faint|p2a: Dugtrio
|
|t:|1730552825
|switch|p2a: Ptera|Aerodactyl, F|42/100
|
|-weather|Sandstorm|[upkeep]
|-damage|p1a: Blissey|42/100|[from] Sandstorm
|-heal|p1a: Blissey|48/100|[from] item: Leftovers
|upkeep
|turn|28
|inactive|Alecss has 270 seconds left.
|inactive|Alecss has 240 seconds left.
|
|t:|1730552886
|switch|p1a: Swampert|Swampert, M|86/100
|move|p2a: Ptera|Double-Edge|p1a: Swampert
|-damage|p1a: Swampert|50/100
|
|-weather|Sandstorm|[upkeep]
|-heal|p1a: Swampert|57/100|[from] item: Leftovers
|upkeep
|turn|29
|
|t:|1730552895
|move|p2a: Ptera|Double-Edge|p1a: Swampert
|-damage|p1a: Swampert|21/100
|move|p1a: Swampert|Hydro Pump|p2a: Ptera
|-supereffective|p2a: Ptera
|-damage|p2a: Ptera|0 fnt
|faint|p2a: Ptera
|
|t:|1730552902
|switch|p2a: Jynx|Jynx, F|76/100
|-damage|p2a: Jynx|59/100|[from] Spikes
|
|-weather|Sandstorm|[upkeep]
|-damage|p2a: Jynx|53/100|[from] Sandstorm
|-heal|p2a: Jynx|59/100|[from] item: Leftovers
|-heal|p1a: Swampert|27/100|[from] item: Leftovers
|upkeep
|turn|30
|
|t:|1730552930
|switch|p1a: Starmie|Starmie|100/100
|move|p2a: Jynx|Ice Beam|p1a: Starmie
|-resisted|p1a: Starmie
|-damage|p1a: Starmie|74/100
|
|-weather|Sandstorm|[upkeep]
|-damage|p1a: Starmie|68/100|[from] Sandstorm
|-damage|p2a: Jynx|53/100|[from] Sandstorm
|-heal|p1a: Starmie|74/100|[from] item: Leftovers
|-heal|p2a: Jynx|59/100|[from] item: Leftovers
|upkeep
|turn|31
|inactive|Dhgss has 270 seconds left.
|inactive|Alecss has 240 seconds left.
|
|t:|1730552973
|move|p1a: Starmie|Surf|p2a: Jynx
|-crit|p2a: Jynx
|-damage|p2a: Jynx|0 fnt
|faint|p2a: Jynx
|
|t:|1730552977
|switch|p2a: Ronflex|Snorlax, M, shiny|84/100
|-damage|p2a: Ronflex|67/100|[from] Spikes
|
|-weather|Sandstorm|[upkeep]
|-damage|p1a: Starmie|68/100|[from] Sandstorm
|-damage|p2a: Ronflex|61/100|[from] Sandstorm
|-heal|p1a: Starmie|74/100|[from] item: Leftovers
|-heal|p2a: Ronflex|67/100|[from] item: Leftovers
|upkeep
|turn|32
|inactive|Alecss has 240 seconds left.
|inactive|Dhgss has 270 seconds left.
|inactive|Dhgss has 240 seconds left.
|inactive|Alecss has 210 seconds left.
|
|t:|1730553075
|move|p1a: Starmie|Surf|p2a: Ronflex
|-damage|p2a: Ronflex|48/100
|move|p2a: Ronflex|Return|p1a: Starmie
|-damage|p1a: Starmie|14/100
|
|-weather|Sandstorm|[upkeep]
|-damage|p1a: Starmie|8/100|[from] Sandstorm
|-damage|p2a: Ronflex|42/100|[from] Sandstorm
|-heal|p1a: Starmie|14/100|[from] item: Leftovers
|-heal|p2a: Ronflex|48/100|[from] item: Leftovers
|upkeep
|turn|33
|
|t:|1730553090
|switch|p2a: Electhor|Zapdos|100/100
|move|p1a: Starmie|Surf|p2a: Electhor
|-damage|p2a: Electhor|77/100
|
|-weather|Sandstorm|[upkeep]
|-damage|p1a: Starmie|8/100|[from] Sandstorm
|-damage|p2a: Electhor|71/100|[from] Sandstorm
|-heal|p1a: Starmie|14/100|[from] item: Leftovers
|-heal|p2a: Electhor|77/100|[from] item: Leftovers
|upkeep
|turn|34
|
|t:|1730553110
|move|p1a: Starmie|Surf|p2a: Electhor
|-damage|p2a: Electhor|53/100
|move|p2a: Electhor|Thunderbolt|p1a: Starmie
|-supereffective|p1a: Starmie
|-damage|p1a: Starmie|0 fnt
|faint|p1a: Starmie
|
|t:|1730553116
|switch|p1a: Blissey|Blissey, F, shiny|48/100
|
|-weather|Sandstorm|[upkeep]
|-damage|p2a: Electhor|47/100|[from] Sandstorm
|-damage|p1a: Blissey|42/100|[from] Sandstorm
|-heal|p2a: Electhor|53/100|[from] item: Leftovers
|-heal|p1a: Blissey|48/100|[from] item: Leftovers
|upkeep
|turn|35
|inactive|Dhgss has 210 seconds left.
|inactive|Dhgss has 180 seconds left.
|
|t:|1730553179
|switch|p2a: Ronflex|Snorlax, M, shiny|48/100
|-damage|p2a: Ronflex|31/100|[from] Spikes
|move|p1a: Blissey|Ice Beam|p2a: Ronflex
|-damage|p2a: Ronflex|17/100
|
|-weather|Sandstorm|[upkeep]
|-damage|p1a: Blissey|42/100|[from] Sandstorm
|-damage|p2a: Ronflex|10/100|[from] Sandstorm
|-heal|p1a: Blissey|48/100|[from] item: Leftovers
|-heal|p2a: Ronflex|17/100|[from] item: Leftovers
|upkeep
|turn|36
|inactive|Dhgss has 150 seconds left.
|
|t:|1730553236
|move|p1a: Blissey|Fire Blast|p2a: Ronflex|[miss]
|-miss|p1a: Blissey|p2a: Ronflex
|move|p2a: Ronflex|Self-Destruct|p1a: Blissey
|-damage|p1a: Blissey|0 fnt
|faint|p2a: Ronflex
|faint|p1a: Blissey
|c|☆Dhgss|noooo
|inactive|Dhgss has 120 seconds left.
|
|t:|1730553256
|switch|p1a: Swampert|Swampert, M|27/100
|switch|p2a: Electhor|Zapdos|53/100
|
|-weather|Sandstorm|[upkeep]
|-damage|p2a: Electhor|47/100|[from] Sandstorm
|-heal|p2a: Electhor|53/100|[from] item: Leftovers
|-heal|p1a: Swampert|33/100|[from] item: Leftovers
|upkeep
|turn|37
|c|☆Alecss|Era ice beam.
|
|t:|1730553266
|move|p1a: Swampert|Protect|p1a: Swampert
|-singleturn|p1a: Swampert|Protect
|move|p2a: Electhor|Hidden Power|p1a: Swampert
|-activate|p1a: Swampert|Protect
|
|-weather|Sandstorm|[upkeep]
|-damage|p2a: Electhor|47/100|[from] Sandstorm
|-heal|p2a: Electhor|53/100|[from] item: Leftovers
|-heal|p1a: Swampert|39/100|[from] item: Leftovers
|upkeep
|turn|38
|c|☆Alecss|gg
|c|☆Alecss|wp
|c|☆Dhgss|no alcanzaba ice beam
|inactive|Dhgss has 120 seconds left.
|
|t:|1730553296
|move|p2a: Electhor|Hidden Power|p1a: Swampert
|-supereffective|p1a: Swampert
|-damage|p1a: Swampert|0 fnt
|faint|p1a: Swampert
|
|win|Alecss
|c|☆Dhgss|GG
|c|☆Alecss|Si alcanzaba.
|c|☆Dhgss|le hizo 14% y le quedaba 16, no?
|c|☆Alecss|Ya vi que nom
|c|☆Alecss|El máximo era 15%
|c|☆Alecss|Y tenía 17
|c|☆Dhgss|por eso, precisaba pegar fire blast
|c|☆Dhgss|de donde eres?
|c|☆Alecss|Mexico.
|c|☆Dhgss|bueno, vamos al G2!

</script>
<script type="application/json" class="data" id="replaydata-smogtours-gen3ou-803908">
{"id":"smogtours-gen3ou-803908","format":"[Gen 3] OU","players":["Dhgss","Alecss"],"uploadtime":1730553296,"views":76,"formatid":"gen3ou","rating":null,"private":0,"password":null}
</script>

<script defer src="js/replays.js?9d40a366"></script>
