<!DOCTYPE html>
<meta charset="utf-8" />
<meta name="viewport" content="width=device-width" />

<title>[Gen 3] OU: Alecss vs. Dhgss - Replays - Pok&eacute;mon Showdown!</title>

<meta name="description" content="Watch a replay of a Pok&eacute;mon battle between Alecss and Dhgss! Format: [Gen 3] OU; Date: Nov 2, 2024" />
<!--

Hey, you! Looking in the source for the replay log?

You can find them in JSON format, just add `.json` at the end of a replay URL.

https://replay.pokemonshowdown.com/gen7randomdoublesbattle-865046831.json

Or, if you only need the log itself, add `.log` instead:

https://replay.pokemonshowdown.com/gen7randomdoublesbattle-865046831.log

-->

<link rel="stylesheet" href="//pokemonshowdown.com/style/global.css?0.023195364461161105" />
<link rel="stylesheet" href="//play.pokemonshowdown.com/style/font-awesome.css?0.13261647063804238" />
<link rel="stylesheet" href="//play.pokemonshowdown.com/style/battle.css?0.8753245789963631" />
<link rel="stylesheet" href="//play.pokemonshowdown.com/style/utilichart.css?0.8627959624976733" />

<!-- Global site tag (gtag.js) - Google Analytics -->
<script async src="https://www.googletagmanager.com/gtag/js?id=UA-26211653-1"></script>
<script>
  window.dataLayer = window.dataLayer || [];
  function gtag(){dataLayer.push(arguments);}
  gtag('js', new Date());

  gtag('config', 'UA-26211653-1');
</script>
<!-- End Google Analytics -->
<!-- Venatus Ad Manager - Install in <HEAD> of page -->
	<script src="https://hb.vntsm.com/v3/live/ad-manager.min.js" type="text/javascript" data-site-id="642aba63ec9a7b11c3c9c1be" data-mode="scan" async></script>
<!-- / Venatus Ad Manager -->

<style>
	@media (max-width:820px) {
		.battle {
			margin: 0 auto;
		}
		.battle-log {
			margin: 7px auto 0;
			max-width: 640px;
			height: 300px;
			position: static;
		}
	}
	.optgroup {
		display: inline-block;
		line-height: 22px;
		font-size: 10pt;
	}
	.optgroup .button {
		height: 25px;
		padding-top: 0;
		padding-bottom: 0;
	}
	.optgroup button.button {
		padding-left: 12px;
		padding-right: 12px;
	}
	.linklist {
		list-style: none;
		margin: 0.5em 0;
		padding: 0;
	}
	.linklist li {
		padding: 2px 0;
	}
	.sidebar {
		float: left;
		width: 320px;
	}
	.bar-wrapper {
		max-width: 1100px;
		margin: 0 auto;
	}
	.bar-wrapper.has-sidebar {
		max-width: 1430px;
	}
	.mainbar {
		margin: 0;
		padding-right: 1px;
	}
	.mainbar.has-sidebar {
		margin-left: 330px;
	}
	@media (min-width: 1511px) {
		.sidebar {
			width: 400px;
		}
		.bar-wrapper.has-sidebar {
			max-width: 1510px;
		}
		.mainbar.has-sidebar {
			margin-left: 410px;
		}
	}
	.section.first-section {
		margin-top: 9px;
	}
	.blocklink small {
		white-space: normal;
	}
	.button {
		vertical-align: middle;
	}
	.replay-controls {
		padding-top: 10px;
	}
	.replay-controls h1 {
		font-size: 16pt;
		font-weight: normal;
		color: #CCC;
	}
	.pagelink {
		text-align: center;
	}
	.pagelink a {
		width: 150px;
	}
	.textbox, .button {
		font-size: 11pt;
		vertical-align: middle;
	}
	@media (max-width: 450px) {
		.button {
			font-size: 9pt;
		}
	}
</style>

<div>

	<header>
		<div class="nav-wrapper"><ul class="nav">
			<li><a class="button nav-first" href="//pokemonshowdown.com/"><img src="//pokemonshowdown.com/images/pokemonshowdownbeta.png" srcset="//pokemonshowdown.com/images/pokemonshowdownbeta.png 1x, //pokemonshowdown.com/images/pokemonshowdownbeta@2x.png 2x" alt="Pok&eacute;mon Showdown" width="146" height="44" /> Home</a></li>
			<li><a class="button" href="//pokemonshowdown.com/dex/">Pok&eacute;dex</a></li>
			<li><a class="button cur" href="/">Replays</a></li>
			<li><a class="button" href="//pokemonshowdown.com/ladder/">Ladder</a></li>
			<li><a class="button nav-last" href="//pokemonshowdown.com/forums/">Forum</a></li>
			<li><a class="button greenbutton nav-first nav-last" href="//play.pokemonshowdown.com/">Play</a></li>
		</ul></div>
	</header>

	<div class="main" id="main">

		<noscript><section class="section">You need to enable JavaScript to use this page; sorry!</section></noscript>

	</div>

</div>

<script defer nomodule src="//play.pokemonshowdown.com/js/lib/ps-polyfill.js"></script>
<script defer src="//play.pokemonshowdown.com/js/lib/preact.min.js"></script>

<script defer src="//play.pokemonshowdown.com/config/config.js?2bddbc15"></script>
<script defer src="//play.pokemonshowdown.com/js/lib/jquery-1.11.0.min.js"></script>
<script defer src="//play.pokemonshowdown.com/js/lib/html-sanitizer-minified.js"></script>
<script defer src="//play.pokemonshowdown.com/js/battle-sound.js"></script>
<script defer src="//play.pokemonshowdown.com/js/battledata.js?0.7209276989879541"></script>
<script defer src="//play.pokemonshowdown.com/data/pokedex-mini.js?0.6111056340867951"></script>
<script defer src="//play.pokemonshowdown.com/data/pokedex-mini-bw.js?0.3532142036491459"></script>
<script defer src="//play.pokemonshowdown.com/data/graphics.js?0.24223875632456182"></script>
<script defer src="//play.pokemonshowdown.com/data/pokedex.js?0.38839984266356864"></script>
<script defer src="//play.pokemonshowdown.com/data/moves.js?0.21866028504024015"></script>
<script defer src="//play.pokemonshowdown.com/data/abilities.js?0.2005157953846628"></script>
<script defer src="//play.pokemonshowdown.com/data/items.js?0.9894211263848525"></script>
<script defer src="//play.pokemonshowdown.com/data/teambuilder-tables.js?0.6008791140282215"></script>
<script defer src="//play.pokemonshowdown.com/js/battle-tooltips.js?0.7580118955022959"></script>
<script defer src="//play.pokemonshowdown.com/js/battle.js?0.6057722274234274"></script>

<script defer src="js/utils.js?e31f9a17"></script>
<script defer src="js/replays-battle.js?7008c182"></script>

<!-- don't scrape this data! just add .json or .log after the URL!
Full API docs: https://github.com/smogon/pokemon-showdown-client/blob/master/WEB-API.md -->
<script type="text/plain" class="log" id="replaylog-smogtours-gen3ou-803916">
|inactive|Battle timer is ON: inactive players will automatically lose when time's up.
|t:|1730554266
|gametype|singles
|player|p1|Alecss|red-gen1|
|player|p2|Dhgss|ethan|
|teamsize|p1|6
|teamsize|p2|6
|gen|3
|tier|[Gen 3] OU
|rule|Sleep Clause Mod: Limit one foe put to sleep
|rule|Switch Priority Clause Mod: Faster Pokémon switch first
|rule|Species Clause: Limit one of each Pokémon
|rule|OHKO Clause: OHKO moves are banned
|rule|Evasion Items Clause: Evasion items are banned
|rule|Evasion Moves Clause: Evasion moves are banned
|rule|Endless Battle Clause: Forcing endless battles is banned
|rule|HP Percentage Mod: HP is shown in percentages
|rule|One Boost Passer Clause: Limit one Baton Passer that has a way to boost its stats
|rule|Freeze Clause Mod: Limit one foe frozen
|
|t:|1730554266
|start
|switch|p1a: Garbage|Skarmory, M|100/100
|switch|p2a: Swampert|Swampert, M|100/100
|turn|1
|c|☆Dhgss|suerte!
|inactive|Alecss has 270 seconds left.
|c|☆Alecss|u2!
|c|☆Alecss|The last one 
|
|t:|1730554311
|switch|p1a: Freezer|Articuno|100/100
|switch|p2a: Gengar|Gengar, M, shiny|100/100
|
|upkeep
|turn|2
|inactive|Dhgss has 270 seconds left.
|
|t:|1730554347
|switch|p2a: Jirachi|Jirachi|100/100
|move|p1a: Freezer|Ice Beam|p2a: Jirachi
|-resisted|p2a: Jirachi
|-damage|p2a: Jirachi|84/100
|
|-heal|p2a: Jirachi|91/100|[from] item: Leftovers
|upkeep
|turn|3
|inactive|Dhgss has 270 seconds left.
|
|t:|1730554361
|switch|p1a: Bardock|Zapdos|100/100
|move|p2a: Jirachi|Fire Punch|p1a: Bardock
|-damage|p1a: Bardock|86/100
|
|-heal|p2a: Jirachi|97/100|[from] item: Leftovers
|-heal|p1a: Bardock|93/100|[from] item: Leftovers
|upkeep
|turn|4
|inactive|Dhgss has 270 seconds left.
|
|t:|1730554371
|switch|p2a: Celebi|Celebi|100/100
|move|p1a: Bardock|Thunderbolt|p2a: Celebi
|-resisted|p2a: Celebi
|-damage|p2a: Celebi|88/100
|
|-heal|p1a: Bardock|99/100|[from] item: Leftovers
|-heal|p2a: Celebi|94/100|[from] item: Leftovers
|upkeep
|turn|5
|inactive|Dhgss has 270 seconds left.
|
|t:|1730554380
|move|p2a: Celebi|Calm Mind|p2a: Celebi
|-boost|p2a: Celebi|spa|1
|-boost|p2a: Celebi|spd|1
|move|p1a: Bardock|Roar|p2a: Celebi
|drag|p2a: Dugtrio|Dugtrio, M|100/100
|
|-heal|p1a: Bardock|100/100|[from] item: Leftovers
|upkeep
|turn|6
|inactive|Dhgss has 270 seconds left.
|
|t:|1730554398
|switch|p2a: Celebi|Celebi|94/100
|switch|p1a: Garbage|Skarmory, M|100/100
|
|-heal|p2a: Celebi|100/100|[from] item: Leftovers
|upkeep
|turn|7
|inactive|Dhgss has 270 seconds left.
|
|t:|1730554408
|switch|p2a: Zapdos|Zapdos|100/100
|move|p1a: Garbage|Spikes|p2a: Zapdos
|-sidestart|p2: Dhgss|Spikes
|
|upkeep
|turn|8
|
|t:|1730554415
|switch|p1a: Top gun|Flygon, M|100/100
|move|p2a: Zapdos|Thunderbolt|p1a: Top gun
|-immune|p1a: Top gun
|
|upkeep
|turn|9
|
|t:|1730554430
|switch|p2a: Gengar|Gengar, M, shiny|100/100
|switch|p1a: Bardock|Zapdos|100/100
|
|upkeep
|turn|10
|
|t:|1730554439
|move|p2a: Gengar|Will-O-Wisp|p1a: Bardock
|-status|p1a: Bardock|brn
|move|p1a: Bardock|Thunderbolt|p2a: Gengar
|-damage|p2a: Gengar|52/100
|
|-heal|p2a: Gengar|58/100|[from] item: Leftovers
|-damage|p1a: Bardock|88/100 brn|[from] brn
|upkeep
|turn|11
|
|t:|1730554449
|switch|p2a: Swampert|Swampert, M|100/100
|-damage|p2a: Swampert|88/100|[from] Spikes
|switch|p1a: Garbage|Skarmory, M|100/100
|
|-heal|p2a: Swampert|94/100|[from] item: Leftovers
|upkeep
|turn|12
|
|t:|1730554458
|switch|p2a: Gengar|Gengar, M, shiny|58/100
|move|p1a: Garbage|Spikes|p2a: Gengar
|-sidestart|p2: Dhgss|Spikes
|
|-heal|p2a: Gengar|64/100|[from] item: Leftovers
|upkeep
|turn|13
|
|t:|1730554465
|move|p2a: Gengar|Thunderbolt|p1a: Garbage
|-supereffective|p1a: Garbage
|-damage|p1a: Garbage|51/100
|move|p1a: Garbage|Drill Peck|p2a: Gengar
|-damage|p2a: Gengar|33/100
|
|-heal|p2a: Gengar|39/100|[from] item: Leftovers
|-heal|p1a: Garbage|57/100|[from] item: Leftovers
|upkeep
|turn|14
|
|t:|1730554475
|move|p1a: Garbage|Protect|p1a: Garbage
|-singleturn|p1a: Garbage|Protect
|move|p2a: Gengar|Will-O-Wisp|p1a: Garbage|[miss]
|-miss|p2a: Gengar|p1a: Garbage
|
|-heal|p2a: Gengar|45/100|[from] item: Leftovers
|-heal|p1a: Garbage|63/100|[from] item: Leftovers
|upkeep
|turn|15
|
|t:|1730554483
|switch|p1a: Bardock|Zapdos|88/100 brn
|move|p2a: Gengar|Will-O-Wisp|p1a: Bardock|[miss]
|-miss|p2a: Gengar|p1a: Bardock
|
|-heal|p2a: Gengar|51/100|[from] item: Leftovers
|-heal|p1a: Bardock|94/100 brn|[from] item: Leftovers
|-damage|p1a: Bardock|82/100 brn|[from] brn
|upkeep
|turn|16
|
|t:|1730554490
|switch|p2a: Swampert|Swampert, M|94/100
|-damage|p2a: Swampert|78/100|[from] Spikes
|move|p1a: Bardock|Thunderbolt|p2a: Swampert
|-immune|p2a: Swampert
|
|-heal|p1a: Bardock|88/100 brn|[from] item: Leftovers
|-damage|p1a: Bardock|75/100 brn|[from] brn
|-heal|p2a: Swampert|84/100|[from] item: Leftovers
|upkeep
|turn|17
|
|t:|1730554501
|switch|p1a: Freezer|Articuno|100/100
|move|p2a: Swampert|Hydro Pump|p1a: Freezer
|-damage|p1a: Freezer|80/100
|
|-heal|p1a: Freezer|87/100|[from] item: Leftovers
|-heal|p2a: Swampert|90/100|[from] item: Leftovers
|upkeep
|turn|18
|
|t:|1730554511
|switch|p2a: Jirachi|Jirachi|97/100
|-damage|p2a: Jirachi|80/100|[from] Spikes
|move|p1a: Freezer|Ice Beam|p2a: Jirachi
|-resisted|p2a: Jirachi
|-crit|p2a: Jirachi
|-damage|p2a: Jirachi|47/100
|
|-heal|p2a: Jirachi|53/100|[from] item: Leftovers
|-heal|p1a: Freezer|93/100|[from] item: Leftovers
|upkeep
|turn|19
|
|t:|1730554525
|switch|p1a: Bardock|Zapdos|75/100 brn
|move|p2a: Jirachi|Psychic|p1a: Bardock
|-damage|p1a: Bardock|50/100 brn
|
|-heal|p2a: Jirachi|59/100|[from] item: Leftovers
|-heal|p1a: Bardock|56/100 brn|[from] item: Leftovers
|-damage|p1a: Bardock|43/100 brn|[from] brn
|upkeep
|turn|20
|
|t:|1730554542
|move|p2a: Jirachi|Psychic|p1a: Bardock
|-damage|p1a: Bardock|14/100 brn
|move|p1a: Bardock|Rest|p1a: Bardock
|-status|p1a: Bardock|slp|[from] move: Rest
|-heal|p1a: Bardock|100/100 slp|[silent]
|
|-heal|p2a: Jirachi|65/100|[from] item: Leftovers
|upkeep
|turn|21
|
|t:|1730554550
|move|p2a: Jirachi|Calm Mind|p2a: Jirachi
|-boost|p2a: Jirachi|spa|1
|-boost|p2a: Jirachi|spd|1
|cant|p1a: Bardock|slp
|move|p1a: Bardock|Sleep Talk|p1a: Bardock
|move|p1a: Bardock|Rest|p1a: Bardock|[from]Sleep Talk
|
|-heal|p2a: Jirachi|71/100|[from] item: Leftovers
|upkeep
|turn|22
|
|t:|1730554558
|move|p2a: Jirachi|Psychic|p1a: Bardock
|-damage|p1a: Bardock|60/100 slp
|-unboost|p1a: Bardock|spd|1
|cant|p1a: Bardock|slp
|move|p1a: Bardock|Sleep Talk|p1a: Bardock
|move|p1a: Bardock|Roar|p2a: Jirachi|[from]Sleep Talk
|drag|p2a: Dugtrio|Dugtrio, M|100/100
|-damage|p2a: Dugtrio|84/100|[from] Spikes
|
|-heal|p1a: Bardock|66/100 slp|[from] item: Leftovers
|upkeep
|turn|23
|
|t:|1730554572
|switch|p1a: James|Weezing, M, shiny|100/100
|move|p2a: Dugtrio|Rock Slide|p1a: James
|-damage|p1a: James|83/100
|
|-heal|p1a: James|89/100|[from] item: Leftovers
|upkeep
|turn|24
|
|t:|1730554585
|switch|p2a: Celebi|Celebi|100/100
|-damage|p2a: Celebi|84/100|[from] Spikes
|move|p1a: James|Will-O-Wisp|p2a: Celebi
|-status|p2a: Celebi|brn
|
|-heal|p2a: Celebi|90/100 brn|[from] item: Leftovers
|-damage|p2a: Celebi|78/100 brn|[from] brn
|-heal|p1a: James|95/100|[from] item: Leftovers
|upkeep
|turn|25
|
|t:|1730554598
|switch|p1a: Freezer|Articuno|93/100
|move|p2a: Celebi|Psychic|p1a: Freezer
|-damage|p1a: Freezer|77/100
|
|-heal|p2a: Celebi|84/100 brn|[from] item: Leftovers
|-damage|p2a: Celebi|72/100 brn|[from] brn
|-heal|p1a: Freezer|83/100|[from] item: Leftovers
|upkeep
|turn|26
|
|t:|1730554612
|move|p2a: Celebi|Baton Pass|p2a: Celebi
|
|t:|1730554617
|-curestatus|p2a: Celebi|brn|[from] ability: Natural Cure
|switch|p2a: Jirachi|Jirachi|71/100|[from] Baton Pass
|-damage|p2a: Jirachi|55/100|[from] Spikes
|move|p1a: Freezer|Ice Beam|p2a: Jirachi
|-resisted|p2a: Jirachi
|-damage|p2a: Jirachi|38/100
|
|-heal|p2a: Jirachi|44/100|[from] item: Leftovers
|-heal|p1a: Freezer|89/100|[from] item: Leftovers
|upkeep
|turn|27
|
|t:|1730554631
|switch|p1a: Ikki|Moltres|100/100
|move|p2a: Jirachi|Fire Punch|p1a: Ikki
|-resisted|p1a: Ikki
|-damage|p1a: Ikki|88/100
|
|-heal|p2a: Jirachi|51/100|[from] item: Leftovers
|-heal|p1a: Ikki|94/100|[from] item: Leftovers
|upkeep
|turn|28
|
|t:|1730554655
|switch|p2a: Swampert|Swampert, M|90/100
|-damage|p2a: Swampert|74/100|[from] Spikes
|move|p1a: Ikki|Flamethrower|p2a: Swampert
|-resisted|p2a: Swampert
|-crit|p2a: Swampert
|-damage|p2a: Swampert|26/100
|-status|p2a: Swampert|brn
|
|-heal|p1a: Ikki|99/100|[from] item: Leftovers
|-heal|p2a: Swampert|32/100 brn|[from] item: Leftovers
|-damage|p2a: Swampert|20/100 brn|[from] brn
|upkeep
|turn|29
|c|☆Alecss|hey
|c|☆Alecss|I'm sorry :(
|c|☆Dhgss|np
|
|t:|1730554679
|move|p1a: Ikki|Flamethrower|p2a: Swampert
|-resisted|p2a: Swampert
|-damage|p2a: Swampert|0 fnt
|faint|p2a: Swampert
|
|t:|1730554685
|switch|p2a: Zapdos|Zapdos|100/100
|
|-heal|p1a: Ikki|100/100|[from] item: Leftovers
|upkeep
|turn|30
|
|t:|1730554691
|switch|p1a: Top gun|Flygon, M|100/100
|move|p2a: Zapdos|Substitute|p2a: Zapdos
|-start|p2a: Zapdos|Substitute
|-damage|p2a: Zapdos|76/100
|
|-heal|p2a: Zapdos|82/100|[from] item: Leftovers
|upkeep
|turn|31
|
|t:|1730554703
|move|p2a: Zapdos|Baton Pass|p2a: Zapdos
|
|t:|1730554704
|switch|p2a: Gengar|Gengar, M, shiny|51/100|[from] Baton Pass
|move|p1a: Top gun|Rock Slide|p2a: Gengar
|-end|p2a: Gengar|Substitute
|
|-heal|p2a: Gengar|57/100|[from] item: Leftovers
|upkeep
|turn|32
|
|t:|1730554714
|switch|p1a: Garbage|Skarmory, M|63/100
|move|p2a: Gengar|Ice Punch|p1a: Garbage
|-damage|p1a: Garbage|42/100
|
|-heal|p2a: Gengar|64/100|[from] item: Leftovers
|-heal|p1a: Garbage|48/100|[from] item: Leftovers
|upkeep
|turn|33
|
|t:|1730554726
|move|p1a: Garbage|Protect|p1a: Garbage
|-singleturn|p1a: Garbage|Protect
|move|p2a: Gengar|Thunderbolt|p1a: Garbage
|-activate|p1a: Garbage|Protect
|
|-heal|p2a: Gengar|70/100|[from] item: Leftovers
|-heal|p1a: Garbage|54/100|[from] item: Leftovers
|upkeep
|turn|34
|
|t:|1730554741
|move|p2a: Gengar|Thunderbolt|p1a: Garbage
|-supereffective|p1a: Garbage
|-damage|p1a: Garbage|4/100
|move|p1a: Garbage|Spikes|p2a: Gengar
|-sidestart|p2: Dhgss|Spikes
|
|-heal|p2a: Gengar|76/100|[from] item: Leftovers
|-heal|p1a: Garbage|10/100|[from] item: Leftovers
|upkeep
|turn|35
|
|t:|1730554751
|move|p2a: Gengar|Ice Punch|p1a: Garbage
|-damage|p1a: Garbage|0 fnt
|faint|p1a: Garbage
|
|t:|1730554757
|switch|p1a: Freezer|Articuno|89/100
|
|-heal|p2a: Gengar|82/100|[from] item: Leftovers
|-heal|p1a: Freezer|95/100|[from] item: Leftovers
|upkeep
|turn|36
|inactive|Dhgss has 270 seconds left.
|inactive|Dhgss has 240 seconds left.
|inactive|Alecss has 270 seconds left.
|
|t:|1730554857
|switch|p2a: Dugtrio|Dugtrio, M|84/100
|-damage|p2a: Dugtrio|59/100|[from] Spikes
|switch|p1a: James|Weezing, M, shiny|95/100
|
|-heal|p1a: James|100/100|[from] item: Leftovers
|upkeep
|turn|37
|inactive|Dhgss has 240 seconds left.
|
|t:|1730554876
|move|p2a: Dugtrio|Rock Slide|p1a: James
|-damage|p1a: James|81/100
|move|p1a: James|Will-O-Wisp|p2a: Dugtrio
|-status|p2a: Dugtrio|brn
|
|-damage|p2a: Dugtrio|47/100 brn|[from] brn
|-heal|p1a: James|87/100|[from] item: Leftovers
|upkeep
|turn|38
|inactive|Dhgss has 240 seconds left.
|
|t:|1730554885
|move|p2a: Dugtrio|Rock Slide|p1a: James
|-damage|p1a: James|77/100
|move|p1a: James|Will-O-Wisp|p2a: Dugtrio
|-fail|p2a: Dugtrio|brn
|
|-damage|p2a: Dugtrio|35/100 brn|[from] brn
|-heal|p1a: James|83/100|[from] item: Leftovers
|upkeep
|turn|39
|
|t:|1730554893
|switch|p1a: Top gun|Flygon, M|100/100
|move|p2a: Dugtrio|Rock Slide|p1a: Top gun
|-resisted|p1a: Top gun
|-damage|p1a: Top gun|95/100
|
|-damage|p2a: Dugtrio|23/100 brn|[from] brn
|-heal|p1a: Top gun|100/100|[from] item: Leftovers
|upkeep
|turn|40
|inactive|Alecss has 270 seconds left.
|
|t:|1730554924
|move|p2a: Dugtrio|Rock Slide|p1a: Top gun
|-resisted|p1a: Top gun
|-damage|p1a: Top gun|95/100
|move|p1a: Top gun|Rock Slide|p2a: Dugtrio
|-resisted|p2a: Dugtrio
|-damage|p2a: Dugtrio|2/100 brn
|
|-damage|p2a: Dugtrio|0 fnt|[from] brn
|faint|p2a: Dugtrio
|-heal|p1a: Top gun|100/100|[from] item: Leftovers
|upkeep
|inactive|Dhgss has 240 seconds left.
|
|t:|1730554943
|switch|p2a: Gengar|Gengar, M, shiny|82/100
|turn|41
|inactive|Dhgss has 240 seconds left.
|inactive|Alecss has 240 seconds left.
|
|t:|1730554964
|switch|p1a: James|Weezing, M, shiny|83/100
|move|p2a: Gengar|Ice Punch|p1a: James
|-damage|p1a: James|54/100
|
|-heal|p2a: Gengar|88/100|[from] item: Leftovers
|-heal|p1a: James|60/100|[from] item: Leftovers
|upkeep
|turn|42
|
|t:|1730554973
|switch|p2a: Celebi|Celebi|72/100
|-damage|p2a: Celebi|47/100|[from] Spikes
|move|p1a: James|Rest|p1a: James
|-status|p1a: James|slp|[from] move: Rest
|-heal|p1a: James|100/100 slp|[silent]
|
|-heal|p2a: Celebi|53/100|[from] item: Leftovers
|upkeep
|turn|43
|
|t:|1730554980
|switch|p1a: Freezer|Articuno|95/100
|move|p2a: Celebi|Recover|p2a: Celebi
|-heal|p2a: Celebi|100/100
|
|-heal|p1a: Freezer|100/100|[from] item: Leftovers
|upkeep
|turn|44
|
|t:|1730554987
|move|p2a: Celebi|Calm Mind|p2a: Celebi
|-boost|p2a: Celebi|spa|1
|-boost|p2a: Celebi|spd|1
|move|p1a: Freezer|Heal Bell|p1a: Freezer
|-activate|p1a: Freezer|move: Heal Bell
|-curestatus|p1: James|slp|[silent]
|-curestatus|p1: Bardock|slp|[silent]
|
|upkeep
|turn|45
|
|t:|1730555009
|move|p2a: Celebi|Baton Pass|p2a: Celebi
|inactive|Dhgss has 240 seconds left.
|
|t:|1730555022
|switch|p2a: Jirachi|Jirachi|51/100|[from] Baton Pass
|-damage|p2a: Jirachi|26/100|[from] Spikes
|move|p1a: Freezer|Roar|p2a: Jirachi
|drag|p2a: Zapdos|Zapdos|82/100
|
|-heal|p2a: Zapdos|88/100|[from] item: Leftovers
|upkeep
|turn|46
|inactive|Dhgss has 240 seconds left.
|
|t:|1730555037
|switch|p1a: Top gun|Flygon, M|100/100
|move|p2a: Zapdos|Thunderbolt|p1a: Top gun
|-immune|p1a: Top gun
|
|-heal|p2a: Zapdos|94/100|[from] item: Leftovers
|upkeep
|turn|47
|inactive|Dhgss has 240 seconds left.
|inactive|Alecss has 270 seconds left.
|
|t:|1730555058
|move|p2a: Zapdos|Baton Pass|p2a: Zapdos
|
|t:|1730555061
|switch|p2a: Celebi|Celebi|100/100|[from] Baton Pass
|-damage|p2a: Celebi|75/100|[from] Spikes
|move|p1a: Top gun|Rock Slide|p2a: Celebi
|-damage|p2a: Celebi|63/100
|
|-heal|p2a: Celebi|69/100|[from] item: Leftovers
|upkeep
|turn|48
|
|t:|1730555070
|switch|p1a: Ikki|Moltres|100/100
|move|p2a: Celebi|Calm Mind|p2a: Celebi
|-boost|p2a: Celebi|spa|1
|-boost|p2a: Celebi|spd|1
|
|-heal|p2a: Celebi|75/100|[from] item: Leftovers
|upkeep
|turn|49
|inactive|Dhgss has 240 seconds left.
|
|t:|1730555097
|move|p1a: Ikki|Flamethrower|p2a: Celebi
|-supereffective|p2a: Celebi
|-damage|p2a: Celebi|30/100
|move|p2a: Celebi|Recover|p2a: Celebi
|-heal|p2a: Celebi|80/100
|
|-heal|p2a: Celebi|86/100|[from] item: Leftovers
|upkeep
|turn|50
|inactive|Dhgss has 240 seconds left.
|
|t:|1730555106
|move|p1a: Ikki|Flamethrower|p2a: Celebi
|-supereffective|p2a: Celebi
|-damage|p2a: Celebi|41/100
|move|p2a: Celebi|Psychic|p1a: Ikki
|-damage|p1a: Ikki|48/100
|-unboost|p1a: Ikki|spd|1
|
|-heal|p1a: Ikki|54/100|[from] item: Leftovers
|-heal|p2a: Celebi|47/100|[from] item: Leftovers
|upkeep
|turn|51
|inactive|Dhgss has 240 seconds left.
|
|t:|1730555118
|move|p1a: Ikki|Flamethrower|p2a: Celebi
|-supereffective|p2a: Celebi
|-damage|p2a: Celebi|3/100
|move|p2a: Celebi|Psychic|p1a: Ikki
|-damage|p1a: Ikki|0 fnt
|faint|p1a: Ikki
|
|t:|1730555130
|switch|p1a: Bardock|Zapdos|66/100
|
|-heal|p1a: Bardock|72/100|[from] item: Leftovers
|-heal|p2a: Celebi|9/100|[from] item: Leftovers
|upkeep
|turn|52
|
|t:|1730555142
|move|p2a: Celebi|Recover|p2a: Celebi
|-heal|p2a: Celebi|59/100
|move|p1a: Bardock|Roar|p2a: Celebi
|drag|p2a: Zapdos|Zapdos|94/100
|
|-heal|p2a: Zapdos|100/100|[from] item: Leftovers
|-heal|p1a: Bardock|78/100|[from] item: Leftovers
|upkeep
|turn|53
|
|t:|1730555155
|move|p2a: Zapdos|Thunderbolt|p1a: Bardock
|-damage|p1a: Bardock|40/100
|move|p1a: Bardock|Thunderbolt|p2a: Zapdos
|-damage|p2a: Zapdos|54/100
|
|-heal|p2a: Zapdos|60/100|[from] item: Leftovers
|-heal|p1a: Bardock|46/100|[from] item: Leftovers
|upkeep
|turn|54
|inactive|Dhgss has 240 seconds left.
|
|t:|1730555180
|move|p2a: Zapdos|Thunderbolt|p1a: Bardock
|-damage|p1a: Bardock|8/100
|-status|p1a: Bardock|par
|move|p1a: Bardock|Rest|p1a: Bardock
|-status|p1a: Bardock|slp|[from] move: Rest
|-heal|p1a: Bardock|100/100 slp|[silent]
|
|-heal|p2a: Zapdos|66/100|[from] item: Leftovers
|upkeep
|turn|55
|inactive|Dhgss has 240 seconds left.
|
|t:|1730555194
|move|p2a: Zapdos|Thunderbolt|p1a: Bardock
|-damage|p1a: Bardock|63/100 slp
|cant|p1a: Bardock|slp
|move|p1a: Bardock|Sleep Talk|p1a: Bardock
|move|p1a: Bardock|Rest|p1a: Bardock|[from]Sleep Talk
|
|-heal|p2a: Zapdos|72/100|[from] item: Leftovers
|-heal|p1a: Bardock|69/100 slp|[from] item: Leftovers
|upkeep
|turn|56
|inactive|Dhgss has 240 seconds left.
|
|t:|1730555208
|switch|p1a: Top gun|Flygon, M|100/100
|move|p2a: Zapdos|Baton Pass|p2a: Zapdos
|
|t:|1730555214
|switch|p2a: Gengar|Gengar, M, shiny|88/100|[from] Baton Pass
|
|-heal|p2a: Gengar|95/100|[from] item: Leftovers
|upkeep
|turn|57
|inactive|Dhgss has 240 seconds left.
|
|t:|1730555224
|switch|p1a: Freezer|Articuno|100/100
|move|p2a: Gengar|Will-O-Wisp|p1a: Freezer
|-status|p1a: Freezer|brn
|
|-heal|p2a: Gengar|100/100|[from] item: Leftovers
|-damage|p1a: Freezer|88/100 brn|[from] brn
|upkeep
|turn|58
|inactive|Dhgss has 240 seconds left.
|
|t:|1730555253
|move|p2a: Gengar|Thunderbolt|p1a: Freezer
|-supereffective|p1a: Freezer
|-damage|p1a: Freezer|58/100 brn
|move|p1a: Freezer|Heal Bell|p1a: Freezer
|-activate|p1a: Freezer|move: Heal Bell
|-curestatus|p1a: Freezer|brn|[silent]
|-curestatus|p1: Bardock|slp|[silent]
|
|-heal|p1a: Freezer|65/100|[from] item: Leftovers
|upkeep
|turn|59
|inactive|Dhgss has 210 seconds left.
|
|t:|1730555295
|move|p2a: Gengar|Thunderbolt|p1a: Freezer
|-supereffective|p1a: Freezer
|-crit|p1a: Freezer
|-damage|p1a: Freezer|0 fnt
|faint|p1a: Freezer
|c|☆Dhgss|sorry
|
|t:|1730555303
|switch|p1a: James|Weezing, M, shiny|100/100
|
|upkeep
|turn|60
|
|t:|1730555320
|switch|p2a: Celebi|Celebi|59/100
|-damage|p2a: Celebi|34/100|[from] Spikes
|move|p1a: James|Sludge Bomb|p2a: Celebi
|-supereffective|p2a: Celebi
|-damage|p2a: Celebi|0 fnt
|faint|p2a: Celebi
|inactive|Dhgss has 180 seconds left.
|inactive|Dhgss has 150 seconds left.
|
|t:|1730555370
|switch|p2a: Jirachi|Jirachi|26/100
|-damage|p2a: Jirachi|1/100|[from] Spikes
|
|-heal|p2a: Jirachi|7/100|[from] item: Leftovers
|upkeep
|turn|61
|
|t:|1730555377
|switch|p1a: Bardock|Zapdos|69/100
|move|p2a: Jirachi|Psychic|p1a: Bardock
|-damage|p1a: Bardock|44/100
|-unboost|p1a: Bardock|spd|1
|
|-heal|p2a: Jirachi|13/100|[from] item: Leftovers
|-heal|p1a: Bardock|50/100|[from] item: Leftovers
|upkeep
|turn|62
|
|t:|1730555386
|switch|p1a: Top gun|Flygon, M|100/100
|move|p2a: Jirachi|Psychic|p1a: Top gun
|-damage|p1a: Top gun|60/100
|
|-heal|p2a: Jirachi|19/100|[from] item: Leftovers
|-heal|p1a: Top gun|66/100|[from] item: Leftovers
|upkeep
|turn|63
|inactive|Dhgss has 150 seconds left.
|
|t:|1730555411
|move|p2a: Jirachi|Psychic|p1a: Top gun
|-damage|p1a: Top gun|26/100
|move|p1a: Top gun|Earthquake|p2a: Jirachi
|-supereffective|p2a: Jirachi
|-damage|p2a: Jirachi|0 fnt
|faint|p2a: Jirachi
|inactive|Dhgss has 150 seconds left.
|
|t:|1730555435
|switch|p2a: Gengar|Gengar, M, shiny|100/100
|
|-heal|p1a: Top gun|32/100|[from] item: Leftovers
|upkeep
|turn|64
|
|t:|1730555441
|move|p1a: Top gun|Protect|p1a: Top gun
|-singleturn|p1a: Top gun|Protect
|move|p2a: Gengar|Ice Punch|p1a: Top gun
|-activate|p1a: Top gun|Protect
|
|-heal|p1a: Top gun|38/100|[from] item: Leftovers
|upkeep
|turn|65
|
|t:|1730555455
|switch|p1a: James|Weezing, M, shiny|100/100
|move|p2a: Gengar|Ice Punch|p1a: James
|-damage|p1a: James|71/100
|
|-heal|p1a: James|77/100|[from] item: Leftovers
|upkeep
|turn|66
|inactive|Dhgss has 120 seconds left.
|
|t:|1730555493
|move|p2a: Gengar|Thunderbolt|p1a: James
|-damage|p1a: James|37/100
|move|p1a: James|Will-O-Wisp|p2a: Gengar
|-status|p2a: Gengar|brn
|
|-damage|p2a: Gengar|88/100 brn|[from] brn
|-heal|p1a: James|43/100|[from] item: Leftovers
|upkeep
|turn|67
|inactive|Dhgss has 120 seconds left.
|
|t:|1730555505
|move|p2a: Gengar|Ice Punch|p1a: James
|-damage|p1a: James|11/100
|move|p1a: James|Rest|p1a: James
|-status|p1a: James|slp|[from] move: Rest
|-heal|p1a: James|100/100 slp|[silent]
|
|-heal|p2a: Gengar|94/100 brn|[from] item: Leftovers
|-damage|p2a: Gengar|82/100 brn|[from] brn
|upkeep
|turn|68
|inactive|Dhgss has 120 seconds left.
|
|t:|1730555516
|switch|p2a: Zapdos|Zapdos|72/100
|cant|p1a: James|slp
|move|p1a: James|Sleep Talk|p1a: James
|move|p1a: James|Rest|p1a: James|[from]Sleep Talk
|
|-heal|p2a: Zapdos|79/100|[from] item: Leftovers
|upkeep
|turn|69
|inactive|Dhgss has 120 seconds left.
|
|t:|1730555529
|move|p2a: Zapdos|Substitute|p2a: Zapdos
|-start|p2a: Zapdos|Substitute
|-damage|p2a: Zapdos|54/100
|cant|p1a: James|slp
|move|p1a: James|Sleep Talk|p1a: James
|move|p1a: James|Will-O-Wisp||[from]Sleep Talk|[still]
|-fail|p1a: James
|
|-heal|p2a: Zapdos|60/100|[from] item: Leftovers
|upkeep
|turn|70
|
|t:|1730555538
|move|p2a: Zapdos|Thunderbolt|p1a: James
|-damage|p1a: James|33/100 slp
|-curestatus|p1a: James|slp|[msg]
|move|p1a: James|Sludge Bomb|p2a: Zapdos
|-end|p2a: Zapdos|Substitute
|
|-heal|p2a: Zapdos|66/100|[from] item: Leftovers
|-heal|p1a: James|39/100|[from] item: Leftovers
|upkeep
|turn|71
|
|t:|1730555550
|move|p2a: Zapdos|Substitute|p2a: Zapdos
|-start|p2a: Zapdos|Substitute
|-damage|p2a: Zapdos|41/100
|move|p1a: James|Sludge Bomb|p2a: Zapdos
|-end|p2a: Zapdos|Substitute
|
|-heal|p2a: Zapdos|48/100|[from] item: Leftovers
|-heal|p1a: James|45/100|[from] item: Leftovers
|upkeep
|turn|72
|
|t:|1730555556
|move|p2a: Zapdos|Thunderbolt|p1a: James
|-damage|p1a: James|0 fnt
|faint|p1a: James
|
|t:|1730555558
|switch|p1a: Top gun|Flygon, M|38/100
|
|-heal|p2a: Zapdos|54/100|[from] item: Leftovers
|-heal|p1a: Top gun|44/100|[from] item: Leftovers
|upkeep
|turn|73
|inactive|Dhgss has 120 seconds left.
|
|t:|1730555584
|move|p2a: Zapdos|Hidden Power|p1a: Top gun
|-damage|p1a: Top gun|17/100
|move|p1a: Top gun|Rock Slide|p2a: Zapdos
|-supereffective|p2a: Zapdos
|-damage|p2a: Zapdos|9/100
|
|-heal|p2a: Zapdos|15/100|[from] item: Leftovers
|-heal|p1a: Top gun|23/100|[from] item: Leftovers
|upkeep
|turn|74
|
|t:|1730555594
|move|p1a: Top gun|Protect|p1a: Top gun
|-singleturn|p1a: Top gun|Protect
|move|p2a: Zapdos|Hidden Power|p1a: Top gun
|-activate|p1a: Top gun|Protect
|
|-heal|p2a: Zapdos|22/100|[from] item: Leftovers
|-heal|p1a: Top gun|29/100|[from] item: Leftovers
|upkeep
|turn|75
|
|t:|1730555606
|move|p2a: Zapdos|Hidden Power|p1a: Top gun
|-damage|p1a: Top gun|0 fnt
|faint|p1a: Top gun
|
|t:|1730555610
|switch|p1a: Bardock|Zapdos|50/100
|
|-heal|p2a: Zapdos|28/100|[from] item: Leftovers
|-heal|p1a: Bardock|56/100|[from] item: Leftovers
|upkeep
|turn|76
|
|t:|1730555616
|move|p2a: Zapdos|Thunderbolt|p1a: Bardock
|-damage|p1a: Bardock|17/100
|-status|p1a: Bardock|par
|move|p1a: Bardock|Rest|p1a: Bardock
|-status|p1a: Bardock|slp|[from] move: Rest
|-heal|p1a: Bardock|100/100 slp|[silent]
|
|-heal|p2a: Zapdos|34/100|[from] item: Leftovers
|upkeep
|turn|77
|
|t:|1730555627
|move|p2a: Zapdos|Thunderbolt|p1a: Bardock
|-damage|p1a: Bardock|65/100 slp
|cant|p1a: Bardock|slp
|move|p1a: Bardock|Sleep Talk|p1a: Bardock
|move|p1a: Bardock|Roar|p2a: Zapdos|[from]Sleep Talk
|drag|p2a: Gengar|Gengar, M, shiny|82/100 brn
|
|-heal|p2a: Gengar|88/100 brn|[from] item: Leftovers
|-damage|p2a: Gengar|76/100 brn|[from] brn
|-heal|p1a: Bardock|71/100 slp|[from] item: Leftovers
|upkeep
|turn|78
|inactive|Dhgss has 120 seconds left.
|
|t:|1730555663
|move|p2a: Gengar|Ice Punch|p1a: Bardock
|-supereffective|p1a: Bardock
|-crit|p1a: Bardock
|-damage|p1a: Bardock|7/100 slp
|cant|p1a: Bardock|slp
|move|p1a: Bardock|Sleep Talk|p1a: Bardock
|move|p1a: Bardock|Thunderbolt|p2a: Gengar|[from]Sleep Talk
|-damage|p2a: Gengar|23/100 brn
|
|-heal|p2a: Gengar|29/100 brn|[from] item: Leftovers
|-damage|p2a: Gengar|17/100 brn|[from] brn
|-heal|p1a: Bardock|13/100 slp|[from] item: Leftovers
|upkeep
|turn|79
|
|t:|1730555678
|move|p2a: Gengar|Explosion|p1a: Bardock
|-damage|p1a: Bardock|0 fnt
|faint|p2a: Gengar
|faint|p1a: Bardock
|
|win|Dhgss
|c|☆Alecss|Oh, god.
|c|☆Dhgss|GG
|c|☆Alecss|gg
|c|☆Dhgss|no puedo creer
|c|☆Dhgss|pensé que estaba perdido
|c|☆Alecss|Ahora me tocaron los críticos. 
|c|☆Alecss|Arti no moría. 

</script>
<script type="application/json" class="data" id="replaydata-smogtours-gen3ou-803916">
{"id":"smogtours-gen3ou-803916","format":"[Gen 3] OU","players":["Alecss","Dhgss"],"uploadtime":1730555678,"views":84,"formatid":"gen3ou","rating":null,"private":0,"password":null}
</script>

<script defer src="js/replays.js?9d40a366"></script>
