<!DOCTYPE html>
<meta charset="utf-8" />
<meta name="viewport" content="width=device-width" />

<title>[Gen 3] OU: leng loi vs. TyCarter - Replays - Pok&eacute;mon Showdown!</title>

<meta name="description" content="Watch a replay of a Pok&eacute;mon battle between leng loi and TyCarter! Format: [Gen 3] OU; Date: Oct 24, 2024" />
<!--

Hey, you! Looking in the source for the replay log?

You can find them in JSON format, just add `.json` at the end of a replay URL.

https://replay.pokemonshowdown.com/gen7randomdoublesbattle-865046831.json

Or, if you only need the log itself, add `.log` instead:

https://replay.pokemonshowdown.com/gen7randomdoublesbattle-865046831.log

-->

<link rel="stylesheet" href="//pokemonshowdown.com/style/global.css?0.023195364461161105" />
<link rel="stylesheet" href="//play.pokemonshowdown.com/style/font-awesome.css?0.13261647063804238" />
<link rel="stylesheet" href="//play.pokemonshowdown.com/style/battle.css?0.8753245789963631" />
<link rel="stylesheet" href="//play.pokemonshowdown.com/style/utilichart.css?0.8627959624976733" />

<!-- Global site tag (gtag.js) - Google Analytics -->
<script async src="https://www.googletagmanager.com/gtag/js?id=UA-26211653-1"></script>
<script>
  window.dataLayer = window.dataLayer || [];
  function gtag(){dataLayer.push(arguments);}
  gtag('js', new Date());

  gtag('config', 'UA-26211653-1');
</script>
<!-- End Google Analytics -->
<!-- Venatus Ad Manager - Install in <HEAD> of page -->
	<script src="https://hb.vntsm.com/v3/live/ad-manager.min.js" type="text/javascript" data-site-id="642aba63ec9a7b11c3c9c1be" data-mode="scan" async></script>
<!-- / Venatus Ad Manager -->

<style>
	@media (max-width:820px) {
		.battle {
			margin: 0 auto;
		}
		.battle-log {
			margin: 7px auto 0;
			max-width: 640px;
			height: 300px;
			position: static;
		}
	}
	.optgroup {
		display: inline-block;
		line-height: 22px;
		font-size: 10pt;
	}
	.optgroup .button {
		height: 25px;
		padding-top: 0;
		padding-bottom: 0;
	}
	.optgroup button.button {
		padding-left: 12px;
		padding-right: 12px;
	}
	.linklist {
		list-style: none;
		margin: 0.5em 0;
		padding: 0;
	}
	.linklist li {
		padding: 2px 0;
	}
	.sidebar {
		float: left;
		width: 320px;
	}
	.bar-wrapper {
		max-width: 1100px;
		margin: 0 auto;
	}
	.bar-wrapper.has-sidebar {
		max-width: 1430px;
	}
	.mainbar {
		margin: 0;
		padding-right: 1px;
	}
	.mainbar.has-sidebar {
		margin-left: 330px;
	}
	@media (min-width: 1511px) {
		.sidebar {
			width: 400px;
		}
		.bar-wrapper.has-sidebar {
			max-width: 1510px;
		}
		.mainbar.has-sidebar {
			margin-left: 410px;
		}
	}
	.section.first-section {
		margin-top: 9px;
	}
	.blocklink small {
		white-space: normal;
	}
	.button {
		vertical-align: middle;
	}
	.replay-controls {
		padding-top: 10px;
	}
	.replay-controls h1 {
		font-size: 16pt;
		font-weight: normal;
		color: #CCC;
	}
	.pagelink {
		text-align: center;
	}
	.pagelink a {
		width: 150px;
	}
	.textbox, .button {
		font-size: 11pt;
		vertical-align: middle;
	}
	@media (max-width: 450px) {
		.button {
			font-size: 9pt;
		}
	}
</style>

<div>

	<header>
		<div class="nav-wrapper"><ul class="nav">
			<li><a class="button nav-first" href="//pokemonshowdown.com/"><img src="//pokemonshowdown.com/images/pokemonshowdownbeta.png" srcset="//pokemonshowdown.com/images/pokemonshowdownbeta.png 1x, //pokemonshowdown.com/images/pokemonshowdownbeta@2x.png 2x" alt="Pok&eacute;mon Showdown" width="146" height="44" /> Home</a></li>
			<li><a class="button" href="//pokemonshowdown.com/dex/">Pok&eacute;dex</a></li>
			<li><a class="button cur" href="/">Replays</a></li>
			<li><a class="button" href="//pokemonshowdown.com/ladder/">Ladder</a></li>
			<li><a class="button nav-last" href="//pokemonshowdown.com/forums/">Forum</a></li>
			<li><a class="button greenbutton nav-first nav-last" href="//play.pokemonshowdown.com/">Play</a></li>
		</ul></div>
	</header>

	<div class="main" id="main">

		<noscript><section class="section">You need to enable JavaScript to use this page; sorry!</section></noscript>

	</div>

</div>

<script defer nomodule src="//play.pokemonshowdown.com/js/lib/ps-polyfill.js"></script>
<script defer src="//play.pokemonshowdown.com/js/lib/preact.min.js"></script>

<script defer src="//play.pokemonshowdown.com/config/config.js?2bddbc15"></script>
<script defer src="//play.pokemonshowdown.com/js/lib/jquery-1.11.0.min.js"></script>
<script defer src="//play.pokemonshowdown.com/js/lib/html-sanitizer-minified.js"></script>
<script defer src="//play.pokemonshowdown.com/js/battle-sound.js"></script>
<script defer src="//play.pokemonshowdown.com/js/battledata.js?0.7209276989879541"></script>
<script defer src="//play.pokemonshowdown.com/data/pokedex-mini.js?0.6111056340867951"></script>
<script defer src="//play.pokemonshowdown.com/data/pokedex-mini-bw.js?0.3532142036491459"></script>
<script defer src="//play.pokemonshowdown.com/data/graphics.js?0.24223875632456182"></script>
<script defer src="//play.pokemonshowdown.com/data/pokedex.js?0.38839984266356864"></script>
<script defer src="//play.pokemonshowdown.com/data/moves.js?0.21866028504024015"></script>
<script defer src="//play.pokemonshowdown.com/data/abilities.js?0.2005157953846628"></script>
<script defer src="//play.pokemonshowdown.com/data/items.js?0.9894211263848525"></script>
<script defer src="//play.pokemonshowdown.com/data/teambuilder-tables.js?0.6008791140282215"></script>
<script defer src="//play.pokemonshowdown.com/js/battle-tooltips.js?0.7580118955022959"></script>
<script defer src="//play.pokemonshowdown.com/js/battle.js?0.6057722274234274"></script>

<script defer src="js/utils.js?e31f9a17"></script>
<script defer src="js/replays-battle.js?7008c182"></script>

<!-- don't scrape this data! just add .json or .log after the URL!
Full API docs: https://github.com/smogon/pokemon-showdown-client/blob/master/WEB-API.md -->
<script type="text/plain" class="log" id="replaylog-smogtours-gen3ou-801513">
|inactive|Battle timer is ON: inactive players will automatically lose when time's up.
|t:|1729739331
|gametype|singles
|player|p1|leng loi|#scl4machines2|
|player|p2|TyCarter|#lcplxiiipipluppatrol|
|teamsize|p1|6
|teamsize|p2|6
|gen|3
|tier|[Gen 3] OU
|rule|Sleep Clause Mod: Limit one foe put to sleep
|rule|Switch Priority Clause Mod: Faster Pokémon switch first
|rule|Species Clause: Limit one of each Pokémon
|rule|OHKO Clause: OHKO moves are banned
|rule|Evasion Items Clause: Evasion items are banned
|rule|Evasion Moves Clause: Evasion moves are banned
|rule|Endless Battle Clause: Forcing endless battles is banned
|rule|HP Percentage Mod: HP is shown in percentages
|rule|One Boost Passer Clause: Limit one Baton Passer that has a way to boost its stats
|rule|Freeze Clause Mod: Limit one foe frozen
|
|t:|1729739331
|start
|switch|p1a: Salamence|Salamence, M|100/100
|switch|p2a: Tyranitar|Tyranitar, M|100/100
|-ability|p1a: Salamence|Intimidate|boost
|-unboost|p2a: Tyranitar|atk|1
|-weather|Sandstorm|[from] ability: Sand Stream|[of] p2a: Tyranitar
|turn|1
|c|☆TyCarter|hf
|c|☆leng loi|hf
|c|☆TyCarter|/log TyCarter made the replay of this battle unlisted.
|inactive|leng loi has 270 seconds left.
|inactive|TyCarter has 270 seconds left.
|
|t:|1729739365
|switch|p1a: Tyranitar|Tyranitar, M|100/100
|switch|p2a: Gengar|Gengar, M|100/100
|
|-weather|Sandstorm|[upkeep]
|-damage|p2a: Gengar|95/100|[from] Sandstorm
|-heal|p2a: Gengar|100/100|[from] item: Leftovers
|upkeep
|turn|2
|
|t:|1729739380
|switch|p2a: Swampert|Swampert, M|100/100
|move|p1a: Tyranitar|Substitute|p1a: Tyranitar
|-start|p1a: Tyranitar|Substitute
|-damage|p1a: Tyranitar|75/100
|
|-weather|Sandstorm|[upkeep]
|-heal|p1a: Tyranitar|82/100|[from] item: Leftovers
|upkeep
|turn|3
|
|t:|1729739385
|move|p2a: Swampert|Protect|p2a: Swampert
|-singleturn|p2a: Swampert|Protect
|move|p1a: Tyranitar|Hidden Power|p2a: Swampert
|-activate|p2a: Swampert|Protect
|
|-weather|Sandstorm|[upkeep]
|-heal|p1a: Tyranitar|88/100|[from] item: Leftovers
|upkeep
|turn|4
|
|t:|1729739394
|switch|p2a: Skarmory|Skarmory, M|100/100
|move|p1a: Tyranitar|Hidden Power|p2a: Skarmory
|-resisted|p2a: Skarmory
|-damage|p2a: Skarmory|96/100
|
|-weather|Sandstorm|[upkeep]
|-heal|p1a: Tyranitar|94/100|[from] item: Leftovers
|-heal|p2a: Skarmory|100/100|[from] item: Leftovers
|upkeep
|turn|5
|
|t:|1729739399
|move|p1a: Tyranitar|Flamethrower|p2a: Skarmory
|-supereffective|p2a: Skarmory
|-damage|p2a: Skarmory|54/100
|move|p2a: Skarmory|Roar|p1a: Tyranitar
|drag|p1a: Salamence|Salamence, M|100/100
|-ability|p1a: Salamence|Intimidate|boost
|-unboost|p2a: Skarmory|atk|1
|
|-weather|Sandstorm|[upkeep]
|-damage|p1a: Salamence|94/100|[from] Sandstorm
|-heal|p1a: Salamence|100/100|[from] item: Leftovers
|-heal|p2a: Skarmory|60/100|[from] item: Leftovers
|upkeep
|turn|6
|
|t:|1729739406
|switch|p2a: Blissey|Blissey, F|100/100
|move|p1a: Salamence|Flamethrower|p2a: Blissey
|-damage|p2a: Blissey|88/100
|
|-weather|Sandstorm|[upkeep]
|-damage|p1a: Salamence|94/100|[from] Sandstorm
|-damage|p2a: Blissey|82/100|[from] Sandstorm
|-heal|p1a: Salamence|100/100|[from] item: Leftovers
|-heal|p2a: Blissey|88/100|[from] item: Leftovers
|upkeep
|turn|7
|
|t:|1729739415
|switch|p1a: Cloyster|Cloyster, M|100/100
|switch|p2a: Skarmory|Skarmory, M|60/100
|
|-weather|Sandstorm|[upkeep]
|-damage|p1a: Cloyster|94/100|[from] Sandstorm
|-heal|p1a: Cloyster|100/100|[from] item: Leftovers
|-heal|p2a: Skarmory|66/100|[from] item: Leftovers
|upkeep
|turn|8
|
|t:|1729739420
|move|p1a: Cloyster|Spikes|p2a: Skarmory
|-sidestart|p2: TyCarter|Spikes
|move|p2a: Skarmory|Spikes|p1a: Cloyster
|-sidestart|p1: leng loi|Spikes
|
|-weather|Sandstorm|[upkeep]
|-damage|p1a: Cloyster|94/100|[from] Sandstorm
|-heal|p1a: Cloyster|100/100|[from] item: Leftovers
|-heal|p2a: Skarmory|72/100|[from] item: Leftovers
|upkeep
|turn|9
|
|t:|1729739424
|move|p1a: Cloyster|Surf|p2a: Skarmory
|-damage|p2a: Skarmory|44/100
|move|p2a: Skarmory|Toxic|p1a: Cloyster|[miss]
|-miss|p2a: Skarmory|p1a: Cloyster
|
|-weather|Sandstorm|[upkeep]
|-damage|p1a: Cloyster|94/100|[from] Sandstorm
|-heal|p1a: Cloyster|100/100|[from] item: Leftovers
|-heal|p2a: Skarmory|50/100|[from] item: Leftovers
|upkeep
|turn|10
|
|t:|1729739441
|switch|p1a: Blissey|Blissey, F|100/100
|-damage|p1a: Blissey|88/100|[from] Spikes
|switch|p2a: Gengar|Gengar, M|100/100
|
|-weather|Sandstorm|[upkeep]
|-damage|p2a: Gengar|95/100|[from] Sandstorm
|-damage|p1a: Blissey|82/100|[from] Sandstorm
|-heal|p2a: Gengar|100/100|[from] item: Leftovers
|-heal|p1a: Blissey|88/100|[from] item: Leftovers
|upkeep
|turn|11
|
|t:|1729739461
|switch|p2a: Blissey|Blissey, F|88/100
|-damage|p2a: Blissey|76/100|[from] Spikes
|move|p1a: Blissey|Toxic|p2a: Blissey
|-status|p2a: Blissey|tox
|
|-weather|Sandstorm|[upkeep]
|-damage|p1a: Blissey|82/100|[from] Sandstorm
|-damage|p2a: Blissey|70/100 tox|[from] Sandstorm
|-heal|p1a: Blissey|88/100|[from] item: Leftovers
|-heal|p2a: Blissey|76/100 tox|[from] item: Leftovers
|-damage|p2a: Blissey|70/100 tox|[from] psn
|upkeep
|turn|12
|inactive|leng loi has 270 seconds left.
|inactive|TyCarter has 270 seconds left.
|inactive|leng loi has 240 seconds left.
|inactive|TyCarter has 240 seconds left.
|inactive|TyCarter has 210 seconds left.
|
|t:|1729739560
|move|p1a: Blissey|Toxic|p2a: Blissey|[miss]
|-miss|p1a: Blissey|p2a: Blissey
|move|p2a: Blissey|Soft-Boiled|p2a: Blissey
|-heal|p2a: Blissey|100/100 tox
|
|-weather|Sandstorm|[upkeep]
|-damage|p1a: Blissey|82/100|[from] Sandstorm
|-damage|p2a: Blissey|94/100 tox|[from] Sandstorm
|-heal|p1a: Blissey|88/100|[from] item: Leftovers
|-heal|p2a: Blissey|100/100 tox|[from] item: Leftovers
|-damage|p2a: Blissey|88/100 tox|[from] psn
|upkeep
|turn|13
|
|t:|1729739573
|move|p1a: Blissey|Fire Blast|p2a: Blissey
|-damage|p2a: Blissey|75/100 tox
|move|p2a: Blissey|Toxic|p1a: Blissey
|-status|p1a: Blissey|tox
|
|-weather|Sandstorm|[upkeep]
|-damage|p1a: Blissey|82/100 tox|[from] Sandstorm
|-damage|p2a: Blissey|68/100 tox|[from] Sandstorm
|-heal|p1a: Blissey|88/100 tox|[from] item: Leftovers
|-damage|p1a: Blissey|82/100 tox|[from] psn
|-heal|p2a: Blissey|75/100 tox|[from] item: Leftovers
|-damage|p2a: Blissey|56/100 tox|[from] psn
|upkeep
|turn|14
|
|t:|1729739590
|-curestatus|p1a: Blissey|tox|[from] ability: Natural Cure
|switch|p1a: Metagross|Metagross|100/100
|-damage|p1a: Metagross|88/100|[from] Spikes
|-curestatus|p2a: Blissey|tox|[from] ability: Natural Cure
|switch|p2a: Gengar|Gengar, M|100/100
|
|-weather|Sandstorm|[upkeep]
|-damage|p2a: Gengar|95/100|[from] Sandstorm
|-heal|p2a: Gengar|100/100|[from] item: Leftovers
|-heal|p1a: Metagross|94/100|[from] item: Leftovers
|upkeep
|turn|15
|inactive|leng loi has 210 seconds left.
|inactive|TyCarter has 210 seconds left.
|
|t:|1729739629
|switch|p2a: Moltres|Moltres|100/100
|switch|p1a: Blissey|Blissey, F|82/100
|-damage|p1a: Blissey|69/100|[from] Spikes
|
|-weather|Sandstorm|[upkeep]
|-damage|p2a: Moltres|94/100|[from] Sandstorm
|-damage|p1a: Blissey|63/100|[from] Sandstorm
|-heal|p2a: Moltres|100/100|[from] item: Leftovers
|-heal|p1a: Blissey|69/100|[from] item: Leftovers
|upkeep
|turn|16
|inactive|TyCarter has 210 seconds left.
|
|t:|1729739651
|switch|p1a: Cloyster|Cloyster, M|100/100
|-damage|p1a: Cloyster|88/100|[from] Spikes
|move|p2a: Moltres|Toxic|p1a: Cloyster
|-status|p1a: Cloyster|tox
|
|-weather|Sandstorm|[upkeep]
|-damage|p2a: Moltres|94/100|[from] Sandstorm
|-damage|p1a: Cloyster|82/100 tox|[from] Sandstorm
|-heal|p2a: Moltres|100/100|[from] item: Leftovers
|-heal|p1a: Cloyster|88/100 tox|[from] item: Leftovers
|-damage|p1a: Cloyster|82/100 tox|[from] psn
|upkeep
|turn|17
|inactive|TyCarter has 210 seconds left.
|
|t:|1729739677
|move|p2a: Moltres|Flamethrower|p1a: Cloyster
|-damage|p1a: Cloyster|0 fnt
|faint|p1a: Cloyster
|
|t:|1729739681
|switch|p1a: Salamence|Salamence, M|100/100
|-ability|p1a: Salamence|Intimidate|boost
|-unboost|p2a: Moltres|atk|1
|
|-weather|Sandstorm|[upkeep]
|-damage|p2a: Moltres|94/100|[from] Sandstorm
|-damage|p1a: Salamence|94/100|[from] Sandstorm
|-heal|p2a: Moltres|100/100|[from] item: Leftovers
|-heal|p1a: Salamence|100/100|[from] item: Leftovers
|upkeep
|turn|18
|
|t:|1729739693
|move|p2a: Moltres|Will-O-Wisp|p1a: Salamence
|-status|p1a: Salamence|brn
|move|p1a: Salamence|Rock Slide|p2a: Moltres
|-supereffective|p2a: Moltres
|-damage|p2a: Moltres|51/100
|
|-weather|Sandstorm|[upkeep]
|-damage|p2a: Moltres|44/100|[from] Sandstorm
|-damage|p1a: Salamence|94/100 brn|[from] Sandstorm
|-heal|p2a: Moltres|51/100|[from] item: Leftovers
|-heal|p1a: Salamence|100/100 brn|[from] item: Leftovers
|-damage|p1a: Salamence|88/100 brn|[from] brn
|upkeep
|turn|19
|
|t:|1729739714
|switch|p2a: Swampert|Swampert, M|100/100
|-damage|p2a: Swampert|88/100|[from] Spikes
|move|p1a: Salamence|Dragon Claw|p2a: Swampert
|-damage|p2a: Swampert|51/100
|
|-weather|Sandstorm|[upkeep]
|-damage|p1a: Salamence|82/100 brn|[from] Sandstorm
|-heal|p1a: Salamence|88/100 brn|[from] item: Leftovers
|-damage|p1a: Salamence|76/100 brn|[from] brn
|-heal|p2a: Swampert|57/100|[from] item: Leftovers
|upkeep
|turn|20
|inactive|leng loi has 180 seconds left.
|inactive|TyCarter has 180 seconds left.
|
|t:|1729739761
|move|p1a: Salamence|Dragon Claw|p2a: Swampert
|-damage|p2a: Swampert|22/100
|move|p2a: Swampert|Earthquake|p1a: Salamence
|-immune|p1a: Salamence
|
|-weather|Sandstorm|[upkeep]
|-damage|p1a: Salamence|70/100 brn|[from] Sandstorm
|-heal|p1a: Salamence|76/100 brn|[from] item: Leftovers
|-damage|p1a: Salamence|63/100 brn|[from] brn
|-heal|p2a: Swampert|28/100|[from] item: Leftovers
|upkeep
|turn|21
|
|t:|1729739772
|switch|p1a: Tyranitar|Tyranitar, M|94/100
|-damage|p1a: Tyranitar|82/100|[from] Spikes
|move|p2a: Swampert|Protect||[still]
|-fail|p2a: Swampert
|
|-weather|Sandstorm|[upkeep]
|-heal|p1a: Tyranitar|88/100|[from] item: Leftovers
|-heal|p2a: Swampert|34/100|[from] item: Leftovers
|upkeep
|turn|22
|
|t:|1729739783
|switch|p1a: Metagross|Metagross|94/100
|-damage|p1a: Metagross|82/100|[from] Spikes
|switch|p2a: Gengar|Gengar, M|100/100
|
|-weather|Sandstorm|[upkeep]
|-damage|p2a: Gengar|95/100|[from] Sandstorm
|-heal|p2a: Gengar|100/100|[from] item: Leftovers
|-heal|p1a: Metagross|88/100|[from] item: Leftovers
|upkeep
|turn|23
|inactive|TyCarter has 180 seconds left.
|
|t:|1729739790
|switch|p2a: Moltres|Moltres|51/100
|move|p1a: Metagross|Meteor Mash|p2a: Moltres
|-resisted|p2a: Moltres
|-damage|p2a: Moltres|20/100
|
|-weather|Sandstorm|[upkeep]
|-damage|p2a: Moltres|13/100|[from] Sandstorm
|-heal|p2a: Moltres|20/100|[from] item: Leftovers
|-heal|p1a: Metagross|94/100|[from] item: Leftovers
|upkeep
|turn|24
|
|t:|1729739810
|switch|p1a: Salamence|Salamence, M|63/100 brn
|-ability|p1a: Salamence|Intimidate|boost
|-unboost|p2a: Moltres|atk|1
|move|p2a: Moltres|Flamethrower|p1a: Salamence
|-resisted|p1a: Salamence
|-damage|p1a: Salamence|29/100 brn
|
|-weather|Sandstorm|[upkeep]
|-damage|p2a: Moltres|13/100|[from] Sandstorm
|-damage|p1a: Salamence|23/100 brn|[from] Sandstorm
|-heal|p2a: Moltres|20/100|[from] item: Leftovers
|-heal|p1a: Salamence|29/100 brn|[from] item: Leftovers
|-damage|p1a: Salamence|17/100 brn|[from] brn
|upkeep
|turn|25
|
|t:|1729739816
|move|p2a: Moltres|Flamethrower|p1a: Salamence
|-resisted|p1a: Salamence
|-damage|p1a: Salamence|0 fnt
|faint|p1a: Salamence
|
|t:|1729739817
|switch|p1a: Aerodactyl|Aerodactyl, F|100/100
|
|-weather|Sandstorm|[upkeep]
|-damage|p2a: Moltres|13/100|[from] Sandstorm
|-heal|p2a: Moltres|20/100|[from] item: Leftovers
|upkeep
|turn|26
|inactive|leng loi has 180 seconds left.
|inactive|TyCarter has 210 seconds left.
|
|t:|1729739826
|switch|p2a: Skarmory|Skarmory, M|50/100
|move|p1a: Aerodactyl|Rock Slide|p2a: Skarmory|[miss]
|-miss|p1a: Aerodactyl|p2a: Skarmory
|
|-weather|Sandstorm|[upkeep]
|-heal|p2a: Skarmory|56/100|[from] item: Leftovers
|upkeep
|turn|27
|
|t:|1729739841
|move|p1a: Aerodactyl|Rock Slide|p2a: Skarmory
|-damage|p2a: Skarmory|18/100
|cant|p2a: Skarmory|flinch
|
|-weather|Sandstorm|[upkeep]
|-heal|p2a: Skarmory|24/100|[from] item: Leftovers
|upkeep
|turn|28
|
|t:|1729739847
|move|p1a: Aerodactyl|Rock Slide|p2a: Skarmory
|-damage|p2a: Skarmory|0 fnt
|faint|p2a: Skarmory
|
|t:|1729739849
|switch|p2a: Tyranitar|Tyranitar, M|100/100
|-damage|p2a: Tyranitar|88/100|[from] Spikes
|
|-weather|Sandstorm|[upkeep]
|-heal|p2a: Tyranitar|94/100|[from] item: Leftovers
|upkeep
|turn|29
|inactive|TyCarter has 210 seconds left.
|inactive|leng loi has 180 seconds left.
|inactive|leng loi has 150 seconds left.
|inactive|TyCarter has 180 seconds left.
|
|t:|1729739936
|move|p1a: Aerodactyl|Rock Slide|p2a: Tyranitar
|-damage|p2a: Tyranitar|56/100
|move|p2a: Tyranitar|Earthquake|p1a: Aerodactyl
|-immune|p1a: Aerodactyl
|
|-weather|Sandstorm|[upkeep]
|-heal|p2a: Tyranitar|62/100|[from] item: Leftovers
|upkeep
|turn|30
|inactive|leng loi has 150 seconds left.
|
|t:|1729739949
|move|p1a: Aerodactyl|Rock Slide|p2a: Tyranitar
|-damage|p2a: Tyranitar|23/100
|move|p2a: Tyranitar|Rock Slide|p1a: Aerodactyl
|-supereffective|p1a: Aerodactyl
|-crit|p1a: Aerodactyl
|-damage|p1a: Aerodactyl|0 fnt
|faint|p1a: Aerodactyl
|inactive|leng loi has 150 seconds left.
|
|t:|1729739959
|switch|p1a: Metagross|Metagross|94/100
|-damage|p1a: Metagross|82/100|[from] Spikes
|
|-weather|Sandstorm|[upkeep]
|-heal|p1a: Metagross|88/100|[from] item: Leftovers
|-heal|p2a: Tyranitar|29/100|[from] item: Leftovers
|upkeep
|turn|31
|inactive|TyCarter has 180 seconds left.
|
|t:|1729739976
|switch|p2a: Blissey|Blissey, F|56/100
|-damage|p2a: Blissey|44/100|[from] Spikes
|move|p1a: Metagross|Agility|p1a: Metagross
|-boost|p1a: Metagross|spe|2
|
|-weather|Sandstorm|[upkeep]
|-damage|p2a: Blissey|38/100|[from] Sandstorm
|-heal|p1a: Metagross|94/100|[from] item: Leftovers
|-heal|p2a: Blissey|44/100|[from] item: Leftovers
|upkeep
|turn|32
|
|t:|1729739985
|move|p1a: Metagross|Meteor Mash|p2a: Blissey
|-damage|p2a: Blissey|0 fnt
|faint|p2a: Blissey
|
|t:|1729739987
|switch|p2a: Swampert|Swampert, M|34/100
|-damage|p2a: Swampert|22/100|[from] Spikes
|
|-weather|Sandstorm|[upkeep]
|-heal|p1a: Metagross|99/100|[from] item: Leftovers
|-heal|p2a: Swampert|28/100|[from] item: Leftovers
|upkeep
|turn|33
|
|t:|1729739994
|move|p2a: Swampert|Protect|p2a: Swampert
|-singleturn|p2a: Swampert|Protect
|move|p1a: Metagross|Earthquake|p2a: Swampert
|-activate|p2a: Swampert|Protect
|
|-weather|Sandstorm|[upkeep]
|-heal|p1a: Metagross|100/100|[from] item: Leftovers
|-heal|p2a: Swampert|34/100|[from] item: Leftovers
|upkeep
|turn|34
|inactive|leng loi has 180 seconds left.
|
|t:|1729740024
|move|p1a: Metagross|Earthquake|p2a: Swampert
|-damage|p2a: Swampert|11/100
|move|p2a: Swampert|Earthquake|p1a: Metagross
|-supereffective|p1a: Metagross
|-damage|p1a: Metagross|39/100
|
|-weather|Sandstorm|[upkeep]
|-heal|p1a: Metagross|45/100|[from] item: Leftovers
|-heal|p2a: Swampert|17/100|[from] item: Leftovers
|upkeep
|turn|35
|
|t:|1729740032
|move|p2a: Swampert|Protect|p2a: Swampert
|-singleturn|p2a: Swampert|Protect
|move|p1a: Metagross|Earthquake|p2a: Swampert
|-activate|p2a: Swampert|Protect
|
|-weather|Sandstorm|[upkeep]
|-heal|p1a: Metagross|51/100|[from] item: Leftovers
|-heal|p2a: Swampert|23/100|[from] item: Leftovers
|upkeep
|turn|36
|
|t:|1729740055
|move|p1a: Metagross|Earthquake|p2a: Swampert
|-damage|p2a: Swampert|0 fnt
|faint|p2a: Swampert
|
|t:|1729740059
|switch|p2a: Gengar|Gengar, M|100/100
|
|-weather|Sandstorm|[upkeep]
|-damage|p2a: Gengar|95/100|[from] Sandstorm
|-heal|p1a: Metagross|57/100|[from] item: Leftovers
|-heal|p2a: Gengar|100/100|[from] item: Leftovers
|upkeep
|turn|37
|
|t:|1729740074
|move|p1a: Metagross|Meteor Mash|p2a: Gengar|[miss]
|-miss|p1a: Metagross|p2a: Gengar
|move|p2a: Gengar|Thunderbolt|p1a: Metagross
|-crit|p1a: Metagross
|-damage|p1a: Metagross|0 fnt
|faint|p1a: Metagross
|c|☆TyCarter|sry
|
|t:|1729740085
|switch|p1a: Tyranitar|Tyranitar, M|88/100
|-damage|p1a: Tyranitar|75/100|[from] Spikes
|
|-weather|Sandstorm|[upkeep]
|-damage|p2a: Gengar|95/100|[from] Sandstorm
|-heal|p2a: Gengar|100/100|[from] item: Leftovers
|-heal|p1a: Tyranitar|82/100|[from] item: Leftovers
|upkeep
|turn|38
|
|t:|1729740093
|move|p2a: Gengar|Giga Drain|p1a: Tyranitar
|-supereffective|p1a: Tyranitar
|-damage|p1a: Tyranitar|52/100
|move|p1a: Tyranitar|Ice Beam|p2a: Gengar
|-damage|p2a: Gengar|71/100
|
|-weather|Sandstorm|[upkeep]
|-damage|p2a: Gengar|66/100|[from] Sandstorm
|-heal|p2a: Gengar|71/100|[from] item: Leftovers
|-heal|p1a: Tyranitar|58/100|[from] item: Leftovers
|upkeep
|turn|39
|
|t:|1729740099
|move|p2a: Gengar|Giga Drain|p1a: Tyranitar
|-supereffective|p1a: Tyranitar
|-damage|p1a: Tyranitar|27/100
|-heal|p2a: Gengar|93/100|[from] drain|[of] p1a: Tyranitar
|move|p1a: Tyranitar|Ice Beam|p2a: Gengar
|-damage|p2a: Gengar|63/100
|
|-weather|Sandstorm|[upkeep]
|-damage|p2a: Gengar|57/100|[from] Sandstorm
|-heal|p2a: Gengar|63/100|[from] item: Leftovers
|-heal|p1a: Tyranitar|33/100|[from] item: Leftovers
|upkeep
|turn|40
|
|t:|1729740104
|move|p2a: Gengar|Giga Drain|p1a: Tyranitar
|-supereffective|p1a: Tyranitar
|-damage|p1a: Tyranitar|4/100
|-heal|p2a: Gengar|82/100|[from] drain|[of] p1a: Tyranitar
|move|p1a: Tyranitar|Ice Beam|p2a: Gengar
|-damage|p2a: Gengar|49/100
|
|-weather|Sandstorm|[upkeep]
|-damage|p2a: Gengar|43/100|[from] Sandstorm
|-heal|p2a: Gengar|49/100|[from] item: Leftovers
|-heal|p1a: Tyranitar|10/100|[from] item: Leftovers
|upkeep
|turn|41
|
|t:|1729740108
|move|p2a: Gengar|Ice Punch|p1a: Tyranitar
|-damage|p1a: Tyranitar|0 fnt
|faint|p1a: Tyranitar
|
|t:|1729740110
|switch|p1a: Blissey|Blissey, F|69/100
|-damage|p1a: Blissey|57/100|[from] Spikes
|
|-weather|Sandstorm|[upkeep]
|-damage|p2a: Gengar|43/100|[from] Sandstorm
|-damage|p1a: Blissey|51/100|[from] Sandstorm
|-heal|p2a: Gengar|49/100|[from] item: Leftovers
|-heal|p1a: Blissey|57/100|[from] item: Leftovers
|upkeep
|turn|42
|
|t:|1729740112
|move|p2a: Gengar|Giga Drain|p1a: Blissey
|-damage|p1a: Blissey|49/100
|-heal|p2a: Gengar|57/100|[from] drain|[of] p1a: Blissey
|move|p1a: Blissey|Soft-Boiled|p1a: Blissey
|-heal|p1a: Blissey|99/100
|
|-weather|Sandstorm|[upkeep]
|-damage|p2a: Gengar|51/100|[from] Sandstorm
|-damage|p1a: Blissey|93/100|[from] Sandstorm
|-heal|p2a: Gengar|57/100|[from] item: Leftovers
|-heal|p1a: Blissey|99/100|[from] item: Leftovers
|upkeep
|turn|43
|inactive|leng loi has 240 seconds left.
|
|t:|1729740117
|move|p2a: Gengar|Ice Punch|p1a: Blissey
|-damage|p1a: Blissey|90/100
|move|p1a: Blissey|Fire Blast|p2a: Gengar
|-damage|p2a: Gengar|19/100
|-status|p2a: Gengar|brn
|
|-weather|Sandstorm|[upkeep]
|-damage|p2a: Gengar|13/100 brn|[from] Sandstorm
|-damage|p1a: Blissey|84/100|[from] Sandstorm
|-heal|p2a: Gengar|19/100 brn|[from] item: Leftovers
|-damage|p2a: Gengar|7/100 brn|[from] brn
|-heal|p1a: Blissey|90/100|[from] item: Leftovers
|upkeep
|turn|44
|
|t:|1729740121
|move|p2a: Gengar|Ice Punch|p1a: Blissey
|-damage|p1a: Blissey|82/100
|-status|p1a: Blissey|frz
|-curestatus|p1a: Blissey|frz|[msg]
|move|p1a: Blissey|Soft-Boiled|p1a: Blissey
|-heal|p1a: Blissey|100/100
|
|-weather|Sandstorm|[upkeep]
|-damage|p2a: Gengar|1/100 brn|[from] Sandstorm
|-damage|p1a: Blissey|94/100|[from] Sandstorm
|-heal|p2a: Gengar|7/100 brn|[from] item: Leftovers
|-damage|p2a: Gengar|0 fnt|[from] brn
|faint|p2a: Gengar
|-heal|p1a: Blissey|100/100|[from] item: Leftovers
|upkeep
|
|t:|1729740127
|switch|p2a: Moltres|Moltres|20/100
|turn|45
|
|t:|1729740131
|move|p2a: Moltres|Toxic|p1a: Blissey|[miss]
|-miss|p2a: Moltres|p1a: Blissey
|move|p1a: Blissey|Ice Beam|p2a: Moltres
|-damage|p2a: Moltres|0 fnt
|faint|p2a: Moltres
|
|t:|1729740133
|switch|p2a: Tyranitar|Tyranitar, M|29/100
|-damage|p2a: Tyranitar|17/100|[from] Spikes
|
|-weather|Sandstorm|[upkeep]
|-damage|p1a: Blissey|94/100|[from] Sandstorm
|-heal|p2a: Tyranitar|23/100|[from] item: Leftovers
|-heal|p1a: Blissey|100/100|[from] item: Leftovers
|upkeep
|turn|46
|inactive|leng loi has 270 seconds left.
|
|t:|1729740156
|move|p2a: Tyranitar|Rock Slide|p1a: Blissey
|-damage|p1a: Blissey|56/100
|move|p1a: Blissey|Ice Beam|p2a: Tyranitar
|-damage|p2a: Tyranitar|1/100
|
|-weather|Sandstorm|[upkeep]
|-damage|p1a: Blissey|50/100|[from] Sandstorm
|-heal|p2a: Tyranitar|8/100|[from] item: Leftovers
|-heal|p1a: Blissey|56/100|[from] item: Leftovers
|upkeep
|turn|47
|
|t:|1729740161
|move|p2a: Tyranitar|Rock Slide|p1a: Blissey|[miss]
|-miss|p2a: Tyranitar|p1a: Blissey
|move|p1a: Blissey|Ice Beam|p2a: Tyranitar
|-damage|p2a: Tyranitar|0 fnt
|faint|p2a: Tyranitar
|
|win|leng loi
|c|☆TyCarter|gg
|c|☆leng loi|gg
|player|p1|

</script>
<script type="application/json" class="data" id="replaydata-smogtours-gen3ou-801513">
{"id":"smogtours-gen3ou-801513","format":"[Gen 3] OU","players":["leng loi","TyCarter"],"uploadtime":1729740161,"views":80,"formatid":"gen3ou","rating":null,"private":1,"password":null}
</script>

<script defer src="js/replays.js?9d40a366"></script>
