<!DOCTYPE html>
<meta charset="utf-8" />
<meta name="viewport" content="width=device-width" />

<title>[Gen 3] OU: Dr4gonl0rd vs. Calm Stiege - Replays - Pok&eacute;mon Showdown!</title>

<meta name="description" content="Watch a replay of a Pok&eacute;mon battle between Dr4gonl0rd and Calm Stiege! Format: [Gen 3] OU; Date: Oct 22, 2024" />
<!--

Hey, you! Looking in the source for the replay log?

You can find them in JSON format, just add `.json` at the end of a replay URL.

https://replay.pokemonshowdown.com/gen7randomdoublesbattle-865046831.json

Or, if you only need the log itself, add `.log` instead:

https://replay.pokemonshowdown.com/gen7randomdoublesbattle-865046831.log

-->

<link rel="stylesheet" href="//pokemonshowdown.com/style/global.css?0.767286132409787" />
<link rel="stylesheet" href="//play.pokemonshowdown.com/style/font-awesome.css?0.9266228007934947" />
<link rel="stylesheet" href="//play.pokemonshowdown.com/style/battle.css?0.7924700842790926" />
<link rel="stylesheet" href="//play.pokemonshowdown.com/style/utilichart.css?0.8777417872839479" />

<!-- Global site tag (gtag.js) - Google Analytics -->
<script async src="https://www.googletagmanager.com/gtag/js?id=UA-26211653-1"></script>
<script>
  window.dataLayer = window.dataLayer || [];
  function gtag(){dataLayer.push(arguments);}
  gtag('js', new Date());

  gtag('config', 'UA-26211653-1');
</script>
<!-- End Google Analytics -->
<!-- Venatus Ad Manager - Install in <HEAD> of page -->
	<script src="https://hb.vntsm.com/v3/live/ad-manager.min.js" type="text/javascript" data-site-id="642aba63ec9a7b11c3c9c1be" data-mode="scan" async></script>
<!-- / Venatus Ad Manager -->

<style>
	@media (max-width:820px) {
		.battle {
			margin: 0 auto;
		}
		.battle-log {
			margin: 7px auto 0;
			max-width: 640px;
			height: 300px;
			position: static;
		}
	}
	.optgroup {
		display: inline-block;
		line-height: 22px;
		font-size: 10pt;
	}
	.optgroup .button {
		height: 25px;
		padding-top: 0;
		padding-bottom: 0;
	}
	.optgroup button.button {
		padding-left: 12px;
		padding-right: 12px;
	}
	.linklist {
		list-style: none;
		margin: 0.5em 0;
		padding: 0;
	}
	.linklist li {
		padding: 2px 0;
	}
	.sidebar {
		float: left;
		width: 320px;
	}
	.bar-wrapper {
		max-width: 1100px;
		margin: 0 auto;
	}
	.bar-wrapper.has-sidebar {
		max-width: 1430px;
	}
	.mainbar {
		margin: 0;
		padding-right: 1px;
	}
	.mainbar.has-sidebar {
		margin-left: 330px;
	}
	@media (min-width: 1511px) {
		.sidebar {
			width: 400px;
		}
		.bar-wrapper.has-sidebar {
			max-width: 1510px;
		}
		.mainbar.has-sidebar {
			margin-left: 410px;
		}
	}
	.section.first-section {
		margin-top: 9px;
	}
	.blocklink small {
		white-space: normal;
	}
	.button {
		vertical-align: middle;
	}
	.replay-controls {
		padding-top: 10px;
	}
	.replay-controls h1 {
		font-size: 16pt;
		font-weight: normal;
		color: #CCC;
	}
	.pagelink {
		text-align: center;
	}
	.pagelink a {
		width: 150px;
	}
	.textbox, .button {
		font-size: 11pt;
		vertical-align: middle;
	}
	@media (max-width: 450px) {
		.button {
			font-size: 9pt;
		}
	}
</style>

<div>

	<header>
		<div class="nav-wrapper"><ul class="nav">
			<li><a class="button nav-first" href="//pokemonshowdown.com/"><img src="//pokemonshowdown.com/images/pokemonshowdownbeta.png" srcset="//pokemonshowdown.com/images/pokemonshowdownbeta.png 1x, //pokemonshowdown.com/images/pokemonshowdownbeta@2x.png 2x" alt="Pok&eacute;mon Showdown" width="146" height="44" /> Home</a></li>
			<li><a class="button" href="//pokemonshowdown.com/dex/">Pok&eacute;dex</a></li>
			<li><a class="button cur" href="/">Replays</a></li>
			<li><a class="button" href="//pokemonshowdown.com/ladder/">Ladder</a></li>
			<li><a class="button nav-last" href="//pokemonshowdown.com/forums/">Forum</a></li>
			<li><a class="button greenbutton nav-first nav-last" href="//play.pokemonshowdown.com/">Play</a></li>
		</ul></div>
	</header>

	<div class="main" id="main">

		<noscript><section class="section">You need to enable JavaScript to use this page; sorry!</section></noscript>

	</div>

</div>

<script defer nomodule src="//play.pokemonshowdown.com/js/lib/ps-polyfill.js"></script>
<script defer src="//play.pokemonshowdown.com/js/lib/preact.min.js"></script>

<script defer src="//play.pokemonshowdown.com/config/config.js?6dec07f6"></script>
<script defer src="//play.pokemonshowdown.com/js/lib/jquery-1.11.0.min.js"></script>
<script defer src="//play.pokemonshowdown.com/js/lib/html-sanitizer-minified.js"></script>
<script defer src="//play.pokemonshowdown.com/js/battle-sound.js"></script>
<script defer src="//play.pokemonshowdown.com/js/battledata.js?0.6315294753075389"></script>
<script defer src="//play.pokemonshowdown.com/data/pokedex-mini.js?0.7603743185311358"></script>
<script defer src="//play.pokemonshowdown.com/data/pokedex-mini-bw.js?0.030888842834281283"></script>
<script defer src="//play.pokemonshowdown.com/data/graphics.js?0.05593094747507488"></script>
<script defer src="//play.pokemonshowdown.com/data/pokedex.js?0.47064822249611904"></script>
<script defer src="//play.pokemonshowdown.com/data/moves.js?0.8583693120512459"></script>
<script defer src="//play.pokemonshowdown.com/data/abilities.js?0.16017181182386842"></script>
<script defer src="//play.pokemonshowdown.com/data/items.js?0.4163379185673943"></script>
<script defer src="//play.pokemonshowdown.com/data/teambuilder-tables.js?0.31075597372830477"></script>
<script defer src="//play.pokemonshowdown.com/js/battle-tooltips.js?0.6536193500708172"></script>
<script defer src="//play.pokemonshowdown.com/js/battle.js?0.1916591943277901"></script>

<script defer src="js/utils.js?e31f9a17"></script>
<script defer src="js/replays-battle.js?7008c182"></script>

<!-- don't scrape this data! just add .json or .log after the URL!
Full API docs: https://github.com/smogon/pokemon-showdown-client/blob/master/WEB-API.md -->
<script type="text/plain" class="log" id="replaylog-smogtours-gen3ou-801242">
|inactive|Battle timer is ON: inactive players will automatically lose when time's up.
|t:|1729625517
|gametype|singles
|player|p1|Dr4gonl0rd|102|
|player|p2|Calm Stiege|265|
|teamsize|p1|6
|teamsize|p2|6
|gen|3
|tier|[Gen 3] OU
|rule|Sleep Clause Mod: Limit one foe put to sleep
|rule|Switch Priority Clause Mod: Faster Pokémon switch first
|rule|Species Clause: Limit one of each Pokémon
|rule|OHKO Clause: OHKO moves are banned
|rule|Evasion Items Clause: Evasion items are banned
|rule|Evasion Moves Clause: Evasion moves are banned
|rule|Endless Battle Clause: Forcing endless battles is banned
|rule|HP Percentage Mod: HP is shown in percentages
|rule|One Boost Passer Clause: Limit one Baton Passer that has a way to boost its stats
|rule|Freeze Clause Mod: Limit one foe frozen
|
|t:|1729625517
|start
|switch|p1a: Skarmory|Skarmory, M|100/100
|switch|p2a: Tyranitar|Tyranitar, M|100/100
|-weather|Sandstorm|[from] ability: Sand Stream|[of] p2a: Tyranitar
|turn|1
|c|☆Dr4gonl0rd|good luck
|c|☆Calm Stiege|hfgl
|
|t:|1729625533
|switch|p2a: Skarmory|Skarmory, M|100/100
|move|p1a: Skarmory|Spikes|p2a: Skarmory
|-sidestart|p2: Calm Stiege|Spikes
|
|-weather|Sandstorm|[upkeep]
|upkeep
|turn|2
|
|t:|1729625544
|move|p2a: Skarmory|Spikes|p1a: Skarmory
|-sidestart|p1: Dr4gonl0rd|Spikes
|move|p1a: Skarmory|Spikes|p2a: Skarmory
|-sidestart|p2: Calm Stiege|Spikes
|
|-weather|Sandstorm|[upkeep]
|upkeep
|turn|3
|
|t:|1729625550
|move|p2a: Skarmory|Taunt|p1a: Skarmory
|-start|p1a: Skarmory|move: Taunt
|cant|p1a: Skarmory|move: Taunt|Spikes
|
|-weather|Sandstorm|[upkeep]
|upkeep
|turn|4
|
|t:|1729625554
|switch|p1a: Moltres|Moltres|100/100
|move|p2a: Skarmory|Spikes|p1a: Moltres
|-sidestart|p1: Dr4gonl0rd|Spikes
|
|-weather|Sandstorm|[upkeep]
|-damage|p1a: Moltres|94/100|[from] Sandstorm
|-heal|p1a: Moltres|100/100|[from] item: Leftovers
|upkeep
|turn|5
|
|t:|1729625560
|switch|p2a: Starmie|Starmie|100/100
|-damage|p2a: Starmie|84/100|[from] Spikes
|move|p1a: Moltres|Flamethrower|p2a: Starmie
|-resisted|p2a: Starmie
|-damage|p2a: Starmie|53/100
|
|-weather|Sandstorm|[upkeep]
|-damage|p2a: Starmie|47/100|[from] Sandstorm
|-damage|p1a: Moltres|94/100|[from] Sandstorm
|-heal|p2a: Starmie|53/100|[from] item: Leftovers
|-heal|p1a: Moltres|100/100|[from] item: Leftovers
|upkeep
|turn|6
|
|t:|1729625571
|switch|p1a: Misdreavus|Misdreavus, F|100/100
|move|p2a: Starmie|Hydro Pump|p1a: Misdreavus
|-damage|p1a: Misdreavus|51/100
|
|-weather|Sandstorm|[upkeep]
|-damage|p2a: Starmie|47/100|[from] Sandstorm
|-damage|p1a: Misdreavus|45/100|[from] Sandstorm
|-heal|p2a: Starmie|53/100|[from] item: Leftovers
|-heal|p1a: Misdreavus|51/100|[from] item: Leftovers
|upkeep
|turn|7
|
|t:|1729625578
|move|p2a: Starmie|Hydro Pump|p1a: Misdreavus
|-damage|p1a: Misdreavus|0 fnt
|faint|p1a: Misdreavus
|
|t:|1729625590
|switch|p1a: Blissey|Blissey, F|100/100
|-damage|p1a: Blissey|84/100|[from] Spikes
|
|-weather|Sandstorm|[upkeep]
|-damage|p2a: Starmie|47/100|[from] Sandstorm
|-damage|p1a: Blissey|78/100|[from] Sandstorm
|-heal|p2a: Starmie|53/100|[from] item: Leftovers
|-heal|p1a: Blissey|84/100|[from] item: Leftovers
|upkeep
|turn|8
|
|t:|1729625598
|move|p2a: Starmie|Rapid Spin|p1a: Blissey
|-damage|p1a: Blissey|80/100
|-sideend|p2: Calm Stiege|Spikes|[from] move: Rapid Spin|[of] p2a: Starmie
|move|p1a: Blissey|Seismic Toss|p2a: Starmie
|-damage|p2a: Starmie|20/100
|
|-weather|Sandstorm|[upkeep]
|-damage|p2a: Starmie|14/100|[from] Sandstorm
|-damage|p1a: Blissey|74/100|[from] Sandstorm
|-heal|p2a: Starmie|20/100|[from] item: Leftovers
|-heal|p1a: Blissey|80/100|[from] item: Leftovers
|upkeep
|turn|9
|
|t:|1729625603
|switch|p2a: Skarmory|Skarmory, M|100/100
|move|p1a: Blissey|Seismic Toss|p2a: Skarmory
|-damage|p2a: Skarmory|71/100
|
|-weather|Sandstorm|[upkeep]
|-damage|p1a: Blissey|74/100|[from] Sandstorm
|-heal|p2a: Skarmory|77/100|[from] item: Leftovers
|-heal|p1a: Blissey|80/100|[from] item: Leftovers
|upkeep
|turn|10
|
|t:|1729625624
|move|p2a: Skarmory|Toxic|p1a: Blissey
|-status|p1a: Blissey|tox
|move|p1a: Blissey|Ice Beam|p2a: Skarmory
|-damage|p2a: Skarmory|55/100
|-status|p2a: Skarmory|frz
|
|-weather|Sandstorm|[upkeep]
|-damage|p1a: Blissey|74/100 tox|[from] Sandstorm
|-heal|p2a: Skarmory|61/100 frz|[from] item: Leftovers
|-heal|p1a: Blissey|80/100 tox|[from] item: Leftovers
|-damage|p1a: Blissey|74/100 tox|[from] psn
|upkeep
|turn|11
|
|t:|1729625632
|switch|p2a: Jirachi|Jirachi|100/100
|-curestatus|p1a: Blissey|tox|[from] ability: Natural Cure
|switch|p1a: Moltres|Moltres|100/100
|
|-weather|Sandstorm|[upkeep]
|-damage|p1a: Moltres|94/100|[from] Sandstorm
|-heal|p1a: Moltres|100/100|[from] item: Leftovers
|upkeep
|turn|12
|
|t:|1729625635
|move|p1a: Moltres|Flamethrower|p2a: Jirachi
|-supereffective|p2a: Jirachi
|-damage|p2a: Jirachi|37/100
|move|p2a: Jirachi|Body Slam|p1a: Moltres
|-damage|p1a: Moltres|79/100
|
|-weather|Sandstorm|[upkeep]
|-damage|p1a: Moltres|73/100|[from] Sandstorm
|-heal|p1a: Moltres|79/100|[from] item: Leftovers
|-heal|p2a: Jirachi|44/100|[from] item: Leftovers
|upkeep
|turn|13
|
|t:|1729625645
|move|p2a: Jirachi|Protect|p2a: Jirachi
|-singleturn|p2a: Jirachi|Protect
|move|p1a: Moltres|Flamethrower|p2a: Jirachi
|-activate|p2a: Jirachi|Protect
|
|-weather|Sandstorm|[upkeep]
|-damage|p1a: Moltres|73/100|[from] Sandstorm
|-heal|p1a: Moltres|79/100|[from] item: Leftovers
|-heal|p2a: Jirachi|50/100|[from] item: Leftovers
|upkeep
|turn|14
|
|t:|1729625649
|switch|p2a: Tyranitar|Tyranitar, M|100/100
|move|p1a: Moltres|Flamethrower|p2a: Tyranitar
|-resisted|p2a: Tyranitar
|-damage|p2a: Tyranitar|75/100
|
|-weather|Sandstorm|[upkeep]
|-damage|p1a: Moltres|73/100|[from] Sandstorm
|-heal|p1a: Moltres|79/100|[from] item: Leftovers
|upkeep
|turn|15
|
|t:|1729625657
|switch|p1a: Skarmory|Skarmory, M|100/100
|move|p2a: Tyranitar|Rock Slide|p1a: Skarmory|[miss]
|-miss|p2a: Tyranitar|p1a: Skarmory
|
|-weather|Sandstorm|[upkeep]
|upkeep
|turn|16
|
|t:|1729625664
|switch|p2a: Starmie|Starmie|20/100
|move|p1a: Skarmory|Spikes|p2a: Starmie
|-sidestart|p2: Calm Stiege|Spikes
|
|-weather|Sandstorm|[upkeep]
|-damage|p2a: Starmie|14/100|[from] Sandstorm
|-heal|p2a: Starmie|20/100|[from] item: Leftovers
|upkeep
|turn|17
|
|t:|1729625667
|move|p2a: Starmie|Thunderbolt|p1a: Skarmory
|-supereffective|p1a: Skarmory
|-damage|p1a: Skarmory|41/100
|-status|p1a: Skarmory|par
|move|p1a: Skarmory|Drill Peck|p2a: Starmie
|-damage|p2a: Starmie|0 fnt
|faint|p2a: Starmie
|
|t:|1729625672
|switch|p2a: Jirachi|Jirachi|50/100
|-damage|p2a: Jirachi|37/100|[from] Spikes
|
|-weather|Sandstorm|[upkeep]
|-heal|p2a: Jirachi|44/100|[from] item: Leftovers
|-heal|p1a: Skarmory|47/100 par|[from] item: Leftovers
|upkeep
|turn|18
|
|t:|1729625680
|switch|p1a: Blissey|Blissey, F|74/100
|-damage|p1a: Blissey|58/100|[from] Spikes
|move|p2a: Jirachi|Wish|p2a: Jirachi
|
|-weather|Sandstorm|[upkeep]
|-damage|p1a: Blissey|51/100|[from] Sandstorm
|-heal|p2a: Jirachi|50/100|[from] item: Leftovers
|-heal|p1a: Blissey|58/100|[from] item: Leftovers
|upkeep
|turn|19
|
|t:|1729625689
|move|p2a: Jirachi|Body Slam|p1a: Blissey
|-damage|p1a: Blissey|40/100
|move|p1a: Blissey|Soft-Boiled|p1a: Blissey
|-heal|p1a: Blissey|90/100
|
|-heal|p2a: Jirachi|99/100|[from] move: Wish|[wisher] Jirachi
|-weather|Sandstorm|[upkeep]
|-damage|p1a: Blissey|83/100|[from] Sandstorm
|-heal|p2a: Jirachi|100/100|[from] item: Leftovers
|-heal|p1a: Blissey|90/100|[from] item: Leftovers
|upkeep
|turn|20
|
|t:|1729625712
|switch|p2a: Miltank|Miltank, F|100/100
|-damage|p2a: Miltank|88/100|[from] Spikes
|switch|p1a: Moltres|Moltres|79/100
|
|-weather|Sandstorm|[upkeep]
|-damage|p1a: Moltres|73/100|[from] Sandstorm
|-damage|p2a: Miltank|82/100|[from] Sandstorm
|-heal|p1a: Moltres|79/100|[from] item: Leftovers
|-heal|p2a: Miltank|88/100|[from] item: Leftovers
|upkeep
|turn|21
|
|t:|1729625717
|move|p1a: Moltres|Flamethrower|p2a: Miltank
|-damage|p2a: Miltank|62/100
|move|p2a: Miltank|Thunder Wave|p1a: Moltres
|-status|p1a: Moltres|par
|
|-weather|Sandstorm|[upkeep]
|-damage|p2a: Miltank|56/100|[from] Sandstorm
|-damage|p1a: Moltres|73/100 par|[from] Sandstorm
|-heal|p2a: Miltank|62/100|[from] item: Leftovers
|-heal|p1a: Moltres|79/100 par|[from] item: Leftovers
|upkeep
|turn|22
|
|t:|1729625722
|move|p2a: Miltank|Heal Bell|p2a: Miltank
|-activate|p2a: Miltank|move: Heal Bell
|-curestatus|p2: Skarmory|frz|[silent]
|cant|p1a: Moltres|par
|
|-weather|Sandstorm|[upkeep]
|-damage|p2a: Miltank|56/100|[from] Sandstorm
|-damage|p1a: Moltres|73/100 par|[from] Sandstorm
|-heal|p2a: Miltank|62/100|[from] item: Leftovers
|-heal|p1a: Moltres|79/100 par|[from] item: Leftovers
|upkeep
|turn|23
|
|t:|1729625729
|move|p2a: Miltank|Milk Drink|p2a: Miltank
|-heal|p2a: Miltank|100/100
|cant|p1a: Moltres|par
|
|-weather|Sandstorm|[upkeep]
|-damage|p2a: Miltank|94/100|[from] Sandstorm
|-damage|p1a: Moltres|73/100 par|[from] Sandstorm
|-heal|p2a: Miltank|100/100|[from] item: Leftovers
|-heal|p1a: Moltres|79/100 par|[from] item: Leftovers
|upkeep
|turn|24
|
|t:|1729625735
|switch|p1a: Skarmory|Skarmory, M|47/100 par
|move|p2a: Miltank|Seismic Toss|p1a: Skarmory
|-damage|p1a: Skarmory|17/100 par
|
|-weather|Sandstorm|[upkeep]
|-damage|p2a: Miltank|94/100|[from] Sandstorm
|-heal|p2a: Miltank|100/100|[from] item: Leftovers
|-heal|p1a: Skarmory|23/100 par|[from] item: Leftovers
|upkeep
|turn|25
|
|t:|1729625743
|move|p2a: Miltank|Seismic Toss|p1a: Skarmory
|-damage|p1a: Skarmory|0 fnt
|faint|p1a: Skarmory
|
|t:|1729625751
|switch|p1a: Blissey|Blissey, F|90/100
|-damage|p1a: Blissey|73/100|[from] Spikes
|
|-weather|Sandstorm|[upkeep]
|-damage|p2a: Miltank|94/100|[from] Sandstorm
|-damage|p1a: Blissey|67/100|[from] Sandstorm
|-heal|p2a: Miltank|100/100|[from] item: Leftovers
|-heal|p1a: Blissey|73/100|[from] item: Leftovers
|upkeep
|turn|26
|
|t:|1729625753
|move|p2a: Miltank|Thunder Wave|p1a: Blissey
|-status|p1a: Blissey|par
|move|p1a: Blissey|Aromatherapy|p1a: Blissey
|-cureteam|p1a: Blissey|[from] move: Aromatherapy
|
|-weather|Sandstorm|[upkeep]
|-damage|p2a: Miltank|94/100|[from] Sandstorm
|-damage|p1a: Blissey|67/100|[from] Sandstorm
|-heal|p2a: Miltank|100/100|[from] item: Leftovers
|-heal|p1a: Blissey|73/100|[from] item: Leftovers
|upkeep
|turn|27
|
|t:|1729625760
|move|p2a: Miltank|Thunder Wave|p1a: Blissey
|-status|p1a: Blissey|par
|move|p1a: Blissey|Seismic Toss|p2a: Miltank
|-damage|p2a: Miltank|75/100
|
|-weather|Sandstorm|[upkeep]
|-damage|p2a: Miltank|69/100|[from] Sandstorm
|-damage|p1a: Blissey|67/100 par|[from] Sandstorm
|-heal|p2a: Miltank|75/100|[from] item: Leftovers
|-heal|p1a: Blissey|73/100 par|[from] item: Leftovers
|upkeep
|turn|28
|c|+zacpz|revival gaming?
|c|☆Calm Stiege|yh
|
|t:|1729625772
|switch|p2a: Misdreavus|Misdreavus, M|100/100
|move|p1a: Blissey|Seismic Toss|p2a: Misdreavus
|-immune|p2a: Misdreavus
|
|-weather|Sandstorm|[upkeep]
|-damage|p2a: Misdreavus|94/100|[from] Sandstorm
|-damage|p1a: Blissey|67/100 par|[from] Sandstorm
|-heal|p2a: Misdreavus|100/100|[from] item: Leftovers
|-heal|p1a: Blissey|73/100 par|[from] item: Leftovers
|upkeep
|turn|29
|
|t:|1729625778
|move|p2a: Misdreavus|Mean Look|p1a: Blissey
|-activate|p1a: Blissey|trapped
|move|p1a: Blissey|Aromatherapy|p1a: Blissey
|-cureteam|p1a: Blissey|[from] move: Aromatherapy
|
|-weather|Sandstorm|[upkeep]
|-damage|p2a: Misdreavus|94/100|[from] Sandstorm
|-damage|p1a: Blissey|67/100|[from] Sandstorm
|-heal|p2a: Misdreavus|100/100|[from] item: Leftovers
|-heal|p1a: Blissey|73/100|[from] item: Leftovers
|upkeep
|turn|30
|
|t:|1729625784
|move|p2a: Misdreavus|Perish Song|p2a: Misdreavus
|-start|p1a: Blissey|perish3|[silent]
|-start|p2a: Misdreavus|perish3|[silent]
|-fieldactivate|move: Perish Song
|move|p1a: Blissey|Ice Beam|p2a: Misdreavus
|-damage|p2a: Misdreavus|81/100
|-status|p2a: Misdreavus|frz
|
|-weather|Sandstorm|[upkeep]
|-damage|p2a: Misdreavus|75/100 frz|[from] Sandstorm
|-damage|p1a: Blissey|67/100|[from] Sandstorm
|-heal|p2a: Misdreavus|81/100 frz|[from] item: Leftovers
|-heal|p1a: Blissey|73/100|[from] item: Leftovers
|-start|p2a: Misdreavus|perish3
|-start|p1a: Blissey|perish3
|upkeep
|turn|31
|
|t:|1729625790
|-curestatus|p2a: Misdreavus|frz|[msg]
|move|p2a: Misdreavus|Protect|p2a: Misdreavus
|-singleturn|p2a: Misdreavus|Protect
|move|p1a: Blissey|Ice Beam|p2a: Misdreavus
|-activate|p2a: Misdreavus|Protect
|
|-weather|Sandstorm|[upkeep]
|-damage|p2a: Misdreavus|75/100|[from] Sandstorm
|-damage|p1a: Blissey|67/100|[from] Sandstorm
|-heal|p2a: Misdreavus|81/100|[from] item: Leftovers
|-heal|p1a: Blissey|73/100|[from] item: Leftovers
|-start|p2a: Misdreavus|perish2
|-start|p1a: Blissey|perish2
|upkeep
|turn|32
|
|t:|1729625795
|move|p2a: Misdreavus|Protect||[still]
|-fail|p2a: Misdreavus
|move|p1a: Blissey|Ice Beam|p2a: Misdreavus
|-damage|p2a: Misdreavus|60/100
|
|-weather|Sandstorm|[upkeep]
|-damage|p2a: Misdreavus|54/100|[from] Sandstorm
|-damage|p1a: Blissey|67/100|[from] Sandstorm
|-heal|p2a: Misdreavus|60/100|[from] item: Leftovers
|-heal|p1a: Blissey|73/100|[from] item: Leftovers
|-start|p2a: Misdreavus|perish1
|-start|p1a: Blissey|perish1
|upkeep
|turn|33
|
|t:|1729625801
|switch|p2a: Skarmory|Skarmory, M|61/100
|move|p1a: Blissey|Ice Beam|p2a: Skarmory
|-damage|p2a: Skarmory|39/100
|
|-weather|Sandstorm|[upkeep]
|-damage|p1a: Blissey|67/100|[from] Sandstorm
|-heal|p2a: Skarmory|45/100|[from] item: Leftovers
|-heal|p1a: Blissey|73/100|[from] item: Leftovers
|-start|p1a: Blissey|perish0
|upkeep
|faint|p1a: Blissey
|
|t:|1729625806
|switch|p1a: Zapdos|Zapdos|100/100
|turn|34
|
|t:|1729625810
|move|p1a: Zapdos|Thunderbolt|p2a: Skarmory
|-supereffective|p2a: Skarmory
|-damage|p2a: Skarmory|0 fnt
|faint|p2a: Skarmory
|
|t:|1729625812
|switch|p2a: Jirachi|Jirachi|100/100
|-damage|p2a: Jirachi|88/100|[from] Spikes
|
|-weather|Sandstorm|[upkeep]
|-damage|p1a: Zapdos|94/100|[from] Sandstorm
|-heal|p1a: Zapdos|100/100|[from] item: Leftovers
|-heal|p2a: Jirachi|94/100|[from] item: Leftovers
|upkeep
|turn|35
|
|t:|1729625833
|switch|p1a: Moltres|Moltres|79/100
|move|p2a: Jirachi|Body Slam|p1a: Moltres
|-damage|p1a: Moltres|58/100
|
|-weather|Sandstorm|[upkeep]
|-damage|p1a: Moltres|51/100|[from] Sandstorm
|-heal|p1a: Moltres|58/100|[from] item: Leftovers
|-heal|p2a: Jirachi|100/100|[from] item: Leftovers
|upkeep
|turn|36
|
|t:|1729625838
|move|p1a: Moltres|Flamethrower|p2a: Jirachi
|-supereffective|p2a: Jirachi
|-damage|p2a: Jirachi|35/100
|move|p2a: Jirachi|Body Slam|p1a: Moltres
|-damage|p1a: Moltres|39/100
|-status|p1a: Moltres|par
|
|-weather|Sandstorm|[upkeep]
|-damage|p1a: Moltres|33/100 par|[from] Sandstorm
|-heal|p2a: Jirachi|41/100|[from] item: Leftovers
|-heal|p1a: Moltres|39/100 par|[from] item: Leftovers
|upkeep
|turn|37
|
|t:|1729625845
|move|p2a: Jirachi|Protect|p2a: Jirachi
|-singleturn|p2a: Jirachi|Protect
|move|p1a: Moltres|Rest|p1a: Moltres
|-status|p1a: Moltres|slp|[from] move: Rest
|-heal|p1a: Moltres|100/100 slp|[silent]
|
|-weather|Sandstorm|[upkeep]
|-damage|p1a: Moltres|94/100 slp|[from] Sandstorm
|-heal|p1a: Moltres|100/100 slp|[from] item: Leftovers
|-heal|p2a: Jirachi|48/100|[from] item: Leftovers
|upkeep
|turn|38
|
|t:|1729625852
|cant|p1a: Moltres|slp
|move|p2a: Jirachi|Wish|p2a: Jirachi
|
|-weather|Sandstorm|[upkeep]
|-damage|p1a: Moltres|94/100 slp|[from] Sandstorm
|-heal|p1a: Moltres|100/100 slp|[from] item: Leftovers
|-heal|p2a: Jirachi|54/100|[from] item: Leftovers
|upkeep
|turn|39
|
|t:|1729625858
|switch|p2a: Tyranitar|Tyranitar, M|75/100
|-damage|p2a: Tyranitar|63/100|[from] Spikes
|cant|p1a: Moltres|slp
|
|-heal|p2a: Tyranitar|100/100|[from] move: Wish|[wisher] Jirachi
|-weather|Sandstorm|[upkeep]
|-damage|p1a: Moltres|94/100 slp|[from] Sandstorm
|-heal|p1a: Moltres|100/100 slp|[from] item: Leftovers
|upkeep
|turn|40
|
|t:|1729625867
|switch|p1a: Flygon|Flygon, M|100/100
|move|p2a: Tyranitar|Dragon Dance|p2a: Tyranitar
|-boost|p2a: Tyranitar|atk|1
|-boost|p2a: Tyranitar|spe|1
|
|-weather|Sandstorm|[upkeep]
|upkeep
|turn|41
|
|t:|1729625871
|switch|p2a: Miltank|Miltank, F|75/100
|-damage|p2a: Miltank|63/100|[from] Spikes
|move|p1a: Flygon|Earthquake|p2a: Miltank
|-damage|p2a: Miltank|40/100
|
|-weather|Sandstorm|[upkeep]
|-damage|p2a: Miltank|34/100|[from] Sandstorm
|-heal|p2a: Miltank|40/100|[from] item: Leftovers
|upkeep
|turn|42
|
|t:|1729625879
|move|p1a: Flygon|Earthquake|p2a: Miltank
|-damage|p2a: Miltank|16/100
|move|p2a: Miltank|Milk Drink|p2a: Miltank
|-heal|p2a: Miltank|66/100
|
|-weather|Sandstorm|[upkeep]
|-damage|p2a: Miltank|60/100|[from] Sandstorm
|-heal|p2a: Miltank|66/100|[from] item: Leftovers
|upkeep
|turn|43
|
|t:|1729625884
|move|p1a: Flygon|Toxic|p2a: Miltank
|-status|p2a: Miltank|tox
|move|p2a: Miltank|Milk Drink|p2a: Miltank
|-heal|p2a: Miltank|100/100 tox
|
|-weather|Sandstorm|[upkeep]
|-damage|p2a: Miltank|94/100 tox|[from] Sandstorm
|-heal|p2a: Miltank|100/100 tox|[from] item: Leftovers
|-damage|p2a: Miltank|94/100 tox|[from] psn
|upkeep
|turn|44
|
|t:|1729625890
|move|p1a: Flygon|Rock Slide|p2a: Miltank
|-damage|p2a: Miltank|82/100 tox
|move|p2a: Miltank|Heal Bell|p2a: Miltank
|-activate|p2a: Miltank|move: Heal Bell
|-curestatus|p2a: Miltank|tox|[silent]
|
|-weather|Sandstorm|[upkeep]
|-damage|p2a: Miltank|76/100|[from] Sandstorm
|-heal|p2a: Miltank|82/100|[from] item: Leftovers
|upkeep
|turn|45
|
|t:|1729625897
|move|p1a: Flygon|Toxic|p2a: Miltank
|-status|p2a: Miltank|tox
|move|p2a: Miltank|Seismic Toss|p1a: Flygon
|-damage|p1a: Flygon|73/100
|
|-weather|Sandstorm|[upkeep]
|-damage|p2a: Miltank|76/100 tox|[from] Sandstorm
|-heal|p1a: Flygon|79/100|[from] item: Leftovers
|-heal|p2a: Miltank|82/100 tox|[from] item: Leftovers
|-damage|p2a: Miltank|76/100 tox|[from] psn
|upkeep
|turn|46
|
|t:|1729625905
|move|p1a: Flygon|Rock Slide|p2a: Miltank
|-damage|p2a: Miltank|65/100 tox
|cant|p2a: Miltank|flinch
|
|-weather|Sandstorm|[upkeep]
|-damage|p2a: Miltank|59/100 tox|[from] Sandstorm
|-heal|p1a: Flygon|85/100|[from] item: Leftovers
|-heal|p2a: Miltank|65/100 tox|[from] item: Leftovers
|-damage|p2a: Miltank|53/100 tox|[from] psn
|upkeep
|turn|47
|
|t:|1729625916
|move|p1a: Flygon|Rock Slide|p2a: Miltank
|-damage|p2a: Miltank|41/100 tox
|move|p2a: Miltank|Milk Drink|p2a: Miltank
|-heal|p2a: Miltank|91/100 tox
|
|-weather|Sandstorm|[upkeep]
|-damage|p2a: Miltank|85/100 tox|[from] Sandstorm
|-heal|p1a: Flygon|91/100|[from] item: Leftovers
|-heal|p2a: Miltank|91/100 tox|[from] item: Leftovers
|-damage|p2a: Miltank|73/100 tox|[from] psn
|upkeep
|turn|48
|
|t:|1729625929
|move|p1a: Flygon|Rock Slide|p2a: Miltank
|-damage|p2a: Miltank|62/100 tox
|move|p2a: Miltank|Heal Bell|p2a: Miltank
|-activate|p2a: Miltank|move: Heal Bell
|-curestatus|p2a: Miltank|tox|[silent]
|
|-weather|Sandstorm|[upkeep]
|-damage|p2a: Miltank|56/100|[from] Sandstorm
|-heal|p1a: Flygon|97/100|[from] item: Leftovers
|-heal|p2a: Miltank|62/100|[from] item: Leftovers
|upkeep
|turn|49
|
|t:|1729625940
|move|p1a: Flygon|Toxic|p2a: Miltank
|-status|p2a: Miltank|tox
|move|p2a: Miltank|Milk Drink|p2a: Miltank
|-heal|p2a: Miltank|100/100 tox
|
|-weather|Sandstorm|[upkeep]
|-damage|p2a: Miltank|94/100 tox|[from] Sandstorm
|-heal|p1a: Flygon|100/100|[from] item: Leftovers
|-heal|p2a: Miltank|100/100 tox|[from] item: Leftovers
|-damage|p2a: Miltank|94/100 tox|[from] psn
|upkeep
|turn|50
|
|t:|1729625944
|move|p1a: Flygon|Rock Slide|p2a: Miltank
|-damage|p2a: Miltank|82/100 tox
|move|p2a: Miltank|Heal Bell|p2a: Miltank
|-activate|p2a: Miltank|move: Heal Bell
|-curestatus|p2a: Miltank|tox|[silent]
|
|-weather|Sandstorm|[upkeep]
|-damage|p2a: Miltank|76/100|[from] Sandstorm
|-heal|p2a: Miltank|82/100|[from] item: Leftovers
|upkeep
|turn|51
|
|t:|1729625952
|switch|p2a: Jirachi|Jirachi|54/100
|-damage|p2a: Jirachi|41/100|[from] Spikes
|move|p1a: Flygon|Toxic|p2a: Jirachi
|-immune|p2a: Jirachi
|
|-weather|Sandstorm|[upkeep]
|-heal|p2a: Jirachi|48/100|[from] item: Leftovers
|upkeep
|turn|52
|
|t:|1729625956
|move|p2a: Jirachi|Protect|p2a: Jirachi
|-singleturn|p2a: Jirachi|Protect
|move|p1a: Flygon|Earthquake|p2a: Jirachi
|-activate|p2a: Jirachi|Protect
|
|-weather|Sandstorm|[upkeep]
|-heal|p2a: Jirachi|54/100|[from] item: Leftovers
|upkeep
|turn|53
|
|t:|1729625959
|switch|p2a: Misdreavus|Misdreavus, M|60/100
|move|p1a: Flygon|Earthquake|p2a: Misdreavus
|-immune|p2a: Misdreavus
|
|-weather|Sandstorm|[upkeep]
|-damage|p2a: Misdreavus|54/100|[from] Sandstorm
|-heal|p2a: Misdreavus|60/100|[from] item: Leftovers
|upkeep
|turn|54
|
|t:|1729625968
|switch|p1a: Zapdos|Zapdos|100/100
|move|p2a: Misdreavus|Protect||[still]
|-fail|p2a: Misdreavus
|
|-weather|Sandstorm|[upkeep]
|-damage|p1a: Zapdos|94/100|[from] Sandstorm
|-damage|p2a: Misdreavus|54/100|[from] Sandstorm
|-heal|p1a: Zapdos|100/100|[from] item: Leftovers
|-heal|p2a: Misdreavus|60/100|[from] item: Leftovers
|upkeep
|turn|55
|
|t:|1729625974
|move|p1a: Zapdos|Thunderbolt|p2a: Misdreavus
|-damage|p2a: Misdreavus|25/100
|move|p2a: Misdreavus|Perish Song|p2a: Misdreavus
|-start|p1a: Zapdos|perish3|[silent]
|-start|p2a: Misdreavus|perish3|[silent]
|-fieldactivate|move: Perish Song
|
|-weather|Sandstorm|[upkeep]
|-damage|p1a: Zapdos|94/100|[from] Sandstorm
|-damage|p2a: Misdreavus|19/100|[from] Sandstorm
|-heal|p1a: Zapdos|100/100|[from] item: Leftovers
|-heal|p2a: Misdreavus|25/100|[from] item: Leftovers
|-start|p1a: Zapdos|perish3
|-start|p2a: Misdreavus|perish3
|upkeep
|turn|56
|
|t:|1729625981
|move|p2a: Misdreavus|Protect|p2a: Misdreavus
|-singleturn|p2a: Misdreavus|Protect
|move|p1a: Zapdos|Thunderbolt|p2a: Misdreavus
|-activate|p2a: Misdreavus|Protect
|
|-weather|Sandstorm|[upkeep]
|-damage|p1a: Zapdos|94/100|[from] Sandstorm
|-damage|p2a: Misdreavus|19/100|[from] Sandstorm
|-heal|p1a: Zapdos|100/100|[from] item: Leftovers
|-heal|p2a: Misdreavus|25/100|[from] item: Leftovers
|-start|p1a: Zapdos|perish2
|-start|p2a: Misdreavus|perish2
|upkeep
|turn|57
|
|t:|1729625984
|switch|p1a: Flygon|Flygon, M|100/100
|switch|p2a: Jirachi|Jirachi|54/100
|-damage|p2a: Jirachi|41/100|[from] Spikes
|
|-weather|Sandstorm|[upkeep]
|-heal|p2a: Jirachi|48/100|[from] item: Leftovers
|upkeep
|turn|58
|
|t:|1729625993
|move|p2a: Jirachi|Protect|p2a: Jirachi
|-singleturn|p2a: Jirachi|Protect
|move|p1a: Flygon|Earthquake|p2a: Jirachi
|-activate|p2a: Jirachi|Protect
|
|-weather|Sandstorm|[upkeep]
|-heal|p2a: Jirachi|54/100|[from] item: Leftovers
|upkeep
|turn|59
|
|t:|1729625996
|switch|p2a: Misdreavus|Misdreavus, M|25/100
|move|p1a: Flygon|Earthquake|p2a: Misdreavus
|-immune|p2a: Misdreavus
|
|-weather|Sandstorm|[upkeep]
|-damage|p2a: Misdreavus|19/100|[from] Sandstorm
|-heal|p2a: Misdreavus|25/100|[from] item: Leftovers
|upkeep
|turn|60
|
|t:|1729625999
|switch|p2a: Jirachi|Jirachi|54/100
|-damage|p2a: Jirachi|41/100|[from] Spikes
|move|p1a: Flygon|Rock Slide|p2a: Jirachi
|-resisted|p2a: Jirachi
|-damage|p2a: Jirachi|34/100
|
|-weather|Sandstorm|[upkeep]
|-heal|p2a: Jirachi|40/100|[from] item: Leftovers
|upkeep
|turn|61
|
|t:|1729626005
|move|p2a: Jirachi|Protect|p2a: Jirachi
|-singleturn|p2a: Jirachi|Protect
|move|p1a: Flygon|Earthquake|p2a: Jirachi
|-activate|p2a: Jirachi|Protect
|
|-weather|Sandstorm|[upkeep]
|-heal|p2a: Jirachi|47/100|[from] item: Leftovers
|upkeep
|turn|62
|inactive|Calm Stiege has 270 seconds left.
|
|t:|1729626045
|switch|p2a: Misdreavus|Misdreavus, M|25/100
|move|p1a: Flygon|Earthquake|p2a: Misdreavus
|-immune|p2a: Misdreavus
|
|-weather|Sandstorm|[upkeep]
|-damage|p2a: Misdreavus|19/100|[from] Sandstorm
|-heal|p2a: Misdreavus|25/100|[from] item: Leftovers
|upkeep
|turn|63
|
|t:|1729626062
|move|p1a: Flygon|Rock Slide|p2a: Misdreavus
|-damage|p2a: Misdreavus|0 fnt
|faint|p2a: Misdreavus
|
|t:|1729626065
|switch|p2a: Jirachi|Jirachi|47/100
|-damage|p2a: Jirachi|34/100|[from] Spikes
|
|-weather|Sandstorm|[upkeep]
|-heal|p2a: Jirachi|40/100|[from] item: Leftovers
|upkeep
|turn|64
|
|t:|1729626073
|move|p2a: Jirachi|Protect|p2a: Jirachi
|-singleturn|p2a: Jirachi|Protect
|move|p1a: Flygon|Rock Slide|p2a: Jirachi
|-activate|p2a: Jirachi|Protect
|
|-weather|Sandstorm|[upkeep]
|-heal|p2a: Jirachi|47/100|[from] item: Leftovers
|upkeep
|turn|65
|
|t:|1729626078
|move|p1a: Flygon|Earthquake|p2a: Jirachi
|-supereffective|p2a: Jirachi
|-crit|p2a: Jirachi
|-damage|p2a: Jirachi|0 fnt
|faint|p2a: Jirachi
|
|t:|1729626080
|switch|p2a: Miltank|Miltank, F|82/100
|-damage|p2a: Miltank|70/100|[from] Spikes
|
|-weather|Sandstorm|[upkeep]
|-damage|p2a: Miltank|64/100|[from] Sandstorm
|-heal|p2a: Miltank|70/100|[from] item: Leftovers
|upkeep
|turn|66
|
|t:|1729626084
|move|p1a: Flygon|Toxic|p2a: Miltank
|-status|p2a: Miltank|tox
|move|p2a: Miltank|Seismic Toss|p1a: Flygon
|-damage|p1a: Flygon|73/100
|
|-weather|Sandstorm|[upkeep]
|-damage|p2a: Miltank|64/100 tox|[from] Sandstorm
|-heal|p1a: Flygon|79/100|[from] item: Leftovers
|-heal|p2a: Miltank|70/100 tox|[from] item: Leftovers
|-damage|p2a: Miltank|64/100 tox|[from] psn
|upkeep
|turn|67
|
|t:|1729626089
|move|p1a: Flygon|Rock Slide|p2a: Miltank
|-damage|p2a: Miltank|52/100 tox
|cant|p2a: Miltank|flinch
|
|-weather|Sandstorm|[upkeep]
|-damage|p2a: Miltank|46/100 tox|[from] Sandstorm
|-heal|p1a: Flygon|85/100|[from] item: Leftovers
|-heal|p2a: Miltank|52/100 tox|[from] item: Leftovers
|-damage|p2a: Miltank|40/100 tox|[from] psn
|upkeep
|turn|68
|
|t:|1729626100
|move|p1a: Flygon|Earthquake|p2a: Miltank
|-crit|p2a: Miltank
|-damage|p2a: Miltank|0 fnt
|faint|p2a: Miltank
|
|t:|1729626103
|switch|p2a: Tyranitar|Tyranitar, M|100/100
|-damage|p2a: Tyranitar|88/100|[from] Spikes
|
|-weather|Sandstorm|[upkeep]
|-heal|p1a: Flygon|91/100|[from] item: Leftovers
|upkeep
|turn|69
|
|t:|1729626106
|move|p1a: Flygon|Earthquake|p2a: Tyranitar
|-supereffective|p2a: Tyranitar
|-damage|p2a: Tyranitar|26/100
|move|p2a: Tyranitar|Dragon Dance|p2a: Tyranitar
|-boost|p2a: Tyranitar|atk|1
|-boost|p2a: Tyranitar|spe|1
|
|-weather|Sandstorm|[upkeep]
|-heal|p1a: Flygon|97/100|[from] item: Leftovers
|upkeep
|turn|70
|
|t:|1729626110
|move|p2a: Tyranitar|Rock Slide|p1a: Flygon
|-resisted|p1a: Flygon
|-damage|p1a: Flygon|72/100
|move|p1a: Flygon|Earthquake|p2a: Tyranitar
|-supereffective|p2a: Tyranitar
|-damage|p2a: Tyranitar|0 fnt
|faint|p2a: Tyranitar
|
|win|Dr4gonl0rd
|c|☆Calm Stiege|gg
|c|☆Dr4gonl0rd|gg
|c|☆Dr4gonl0rd|challenge me when your ready

</script>
<script type="application/json" class="data" id="replaydata-smogtours-gen3ou-801242">
{"id":"smogtours-gen3ou-801242","format":"[Gen 3] OU","players":["Dr4gonl0rd","Calm Stiege"],"uploadtime":1729626110,"views":90,"formatid":"gen3ou","rating":null,"private":0,"password":null}
</script>

<script defer src="js/replays.js?9d40a366"></script>
