<!DOCTYPE html>
<meta charset="utf-8" />
<meta name="viewport" content="width=device-width" />

<title>[Gen 3] OU: RetiredBohrier vs. Stockings - Replays - Pok&eacute;mon Showdown!</title>

<meta name="description" content="Watch a replay of a Pok&eacute;mon battle between RetiredBohrier and Stockings! Format: [Gen 3] OU; Date: Oct 24, 2024" />
<!--

Hey, you! Looking in the source for the replay log?

You can find them in JSON format, just add `.json` at the end of a replay URL.

https://replay.pokemonshowdown.com/gen7randomdoublesbattle-865046831.json

Or, if you only need the log itself, add `.log` instead:

https://replay.pokemonshowdown.com/gen7randomdoublesbattle-865046831.log

-->

<link rel="stylesheet" href="//pokemonshowdown.com/style/global.css?0.023195364461161105" />
<link rel="stylesheet" href="//play.pokemonshowdown.com/style/font-awesome.css?0.13261647063804238" />
<link rel="stylesheet" href="//play.pokemonshowdown.com/style/battle.css?0.8753245789963631" />
<link rel="stylesheet" href="//play.pokemonshowdown.com/style/utilichart.css?0.8627959624976733" />

<!-- Global site tag (gtag.js) - Google Analytics -->
<script async src="https://www.googletagmanager.com/gtag/js?id=UA-26211653-1"></script>
<script>
  window.dataLayer = window.dataLayer || [];
  function gtag(){dataLayer.push(arguments);}
  gtag('js', new Date());

  gtag('config', 'UA-26211653-1');
</script>
<!-- End Google Analytics -->
<!-- Venatus Ad Manager - Install in <HEAD> of page -->
	<script src="https://hb.vntsm.com/v3/live/ad-manager.min.js" type="text/javascript" data-site-id="642aba63ec9a7b11c3c9c1be" data-mode="scan" async></script>
<!-- / Venatus Ad Manager -->

<style>
	@media (max-width:820px) {
		.battle {
			margin: 0 auto;
		}
		.battle-log {
			margin: 7px auto 0;
			max-width: 640px;
			height: 300px;
			position: static;
		}
	}
	.optgroup {
		display: inline-block;
		line-height: 22px;
		font-size: 10pt;
	}
	.optgroup .button {
		height: 25px;
		padding-top: 0;
		padding-bottom: 0;
	}
	.optgroup button.button {
		padding-left: 12px;
		padding-right: 12px;
	}
	.linklist {
		list-style: none;
		margin: 0.5em 0;
		padding: 0;
	}
	.linklist li {
		padding: 2px 0;
	}
	.sidebar {
		float: left;
		width: 320px;
	}
	.bar-wrapper {
		max-width: 1100px;
		margin: 0 auto;
	}
	.bar-wrapper.has-sidebar {
		max-width: 1430px;
	}
	.mainbar {
		margin: 0;
		padding-right: 1px;
	}
	.mainbar.has-sidebar {
		margin-left: 330px;
	}
	@media (min-width: 1511px) {
		.sidebar {
			width: 400px;
		}
		.bar-wrapper.has-sidebar {
			max-width: 1510px;
		}
		.mainbar.has-sidebar {
			margin-left: 410px;
		}
	}
	.section.first-section {
		margin-top: 9px;
	}
	.blocklink small {
		white-space: normal;
	}
	.button {
		vertical-align: middle;
	}
	.replay-controls {
		padding-top: 10px;
	}
	.replay-controls h1 {
		font-size: 16pt;
		font-weight: normal;
		color: #CCC;
	}
	.pagelink {
		text-align: center;
	}
	.pagelink a {
		width: 150px;
	}
	.textbox, .button {
		font-size: 11pt;
		vertical-align: middle;
	}
	@media (max-width: 450px) {
		.button {
			font-size: 9pt;
		}
	}
</style>

<div>

	<header>
		<div class="nav-wrapper"><ul class="nav">
			<li><a class="button nav-first" href="//pokemonshowdown.com/"><img src="//pokemonshowdown.com/images/pokemonshowdownbeta.png" srcset="//pokemonshowdown.com/images/pokemonshowdownbeta.png 1x, //pokemonshowdown.com/images/pokemonshowdownbeta@2x.png 2x" alt="Pok&eacute;mon Showdown" width="146" height="44" /> Home</a></li>
			<li><a class="button" href="//pokemonshowdown.com/dex/">Pok&eacute;dex</a></li>
			<li><a class="button cur" href="/">Replays</a></li>
			<li><a class="button" href="//pokemonshowdown.com/ladder/">Ladder</a></li>
			<li><a class="button nav-last" href="//pokemonshowdown.com/forums/">Forum</a></li>
			<li><a class="button greenbutton nav-first nav-last" href="//play.pokemonshowdown.com/">Play</a></li>
		</ul></div>
	</header>

	<div class="main" id="main">

		<noscript><section class="section">You need to enable JavaScript to use this page; sorry!</section></noscript>

	</div>

</div>

<script defer nomodule src="//play.pokemonshowdown.com/js/lib/ps-polyfill.js"></script>
<script defer src="//play.pokemonshowdown.com/js/lib/preact.min.js"></script>

<script defer src="//play.pokemonshowdown.com/config/config.js?2bddbc15"></script>
<script defer src="//play.pokemonshowdown.com/js/lib/jquery-1.11.0.min.js"></script>
<script defer src="//play.pokemonshowdown.com/js/lib/html-sanitizer-minified.js"></script>
<script defer src="//play.pokemonshowdown.com/js/battle-sound.js"></script>
<script defer src="//play.pokemonshowdown.com/js/battledata.js?0.7209276989879541"></script>
<script defer src="//play.pokemonshowdown.com/data/pokedex-mini.js?0.6111056340867951"></script>
<script defer src="//play.pokemonshowdown.com/data/pokedex-mini-bw.js?0.3532142036491459"></script>
<script defer src="//play.pokemonshowdown.com/data/graphics.js?0.24223875632456182"></script>
<script defer src="//play.pokemonshowdown.com/data/pokedex.js?0.38839984266356864"></script>
<script defer src="//play.pokemonshowdown.com/data/moves.js?0.21866028504024015"></script>
<script defer src="//play.pokemonshowdown.com/data/abilities.js?0.2005157953846628"></script>
<script defer src="//play.pokemonshowdown.com/data/items.js?0.9894211263848525"></script>
<script defer src="//play.pokemonshowdown.com/data/teambuilder-tables.js?0.6008791140282215"></script>
<script defer src="//play.pokemonshowdown.com/js/battle-tooltips.js?0.7580118955022959"></script>
<script defer src="//play.pokemonshowdown.com/js/battle.js?0.6057722274234274"></script>

<script defer src="js/utils.js?e31f9a17"></script>
<script defer src="js/replays-battle.js?7008c182"></script>

<!-- don't scrape this data! just add .json or .log after the URL!
Full API docs: https://github.com/smogon/pokemon-showdown-client/blob/master/WEB-API.md -->
<script type="text/plain" class="log" id="replaylog-smogtours-gen3ou-801544">
|inactive|Battle timer is ON: inactive players will automatically lose when time's up.
|t:|1729782488
|gametype|singles
|player|p1|RetiredBohrier|102|
|player|p2|Stockings|#advpliii|
|teamsize|p1|6
|teamsize|p2|6
|gen|3
|tier|[Gen 3] OU
|rule|Sleep Clause Mod: Limit one foe put to sleep
|rule|Switch Priority Clause Mod: Faster Pokémon switch first
|rule|Species Clause: Limit one of each Pokémon
|rule|OHKO Clause: OHKO moves are banned
|rule|Evasion Items Clause: Evasion items are banned
|rule|Evasion Moves Clause: Evasion moves are banned
|rule|Endless Battle Clause: Forcing endless battles is banned
|rule|HP Percentage Mod: HP is shown in percentages
|rule|One Boost Passer Clause: Limit one Baton Passer that has a way to boost its stats
|rule|Freeze Clause Mod: Limit one foe frozen
|
|t:|1729782488
|start
|switch|p1a: Zapdos|Zapdos|100/100
|switch|p2a: TRUST CEREMONY|Tyranitar, M|100/100
|-weather|Sandstorm|[from] ability: Sand Stream|[of] p2a: TRUST CEREMONY
|turn|1
|
|t:|1729782505
|-singleturn|p2a: TRUST CEREMONY|move: Focus Punch
|switch|p1a: Swampert|Swampert, F|100/100
|move|p2a: TRUST CEREMONY|Focus Punch|p1a: Swampert
|-damage|p1a: Swampert|62/100
|
|-weather|Sandstorm|[upkeep]
|-heal|p1a: Swampert|68/100|[from] item: Leftovers
|upkeep
|turn|2
|c|☆RetiredBohrier|What was ur last btw
|c|☆RetiredBohrier|In the last game
|c|☆Stockings|tar
|c|☆RetiredBohrier|man
|c|☆RetiredBohrier|so milo rly did win
|
|t:|1729782522
|switch|p2a: CONTROL BABY|Celebi|100/100
|move|p1a: Swampert|Hydro Pump|p2a: CONTROL BABY
|-resisted|p2a: CONTROL BABY
|-damage|p2a: CONTROL BABY|84/100
|
|-weather|Sandstorm|[upkeep]
|-damage|p2a: CONTROL BABY|78/100|[from] Sandstorm
|-heal|p2a: CONTROL BABY|84/100|[from] item: Leftovers
|-heal|p1a: Swampert|74/100|[from] item: Leftovers
|upkeep
|turn|3
|
|t:|1729782530
|switch|p1a: Salamence|Salamence, M|100/100
|-ability|p1a: Salamence|Intimidate|boost
|-unboost|p2a: CONTROL BABY|atk|1
|move|p2a: CONTROL BABY|Leech Seed|p1a: Salamence
|-start|p1a: Salamence|move: Leech Seed
|
|-weather|Sandstorm|[upkeep]
|-damage|p1a: Salamence|94/100|[from] Sandstorm
|-damage|p2a: CONTROL BABY|78/100|[from] Sandstorm
|-heal|p1a: Salamence|100/100|[from] item: Leftovers
|-damage|p1a: Salamence|88/100|[from] Leech Seed|[of] p2a: CONTROL BABY
|-heal|p2a: CONTROL BABY|89/100|[silent]
|-heal|p2a: CONTROL BABY|95/100|[from] item: Leftovers
|upkeep
|turn|4
|
|t:|1729782541
|switch|p1a: Skarmory|Skarmory, F|100/100
|switch|p2a: TOOTH PACT|Starmie|100/100
|
|-weather|Sandstorm|[upkeep]
|-damage|p2a: TOOTH PACT|94/100|[from] Sandstorm
|-heal|p2a: TOOTH PACT|100/100|[from] item: Leftovers
|upkeep
|turn|5
|
|t:|1729782556
|switch|p1a: Celebi|Celebi|100/100
|move|p2a: TOOTH PACT|Hydro Pump|p1a: Celebi
|-resisted|p1a: Celebi
|-damage|p1a: Celebi|80/100
|
|-weather|Sandstorm|[upkeep]
|-damage|p2a: TOOTH PACT|94/100|[from] Sandstorm
|-damage|p1a: Celebi|73/100|[from] Sandstorm
|-heal|p2a: TOOTH PACT|100/100|[from] item: Leftovers
|-heal|p1a: Celebi|80/100|[from] item: Leftovers
|upkeep
|turn|6
|
|t:|1729782565
|switch|p2a: CONTROL BABY|Celebi|95/100
|move|p1a: Celebi|Giga Drain|p2a: CONTROL BABY
|-resisted|p2a: CONTROL BABY
|-crit|p2a: CONTROL BABY
|-damage|p2a: CONTROL BABY|73/100
|-heal|p1a: Celebi|90/100|[from] drain|[of] p2a: CONTROL BABY
|
|-weather|Sandstorm|[upkeep]
|-damage|p1a: Celebi|84/100|[from] Sandstorm
|-damage|p2a: CONTROL BABY|67/100|[from] Sandstorm
|-heal|p1a: Celebi|90/100|[from] item: Leftovers
|-heal|p2a: CONTROL BABY|73/100|[from] item: Leftovers
|upkeep
|turn|7
|
|t:|1729782575
|switch|p2a: FIRE4FUN|Moltres|100/100
|move|p1a: Celebi|Calm Mind|p1a: Celebi
|-boost|p1a: Celebi|spa|1
|-boost|p1a: Celebi|spd|1
|
|-weather|Sandstorm|[upkeep]
|-damage|p1a: Celebi|84/100|[from] Sandstorm
|-damage|p2a: FIRE4FUN|94/100|[from] Sandstorm
|-heal|p1a: Celebi|90/100|[from] item: Leftovers
|-heal|p2a: FIRE4FUN|100/100|[from] item: Leftovers
|upkeep
|turn|8
|inactive|RetiredBohrier has 270 seconds left.
|inactive|RetiredBohrier has 240 seconds left.
|
|t:|1729782640
|switch|p1a: Salamence|Salamence, M|88/100
|-ability|p1a: Salamence|Intimidate|boost
|-unboost|p2a: FIRE4FUN|atk|1
|move|p2a: FIRE4FUN|Flamethrower|p1a: Salamence
|-resisted|p1a: Salamence
|-damage|p1a: Salamence|53/100
|
|-weather|Sandstorm|[upkeep]
|-damage|p1a: Salamence|47/100|[from] Sandstorm
|-damage|p2a: FIRE4FUN|94/100|[from] Sandstorm
|-heal|p1a: Salamence|53/100|[from] item: Leftovers
|-heal|p2a: FIRE4FUN|100/100|[from] item: Leftovers
|upkeep
|turn|9
|inactive|Stockings has 270 seconds left.
|
|t:|1729782684
|switch|p2a: PIN-EYE|Metagross|100/100
|move|p1a: Salamence|Dragon Claw|p2a: PIN-EYE
|-resisted|p2a: PIN-EYE
|-damage|p2a: PIN-EYE|82/100
|
|-weather|Sandstorm|[upkeep]
|-damage|p1a: Salamence|47/100|[from] Sandstorm
|-heal|p1a: Salamence|53/100|[from] item: Leftovers
|-heal|p2a: PIN-EYE|88/100|[from] item: Leftovers
|upkeep
|turn|10
|inactive|RetiredBohrier has 240 seconds left.
|
|t:|1729782726
|switch|p1a: Skarmory|Skarmory, F|100/100
|switch|p2a: TOOTH PACT|Starmie|100/100
|
|-weather|Sandstorm|[upkeep]
|-damage|p2a: TOOTH PACT|94/100|[from] Sandstorm
|-heal|p2a: TOOTH PACT|100/100|[from] item: Leftovers
|upkeep
|turn|11
|
|t:|1729782739
|move|p2a: TOOTH PACT|Ice Beam|p1a: Skarmory
|-damage|p1a: Skarmory|73/100
|move|p1a: Skarmory|Spikes|p2a: TOOTH PACT
|-sidestart|p2: Stockings|Spikes
|
|-weather|Sandstorm|[upkeep]
|-damage|p2a: TOOTH PACT|94/100|[from] Sandstorm
|-heal|p2a: TOOTH PACT|100/100|[from] item: Leftovers
|-heal|p1a: Skarmory|79/100|[from] item: Leftovers
|upkeep
|turn|12
|
|t:|1729782749
|switch|p1a: Zapdos|Zapdos|100/100
|move|p2a: TOOTH PACT|Rapid Spin|p1a: Zapdos
|-damage|p1a: Zapdos|97/100
|-sideend|p2: Stockings|Spikes|[from] move: Rapid Spin|[of] p2a: TOOTH PACT
|
|-weather|Sandstorm|[upkeep]
|-damage|p2a: TOOTH PACT|94/100|[from] Sandstorm
|-damage|p1a: Zapdos|91/100|[from] Sandstorm
|-heal|p2a: TOOTH PACT|100/100|[from] item: Leftovers
|-heal|p1a: Zapdos|97/100|[from] item: Leftovers
|upkeep
|turn|13
|
|t:|1729782757
|switch|p2a: CONTROL BABY|Celebi|73/100
|move|p1a: Zapdos|Hidden Power|p2a: CONTROL BABY
|-supereffective|p2a: CONTROL BABY
|-damage|p2a: CONTROL BABY|32/100
|
|-weather|Sandstorm|[upkeep]
|-damage|p1a: Zapdos|91/100|[from] Sandstorm
|-damage|p2a: CONTROL BABY|25/100|[from] Sandstorm
|-heal|p1a: Zapdos|97/100|[from] item: Leftovers
|-heal|p2a: CONTROL BABY|32/100|[from] item: Leftovers
|upkeep
|turn|14
|inactive|RetiredBohrier has 240 seconds left.
|inactive|Stockings has 240 seconds left.
|
|t:|1729782796
|move|p1a: Zapdos|Hidden Power|p2a: CONTROL BABY
|-supereffective|p2a: CONTROL BABY
|-crit|p2a: CONTROL BABY
|-damage|p2a: CONTROL BABY|0 fnt
|faint|p2a: CONTROL BABY
|
|t:|1729782801
|switch|p2a: TRUST CEREMONY|Tyranitar, M|100/100
|
|-weather|Sandstorm|[upkeep]
|-damage|p1a: Zapdos|91/100|[from] Sandstorm
|-heal|p1a: Zapdos|97/100|[from] item: Leftovers
|upkeep
|turn|15
|inactive|Stockings has 240 seconds left.
|
|t:|1729782816
|switch|p1a: Swampert|Swampert, F|74/100
|move|p2a: TRUST CEREMONY|Substitute|p2a: TRUST CEREMONY
|-start|p2a: TRUST CEREMONY|Substitute
|-damage|p2a: TRUST CEREMONY|75/100
|
|-weather|Sandstorm|[upkeep]
|-heal|p2a: TRUST CEREMONY|82/100|[from] item: Leftovers
|-heal|p1a: Swampert|81/100|[from] item: Leftovers
|upkeep
|turn|16
|
|t:|1729782824
|-singleturn|p2a: TRUST CEREMONY|move: Focus Punch
|move|p1a: Swampert|Protect|p1a: Swampert
|-singleturn|p1a: Swampert|Protect
|move|p2a: TRUST CEREMONY|Focus Punch|p1a: Swampert
|-activate|p1a: Swampert|Protect
|
|-weather|Sandstorm|[upkeep]
|-heal|p2a: TRUST CEREMONY|88/100|[from] item: Leftovers
|-heal|p1a: Swampert|87/100|[from] item: Leftovers
|upkeep
|turn|17
|
|t:|1729782830
|-singleturn|p2a: TRUST CEREMONY|move: Focus Punch
|move|p1a: Swampert|Earthquake|p2a: TRUST CEREMONY
|-supereffective|p2a: TRUST CEREMONY
|-end|p2a: TRUST CEREMONY|Substitute
|move|p2a: TRUST CEREMONY|Focus Punch|p1a: Swampert
|-damage|p1a: Swampert|45/100
|
|-weather|Sandstorm|[upkeep]
|-heal|p2a: TRUST CEREMONY|94/100|[from] item: Leftovers
|-heal|p1a: Swampert|51/100|[from] item: Leftovers
|upkeep
|turn|18
|c|☆RetiredBohrier|Watch a focus crit 
|c|☆Stockings|don't curse urself
|c|☆RetiredBohrier|nah trust me 
|inactive|Stockings has 240 seconds left.
|c|☆RetiredBohrier|it happened last time too
|
|t:|1729782874
|switch|p2a: FIRE4FUN|Moltres|100/100
|move|p1a: Swampert|Hydro Pump|p2a: FIRE4FUN
|-supereffective|p2a: FIRE4FUN
|-damage|p2a: FIRE4FUN|10/100
|
|-weather|Sandstorm|[upkeep]
|-damage|p2a: FIRE4FUN|4/100|[from] Sandstorm
|-heal|p2a: FIRE4FUN|10/100|[from] item: Leftovers
|-heal|p1a: Swampert|58/100|[from] item: Leftovers
|upkeep
|turn|19
|c|☆RetiredBohrier|whuuuh
|inactive|Stockings has 210 seconds left.
|c|☆RetiredBohrier|Insane
|c|☆RetiredBohrier|It lived that 
|c|☆RetiredBohrier|With health to spare
|inactive|Stockings has 180 seconds left.
|
|t:|1729782921
|move|p1a: Swampert|Protect|p1a: Swampert
|-singleturn|p1a: Swampert|Protect
|move|p2a: FIRE4FUN|Hidden Power|p1a: Swampert
|-activate|p1a: Swampert|Protect
|
|-weather|Sandstorm|[upkeep]
|-damage|p2a: FIRE4FUN|4/100|[from] Sandstorm
|-heal|p2a: FIRE4FUN|10/100|[from] item: Leftovers
|-heal|p1a: Swampert|64/100|[from] item: Leftovers
|upkeep
|turn|20
|
|t:|1729782935
|switch|p1a: Salamence|Salamence, M|53/100
|-ability|p1a: Salamence|Intimidate|boost
|-unboost|p2a: FIRE4FUN|atk|1
|move|p2a: FIRE4FUN|Flamethrower|p1a: Salamence
|-resisted|p1a: Salamence
|-damage|p1a: Salamence|18/100
|
|-weather|Sandstorm|[upkeep]
|-damage|p1a: Salamence|12/100|[from] Sandstorm
|-damage|p2a: FIRE4FUN|4/100|[from] Sandstorm
|-heal|p1a: Salamence|18/100|[from] item: Leftovers
|-heal|p2a: FIRE4FUN|10/100|[from] item: Leftovers
|upkeep
|turn|21
|
|t:|1729782955
|switch|p2a: TOOTH PACT|Starmie|100/100
|move|p1a: Salamence|Fire Blast|p2a: TOOTH PACT
|-resisted|p2a: TOOTH PACT
|-damage|p2a: TOOTH PACT|72/100
|
|-weather|Sandstorm|[upkeep]
|-damage|p2a: TOOTH PACT|66/100|[from] Sandstorm
|-damage|p1a: Salamence|12/100|[from] Sandstorm
|-heal|p2a: TOOTH PACT|72/100|[from] item: Leftovers
|-heal|p1a: Salamence|18/100|[from] item: Leftovers
|upkeep
|turn|22
|
|t:|1729782970
|move|p2a: TOOTH PACT|Ice Beam|p1a: Salamence
|-supereffective|p1a: Salamence
|-damage|p1a: Salamence|0 fnt
|faint|p1a: Salamence
|
|t:|1729782973
|switch|p1a: Zapdos|Zapdos|97/100
|
|-weather|Sandstorm|[upkeep]
|-damage|p2a: TOOTH PACT|66/100|[from] Sandstorm
|-damage|p1a: Zapdos|91/100|[from] Sandstorm
|-heal|p2a: TOOTH PACT|72/100|[from] item: Leftovers
|-heal|p1a: Zapdos|97/100|[from] item: Leftovers
|upkeep
|turn|23
|c|☆RetiredBohrier|Good play with starmie and not meta 
|inactive|Stockings has 180 seconds left.
|c|☆Stockings|tyty
|
|t:|1729783023
|switch|p2a: TRUST CEREMONY|Tyranitar, M|94/100
|move|p1a: Zapdos|Thunderbolt|p2a: TRUST CEREMONY
|-damage|p2a: TRUST CEREMONY|51/100
|
|-weather|Sandstorm|[upkeep]
|-damage|p1a: Zapdos|91/100|[from] Sandstorm
|-heal|p1a: Zapdos|97/100|[from] item: Leftovers
|-heal|p2a: TRUST CEREMONY|57/100|[from] item: Leftovers
|upkeep
|turn|24
|
|t:|1729783037
|move|p1a: Zapdos|Thunderbolt|p2a: TRUST CEREMONY
|-damage|p2a: TRUST CEREMONY|15/100
|-status|p2a: TRUST CEREMONY|par
|cant|p2a: TRUST CEREMONY|par
|
|-weather|Sandstorm|[upkeep]
|-damage|p1a: Zapdos|91/100|[from] Sandstorm
|-heal|p1a: Zapdos|97/100|[from] item: Leftovers
|-heal|p2a: TRUST CEREMONY|21/100 par|[from] item: Leftovers
|upkeep
|turn|25
|c|☆RetiredBohrier|Oh nooo
|c|☆Stockings|:(
|c|☆RetiredBohrier|I'm very sorry
|c|☆RetiredBohrier|I thought u would focus fsr
|c|☆RetiredBohrier|Since I never stay in 
|inactive|Stockings has 150 seconds left.
|
|t:|1729783066
|move|p1a: Zapdos|Thunderbolt|p2a: TRUST CEREMONY
|-damage|p2a: TRUST CEREMONY|0 fnt
|faint|p2a: TRUST CEREMONY
|inactive|Stockings has 150 seconds left.
|
|t:|1729783073
|switch|p2a: PIN-EYE|Metagross|88/100
|
|-weather|Sandstorm|[upkeep]
|-damage|p1a: Zapdos|91/100|[from] Sandstorm
|-heal|p1a: Zapdos|97/100|[from] item: Leftovers
|-heal|p2a: PIN-EYE|94/100|[from] item: Leftovers
|upkeep
|turn|26
|inactive|RetiredBohrier has 270 seconds left.
|inactive|Stockings has 150 seconds left.
|
|t:|1729783092
|switch|p1a: Skarmory|Skarmory, F|79/100
|move|p2a: PIN-EYE|Meteor Mash|p1a: Skarmory
|-resisted|p1a: Skarmory
|-damage|p1a: Skarmory|58/100
|
|-weather|Sandstorm|[upkeep]
|-heal|p2a: PIN-EYE|99/100|[from] item: Leftovers
|-heal|p1a: Skarmory|64/100|[from] item: Leftovers
|upkeep
|turn|27
|inactive|Stockings has 150 seconds left.
|
|t:|1729783099
|move|p2a: PIN-EYE|Meteor Mash|p1a: Skarmory
|-resisted|p1a: Skarmory
|-damage|p1a: Skarmory|42/100
|-boost|p2a: PIN-EYE|atk|1
|move|p1a: Skarmory|Spikes|p2a: PIN-EYE
|-sidestart|p2: Stockings|Spikes
|
|-weather|Sandstorm|[upkeep]
|-heal|p2a: PIN-EYE|100/100|[from] item: Leftovers
|-heal|p1a: Skarmory|48/100|[from] item: Leftovers
|upkeep
|turn|28
|
|t:|1729783106
|move|p2a: PIN-EYE|Meteor Mash|p1a: Skarmory
|-resisted|p1a: Skarmory
|-damage|p1a: Skarmory|16/100
|move|p1a: Skarmory|Roar|p2a: PIN-EYE
|drag|p2a: RISK RISK RISK!|Skarmory, F|100/100
|
|-weather|Sandstorm|[upkeep]
|-heal|p1a: Skarmory|22/100|[from] item: Leftovers
|upkeep
|turn|29
|c|☆RetiredBohrier|Wowwww
|c|☆RetiredBohrier|That was not what I expected
|inactive|Stockings has 150 seconds left.
|inactive|RetiredBohrier has 270 seconds left.
|
|t:|1729783139
|move|p1a: Skarmory|Taunt|p2a: RISK RISK RISK!
|-start|p2a: RISK RISK RISK!|move: Taunt
|cant|p2a: RISK RISK RISK!|move: Taunt|Spikes
|
|-weather|Sandstorm|[upkeep]
|-heal|p1a: Skarmory|28/100|[from] item: Leftovers
|upkeep
|turn|30
|
|t:|1729783147
|switch|p2a: FIRE4FUN|Moltres|10/100
|move|p1a: Skarmory|Roar|p2a: FIRE4FUN
|drag|p2a: TOOTH PACT|Starmie|72/100
|-damage|p2a: TOOTH PACT|60/100|[from] Spikes
|
|-weather|Sandstorm|[upkeep]
|-damage|p2a: TOOTH PACT|54/100|[from] Sandstorm
|-heal|p2a: TOOTH PACT|60/100|[from] item: Leftovers
|-heal|p1a: Skarmory|34/100|[from] item: Leftovers
|upkeep
|turn|31
|c|☆RetiredBohrier|Gotta roar starmie in for the culture
|
|t:|1729783167
|move|p2a: TOOTH PACT|Rapid Spin|p1a: Skarmory
|-resisted|p1a: Skarmory
|-damage|p1a: Skarmory|33/100
|-sideend|p2: Stockings|Spikes|[from] move: Rapid Spin|[of] p2a: TOOTH PACT
|move|p1a: Skarmory|Drill Peck|p2a: TOOTH PACT
|-damage|p2a: TOOTH PACT|24/100
|
|-weather|Sandstorm|[upkeep]
|-damage|p2a: TOOTH PACT|18/100|[from] Sandstorm
|-heal|p2a: TOOTH PACT|24/100|[from] item: Leftovers
|-heal|p1a: Skarmory|39/100|[from] item: Leftovers
|upkeep
|turn|32
|
|t:|1729783175
|move|p2a: TOOTH PACT|Hydro Pump|p1a: Skarmory
|-damage|p1a: Skarmory|0 fnt
|faint|p1a: Skarmory
|
|t:|1729783184
|switch|p1a: Zapdos|Zapdos|97/100
|
|-weather|Sandstorm|[upkeep]
|-damage|p2a: TOOTH PACT|18/100|[from] Sandstorm
|-damage|p1a: Zapdos|91/100|[from] Sandstorm
|-heal|p2a: TOOTH PACT|24/100|[from] item: Leftovers
|-heal|p1a: Zapdos|97/100|[from] item: Leftovers
|upkeep
|turn|33
|
|t:|1729783193
|move|p2a: TOOTH PACT|Ice Beam|p1a: Zapdos
|-supereffective|p1a: Zapdos
|-crit|p1a: Zapdos
|-damage|p1a: Zapdos|0 fnt
|faint|p1a: Zapdos
|c|☆Stockings|ye sry
|c|☆Stockings|set's been whack
|c|☆RetiredBohrier|Nah its even 
|
|t:|1729783205
|switch|p1a: Swampert|Swampert, F|64/100
|
|-weather|Sandstorm|[upkeep]
|-damage|p2a: TOOTH PACT|18/100|[from] Sandstorm
|-heal|p2a: TOOTH PACT|24/100|[from] item: Leftovers
|-heal|p1a: Swampert|70/100|[from] item: Leftovers
|upkeep
|turn|34
|
|t:|1729783213
|move|p2a: TOOTH PACT|Hydro Pump|p1a: Swampert
|-damage|p1a: Swampert|20/100
|move|p1a: Swampert|Hydro Pump|p2a: TOOTH PACT
|-resisted|p2a: TOOTH PACT
|-damage|p2a: TOOTH PACT|0 fnt
|faint|p2a: TOOTH PACT
|inactive|Stockings has 150 seconds left.
|
|t:|1729783227
|switch|p2a: FIRE4FUN|Moltres|10/100
|
|-weather|Sandstorm|[upkeep]
|-damage|p2a: FIRE4FUN|4/100|[from] Sandstorm
|-heal|p2a: FIRE4FUN|10/100|[from] item: Leftovers
|-heal|p1a: Swampert|26/100|[from] item: Leftovers
|upkeep
|turn|35
|c|☆RetiredBohrier|Aight gg I think that's 3-2 for me 
|
|t:|1729783233
|move|p2a: FIRE4FUN|Hidden Power|p1a: Swampert
|-supereffective|p1a: Swampert
|-damage|p1a: Swampert|0 fnt
|faint|p1a: Swampert
|
|t:|1729783235
|switch|p1a: Tyranitar|Tyranitar, M|100/100
|
|-weather|Sandstorm|[upkeep]
|-damage|p2a: FIRE4FUN|4/100|[from] Sandstorm
|-heal|p2a: FIRE4FUN|10/100|[from] item: Leftovers
|upkeep
|turn|36
|inactive|Stockings has 150 seconds left.
|
|t:|1729783255
|move|p2a: FIRE4FUN|Hidden Power|p1a: Tyranitar
|-supereffective|p1a: Tyranitar
|-damage|p1a: Tyranitar|50/100
|move|p1a: Tyranitar|Dragon Dance|p1a: Tyranitar
|-boost|p1a: Tyranitar|atk|1
|-boost|p1a: Tyranitar|spe|1
|
|-weather|Sandstorm|[upkeep]
|-damage|p2a: FIRE4FUN|4/100|[from] Sandstorm
|-heal|p1a: Tyranitar|57/100|[from] item: Leftovers
|-heal|p2a: FIRE4FUN|10/100|[from] item: Leftovers
|upkeep
|turn|37
|
|t:|1729783261
|move|p1a: Tyranitar|Rock Slide|p2a: FIRE4FUN
|-supereffective|p2a: FIRE4FUN
|-damage|p2a: FIRE4FUN|0 fnt
|faint|p2a: FIRE4FUN
|
|t:|1729783263
|switch|p2a: PIN-EYE|Metagross|100/100
|
|-weather|Sandstorm|[upkeep]
|-heal|p1a: Tyranitar|63/100|[from] item: Leftovers
|upkeep
|turn|38
|inactive|Stockings has 150 seconds left.
|
|t:|1729783285
|move|p1a: Tyranitar|Earthquake|p2a: PIN-EYE
|-supereffective|p2a: PIN-EYE
|-damage|p2a: PIN-EYE|14/100
|move|p2a: PIN-EYE|Agility|p2a: PIN-EYE
|-boost|p2a: PIN-EYE|spe|2
|
|-weather|Sandstorm|[upkeep]
|-heal|p2a: PIN-EYE|20/100|[from] item: Leftovers
|-heal|p1a: Tyranitar|69/100|[from] item: Leftovers
|upkeep
|turn|39
|c|☆RetiredBohrier|Is ur skarm peck 
|c|☆RetiredBohrier|oh it doesn't matter
|inactive|Stockings has 150 seconds left.
|
|t:|1729783302
|move|p2a: PIN-EYE|Meteor Mash|p1a: Tyranitar|[miss]
|-miss|p2a: PIN-EYE|p1a: Tyranitar
|move|p1a: Tyranitar|Earthquake|p2a: PIN-EYE
|-supereffective|p2a: PIN-EYE
|-damage|p2a: PIN-EYE|0 fnt
|faint|p2a: PIN-EYE
|
|t:|1729783305
|switch|p2a: RISK RISK RISK!|Skarmory, F|100/100
|
|-weather|Sandstorm|[upkeep]
|-heal|p1a: Tyranitar|75/100|[from] item: Leftovers
|upkeep
|turn|40
|c|☆RetiredBohrier|OH MY GOD
|
|t:|1729783316
|move|p1a: Tyranitar|Rock Slide|p2a: RISK RISK RISK!
|-damage|p2a: RISK RISK RISK!|56/100
|cant|p2a: RISK RISK RISK!|flinch
|
|-weather|Sandstorm|[upkeep]
|-heal|p1a: Tyranitar|81/100|[from] item: Leftovers
|-heal|p2a: RISK RISK RISK!|62/100|[from] item: Leftovers
|upkeep
|turn|41
|
|t:|1729783320
|move|p2a: RISK RISK RISK!|Protect|p2a: RISK RISK RISK!
|-singleturn|p2a: RISK RISK RISK!|Protect
|move|p1a: Tyranitar|Rock Slide|p2a: RISK RISK RISK!
|-activate|p2a: RISK RISK RISK!|Protect
|
|-weather|Sandstorm|[upkeep]
|-heal|p1a: Tyranitar|88/100|[from] item: Leftovers
|-heal|p2a: RISK RISK RISK!|68/100|[from] item: Leftovers
|upkeep
|turn|42
|
|t:|1729783327
|move|p1a: Tyranitar|Rock Slide|p2a: RISK RISK RISK!|[miss]
|-miss|p1a: Tyranitar|p2a: RISK RISK RISK!
|move|p2a: RISK RISK RISK!|Toxic|p1a: Tyranitar|[miss]
|-miss|p2a: RISK RISK RISK!|p1a: Tyranitar
|
|-weather|Sandstorm|[upkeep]
|-heal|p1a: Tyranitar|94/100|[from] item: Leftovers
|-heal|p2a: RISK RISK RISK!|74/100|[from] item: Leftovers
|upkeep
|turn|43
|
|t:|1729783331
|move|p1a: Tyranitar|Rock Slide|p2a: RISK RISK RISK!
|-damage|p2a: RISK RISK RISK!|26/100
|move|p2a: RISK RISK RISK!|Toxic|p1a: Tyranitar|[miss]
|-miss|p2a: RISK RISK RISK!|p1a: Tyranitar
|
|-weather|Sandstorm|[upkeep]
|-heal|p1a: Tyranitar|99/100|[from] item: Leftovers
|-heal|p2a: RISK RISK RISK!|32/100|[from] item: Leftovers
|upkeep
|turn|44
|c|☆RetiredBohrier|God wanted me in this tour 
|c|☆Stockings|ruff g2
|c|☆Stockings|gg
|c|☆RetiredBohrier|Yeah gg 
|-message|Stockings forfeited.
|
|win|RetiredBohrier
|c|☆RetiredBohrier|Both games were dirty tho
|player|p1|

</script>
<script type="application/json" class="data" id="replaydata-smogtours-gen3ou-801544">
{"id":"smogtours-gen3ou-801544","format":"[Gen 3] OU","players":["RetiredBohrier","Stockings"],"uploadtime":1729783346,"views":90,"formatid":"gen3ou","rating":null,"private":0,"password":null}
</script>

<script defer src="js/replays.js?9d40a366"></script>
