<!DOCTYPE html>
<meta charset="utf-8" />
<meta name="viewport" content="width=device-width" />

<title>[Gen 3] OU: yt-cyber-dj vs. GShed - Replays - Pok&eacute;mon Showdown!</title>

<meta name="description" content="Watch a replay of a Pok&eacute;mon battle between yt-cyber-dj and GShed! Format: [Gen 3] OU; Date: Nov 4, 2024" />
<!--

Hey, you! Looking in the source for the replay log?

You can find them in JSON format, just add `.json` at the end of a replay URL.

https://replay.pokemonshowdown.com/gen7randomdoublesbattle-865046831.json

Or, if you only need the log itself, add `.log` instead:

https://replay.pokemonshowdown.com/gen7randomdoublesbattle-865046831.log

-->

<link rel="stylesheet" href="//pokemonshowdown.com/style/global.css?0.023195364461161105" />
<link rel="stylesheet" href="//play.pokemonshowdown.com/style/font-awesome.css?0.13261647063804238" />
<link rel="stylesheet" href="//play.pokemonshowdown.com/style/battle.css?0.8753245789963631" />
<link rel="stylesheet" href="//play.pokemonshowdown.com/style/utilichart.css?0.8627959624976733" />

<!-- Global site tag (gtag.js) - Google Analytics -->
<script async src="https://www.googletagmanager.com/gtag/js?id=UA-26211653-1"></script>
<script>
  window.dataLayer = window.dataLayer || [];
  function gtag(){dataLayer.push(arguments);}
  gtag('js', new Date());

  gtag('config', 'UA-26211653-1');
</script>
<!-- End Google Analytics -->
<!-- Venatus Ad Manager - Install in <HEAD> of page -->
	<script src="https://hb.vntsm.com/v3/live/ad-manager.min.js" type="text/javascript" data-site-id="642aba63ec9a7b11c3c9c1be" data-mode="scan" async></script>
<!-- / Venatus Ad Manager -->

<style>
	@media (max-width:820px) {
		.battle {
			margin: 0 auto;
		}
		.battle-log {
			margin: 7px auto 0;
			max-width: 640px;
			height: 300px;
			position: static;
		}
	}
	.optgroup {
		display: inline-block;
		line-height: 22px;
		font-size: 10pt;
	}
	.optgroup .button {
		height: 25px;
		padding-top: 0;
		padding-bottom: 0;
	}
	.optgroup button.button {
		padding-left: 12px;
		padding-right: 12px;
	}
	.linklist {
		list-style: none;
		margin: 0.5em 0;
		padding: 0;
	}
	.linklist li {
		padding: 2px 0;
	}
	.sidebar {
		float: left;
		width: 320px;
	}
	.bar-wrapper {
		max-width: 1100px;
		margin: 0 auto;
	}
	.bar-wrapper.has-sidebar {
		max-width: 1430px;
	}
	.mainbar {
		margin: 0;
		padding-right: 1px;
	}
	.mainbar.has-sidebar {
		margin-left: 330px;
	}
	@media (min-width: 1511px) {
		.sidebar {
			width: 400px;
		}
		.bar-wrapper.has-sidebar {
			max-width: 1510px;
		}
		.mainbar.has-sidebar {
			margin-left: 410px;
		}
	}
	.section.first-section {
		margin-top: 9px;
	}
	.blocklink small {
		white-space: normal;
	}
	.button {
		vertical-align: middle;
	}
	.replay-controls {
		padding-top: 10px;
	}
	.replay-controls h1 {
		font-size: 16pt;
		font-weight: normal;
		color: #CCC;
	}
	.pagelink {
		text-align: center;
	}
	.pagelink a {
		width: 150px;
	}
	.textbox, .button {
		font-size: 11pt;
		vertical-align: middle;
	}
	@media (max-width: 450px) {
		.button {
			font-size: 9pt;
		}
	}
</style>

<div>

	<header>
		<div class="nav-wrapper"><ul class="nav">
			<li><a class="button nav-first" href="//pokemonshowdown.com/"><img src="//pokemonshowdown.com/images/pokemonshowdownbeta.png" srcset="//pokemonshowdown.com/images/pokemonshowdownbeta.png 1x, //pokemonshowdown.com/images/pokemonshowdownbeta@2x.png 2x" alt="Pok&eacute;mon Showdown" width="146" height="44" /> Home</a></li>
			<li><a class="button" href="//pokemonshowdown.com/dex/">Pok&eacute;dex</a></li>
			<li><a class="button cur" href="/">Replays</a></li>
			<li><a class="button" href="//pokemonshowdown.com/ladder/">Ladder</a></li>
			<li><a class="button nav-last" href="//pokemonshowdown.com/forums/">Forum</a></li>
			<li><a class="button greenbutton nav-first nav-last" href="//play.pokemonshowdown.com/">Play</a></li>
		</ul></div>
	</header>

	<div class="main" id="main">

		<noscript><section class="section">You need to enable JavaScript to use this page; sorry!</section></noscript>

	</div>

</div>

<script defer nomodule src="//play.pokemonshowdown.com/js/lib/ps-polyfill.js"></script>
<script defer src="//play.pokemonshowdown.com/js/lib/preact.min.js"></script>

<script defer src="//play.pokemonshowdown.com/config/config.js?2bddbc15"></script>
<script defer src="//play.pokemonshowdown.com/js/lib/jquery-1.11.0.min.js"></script>
<script defer src="//play.pokemonshowdown.com/js/lib/html-sanitizer-minified.js"></script>
<script defer src="//play.pokemonshowdown.com/js/battle-sound.js"></script>
<script defer src="//play.pokemonshowdown.com/js/battledata.js?0.7209276989879541"></script>
<script defer src="//play.pokemonshowdown.com/data/pokedex-mini.js?0.6111056340867951"></script>
<script defer src="//play.pokemonshowdown.com/data/pokedex-mini-bw.js?0.3532142036491459"></script>
<script defer src="//play.pokemonshowdown.com/data/graphics.js?0.24223875632456182"></script>
<script defer src="//play.pokemonshowdown.com/data/pokedex.js?0.38839984266356864"></script>
<script defer src="//play.pokemonshowdown.com/data/moves.js?0.21866028504024015"></script>
<script defer src="//play.pokemonshowdown.com/data/abilities.js?0.2005157953846628"></script>
<script defer src="//play.pokemonshowdown.com/data/items.js?0.9894211263848525"></script>
<script defer src="//play.pokemonshowdown.com/data/teambuilder-tables.js?0.6008791140282215"></script>
<script defer src="//play.pokemonshowdown.com/js/battle-tooltips.js?0.7580118955022959"></script>
<script defer src="//play.pokemonshowdown.com/js/battle.js?0.6057722274234274"></script>

<script defer src="js/utils.js?e31f9a17"></script>
<script defer src="js/replays-battle.js?7008c182"></script>

<!-- don't scrape this data! just add .json or .log after the URL!
Full API docs: https://github.com/smogon/pokemon-showdown-client/blob/master/WEB-API.md -->
<script type="text/plain" class="log" id="replaylog-smogtours-gen3ou-804700">
|inactive|Battle timer is ON: inactive players will automatically lose when time's up.
|t:|1730681764
|gametype|singles
|player|p1|yt-cyber-dj|gambler|
|player|p2|GShed|clay|
|teamsize|p1|6
|teamsize|p2|6
|gen|3
|tier|[Gen 3] OU
|rule|Sleep Clause Mod: Limit one foe put to sleep
|rule|Switch Priority Clause Mod: Faster Pokémon switch first
|rule|Species Clause: Limit one of each Pokémon
|rule|OHKO Clause: OHKO moves are banned
|rule|Evasion Items Clause: Evasion items are banned
|rule|Evasion Moves Clause: Evasion moves are banned
|rule|Endless Battle Clause: Forcing endless battles is banned
|rule|HP Percentage Mod: HP is shown in percentages
|rule|One Boost Passer Clause: Limit one Baton Passer that has a way to boost its stats
|rule|Freeze Clause Mod: Limit one foe frozen
|
|t:|1730681764
|start
|switch|p1a: Skarmory|Skarmory, F|100/100
|switch|p2a: Regirock|Regirock|100/100
|turn|1
|c|☆yt-cyber-dj|GLHF
|c|☆GShed|glhf
|
|t:|1730681785
|switch|p2a: Magneton|Magneton|100/100
|move|p1a: Skarmory|Toxic|p2a: Magneton
|-immune|p2a: Magneton
|
|upkeep
|turn|2
|
|t:|1730681793
|move|p2a: Magneton|Thunderbolt|p1a: Skarmory
|-supereffective|p1a: Skarmory
|-damage|p1a: Skarmory|4/100
|-status|p1a: Skarmory|par
|move|p1a: Skarmory|Roar|p2a: Magneton
|drag|p2a: Regirock|Regirock|100/100
|
|-heal|p1a: Skarmory|10/100 par|[from] item: Leftovers
|upkeep
|turn|3
|
|t:|1730681801
|switch|p1a: Swampert|Swampert, F|100/100
|move|p2a: Regirock|Rock Slide|p1a: Swampert
|-resisted|p1a: Swampert
|-damage|p1a: Swampert|88/100
|
|-heal|p1a: Swampert|94/100|[from] item: Leftovers
|upkeep
|turn|4
|
|t:|1730681808
|switch|p2a: Suicune|Suicune|100/100
|move|p1a: Swampert|Protect||[still]
|-fail|p1a: Swampert
|
|-heal|p1a: Swampert|100/100|[from] item: Leftovers
|upkeep
|turn|5
|
|t:|1730681814
|switch|p1a: Starmie|Starmie|100/100
|move|p2a: Suicune|Surf|p1a: Starmie
|-resisted|p1a: Starmie
|-damage|p1a: Starmie|78/100
|
|-heal|p1a: Starmie|84/100|[from] item: Leftovers
|upkeep
|turn|6
|
|t:|1730681821
|switch|p2a: Snorlax|Snorlax, M|100/100
|move|p1a: Starmie|Hydro Pump|p2a: Snorlax
|-damage|p2a: Snorlax|75/100
|
|-heal|p1a: Starmie|90/100|[from] item: Leftovers
|-heal|p2a: Snorlax|81/100|[from] item: Leftovers
|upkeep
|turn|7
|
|t:|1730681836
|switch|p1a: Gengar|Gengar, F|100/100
|move|p2a: Snorlax|Body Slam|p1a: Gengar
|-immune|p1a: Gengar
|
|-heal|p2a: Snorlax|87/100|[from] item: Leftovers
|upkeep
|turn|8
|
|t:|1730681847
|switch|p1a: Tyranitar|Tyranitar, M|100/100
|-weather|Sandstorm|[from] ability: Sand Stream|[of] p1a: Tyranitar
|switch|p2a: Magneton|Magneton|100/100
|
|-weather|Sandstorm|[upkeep]
|upkeep
|turn|9
|
|t:|1730681872
|move|p2a: Magneton|Thunderbolt|p1a: Tyranitar
|-damage|p1a: Tyranitar|55/100
|move|p1a: Tyranitar|Earthquake|p2a: Magneton
|-supereffective|p2a: Magneton
|-damage|p2a: Magneton|0 fnt
|faint|p2a: Magneton
|
|t:|1730681879
|switch|p2a: Metagross|Metagross|100/100
|
|-weather|Sandstorm|[upkeep]
|-heal|p1a: Tyranitar|61/100|[from] item: Leftovers
|upkeep
|turn|10
|
|t:|1730681893
|switch|p1a: Skarmory|Skarmory, F|10/100 par
|move|p2a: Metagross|Meteor Mash|p1a: Skarmory
|-resisted|p1a: Skarmory
|-damage|p1a: Skarmory|0 fnt
|faint|p1a: Skarmory
|
|t:|1730681897
|switch|p1a: Swampert|Swampert, F|100/100
|
|-weather|Sandstorm|[upkeep]
|upkeep
|turn|11
|
|t:|1730681901
|switch|p2a: Suicune|Suicune|100/100
|move|p1a: Swampert|Protect||[still]
|-fail|p1a: Swampert
|
|-weather|Sandstorm|[upkeep]
|-damage|p2a: Suicune|94/100|[from] Sandstorm
|-heal|p2a: Suicune|100/100|[from] item: Leftovers
|upkeep
|turn|12
|
|t:|1730681912
|switch|p2a: Snorlax|Snorlax, M|87/100
|switch|p1a: Blissey|Blissey, F|100/100
|
|-weather|Sandstorm|[upkeep]
|-damage|p1a: Blissey|94/100|[from] Sandstorm
|-damage|p2a: Snorlax|81/100|[from] Sandstorm
|-heal|p1a: Blissey|100/100|[from] item: Leftovers
|-heal|p2a: Snorlax|87/100|[from] item: Leftovers
|upkeep
|turn|13
|
|t:|1730681926
|switch|p1a: Tyranitar|Tyranitar, M|61/100
|move|p2a: Snorlax|Earthquake|p1a: Tyranitar
|-supereffective|p1a: Tyranitar
|-damage|p1a: Tyranitar|15/100
|
|-weather|Sandstorm|[upkeep]
|-damage|p2a: Snorlax|81/100|[from] Sandstorm
|-heal|p1a: Tyranitar|21/100|[from] item: Leftovers
|-heal|p2a: Snorlax|87/100|[from] item: Leftovers
|upkeep
|turn|14
|
|t:|1730681936
|switch|p1a: Gengar|Gengar, F|100/100
|switch|p2a: Regirock|Regirock|100/100
|
|-weather|Sandstorm|[upkeep]
|-damage|p1a: Gengar|95/100|[from] Sandstorm
|-heal|p1a: Gengar|100/100|[from] item: Leftovers
|upkeep
|turn|15
|
|t:|1730681945
|move|p1a: Gengar|Will-O-Wisp|p2a: Regirock
|-status|p2a: Regirock|brn
|move|p2a: Regirock|Rock Slide|p1a: Gengar
|-damage|p1a: Gengar|67/100
|
|-weather|Sandstorm|[upkeep]
|-damage|p1a: Gengar|62/100|[from] Sandstorm
|-heal|p1a: Gengar|67/100|[from] item: Leftovers
|-damage|p2a: Regirock|88/100 brn|[from] brn
|upkeep
|turn|16
|inactive|yt-cyber-dj has 270 seconds left.
|
|t:|1730681978
|move|p1a: Gengar|Thunderbolt|p2a: Regirock
|-damage|p2a: Regirock|62/100 brn
|move|p2a: Regirock|Rock Slide|p1a: Gengar
|-damage|p1a: Gengar|36/100
|
|-weather|Sandstorm|[upkeep]
|-damage|p1a: Gengar|30/100|[from] Sandstorm
|-heal|p1a: Gengar|36/100|[from] item: Leftovers
|-heal|p2a: Regirock|68/100 brn|[from] item: Leftovers
|-damage|p2a: Regirock|56/100 brn|[from] brn
|upkeep
|turn|17
|inactive|yt-cyber-dj has 270 seconds left.
|
|t:|1730681988
|switch|p1a: Swampert|Swampert, F|100/100
|move|p2a: Regirock|Rock Slide|p1a: Swampert
|-resisted|p1a: Swampert
|-damage|p1a: Swampert|94/100
|
|-weather|Sandstorm|[upkeep]
|-heal|p1a: Swampert|99/100|[from] item: Leftovers
|-heal|p2a: Regirock|62/100 brn|[from] item: Leftovers
|-damage|p2a: Regirock|49/100 brn|[from] brn
|upkeep
|turn|18
|
|t:|1730681998
|switch|p1a: Blissey|Blissey, F|100/100
|move|p2a: Regirock|Explosion|p1a: Blissey
|-damage|p1a: Blissey|12/100
|faint|p2a: Regirock
|
|t:|1730682015
|switch|p2a: Metagross|Metagross|100/100
|
|-weather|Sandstorm|[upkeep]
|-damage|p1a: Blissey|6/100|[from] Sandstorm
|-heal|p1a: Blissey|12/100|[from] item: Leftovers
|upkeep
|turn|19
|
|t:|1730682031
|switch|p1a: Swampert|Swampert, F|99/100
|move|p2a: Metagross|Meteor Mash|p1a: Swampert
|-resisted|p1a: Swampert
|-damage|p1a: Swampert|78/100
|
|-weather|Sandstorm|[upkeep]
|-heal|p1a: Swampert|85/100|[from] item: Leftovers
|upkeep
|turn|20
|
|t:|1730682038
|switch|p2a: Suicune|Suicune|100/100
|move|p1a: Swampert|Protect||[still]
|-fail|p1a: Swampert
|
|-weather|Sandstorm|[upkeep]
|-damage|p2a: Suicune|94/100|[from] Sandstorm
|-heal|p2a: Suicune|100/100|[from] item: Leftovers
|-heal|p1a: Swampert|91/100|[from] item: Leftovers
|upkeep
|turn|21
|
|t:|1730682047
|move|p2a: Suicune|Surf|p1a: Swampert
|-damage|p1a: Swampert|63/100
|move|p1a: Swampert|Earthquake|p2a: Suicune
|-crit|p2a: Suicune
|-damage|p2a: Suicune|60/100
|
|-weather|Sandstorm|[upkeep]
|-damage|p2a: Suicune|54/100|[from] Sandstorm
|-heal|p2a: Suicune|60/100|[from] item: Leftovers
|-heal|p1a: Swampert|69/100|[from] item: Leftovers
|upkeep
|turn|22
|
|t:|1730682061
|switch|p1a: Starmie|Starmie|90/100
|move|p2a: Suicune|Calm Mind|p2a: Suicune
|-boost|p2a: Suicune|spa|1
|-boost|p2a: Suicune|spd|1
|
|-weather|Sandstorm|[upkeep]
|-damage|p1a: Starmie|84/100|[from] Sandstorm
|-damage|p2a: Suicune|54/100|[from] Sandstorm
|-heal|p1a: Starmie|90/100|[from] item: Leftovers
|-heal|p2a: Suicune|60/100|[from] item: Leftovers
|upkeep
|turn|23
|
|t:|1730682071
|switch|p2a: Snorlax|Snorlax, M|87/100
|move|p1a: Starmie|Thunderbolt|p2a: Snorlax
|-damage|p2a: Snorlax|74/100
|
|-weather|Sandstorm|[upkeep]
|-damage|p1a: Starmie|84/100|[from] Sandstorm
|-damage|p2a: Snorlax|68/100|[from] Sandstorm
|-heal|p1a: Starmie|90/100|[from] item: Leftovers
|-heal|p2a: Snorlax|74/100|[from] item: Leftovers
|upkeep
|turn|24
|
|t:|1730682080
|switch|p1a: Gengar|Gengar, F|36/100
|move|p2a: Snorlax|Shadow Ball|p1a: Gengar
|-supereffective|p1a: Gengar
|-damage|p1a: Gengar|0 fnt
|faint|p1a: Gengar
|
|t:|1730682087
|switch|p1a: Tyranitar|Tyranitar, M|21/100
|
|-weather|Sandstorm|[upkeep]
|-damage|p2a: Snorlax|68/100|[from] Sandstorm
|-heal|p1a: Tyranitar|27/100|[from] item: Leftovers
|-heal|p2a: Snorlax|74/100|[from] item: Leftovers
|upkeep
|turn|25
|
|t:|1730682117
|switch|p2a: Suicune|Suicune|60/100
|move|p1a: Tyranitar|Earthquake|p2a: Suicune
|-damage|p2a: Suicune|38/100
|
|-weather|Sandstorm|[upkeep]
|-damage|p2a: Suicune|32/100|[from] Sandstorm
|-heal|p2a: Suicune|38/100|[from] item: Leftovers
|-heal|p1a: Tyranitar|34/100|[from] item: Leftovers
|upkeep
|turn|26
|
|t:|1730682125
|switch|p1a: Starmie|Starmie|90/100
|move|p2a: Suicune|Rest|p2a: Suicune
|-status|p2a: Suicune|slp|[from] move: Rest
|-heal|p2a: Suicune|100/100 slp|[silent]
|
|-weather|Sandstorm|[upkeep]
|-damage|p1a: Starmie|84/100|[from] Sandstorm
|-damage|p2a: Suicune|94/100 slp|[from] Sandstorm
|-heal|p1a: Starmie|90/100|[from] item: Leftovers
|-heal|p2a: Suicune|100/100 slp|[from] item: Leftovers
|upkeep
|turn|27
|
|t:|1730682137
|switch|p2a: Snorlax|Snorlax, M|74/100
|move|p1a: Starmie|Hydro Pump|p2a: Snorlax
|-damage|p2a: Snorlax|46/100
|
|-weather|Sandstorm|[upkeep]
|-damage|p1a: Starmie|84/100|[from] Sandstorm
|-damage|p2a: Snorlax|40/100|[from] Sandstorm
|-heal|p1a: Starmie|90/100|[from] item: Leftovers
|-heal|p2a: Snorlax|46/100|[from] item: Leftovers
|upkeep
|turn|28
|
|t:|1730682147
|switch|p1a: Swampert|Swampert, F|69/100
|move|p2a: Snorlax|Body Slam|p1a: Swampert
|-damage|p1a: Swampert|43/100
|
|-weather|Sandstorm|[upkeep]
|-damage|p2a: Snorlax|40/100|[from] Sandstorm
|-heal|p1a: Swampert|49/100|[from] item: Leftovers
|-heal|p2a: Snorlax|46/100|[from] item: Leftovers
|upkeep
|turn|29
|
|t:|1730682169
|switch|p2a: Suicune|Suicune|100/100 slp
|move|p1a: Swampert|Earthquake|p2a: Suicune
|-damage|p2a: Suicune|79/100 slp
|
|-weather|Sandstorm|[upkeep]
|-damage|p2a: Suicune|73/100 slp|[from] Sandstorm
|-heal|p2a: Suicune|79/100 slp|[from] item: Leftovers
|-heal|p1a: Swampert|55/100|[from] item: Leftovers
|upkeep
|turn|30
|inactive|GShed has 270 seconds left.
|
|t:|1730682185
|switch|p2a: Metagross|Metagross|100/100
|switch|p1a: Tyranitar|Tyranitar, M|34/100
|
|-weather|Sandstorm|[upkeep]
|-heal|p1a: Tyranitar|40/100|[from] item: Leftovers
|upkeep
|turn|31
|
|t:|1730682192
|switch|p1a: Blissey|Blissey, F|12/100
|move|p2a: Metagross|Earthquake|p1a: Blissey
|-damage|p1a: Blissey|0 fnt
|faint|p1a: Blissey
|
|t:|1730682198
|switch|p1a: Swampert|Swampert, F|55/100
|
|-weather|Sandstorm|[upkeep]
|-heal|p1a: Swampert|62/100|[from] item: Leftovers
|upkeep
|turn|32
|
|t:|1730682202
|switch|p2a: Suicune|Suicune|79/100 slp
|move|p1a: Swampert|Protect||[still]
|-fail|p1a: Swampert
|
|-weather|Sandstorm|[upkeep]
|-damage|p2a: Suicune|73/100 slp|[from] Sandstorm
|-heal|p2a: Suicune|79/100 slp|[from] item: Leftovers
|-heal|p1a: Swampert|68/100|[from] item: Leftovers
|upkeep
|turn|33
|
|t:|1730682211
|cant|p2a: Suicune|slp
|move|p2a: Suicune|Sleep Talk|p2a: Suicune
|move|p2a: Suicune|Rest|p2a: Suicune|[from]Sleep Talk
|move|p1a: Swampert|Earthquake|p2a: Suicune
|-damage|p2a: Suicune|57/100 slp
|
|-weather|Sandstorm|[upkeep]
|-damage|p2a: Suicune|51/100 slp|[from] Sandstorm
|-heal|p2a: Suicune|57/100 slp|[from] item: Leftovers
|-heal|p1a: Swampert|74/100|[from] item: Leftovers
|upkeep
|turn|34
|
|t:|1730682220
|cant|p2a: Suicune|slp
|move|p2a: Suicune|Sleep Talk|p2a: Suicune
|move|p2a: Suicune|Rest|p2a: Suicune|[from]Sleep Talk
|move|p1a: Swampert|Earthquake|p2a: Suicune
|-damage|p2a: Suicune|38/100 slp
|
|-weather|Sandstorm|[upkeep]
|-damage|p2a: Suicune|32/100 slp|[from] Sandstorm
|-heal|p2a: Suicune|38/100 slp|[from] item: Leftovers
|-heal|p1a: Swampert|80/100|[from] item: Leftovers
|upkeep
|turn|35
|
|t:|1730682231
|switch|p1a: Starmie|Starmie|90/100
|-curestatus|p2a: Suicune|slp|[msg]
|move|p2a: Suicune|Rest|p2a: Suicune
|-status|p2a: Suicune|slp|[from] move: Rest
|-heal|p2a: Suicune|100/100 slp|[silent]
|
|-weather|Sandstorm|[upkeep]
|-damage|p1a: Starmie|84/100|[from] Sandstorm
|-damage|p2a: Suicune|94/100 slp|[from] Sandstorm
|-heal|p1a: Starmie|90/100|[from] item: Leftovers
|-heal|p2a: Suicune|100/100 slp|[from] item: Leftovers
|upkeep
|turn|36
|
|t:|1730682242
|switch|p2a: Snorlax|Snorlax, M|46/100
|move|p1a: Starmie|Thunderbolt|p2a: Snorlax
|-damage|p2a: Snorlax|31/100
|
|-weather|Sandstorm|[upkeep]
|-damage|p1a: Starmie|84/100|[from] Sandstorm
|-damage|p2a: Snorlax|25/100|[from] Sandstorm
|-heal|p1a: Starmie|90/100|[from] item: Leftovers
|-heal|p2a: Snorlax|31/100|[from] item: Leftovers
|upkeep
|turn|37
|
|t:|1730682254
|move|p1a: Starmie|Hydro Pump|p2a: Snorlax|[miss]
|-miss|p1a: Starmie|p2a: Snorlax
|move|p2a: Snorlax|Self-Destruct|p1a: Starmie
|-damage|p1a: Starmie|0 fnt
|faint|p2a: Snorlax
|faint|p1a: Starmie
|
|t:|1730682270
|switch|p1a: Swampert|Swampert, F|80/100
|switch|p2a: Suicune|Suicune|100/100 slp
|
|-weather|Sandstorm|[upkeep]
|-damage|p2a: Suicune|94/100 slp|[from] Sandstorm
|-heal|p2a: Suicune|100/100 slp|[from] item: Leftovers
|-heal|p1a: Swampert|87/100|[from] item: Leftovers
|upkeep
|turn|38
|
|t:|1730682278
|switch|p1a: Tyranitar|Tyranitar, M|40/100
|cant|p2a: Suicune|slp
|move|p2a: Suicune|Sleep Talk|p2a: Suicune
|move|p2a: Suicune|Rest|p2a: Suicune|[from]Sleep Talk
|
|-weather|Sandstorm|[upkeep]
|-damage|p2a: Suicune|94/100 slp|[from] Sandstorm
|-heal|p2a: Suicune|100/100 slp|[from] item: Leftovers
|-heal|p1a: Tyranitar|46/100|[from] item: Leftovers
|upkeep
|turn|39
|
|t:|1730682287
|-singleturn|p1a: Tyranitar|move: Focus Punch
|cant|p2a: Suicune|slp
|move|p2a: Suicune|Sleep Talk|p2a: Suicune
|move|p2a: Suicune|Calm Mind|p2a: Suicune|[from]Sleep Talk
|-boost|p2a: Suicune|spa|1
|-boost|p2a: Suicune|spd|1
|move|p1a: Tyranitar|Focus Punch|p2a: Suicune
|-damage|p2a: Suicune|66/100 slp
|
|-weather|Sandstorm|[upkeep]
|-damage|p2a: Suicune|60/100 slp|[from] Sandstorm
|-heal|p2a: Suicune|66/100 slp|[from] item: Leftovers
|-heal|p1a: Tyranitar|52/100|[from] item: Leftovers
|upkeep
|turn|40
|
|t:|1730682305
|-curestatus|p2a: Suicune|slp|[msg]
|move|p2a: Suicune|Surf|p1a: Tyranitar
|-supereffective|p1a: Tyranitar
|-damage|p1a: Tyranitar|0 fnt
|faint|p1a: Tyranitar
|
|t:|1730682306
|switch|p1a: Swampert|Swampert, F|87/100
|
|-weather|Sandstorm|[upkeep]
|-damage|p2a: Suicune|60/100|[from] Sandstorm
|-heal|p2a: Suicune|66/100|[from] item: Leftovers
|-heal|p1a: Swampert|93/100|[from] item: Leftovers
|upkeep
|turn|41
|
|t:|1730682315
|move|p2a: Suicune|Surf|p1a: Swampert
|-damage|p1a: Swampert|50/100
|move|p1a: Swampert|Earthquake|p2a: Suicune
|-damage|p2a: Suicune|47/100
|
|-weather|Sandstorm|[upkeep]
|-damage|p2a: Suicune|41/100|[from] Sandstorm
|-heal|p2a: Suicune|47/100|[from] item: Leftovers
|-heal|p1a: Swampert|57/100|[from] item: Leftovers
|upkeep
|turn|42
|
|t:|1730682337
|move|p2a: Suicune|Surf|p1a: Swampert
|-damage|p1a: Swampert|19/100
|move|p1a: Swampert|Earthquake|p2a: Suicune
|-damage|p2a: Suicune|25/100
|
|-weather|Sandstorm|[upkeep]
|-damage|p2a: Suicune|18/100|[from] Sandstorm
|-heal|p2a: Suicune|25/100|[from] item: Leftovers
|-heal|p1a: Swampert|26/100|[from] item: Leftovers
|upkeep
|turn|43
|
|t:|1730682346
|move|p2a: Suicune|Surf|p1a: Swampert
|-damage|p1a: Swampert|0 fnt
|faint|p1a: Swampert
|
|win|GShed
|c|☆GShed|gg
|c|☆yt-cyber-dj|GG
|player|p1|
|player|p1|yt-cyber-dj|gambler|

</script>
<script type="application/json" class="data" id="replaydata-smogtours-gen3ou-804700">
{"id":"smogtours-gen3ou-804700","format":"[Gen 3] OU","players":["yt-cyber-dj","GShed"],"uploadtime":1730682346,"views":46,"formatid":"gen3ou","rating":null,"private":0,"password":null}
</script>

<script defer src="js/replays.js?9d40a366"></script>
