<!DOCTYPE html>
<meta charset="utf-8" />
<meta name="viewport" content="width=device-width" />

<title>[Gen 3] OU: Please ban rachi vs. almarkowbender - Replays - Pok&eacute;mon Showdown!</title>

<meta name="description" content="Watch a replay of a Pok&eacute;mon battle between Please ban rachi and almarkowbender! Format: [Gen 3] OU; Date: Oct 9, 2024" />
<!--

Hey, you! Looking in the source for the replay log?

You can find them in JSON format, just add `.json` at the end of a replay URL.

https://replay.pokemonshowdown.com/gen7randomdoublesbattle-865046831.json

Or, if you only need the log itself, add `.log` instead:

https://replay.pokemonshowdown.com/gen7randomdoublesbattle-865046831.log

-->

<link rel="stylesheet" href="//pokemonshowdown.com/style/global.css?0.023195364461161105" />
<link rel="stylesheet" href="//play.pokemonshowdown.com/style/font-awesome.css?0.13261647063804238" />
<link rel="stylesheet" href="//play.pokemonshowdown.com/style/battle.css?0.8753245789963631" />
<link rel="stylesheet" href="//play.pokemonshowdown.com/style/utilichart.css?0.8627959624976733" />

<!-- Global site tag (gtag.js) - Google Analytics -->
<script async src="https://www.googletagmanager.com/gtag/js?id=UA-26211653-1"></script>
<script>
  window.dataLayer = window.dataLayer || [];
  function gtag(){dataLayer.push(arguments);}
  gtag('js', new Date());

  gtag('config', 'UA-26211653-1');
</script>
<!-- End Google Analytics -->
<!-- Venatus Ad Manager - Install in <HEAD> of page -->
	<script src="https://hb.vntsm.com/v3/live/ad-manager.min.js" type="text/javascript" data-site-id="642aba63ec9a7b11c3c9c1be" data-mode="scan" async></script>
<!-- / Venatus Ad Manager -->

<style>
	@media (max-width:820px) {
		.battle {
			margin: 0 auto;
		}
		.battle-log {
			margin: 7px auto 0;
			max-width: 640px;
			height: 300px;
			position: static;
		}
	}
	.optgroup {
		display: inline-block;
		line-height: 22px;
		font-size: 10pt;
	}
	.optgroup .button {
		height: 25px;
		padding-top: 0;
		padding-bottom: 0;
	}
	.optgroup button.button {
		padding-left: 12px;
		padding-right: 12px;
	}
	.linklist {
		list-style: none;
		margin: 0.5em 0;
		padding: 0;
	}
	.linklist li {
		padding: 2px 0;
	}
	.sidebar {
		float: left;
		width: 320px;
	}
	.bar-wrapper {
		max-width: 1100px;
		margin: 0 auto;
	}
	.bar-wrapper.has-sidebar {
		max-width: 1430px;
	}
	.mainbar {
		margin: 0;
		padding-right: 1px;
	}
	.mainbar.has-sidebar {
		margin-left: 330px;
	}
	@media (min-width: 1511px) {
		.sidebar {
			width: 400px;
		}
		.bar-wrapper.has-sidebar {
			max-width: 1510px;
		}
		.mainbar.has-sidebar {
			margin-left: 410px;
		}
	}
	.section.first-section {
		margin-top: 9px;
	}
	.blocklink small {
		white-space: normal;
	}
	.button {
		vertical-align: middle;
	}
	.replay-controls {
		padding-top: 10px;
	}
	.replay-controls h1 {
		font-size: 16pt;
		font-weight: normal;
		color: #CCC;
	}
	.pagelink {
		text-align: center;
	}
	.pagelink a {
		width: 150px;
	}
	.textbox, .button {
		font-size: 11pt;
		vertical-align: middle;
	}
	@media (max-width: 450px) {
		.button {
			font-size: 9pt;
		}
	}
</style>

<div>

	<header>
		<div class="nav-wrapper"><ul class="nav">
			<li><a class="button nav-first" href="//pokemonshowdown.com/"><img src="//pokemonshowdown.com/images/pokemonshowdownbeta.png" srcset="//pokemonshowdown.com/images/pokemonshowdownbeta.png 1x, //pokemonshowdown.com/images/pokemonshowdownbeta@2x.png 2x" alt="Pok&eacute;mon Showdown" width="146" height="44" /> Home</a></li>
			<li><a class="button" href="//pokemonshowdown.com/dex/">Pok&eacute;dex</a></li>
			<li><a class="button cur" href="/">Replays</a></li>
			<li><a class="button" href="//pokemonshowdown.com/ladder/">Ladder</a></li>
			<li><a class="button nav-last" href="//pokemonshowdown.com/forums/">Forum</a></li>
			<li><a class="button greenbutton nav-first nav-last" href="//play.pokemonshowdown.com/">Play</a></li>
		</ul></div>
	</header>

	<div class="main" id="main">

		<noscript><section class="section">You need to enable JavaScript to use this page; sorry!</section></noscript>

	</div>

</div>

<script defer nomodule src="//play.pokemonshowdown.com/js/lib/ps-polyfill.js"></script>
<script defer src="//play.pokemonshowdown.com/js/lib/preact.min.js"></script>

<script defer src="//play.pokemonshowdown.com/config/config.js?2bddbc15"></script>
<script defer src="//play.pokemonshowdown.com/js/lib/jquery-1.11.0.min.js"></script>
<script defer src="//play.pokemonshowdown.com/js/lib/html-sanitizer-minified.js"></script>
<script defer src="//play.pokemonshowdown.com/js/battle-sound.js"></script>
<script defer src="//play.pokemonshowdown.com/js/battledata.js?0.7209276989879541"></script>
<script defer src="//play.pokemonshowdown.com/data/pokedex-mini.js?0.6111056340867951"></script>
<script defer src="//play.pokemonshowdown.com/data/pokedex-mini-bw.js?0.3532142036491459"></script>
<script defer src="//play.pokemonshowdown.com/data/graphics.js?0.24223875632456182"></script>
<script defer src="//play.pokemonshowdown.com/data/pokedex.js?0.38839984266356864"></script>
<script defer src="//play.pokemonshowdown.com/data/moves.js?0.21866028504024015"></script>
<script defer src="//play.pokemonshowdown.com/data/abilities.js?0.2005157953846628"></script>
<script defer src="//play.pokemonshowdown.com/data/items.js?0.9894211263848525"></script>
<script defer src="//play.pokemonshowdown.com/data/teambuilder-tables.js?0.6008791140282215"></script>
<script defer src="//play.pokemonshowdown.com/js/battle-tooltips.js?0.7580118955022959"></script>
<script defer src="//play.pokemonshowdown.com/js/battle.js?0.6057722274234274"></script>

<script defer src="js/utils.js?e31f9a17"></script>
<script defer src="js/replays-battle.js?7008c182"></script>

<!-- don't scrape this data! just add .json or .log after the URL!
Full API docs: https://github.com/smogon/pokemon-showdown-client/blob/master/WEB-API.md -->
<script type="text/plain" class="log" id="replaylog-smogtours-gen3ou-796553">
|inactive|Battle timer is ON: inactive players will automatically lose when time's up.
|t:|1728434734
|gametype|singles
|player|p1|Please ban rachi|266|
|player|p2|almarkowbender|1|
|teamsize|p1|6
|teamsize|p2|6
|gen|3
|tier|[Gen 3] OU
|rule|Sleep Clause Mod: Limit one foe put to sleep
|rule|Switch Priority Clause Mod: Faster Pokémon switch first
|rule|Species Clause: Limit one of each Pokémon
|rule|OHKO Clause: OHKO moves are banned
|rule|Evasion Items Clause: Evasion items are banned
|rule|Evasion Moves Clause: Evasion moves are banned
|rule|Endless Battle Clause: Forcing endless battles is banned
|rule|HP Percentage Mod: HP is shown in percentages
|rule|One Boost Passer Clause: Limit one Baton Passer that has a way to boost its stats
|rule|Freeze Clause Mod: Limit one foe frozen
|
|t:|1728434734
|start
|switch|p1a: Salamence|Salamence, F|100/100
|switch|p2a: Computer|Metagross|100/100
|-ability|p1a: Salamence|Intimidate|boost
|-fail|p2a: Computer|unboost|[from] ability: Clear Body|[of] p2a: Computer
|turn|1
|
|t:|1728434744
|switch|p2a: Gyarados|Gyarados, M|100/100
|-ability|p2a: Gyarados|Intimidate|boost
|-unboost|p1a: Salamence|atk|1
|move|p1a: Salamence|Earthquake|p2a: Gyarados
|-immune|p2a: Gyarados
|
|upkeep
|turn|2
|
|t:|1728434764
|switch|p1a: Claydol|Claydol|100/100
|switch|p2a: Computer|Metagross|100/100
|
|upkeep
|turn|3
|
|t:|1728434769
|switch|p2a: Celebi|Celebi|100/100
|move|p1a: Claydol|Earthquake|p2a: Celebi
|-resisted|p2a: Celebi
|-damage|p2a: Celebi|84/100
|
|-heal|p2a: Celebi|90/100|[from] item: Leftovers
|upkeep
|turn|4
|
|t:|1728434777
|switch|p1a: Blissey|Blissey, F|100/100
|move|p2a: Celebi|Substitute|p2a: Celebi
|-start|p2a: Celebi|Substitute
|-damage|p2a: Celebi|65/100
|
|-heal|p2a: Celebi|72/100|[from] item: Leftovers
|upkeep
|turn|5
|
|t:|1728434783
|move|p2a: Celebi|Leech Seed|p1a: Blissey
|-start|p1a: Blissey|move: Leech Seed
|move|p1a: Blissey|Ice Beam|p2a: Celebi
|-supereffective|p2a: Celebi
|-end|p2a: Celebi|Substitute
|
|-heal|p2a: Celebi|78/100|[from] item: Leftovers
|-damage|p1a: Blissey|88/100|[from] Leech Seed|[of] p2a: Celebi
|-heal|p2a: Celebi|98/100|[silent]
|upkeep
|turn|6
|
|t:|1728434795
|switch|p1a: Magneton|Magneton|100/100
|move|p2a: Celebi|Substitute|p2a: Celebi
|-start|p2a: Celebi|Substitute
|-damage|p2a: Celebi|73/100
|
|-heal|p2a: Celebi|79/100|[from] item: Leftovers
|upkeep
|turn|7
|
|t:|1728434800
|move|p2a: Celebi|Baton Pass|p2a: Celebi
|
|t:|1728434810
|switch|p2a: Gyarados|Gyarados, M|100/100|[from] Baton Pass
|-ability|p2a: Gyarados|Intimidate|boost
|-unboost|p1a: Magneton|atk|1
|move|p1a: Magneton|Hidden Power|p2a: Gyarados
|-resisted|p2a: Gyarados
|-activate|p2a: Gyarados|Substitute|[damage]
|
|upkeep
|turn|8
|
|t:|1728434820
|move|p2a: Gyarados|Dragon Dance|p2a: Gyarados
|-boost|p2a: Gyarados|atk|1
|-boost|p2a: Gyarados|spe|1
|move|p1a: Magneton|Thunderbolt|p2a: Gyarados
|-supereffective|p2a: Gyarados
|-end|p2a: Gyarados|Substitute
|
|upkeep
|turn|9
|
|t:|1728434828
|switch|p1a: Salamence|Salamence, F|100/100
|-ability|p1a: Salamence|Intimidate|boost
|-unboost|p2a: Gyarados|atk|1
|move|p2a: Gyarados|Earthquake|p1a: Salamence
|-immune|p1a: Salamence
|
|upkeep
|turn|10
|
|t:|1728434834
|switch|p2a: Computer|Metagross|100/100
|move|p1a: Salamence|Hidden Power|p2a: Computer
|-resisted|p2a: Computer
|-damage|p2a: Computer|72/100
|
|upkeep
|turn|11
|
|t:|1728434843
|switch|p1a: Metagross|Metagross|100/100
|move|p2a: Computer|Brick Break|p1a: Metagross
|-damage|p1a: Metagross|70/100
|
|-heal|p1a: Metagross|76/100|[from] item: Leftovers
|upkeep
|turn|12
|
|t:|1728434853
|switch|p2a: Gyarados|Gyarados, M|100/100
|-ability|p2a: Gyarados|Intimidate|boost
|-fail|p1a: Metagross|unboost|[from] ability: Clear Body|[of] p1a: Metagross
|move|p1a: Metagross|Meteor Mash|p2a: Gyarados
|-resisted|p2a: Gyarados
|-damage|p2a: Gyarados|68/100
|
|-heal|p2a: Gyarados|74/100|[from] item: Leftovers
|-heal|p1a: Metagross|82/100|[from] item: Leftovers
|upkeep
|turn|13
|
|t:|1728434862
|move|p2a: Gyarados|Earthquake|p1a: Metagross
|-supereffective|p1a: Metagross
|-damage|p1a: Metagross|35/100
|move|p1a: Metagross|Meteor Mash|p2a: Gyarados
|-resisted|p2a: Gyarados
|-damage|p2a: Gyarados|38/100
|
|-heal|p2a: Gyarados|44/100|[from] item: Leftovers
|-heal|p1a: Metagross|41/100|[from] item: Leftovers
|upkeep
|turn|14
|
|t:|1728434870
|move|p1a: Metagross|Protect|p1a: Metagross
|-singleturn|p1a: Metagross|Protect
|move|p2a: Gyarados|Earthquake|p1a: Metagross
|-activate|p1a: Metagross|Protect
|
|-heal|p2a: Gyarados|50/100|[from] item: Leftovers
|-heal|p1a: Metagross|47/100|[from] item: Leftovers
|upkeep
|turn|15
|
|t:|1728434883
|switch|p1a: Salamence|Salamence, F|100/100
|-ability|p1a: Salamence|Intimidate|boost
|-unboost|p2a: Gyarados|atk|1
|move|p2a: Gyarados|Dragon Dance|p2a: Gyarados
|-boost|p2a: Gyarados|atk|1
|-boost|p2a: Gyarados|spe|1
|
|-heal|p2a: Gyarados|56/100|[from] item: Leftovers
|upkeep
|turn|16
|
|t:|1728434890
|move|p2a: Gyarados|Double-Edge|p1a: Salamence
|-damage|p1a: Salamence|50/100
|-damage|p2a: Gyarados|40/100|[from] Recoil|[of] p1a: Salamence
|move|p1a: Salamence|Hidden Power|p2a: Gyarados
|-damage|p2a: Gyarados|0 fnt
|faint|p2a: Gyarados
|
|t:|1728434907
|switch|p2a: Terror|Tyranitar, M|100/100
|-weather|Sandstorm|[from] ability: Sand Stream|[of] p2a: Terror
|
|-weather|Sandstorm|[upkeep]
|-damage|p1a: Salamence|44/100|[from] Sandstorm
|upkeep
|turn|17
|
|t:|1728434913
|switch|p1a: Claydol|Claydol|100/100
|move|p2a: Terror|Dragon Dance|p2a: Terror
|-boost|p2a: Terror|atk|1
|-boost|p2a: Terror|spe|1
|
|-weather|Sandstorm|[upkeep]
|upkeep
|turn|18
|
|t:|1728434936
|move|p2a: Terror|Dragon Dance|p2a: Terror
|-boost|p2a: Terror|atk|1
|-boost|p2a: Terror|spe|1
|move|p1a: Claydol|Earthquake|p2a: Terror
|-supereffective|p2a: Terror
|-damage|p2a: Terror|28/100
|
|-weather|Sandstorm|[upkeep]
|upkeep
|turn|19
|
|t:|1728434945
|move|p2a: Terror|Hidden Power|p1a: Claydol
|-supereffective|p1a: Claydol
|-damage|p1a: Claydol|3/100
|move|p1a: Claydol|Earthquake|p2a: Terror
|-supereffective|p2a: Terror
|-damage|p2a: Terror|0 fnt
|faint|p2a: Terror
|
|t:|1728434954
|switch|p2a: Superconductor|Magneton|100/100
|
|-weather|Sandstorm|[upkeep]
|-heal|p1a: Claydol|9/100|[from] item: Leftovers
|upkeep
|turn|20
|
|t:|1728434958
|move|p2a: Superconductor|Hidden Power|p1a: Claydol
|-supereffective|p1a: Claydol
|-damage|p1a: Claydol|0 fnt
|faint|p1a: Claydol
|
|t:|1728434965
|switch|p1a: Magneton|Magneton|100/100
|
|-weather|Sandstorm|[upkeep]
|upkeep
|turn|21
|
|t:|1728434970
|move|p2a: Superconductor|Thunderbolt|p1a: Magneton
|-resisted|p1a: Magneton
|-damage|p1a: Magneton|54/100
|move|p1a: Magneton|Hidden Power|p2a: Superconductor
|-supereffective|p2a: Superconductor
|-damage|p2a: Superconductor|11/100
|
|-weather|Sandstorm|[upkeep]
|-enditem|p2a: Superconductor|Salac Berry|[eat]
|-boost|p2a: Superconductor|spe|1|[from] item: Salac Berry
|upkeep
|turn|22
|
|t:|1728434985
|move|p2a: Superconductor|Thunderbolt|p1a: Magneton
|-resisted|p1a: Magneton
|-damage|p1a: Magneton|11/100
|move|p1a: Magneton|Hidden Power|p2a: Superconductor
|-supereffective|p2a: Superconductor
|-damage|p2a: Superconductor|0 fnt
|faint|p2a: Superconductor
|
|t:|1728434990
|switch|p2a: Celebi|Celebi|79/100
|
|-weather|Sandstorm|[upkeep]
|-damage|p2a: Celebi|73/100|[from] Sandstorm
|-heal|p2a: Celebi|79/100|[from] item: Leftovers
|upkeep
|turn|23
|
|t:|1728434996
|move|p2a: Celebi|Psychic|p1a: Magneton
|-resisted|p1a: Magneton
|-damage|p1a: Magneton|0 fnt
|faint|p1a: Magneton
|
|t:|1728435003
|switch|p1a: Metagross|Metagross|47/100
|
|-weather|Sandstorm|[upkeep]
|-damage|p2a: Celebi|73/100|[from] Sandstorm
|-heal|p2a: Celebi|79/100|[from] item: Leftovers
|-heal|p1a: Metagross|53/100|[from] item: Leftovers
|upkeep
|turn|24
|
|t:|1728435014
|move|p2a: Celebi|Substitute|p2a: Celebi
|-start|p2a: Celebi|Substitute
|-damage|p2a: Celebi|54/100
|move|p1a: Metagross|Meteor Mash|p2a: Celebi|[miss]
|-miss|p1a: Metagross|p2a: Celebi
|
|-weather|Sandstorm|[upkeep]
|-damage|p2a: Celebi|48/100|[from] Sandstorm
|-heal|p2a: Celebi|54/100|[from] item: Leftovers
|-heal|p1a: Metagross|59/100|[from] item: Leftovers
|upkeep
|turn|25
|
|t:|1728435044
|move|p2a: Celebi|Leech Seed|p1a: Metagross
|-start|p1a: Metagross|move: Leech Seed
|move|p1a: Metagross|Meteor Mash|p2a: Celebi|[miss]
|-miss|p1a: Metagross|p2a: Celebi
|
|-weather|Sandstorm|[upkeep]
|-damage|p2a: Celebi|48/100|[from] Sandstorm
|-heal|p2a: Celebi|54/100|[from] item: Leftovers
|-heal|p1a: Metagross|65/100|[from] item: Leftovers
|-damage|p1a: Metagross|53/100|[from] Leech Seed|[of] p2a: Celebi
|-heal|p2a: Celebi|65/100|[silent]
|upkeep
|turn|26
|inactive|almarkowbender has 270 seconds left.
|
|t:|1728435073
|move|p2a: Celebi|Baton Pass|p2a: Celebi
|
|t:|1728435075
|switch|p2a: Salamence|Salamence, F|100/100|[from] Baton Pass
|-ability|p2a: Salamence|Intimidate|boost
|-fail|p1a: Metagross|unboost|[from] ability: Clear Body|[of] p1a: Metagross
|move|p1a: Metagross|Meteor Mash|p2a: Salamence
|-end|p2a: Salamence|Substitute
|
|-weather|Sandstorm|[upkeep]
|-damage|p2a: Salamence|94/100|[from] Sandstorm
|-heal|p2a: Salamence|100/100|[from] item: Leftovers
|-heal|p1a: Metagross|59/100|[from] item: Leftovers
|-damage|p1a: Metagross|47/100|[from] Leech Seed|[of] p2a: Salamence
|upkeep
|turn|27
|
|t:|1728435082
|move|p2a: Salamence|Dragon Dance|p2a: Salamence
|-boost|p2a: Salamence|atk|1
|-boost|p2a: Salamence|spe|1
|move|p1a: Metagross|Explosion|p2a: Salamence
|-damage|p2a: Salamence|0 fnt
|faint|p1a: Metagross
|faint|p2a: Salamence
|
|t:|1728435099
|switch|p2a: Celebi|Celebi|65/100
|switch|p1a: Blissey|Blissey, F|88/100
|
|-weather|Sandstorm|[upkeep]
|-damage|p2a: Celebi|59/100|[from] Sandstorm
|-damage|p1a: Blissey|82/100|[from] Sandstorm
|-heal|p2a: Celebi|65/100|[from] item: Leftovers
|-heal|p1a: Blissey|88/100|[from] item: Leftovers
|upkeep
|turn|28
|
|t:|1728435111
|move|p2a: Celebi|Substitute|p2a: Celebi
|-start|p2a: Celebi|Substitute
|-damage|p2a: Celebi|40/100
|move|p1a: Blissey|Ice Beam|p2a: Celebi
|-supereffective|p2a: Celebi
|-end|p2a: Celebi|Substitute
|
|-weather|Sandstorm|[upkeep]
|-damage|p2a: Celebi|34/100|[from] Sandstorm
|-damage|p1a: Blissey|82/100|[from] Sandstorm
|-heal|p2a: Celebi|40/100|[from] item: Leftovers
|-heal|p1a: Blissey|88/100|[from] item: Leftovers
|upkeep
|turn|29
|
|t:|1728435114
|move|p2a: Celebi|Leech Seed|p1a: Blissey|[miss]
|-miss|p2a: Celebi|p1a: Blissey
|move|p1a: Blissey|Ice Beam|p2a: Celebi
|-supereffective|p2a: Celebi
|-damage|p2a: Celebi|0 fnt
|faint|p2a: Celebi
|
|t:|1728435116
|switch|p2a: Computer|Metagross|72/100
|
|-weather|Sandstorm|[upkeep]
|-damage|p1a: Blissey|82/100|[from] Sandstorm
|-heal|p1a: Blissey|88/100|[from] item: Leftovers
|upkeep
|turn|30
|
|t:|1728435118
|move|p2a: Computer|Meteor Mash|p1a: Blissey|[miss]
|-miss|p2a: Computer|p1a: Blissey
|move|p1a: Blissey|Wish|p1a: Blissey
|
|-weather|Sandstorm|[upkeep]
|-damage|p1a: Blissey|82/100|[from] Sandstorm
|-heal|p1a: Blissey|88/100|[from] item: Leftovers
|upkeep
|turn|31
|
|t:|1728435121
|move|p2a: Computer|Meteor Mash|p1a: Blissey
|-damage|p1a: Blissey|12/100
|move|p1a: Blissey|Ice Beam|p2a: Computer
|-resisted|p2a: Computer
|-damage|p2a: Computer|57/100
|
|-heal|p1a: Blissey|62/100|[from] move: Wish|[wisher] Blissey
|-weather|Sandstorm|[upkeep]
|-damage|p1a: Blissey|56/100|[from] Sandstorm
|-heal|p1a: Blissey|62/100|[from] item: Leftovers
|upkeep
|turn|32
|
|t:|1728435126
|move|p2a: Computer|Meteor Mash|p1a: Blissey
|-damage|p1a: Blissey|0 fnt
|faint|p1a: Blissey
|
|t:|1728435129
|switch|p1a: Salamence|Salamence, F|44/100
|-ability|p1a: Salamence|Intimidate|boost
|-fail|p2a: Computer|unboost|[from] ability: Clear Body|[of] p2a: Computer
|
|-weather|Sandstorm|[upkeep]
|-damage|p1a: Salamence|38/100|[from] Sandstorm
|upkeep
|turn|33
|
|t:|1728435130
|move|p1a: Salamence|Earthquake|p2a: Computer
|-supereffective|p2a: Computer
|-damage|p2a: Computer|0 fnt
|faint|p2a: Computer
|
|win|Please ban rachi
|c|☆almarkowbender|gg

</script>
<script type="application/json" class="data" id="replaydata-smogtours-gen3ou-796553">
{"id":"smogtours-gen3ou-796553","format":"[Gen 3] OU","players":["Please ban rachi","almarkowbender"],"uploadtime":1728435130,"views":94,"formatid":"gen3ou","rating":null,"private":0,"password":null}
</script>

<script defer src="js/replays.js?9d40a366"></script>
