<!DOCTYPE html>
<meta charset="utf-8" />
<meta name="viewport" content="width=device-width" />

<title>[Gen 3] OU: Gonzasaurio 50 vs. realtimeglover - Replays - Pok&eacute;mon Showdown!</title>

<meta name="description" content="Watch a replay of a Pok&eacute;mon battle between Gonzasaurio 50 and realtimeglover! Format: [Gen 3] OU; Date: Nov 4, 2024" />
<!--

Hey, you! Looking in the source for the replay log?

You can find them in JSON format, just add `.json` at the end of a replay URL.

https://replay.pokemonshowdown.com/gen7randomdoublesbattle-865046831.json

Or, if you only need the log itself, add `.log` instead:

https://replay.pokemonshowdown.com/gen7randomdoublesbattle-865046831.log

-->

<link rel="stylesheet" href="//pokemonshowdown.com/style/global.css?0.023195364461161105" />
<link rel="stylesheet" href="//play.pokemonshowdown.com/style/font-awesome.css?0.13261647063804238" />
<link rel="stylesheet" href="//play.pokemonshowdown.com/style/battle.css?0.8753245789963631" />
<link rel="stylesheet" href="//play.pokemonshowdown.com/style/utilichart.css?0.8627959624976733" />

<!-- Global site tag (gtag.js) - Google Analytics -->
<script async src="https://www.googletagmanager.com/gtag/js?id=UA-26211653-1"></script>
<script>
  window.dataLayer = window.dataLayer || [];
  function gtag(){dataLayer.push(arguments);}
  gtag('js', new Date());

  gtag('config', 'UA-26211653-1');
</script>
<!-- End Google Analytics -->
<!-- Venatus Ad Manager - Install in <HEAD> of page -->
	<script src="https://hb.vntsm.com/v3/live/ad-manager.min.js" type="text/javascript" data-site-id="642aba63ec9a7b11c3c9c1be" data-mode="scan" async></script>
<!-- / Venatus Ad Manager -->

<style>
	@media (max-width:820px) {
		.battle {
			margin: 0 auto;
		}
		.battle-log {
			margin: 7px auto 0;
			max-width: 640px;
			height: 300px;
			position: static;
		}
	}
	.optgroup {
		display: inline-block;
		line-height: 22px;
		font-size: 10pt;
	}
	.optgroup .button {
		height: 25px;
		padding-top: 0;
		padding-bottom: 0;
	}
	.optgroup button.button {
		padding-left: 12px;
		padding-right: 12px;
	}
	.linklist {
		list-style: none;
		margin: 0.5em 0;
		padding: 0;
	}
	.linklist li {
		padding: 2px 0;
	}
	.sidebar {
		float: left;
		width: 320px;
	}
	.bar-wrapper {
		max-width: 1100px;
		margin: 0 auto;
	}
	.bar-wrapper.has-sidebar {
		max-width: 1430px;
	}
	.mainbar {
		margin: 0;
		padding-right: 1px;
	}
	.mainbar.has-sidebar {
		margin-left: 330px;
	}
	@media (min-width: 1511px) {
		.sidebar {
			width: 400px;
		}
		.bar-wrapper.has-sidebar {
			max-width: 1510px;
		}
		.mainbar.has-sidebar {
			margin-left: 410px;
		}
	}
	.section.first-section {
		margin-top: 9px;
	}
	.blocklink small {
		white-space: normal;
	}
	.button {
		vertical-align: middle;
	}
	.replay-controls {
		padding-top: 10px;
	}
	.replay-controls h1 {
		font-size: 16pt;
		font-weight: normal;
		color: #CCC;
	}
	.pagelink {
		text-align: center;
	}
	.pagelink a {
		width: 150px;
	}
	.textbox, .button {
		font-size: 11pt;
		vertical-align: middle;
	}
	@media (max-width: 450px) {
		.button {
			font-size: 9pt;
		}
	}
</style>

<div>

	<header>
		<div class="nav-wrapper"><ul class="nav">
			<li><a class="button nav-first" href="//pokemonshowdown.com/"><img src="//pokemonshowdown.com/images/pokemonshowdownbeta.png" srcset="//pokemonshowdown.com/images/pokemonshowdownbeta.png 1x, //pokemonshowdown.com/images/pokemonshowdownbeta@2x.png 2x" alt="Pok&eacute;mon Showdown" width="146" height="44" /> Home</a></li>
			<li><a class="button" href="//pokemonshowdown.com/dex/">Pok&eacute;dex</a></li>
			<li><a class="button cur" href="/">Replays</a></li>
			<li><a class="button" href="//pokemonshowdown.com/ladder/">Ladder</a></li>
			<li><a class="button nav-last" href="//pokemonshowdown.com/forums/">Forum</a></li>
			<li><a class="button greenbutton nav-first nav-last" href="//play.pokemonshowdown.com/">Play</a></li>
		</ul></div>
	</header>

	<div class="main" id="main">

		<noscript><section class="section">You need to enable JavaScript to use this page; sorry!</section></noscript>

	</div>

</div>

<script defer nomodule src="//play.pokemonshowdown.com/js/lib/ps-polyfill.js"></script>
<script defer src="//play.pokemonshowdown.com/js/lib/preact.min.js"></script>

<script defer src="//play.pokemonshowdown.com/config/config.js?2bddbc15"></script>
<script defer src="//play.pokemonshowdown.com/js/lib/jquery-1.11.0.min.js"></script>
<script defer src="//play.pokemonshowdown.com/js/lib/html-sanitizer-minified.js"></script>
<script defer src="//play.pokemonshowdown.com/js/battle-sound.js"></script>
<script defer src="//play.pokemonshowdown.com/js/battledata.js?0.7209276989879541"></script>
<script defer src="//play.pokemonshowdown.com/data/pokedex-mini.js?0.6111056340867951"></script>
<script defer src="//play.pokemonshowdown.com/data/pokedex-mini-bw.js?0.3532142036491459"></script>
<script defer src="//play.pokemonshowdown.com/data/graphics.js?0.24223875632456182"></script>
<script defer src="//play.pokemonshowdown.com/data/pokedex.js?0.38839984266356864"></script>
<script defer src="//play.pokemonshowdown.com/data/moves.js?0.21866028504024015"></script>
<script defer src="//play.pokemonshowdown.com/data/abilities.js?0.2005157953846628"></script>
<script defer src="//play.pokemonshowdown.com/data/items.js?0.9894211263848525"></script>
<script defer src="//play.pokemonshowdown.com/data/teambuilder-tables.js?0.6008791140282215"></script>
<script defer src="//play.pokemonshowdown.com/js/battle-tooltips.js?0.7580118955022959"></script>
<script defer src="//play.pokemonshowdown.com/js/battle.js?0.6057722274234274"></script>

<script defer src="js/utils.js?e31f9a17"></script>
<script defer src="js/replays-battle.js?7008c182"></script>

<!-- don't scrape this data! just add .json or .log after the URL!
Full API docs: https://github.com/smogon/pokemon-showdown-client/blob/master/WEB-API.md -->
<script type="text/plain" class="log" id="replaylog-smogtours-gen3ou-804831">
|inactive|Battle timer is ON: inactive players will automatically lose when time's up.
|t:|1730759392
|gametype|singles
|player|p1|Gonzasaurio 50|266|
|player|p2|realtimeglover|265|
|teamsize|p1|6
|teamsize|p2|6
|gen|3
|tier|[Gen 3] OU
|rule|Sleep Clause Mod: Limit one foe put to sleep
|rule|Switch Priority Clause Mod: Faster Pokémon switch first
|rule|Species Clause: Limit one of each Pokémon
|rule|OHKO Clause: OHKO moves are banned
|rule|Evasion Items Clause: Evasion items are banned
|rule|Evasion Moves Clause: Evasion moves are banned
|rule|Endless Battle Clause: Forcing endless battles is banned
|rule|HP Percentage Mod: HP is shown in percentages
|rule|One Boost Passer Clause: Limit one Baton Passer that has a way to boost its stats
|rule|Freeze Clause Mod: Limit one foe frozen
|
|t:|1730759392
|start
|switch|p1a: Poetic Justice|Charizard, M|100/100
|switch|p2a: Skarmory|Skarmory, F|100/100
|turn|1
|inactive|Gonzasaurio 50 disconnected and has 300 seconds to reconnect!
|player|p1|
|inactive|Gonzasaurio 50 reconnected and has 295 seconds left.
|player|p1|Gonzasaurio 50|266|
|
|t:|1730759420
|move|p1a: Poetic Justice|Substitute|p1a: Poetic Justice
|-start|p1a: Poetic Justice|Substitute
|-damage|p1a: Poetic Justice|76/100
|move|p2a: Skarmory|Roar|p1a: Poetic Justice
|drag|p1a: King Kunta|Tyranitar, F|100/100
|-weather|Sandstorm|[from] ability: Sand Stream|[of] p1a: King Kunta
|
|-weather|Sandstorm|[upkeep]
|upkeep
|turn|2
|
|t:|1730759435
|switch|p1a: m.A.A.d city|Gengar, F|100/100
|move|p2a: Skarmory|Spikes|p1a: m.A.A.d city
|-sidestart|p1: Gonzasaurio 50|Spikes
|
|-weather|Sandstorm|[upkeep]
|-damage|p1a: m.A.A.d city|95/100|[from] Sandstorm
|-heal|p1a: m.A.A.d city|100/100|[from] item: Leftovers
|upkeep
|turn|3
|
|t:|1730759442
|move|p2a: Skarmory|Protect|p2a: Skarmory
|-singleturn|p2a: Skarmory|Protect
|move|p1a: m.A.A.d city|Will-O-Wisp|p2a: Skarmory
|-activate|p2a: Skarmory|Protect
|
|-weather|Sandstorm|[upkeep]
|-damage|p1a: m.A.A.d city|95/100|[from] Sandstorm
|-heal|p1a: m.A.A.d city|100/100|[from] item: Leftovers
|upkeep
|turn|4
|
|t:|1730759463
|switch|p2a: Blissey|Blissey, F, shiny|100/100
|move|p1a: m.A.A.d city|Will-O-Wisp|p2a: Blissey
|-status|p2a: Blissey|brn
|
|-weather|Sandstorm|[upkeep]
|-damage|p1a: m.A.A.d city|95/100|[from] Sandstorm
|-damage|p2a: Blissey|94/100 brn|[from] Sandstorm
|-heal|p1a: m.A.A.d city|100/100|[from] item: Leftovers
|-heal|p2a: Blissey|100/100 brn|[from] item: Leftovers
|-damage|p2a: Blissey|88/100 brn|[from] brn
|upkeep
|turn|5
|
|t:|1730759478
|move|p1a: m.A.A.d city|Thunderbolt|p2a: Blissey
|-damage|p2a: Blissey|76/100 brn
|move|p2a: Blissey|Toxic|p1a: m.A.A.d city
|-immune|p1a: m.A.A.d city
|
|-weather|Sandstorm|[upkeep]
|-damage|p1a: m.A.A.d city|95/100|[from] Sandstorm
|-damage|p2a: Blissey|70/100 brn|[from] Sandstorm
|-heal|p1a: m.A.A.d city|100/100|[from] item: Leftovers
|-heal|p2a: Blissey|76/100 brn|[from] item: Leftovers
|-damage|p2a: Blissey|63/100 brn|[from] brn
|upkeep
|turn|6
|inactive|Gonzasaurio 50 has 270 seconds left.
|
|t:|1730759525
|move|p1a: m.A.A.d city|Will-O-Wisp|p2a: Blissey|[miss]
|-miss|p1a: m.A.A.d city|p2a: Blissey
|move|p2a: Blissey|Soft-Boiled|p2a: Blissey
|-heal|p2a: Blissey|100/100 brn
|
|-weather|Sandstorm|[upkeep]
|-damage|p1a: m.A.A.d city|95/100|[from] Sandstorm
|-damage|p2a: Blissey|94/100 brn|[from] Sandstorm
|-heal|p1a: m.A.A.d city|100/100|[from] item: Leftovers
|-heal|p2a: Blissey|100/100 brn|[from] item: Leftovers
|-damage|p2a: Blissey|88/100 brn|[from] brn
|upkeep
|turn|7
|
|t:|1730759535
|move|p1a: m.A.A.d city|Thunderbolt|p2a: Blissey
|-damage|p2a: Blissey|78/100 brn
|move|p2a: Blissey|Ice Beam|p1a: m.A.A.d city
|-damage|p1a: m.A.A.d city|72/100
|
|-weather|Sandstorm|[upkeep]
|-damage|p1a: m.A.A.d city|67/100|[from] Sandstorm
|-damage|p2a: Blissey|72/100 brn|[from] Sandstorm
|-heal|p1a: m.A.A.d city|72/100|[from] item: Leftovers
|-heal|p2a: Blissey|78/100 brn|[from] item: Leftovers
|-damage|p2a: Blissey|65/100 brn|[from] brn
|upkeep
|turn|8
|inactive|realtimeglover has 270 seconds left.
|
|t:|1730759560
|move|p1a: m.A.A.d city|Explosion|p2a: Blissey
|-damage|p2a: Blissey|0 fnt
|faint|p1a: m.A.A.d city
|faint|p2a: Blissey
|
|t:|1730759568
|switch|p1a: Poetic Justice|Charizard, M|76/100
|switch|p2a: Starmie|Starmie|100/100
|
|-weather|Sandstorm|[upkeep]
|-damage|p2a: Starmie|94/100|[from] Sandstorm
|-damage|p1a: Poetic Justice|70/100|[from] Sandstorm
|-heal|p2a: Starmie|100/100|[from] item: Leftovers
|-heal|p1a: Poetic Justice|76/100|[from] item: Leftovers
|upkeep
|turn|9
|inactive|realtimeglover has 270 seconds left.
|
|t:|1730759591
|switch|p1a: good kid|Blissey, F|100/100
|-damage|p1a: good kid|88/100|[from] Spikes
|move|p2a: Starmie|Hydro Pump|p1a: good kid
|-damage|p1a: good kid|65/100
|
|-weather|Sandstorm|[upkeep]
|-damage|p2a: Starmie|94/100|[from] Sandstorm
|-damage|p1a: good kid|59/100|[from] Sandstorm
|-heal|p2a: Starmie|100/100|[from] item: Leftovers
|-heal|p1a: good kid|65/100|[from] item: Leftovers
|upkeep
|turn|10
|inactive|realtimeglover has 270 seconds left.
|
|t:|1730759601
|switch|p2a: Tyranitar|Tyranitar, F|100/100
|move|p1a: good kid|Toxic|p2a: Tyranitar
|-status|p2a: Tyranitar|tox
|
|-weather|Sandstorm|[upkeep]
|-damage|p1a: good kid|59/100|[from] Sandstorm
|-damage|p2a: Tyranitar|94/100 tox|[from] psn
|-heal|p1a: good kid|65/100|[from] item: Leftovers
|upkeep
|turn|11
|inactive|realtimeglover has 270 seconds left.
|
|t:|1730759610
|-singleturn|p2a: Tyranitar|move: Focus Punch
|switch|p1a: Swimming Pools|Swampert, F|100/100
|-damage|p1a: Swimming Pools|88/100|[from] Spikes
|move|p2a: Tyranitar|Focus Punch|p1a: Swimming Pools
|-damage|p1a: Swimming Pools|49/100
|
|-weather|Sandstorm|[upkeep]
|-heal|p2a: Tyranitar|100/100 tox|[from] item: Leftovers
|-damage|p2a: Tyranitar|88/100 tox|[from] psn
|-heal|p1a: Swimming Pools|55/100|[from] item: Leftovers
|upkeep
|turn|12
|inactive|realtimeglover has 270 seconds left.
|
|t:|1730759629
|switch|p2a: Skarmory|Skarmory, F|100/100
|move|p1a: Swimming Pools|Earthquake|p2a: Skarmory
|-immune|p2a: Skarmory
|
|-weather|Sandstorm|[upkeep]
|-heal|p1a: Swimming Pools|61/100|[from] item: Leftovers
|upkeep
|turn|13
|
|t:|1730759638
|switch|p1a: Poetic Justice|Charizard, M|76/100
|move|p2a: Skarmory|Toxic|p1a: Poetic Justice
|-status|p1a: Poetic Justice|tox
|
|-weather|Sandstorm|[upkeep]
|-damage|p1a: Poetic Justice|70/100 tox|[from] Sandstorm
|-heal|p1a: Poetic Justice|76/100 tox|[from] item: Leftovers
|-damage|p1a: Poetic Justice|70/100 tox|[from] psn
|upkeep
|turn|14
|inactive|realtimeglover has 270 seconds left.
|
|t:|1730759654
|switch|p2a: Swampert|Swampert, F|100/100
|move|p1a: Poetic Justice|Fire Blast|p2a: Swampert
|-resisted|p2a: Swampert
|-damage|p2a: Swampert|72/100
|
|-weather|Sandstorm|[upkeep]
|-damage|p1a: Poetic Justice|63/100 tox|[from] Sandstorm
|-heal|p1a: Poetic Justice|70/100 tox|[from] item: Leftovers
|-damage|p1a: Poetic Justice|57/100 tox|[from] psn
|-heal|p2a: Swampert|78/100|[from] item: Leftovers
|upkeep
|turn|15
|
|t:|1730759664
|switch|p1a: Toni es gay|Skarmory, F|100/100
|switch|p2a: Skarmory|Skarmory, F|100/100
|
|-weather|Sandstorm|[upkeep]
|upkeep
|turn|16
|
|t:|1730759674
|move|p1a: Toni es gay|Spikes|p2a: Skarmory
|-sidestart|p2: realtimeglover|Spikes
|move|p2a: Skarmory|Spikes|p1a: Toni es gay
|-sidestart|p1: Gonzasaurio 50|Spikes
|
|-weather|Sandstorm|[upkeep]
|upkeep
|turn|17
|
|t:|1730759677
|move|p2a: Skarmory|Spikes|p1a: Toni es gay
|-sidestart|p1: Gonzasaurio 50|Spikes
|move|p1a: Toni es gay|Spikes|p2a: Skarmory
|-sidestart|p2: realtimeglover|Spikes
|
|-weather|Sandstorm|[upkeep]
|upkeep
|turn|18
|
|t:|1730759685
|switch|p2a: Starmie|Starmie|100/100
|-damage|p2a: Starmie|84/100|[from] Spikes
|move|p1a: Toni es gay|Spikes|p2a: Starmie
|-sidestart|p2: realtimeglover|Spikes
|
|-weather|Sandstorm|[upkeep]
|-damage|p2a: Starmie|78/100|[from] Sandstorm
|-heal|p2a: Starmie|84/100|[from] item: Leftovers
|upkeep
|turn|19
|
|t:|1730759690
|move|p2a: Starmie|Rapid Spin|p1a: Toni es gay
|-resisted|p1a: Toni es gay
|-damage|p1a: Toni es gay|99/100
|-sideend|p2: realtimeglover|Spikes|[from] move: Rapid Spin|[of] p2a: Starmie
|move|p1a: Toni es gay|Toxic|p2a: Starmie
|-status|p2a: Starmie|tox
|
|-weather|Sandstorm|[upkeep]
|-damage|p2a: Starmie|78/100 tox|[from] Sandstorm
|-heal|p2a: Starmie|84/100 tox|[from] item: Leftovers
|-damage|p2a: Starmie|78/100 tox|[from] psn
|-heal|p1a: Toni es gay|100/100|[from] item: Leftovers
|upkeep
|turn|20
|
|t:|1730759697
|move|p2a: Starmie|Thunderbolt|p1a: Toni es gay
|-supereffective|p1a: Toni es gay
|-damage|p1a: Toni es gay|46/100
|move|p1a: Toni es gay|Spikes|p2a: Starmie
|-sidestart|p2: realtimeglover|Spikes
|
|-weather|Sandstorm|[upkeep]
|-damage|p2a: Starmie|72/100 tox|[from] Sandstorm
|-heal|p2a: Starmie|78/100 tox|[from] item: Leftovers
|-damage|p2a: Starmie|66/100 tox|[from] psn
|-heal|p1a: Toni es gay|52/100|[from] item: Leftovers
|upkeep
|turn|21
|
|t:|1730759708
|-curestatus|p2a: Starmie|tox|[from] ability: Natural Cure
|switch|p2a: Gengar|Gengar, F|100/100
|move|p1a: Toni es gay|Protect||[still]
|-fail|p1a: Toni es gay
|
|-weather|Sandstorm|[upkeep]
|-damage|p2a: Gengar|95/100|[from] Sandstorm
|-heal|p2a: Gengar|100/100|[from] item: Leftovers
|-heal|p1a: Toni es gay|58/100|[from] item: Leftovers
|upkeep
|turn|22
|
|t:|1730759718
|move|p1a: Toni es gay|Protect|p1a: Toni es gay
|-singleturn|p1a: Toni es gay|Protect
|move|p2a: Gengar|Will-O-Wisp|p1a: Toni es gay
|-activate|p1a: Toni es gay|Protect
|
|-weather|Sandstorm|[upkeep]
|-damage|p2a: Gengar|95/100|[from] Sandstorm
|-heal|p2a: Gengar|100/100|[from] item: Leftovers
|-heal|p1a: Toni es gay|64/100|[from] item: Leftovers
|upkeep
|turn|23
|
|t:|1730759726
|switch|p1a: good kid|Blissey, F|65/100
|-damage|p1a: good kid|41/100|[from] Spikes
|move|p2a: Gengar|Will-O-Wisp|p1a: good kid
|-status|p1a: good kid|brn
|
|-weather|Sandstorm|[upkeep]
|-damage|p2a: Gengar|95/100|[from] Sandstorm
|-damage|p1a: good kid|34/100 brn|[from] Sandstorm
|-heal|p2a: Gengar|100/100|[from] item: Leftovers
|-heal|p1a: good kid|41/100 brn|[from] item: Leftovers
|-damage|p1a: good kid|28/100 brn|[from] brn
|upkeep
|turn|24
|inactive|realtimeglover has 270 seconds left.
|inactive|realtimeglover has 240 seconds left.
|
|t:|1730759786
|switch|p2a: Tyranitar|Tyranitar, F|88/100 tox
|-damage|p2a: Tyranitar|76/100 tox|[from] Spikes
|move|p1a: good kid|Soft-Boiled|p1a: good kid
|-heal|p1a: good kid|78/100 brn
|
|-weather|Sandstorm|[upkeep]
|-damage|p1a: good kid|72/100 brn|[from] Sandstorm
|-heal|p2a: Tyranitar|82/100 tox|[from] item: Leftovers
|-damage|p2a: Tyranitar|76/100 tox|[from] psn
|-heal|p1a: good kid|78/100 brn|[from] item: Leftovers
|-damage|p1a: good kid|66/100 brn|[from] brn
|upkeep
|turn|25
|
|t:|1730759797
|-singleturn|p2a: Tyranitar|move: Focus Punch
|-curestatus|p1a: good kid|brn|[from] ability: Natural Cure
|switch|p1a: Toni es gay|Skarmory, F|64/100
|move|p2a: Tyranitar|Focus Punch|p1a: Toni es gay
|-damage|p1a: Toni es gay|24/100
|
|-weather|Sandstorm|[upkeep]
|-heal|p1a: Toni es gay|30/100|[from] item: Leftovers
|-heal|p2a: Tyranitar|82/100 tox|[from] item: Leftovers
|-damage|p2a: Tyranitar|69/100 tox|[from] psn
|upkeep
|turn|26
|inactive|realtimeglover has 240 seconds left.
|
|t:|1730759817
|switch|p2a: Gengar|Gengar, F|100/100
|move|p1a: Toni es gay|Toxic|p2a: Gengar
|-immune|p2a: Gengar
|
|-weather|Sandstorm|[upkeep]
|-damage|p2a: Gengar|95/100|[from] Sandstorm
|-heal|p2a: Gengar|100/100|[from] item: Leftovers
|-heal|p1a: Toni es gay|36/100|[from] item: Leftovers
|upkeep
|turn|27
|
|t:|1730759821
|move|p1a: Toni es gay|Protect|p1a: Toni es gay
|-singleturn|p1a: Toni es gay|Protect
|move|p2a: Gengar|Thunderbolt|p1a: Toni es gay
|-activate|p1a: Toni es gay|Protect
|
|-weather|Sandstorm|[upkeep]
|-damage|p2a: Gengar|95/100|[from] Sandstorm
|-heal|p2a: Gengar|100/100|[from] item: Leftovers
|-heal|p1a: Toni es gay|42/100|[from] item: Leftovers
|upkeep
|turn|28
|
|t:|1730759830
|switch|p1a: good kid|Blissey, F|66/100
|-damage|p1a: good kid|41/100|[from] Spikes
|move|p2a: Gengar|Will-O-Wisp|p1a: good kid|[miss]
|-miss|p2a: Gengar|p1a: good kid
|
|-weather|Sandstorm|[upkeep]
|-damage|p2a: Gengar|95/100|[from] Sandstorm
|-damage|p1a: good kid|35/100|[from] Sandstorm
|-heal|p2a: Gengar|100/100|[from] item: Leftovers
|-heal|p1a: good kid|41/100|[from] item: Leftovers
|upkeep
|turn|29
|
|t:|1730759846
|move|p2a: Gengar|Explosion|p1a: good kid
|-damage|p1a: good kid|0 fnt
|faint|p2a: Gengar
|faint|p1a: good kid
|
|t:|1730759859
|switch|p2a: Starmie|Starmie|66/100
|switch|p1a: Swimming Pools|Swampert, F|61/100
|-damage|p2a: Starmie|54/100|[from] Spikes
|-damage|p1a: Swimming Pools|36/100|[from] Spikes
|
|-weather|Sandstorm|[upkeep]
|-damage|p2a: Starmie|47/100|[from] Sandstorm
|-heal|p2a: Starmie|54/100|[from] item: Leftovers
|-heal|p1a: Swimming Pools|43/100|[from] item: Leftovers
|upkeep
|turn|30
|
|t:|1730759876
|move|p1a: Swimming Pools|Protect|p1a: Swimming Pools
|-singleturn|p1a: Swimming Pools|Protect
|move|p2a: Starmie|Hydro Pump|p1a: Swimming Pools
|-activate|p1a: Swimming Pools|Protect
|
|-weather|Sandstorm|[upkeep]
|-damage|p2a: Starmie|47/100|[from] Sandstorm
|-heal|p2a: Starmie|54/100|[from] item: Leftovers
|-heal|p1a: Swimming Pools|49/100|[from] item: Leftovers
|upkeep
|turn|31
|inactive|realtimeglover has 240 seconds left.
|
|t:|1730759905
|switch|p2a: Skarmory|Skarmory, F|100/100
|move|p1a: Swimming Pools|Earthquake|p2a: Skarmory
|-immune|p2a: Skarmory
|
|-weather|Sandstorm|[upkeep]
|-heal|p1a: Swimming Pools|55/100|[from] item: Leftovers
|upkeep
|turn|32
|inactive|realtimeglover has 240 seconds left.
|
|t:|1730759913
|switch|p1a: Toni es gay|Skarmory, F|42/100
|move|p2a: Skarmory|Roar|p1a: Toni es gay
|drag|p1a: Poetic Justice|Charizard, M|57/100 tox
|
|-weather|Sandstorm|[upkeep]
|-damage|p1a: Poetic Justice|51/100 tox|[from] Sandstorm
|-heal|p1a: Poetic Justice|57/100 tox|[from] item: Leftovers
|-damage|p1a: Poetic Justice|51/100 tox|[from] psn
|upkeep
|turn|33
|inactive|realtimeglover has 240 seconds left.
|
|t:|1730759944
|switch|p1a: Toni es gay|Skarmory, F|42/100
|switch|p2a: Tyranitar|Tyranitar, F|69/100 tox
|-damage|p2a: Tyranitar|57/100 tox|[from] Spikes
|
|-weather|Sandstorm|[upkeep]
|-heal|p1a: Toni es gay|48/100|[from] item: Leftovers
|-heal|p2a: Tyranitar|63/100 tox|[from] item: Leftovers
|-damage|p2a: Tyranitar|57/100 tox|[from] psn
|upkeep
|turn|34
|
|t:|1730759953
|-singleturn|p2a: Tyranitar|move: Focus Punch
|move|p1a: Toni es gay|Protect|p1a: Toni es gay
|-singleturn|p1a: Toni es gay|Protect
|move|p2a: Tyranitar|Focus Punch|p1a: Toni es gay
|-activate|p1a: Toni es gay|Protect
|
|-weather|Sandstorm|[upkeep]
|-heal|p1a: Toni es gay|54/100|[from] item: Leftovers
|-heal|p2a: Tyranitar|63/100 tox|[from] item: Leftovers
|-damage|p2a: Tyranitar|51/100 tox|[from] psn
|upkeep
|turn|35
|
|t:|1730759961
|-singleturn|p2a: Tyranitar|move: Focus Punch
|move|p2a: Tyranitar|Focus Punch|p1a: Toni es gay
|-damage|p1a: Toni es gay|13/100
|move|p1a: Toni es gay|Roar|p2a: Tyranitar
|drag|p2a: Skarmory|Skarmory, F|100/100
|
|-weather|Sandstorm|[upkeep]
|-heal|p1a: Toni es gay|19/100|[from] item: Leftovers
|upkeep
|turn|36
|inactive|realtimeglover has 240 seconds left.
|
|t:|1730759971
|move|p1a: Toni es gay|Protect|p1a: Toni es gay
|-singleturn|p1a: Toni es gay|Protect
|move|p2a: Skarmory|Roar|p1a: Toni es gay
|-activate|p1a: Toni es gay|Protect
|
|-weather|Sandstorm|[upkeep]
|-heal|p1a: Toni es gay|25/100|[from] item: Leftovers
|upkeep
|turn|37
|
|t:|1730759975
|move|p2a: Skarmory|Roar|p1a: Toni es gay
|drag|p1a: Poetic Justice|Charizard, M|51/100 tox
|
|-weather|Sandstorm|[upkeep]
|-damage|p1a: Poetic Justice|45/100 tox|[from] Sandstorm
|-heal|p1a: Poetic Justice|51/100 tox|[from] item: Leftovers
|-damage|p1a: Poetic Justice|45/100 tox|[from] psn
|upkeep
|turn|38
|
|t:|1730759993
|move|p2a: Skarmory|Protect|p2a: Skarmory
|-singleturn|p2a: Skarmory|Protect
|move|p1a: Poetic Justice|Fire Blast|p2a: Skarmory
|-activate|p2a: Skarmory|Protect
|
|-weather|Sandstorm|[upkeep]
|-damage|p1a: Poetic Justice|39/100 tox|[from] Sandstorm
|-heal|p1a: Poetic Justice|45/100 tox|[from] item: Leftovers
|-damage|p1a: Poetic Justice|33/100 tox|[from] psn
|upkeep
|turn|39
|inactive|realtimeglover has 240 seconds left.
|inactive|Gonzasaurio 50 has 270 seconds left.
|
|t:|1730760053
|switch|p2a: Tyranitar|Tyranitar, F|51/100 tox
|-damage|p2a: Tyranitar|38/100 tox|[from] Spikes
|move|p1a: Poetic Justice|Fire Blast|p2a: Tyranitar
|-resisted|p2a: Tyranitar
|-damage|p2a: Tyranitar|5/100 tox
|
|-weather|Sandstorm|[upkeep]
|-damage|p1a: Poetic Justice|27/100 tox|[from] Sandstorm
|-heal|p1a: Poetic Justice|33/100 tox|[from] item: Leftovers
|-damage|p1a: Poetic Justice|15/100 tox|[from] psn
|-heal|p2a: Tyranitar|11/100 tox|[from] item: Leftovers
|-damage|p2a: Tyranitar|5/100 tox|[from] psn
|upkeep
|turn|40
|
|t:|1730760064
|-singleturn|p2a: Tyranitar|move: Focus Punch
|switch|p1a: Toni es gay|Skarmory, F|25/100
|move|p2a: Tyranitar|Focus Punch|p1a: Toni es gay
|-damage|p1a: Toni es gay|0 fnt
|faint|p1a: Toni es gay
|
|t:|1730760067
|switch|p1a: Swimming Pools|Swampert, F|55/100
|-damage|p1a: Swimming Pools|30/100|[from] Spikes
|
|-weather|Sandstorm|[upkeep]
|-heal|p2a: Tyranitar|11/100 tox|[from] item: Leftovers
|-damage|p2a: Tyranitar|0 fnt|[from] psn
|faint|p2a: Tyranitar
|-heal|p1a: Swimming Pools|36/100|[from] item: Leftovers
|upkeep
|inactive|realtimeglover has 210 seconds left.
|inactive|realtimeglover has 180 seconds left.
|
|t:|1730760120
|switch|p2a: Skarmory|Skarmory, F|100/100
|turn|41
|
|t:|1730760125
|move|p1a: Swimming Pools|Protect|p1a: Swimming Pools
|-singleturn|p1a: Swimming Pools|Protect
|move|p2a: Skarmory|Toxic|p1a: Swimming Pools
|-activate|p1a: Swimming Pools|Protect
|
|-weather|Sandstorm|[upkeep]
|-heal|p1a: Swimming Pools|43/100|[from] item: Leftovers
|upkeep
|turn|42
|
|t:|1730760134
|move|p2a: Skarmory|Toxic|p1a: Swimming Pools
|-status|p1a: Swimming Pools|tox
|move|p1a: Swimming Pools|Hydro Pump|p2a: Skarmory|[miss]
|-miss|p1a: Swimming Pools|p2a: Skarmory
|
|-weather|Sandstorm|[upkeep]
|-heal|p1a: Swimming Pools|49/100 tox|[from] item: Leftovers
|-damage|p1a: Swimming Pools|43/100 tox|[from] psn
|upkeep
|turn|43
|
|t:|1730760144
|move|p2a: Skarmory|Protect|p2a: Skarmory
|-singleturn|p2a: Skarmory|Protect
|move|p1a: Swimming Pools|Ice Beam|p2a: Skarmory
|-activate|p2a: Skarmory|Protect
|
|-weather|Sandstorm|[upkeep]
|-heal|p1a: Swimming Pools|49/100 tox|[from] item: Leftovers
|-damage|p1a: Swimming Pools|36/100 tox|[from] psn
|upkeep
|turn|44
|
|t:|1730760151
|move|p1a: Swimming Pools|Hydro Pump|p2a: Skarmory
|-damage|p2a: Skarmory|67/100
|move|p2a: Skarmory|Roar|p1a: Swimming Pools
|drag|p1a: Poetic Justice|Charizard, M|15/100 tox
|
|-weather|Sandstorm|[upkeep]
|-damage|p1a: Poetic Justice|9/100 tox|[from] Sandstorm
|-heal|p1a: Poetic Justice|15/100 tox|[from] item: Leftovers
|-damage|p1a: Poetic Justice|9/100 tox|[from] psn
|-heal|p2a: Skarmory|73/100|[from] item: Leftovers
|upkeep
|turn|45
|
|t:|1730760156
|switch|p1a: King Kunta|Tyranitar, F|100/100
|-damage|p1a: King Kunta|76/100|[from] Spikes
|move|p2a: Skarmory|Protect||[still]
|-fail|p2a: Skarmory
|
|-weather|Sandstorm|[upkeep]
|-heal|p2a: Skarmory|79/100|[from] item: Leftovers
|-heal|p1a: King Kunta|82/100|[from] item: Leftovers
|upkeep
|turn|46
|
|t:|1730760161
|move|p2a: Skarmory|Toxic|p1a: King Kunta
|-status|p1a: King Kunta|tox
|move|p1a: King Kunta|Rock Slide|p2a: Skarmory
|-damage|p2a: Skarmory|45/100
|
|-weather|Sandstorm|[upkeep]
|-heal|p2a: Skarmory|51/100|[from] item: Leftovers
|-heal|p1a: King Kunta|88/100 tox|[from] item: Leftovers
|-damage|p1a: King Kunta|82/100 tox|[from] psn
|upkeep
|turn|47
|
|t:|1730760166
|move|p2a: Skarmory|Protect|p2a: Skarmory
|-singleturn|p2a: Skarmory|Protect
|move|p1a: King Kunta|Rock Slide|p2a: Skarmory
|-activate|p2a: Skarmory|Protect
|
|-weather|Sandstorm|[upkeep]
|-heal|p2a: Skarmory|57/100|[from] item: Leftovers
|-heal|p1a: King Kunta|88/100 tox|[from] item: Leftovers
|-damage|p1a: King Kunta|76/100 tox|[from] psn
|upkeep
|turn|48
|
|t:|1730760173
|switch|p2a: Swampert|Swampert, F|78/100
|-damage|p2a: Swampert|66/100|[from] Spikes
|move|p1a: King Kunta|Rock Slide|p2a: Swampert
|-resisted|p2a: Swampert
|-damage|p2a: Swampert|50/100
|
|-weather|Sandstorm|[upkeep]
|-heal|p1a: King Kunta|82/100 tox|[from] item: Leftovers
|-damage|p1a: King Kunta|63/100 tox|[from] psn
|-heal|p2a: Swampert|56/100|[from] item: Leftovers
|upkeep
|turn|49
|inactive|realtimeglover has 240 seconds left.
|
|t:|1730760181
|move|p2a: Swampert|Protect|p2a: Swampert
|-singleturn|p2a: Swampert|Protect
|move|p1a: King Kunta|Earthquake|p2a: Swampert
|-activate|p2a: Swampert|Protect
|
|-weather|Sandstorm|[upkeep]
|-heal|p1a: King Kunta|69/100 tox|[from] item: Leftovers
|-damage|p1a: King Kunta|45/100 tox|[from] psn
|-heal|p2a: Swampert|63/100|[from] item: Leftovers
|upkeep
|turn|50
|
|t:|1730760188
|move|p1a: King Kunta|Earthquake|p2a: Swampert
|-damage|p2a: Swampert|37/100
|move|p2a: Swampert|Earthquake|p1a: King Kunta
|-supereffective|p1a: King Kunta
|-damage|p1a: King Kunta|0 fnt
|faint|p1a: King Kunta
|
|t:|1730760190
|switch|p1a: Poetic Justice|Charizard, M|9/100 tox
|
|-weather|Sandstorm|[upkeep]
|-damage|p1a: Poetic Justice|3/100 tox|[from] Sandstorm
|-heal|p1a: Poetic Justice|9/100 tox|[from] item: Leftovers
|-damage|p1a: Poetic Justice|3/100 tox|[from] psn
|-heal|p2a: Swampert|43/100|[from] item: Leftovers
|upkeep
|turn|51
|
|t:|1730760194
|move|p2a: Swampert|Protect|p2a: Swampert
|-singleturn|p2a: Swampert|Protect
|move|p1a: Poetic Justice|Hidden Power|p2a: Swampert
|-activate|p2a: Swampert|Protect
|
|-weather|Sandstorm|[upkeep]
|-damage|p1a: Poetic Justice|0 fnt|[from] Sandstorm
|faint|p1a: Poetic Justice
|-heal|p2a: Swampert|49/100|[from] item: Leftovers
|upkeep
|
|t:|1730760196
|switch|p1a: Swimming Pools|Swampert, F|36/100 tox
|-damage|p1a: Swimming Pools|11/100 tox|[from] Spikes
|turn|52
|
|t:|1730760199
|move|p1a: Swimming Pools|Hydro Pump|p2a: Swampert|[miss]
|-miss|p1a: Swimming Pools|p2a: Swampert
|move|p2a: Swampert|Earthquake|p1a: Swimming Pools
|-damage|p1a: Swimming Pools|0 fnt
|faint|p1a: Swimming Pools
|
|win|realtimeglover
|c|☆Gonzasaurio 50|gg
|player|p1|
|c|☆realtimeglover|ggs! wp

</script>
<script type="application/json" class="data" id="replaydata-smogtours-gen3ou-804831">
{"id":"smogtours-gen3ou-804831","format":"[Gen 3] OU","players":["Gonzasaurio 50","realtimeglover"],"uploadtime":1730760199,"views":110,"formatid":"gen3ou","rating":null,"private":0,"password":null}
</script>

<script defer src="js/replays.js?9d40a366"></script>
