<!DOCTYPE html>
<meta charset="utf-8" />
<meta name="viewport" content="width=device-width" />

<title>[Gen 3] OU: WW_FortniteGamR vs. chad.lagos - Replays - Pok&eacute;mon Showdown!</title>

<meta name="description" content="Watch a replay of a Pok&eacute;mon battle between WW_FortniteGamR and chad.lagos! Format: [Gen 3] OU; Date: Oct 13, 2024" />
<!--

Hey, you! Looking in the source for the replay log?

You can find them in JSON format, just add `.json` at the end of a replay URL.

https://replay.pokemonshowdown.com/gen7randomdoublesbattle-865046831.json

Or, if you only need the log itself, add `.log` instead:

https://replay.pokemonshowdown.com/gen7randomdoublesbattle-865046831.log

-->

<link rel="stylesheet" href="//pokemonshowdown.com/style/global.css?0.023195364461161105" />
<link rel="stylesheet" href="//play.pokemonshowdown.com/style/font-awesome.css?0.13261647063804238" />
<link rel="stylesheet" href="//play.pokemonshowdown.com/style/battle.css?0.8753245789963631" />
<link rel="stylesheet" href="//play.pokemonshowdown.com/style/utilichart.css?0.8627959624976733" />

<!-- Global site tag (gtag.js) - Google Analytics -->
<script async src="https://www.googletagmanager.com/gtag/js?id=UA-26211653-1"></script>
<script>
  window.dataLayer = window.dataLayer || [];
  function gtag(){dataLayer.push(arguments);}
  gtag('js', new Date());

  gtag('config', 'UA-26211653-1');
</script>
<!-- End Google Analytics -->
<!-- Venatus Ad Manager - Install in <HEAD> of page -->
	<script src="https://hb.vntsm.com/v3/live/ad-manager.min.js" type="text/javascript" data-site-id="642aba63ec9a7b11c3c9c1be" data-mode="scan" async></script>
<!-- / Venatus Ad Manager -->

<style>
	@media (max-width:820px) {
		.battle {
			margin: 0 auto;
		}
		.battle-log {
			margin: 7px auto 0;
			max-width: 640px;
			height: 300px;
			position: static;
		}
	}
	.optgroup {
		display: inline-block;
		line-height: 22px;
		font-size: 10pt;
	}
	.optgroup .button {
		height: 25px;
		padding-top: 0;
		padding-bottom: 0;
	}
	.optgroup button.button {
		padding-left: 12px;
		padding-right: 12px;
	}
	.linklist {
		list-style: none;
		margin: 0.5em 0;
		padding: 0;
	}
	.linklist li {
		padding: 2px 0;
	}
	.sidebar {
		float: left;
		width: 320px;
	}
	.bar-wrapper {
		max-width: 1100px;
		margin: 0 auto;
	}
	.bar-wrapper.has-sidebar {
		max-width: 1430px;
	}
	.mainbar {
		margin: 0;
		padding-right: 1px;
	}
	.mainbar.has-sidebar {
		margin-left: 330px;
	}
	@media (min-width: 1511px) {
		.sidebar {
			width: 400px;
		}
		.bar-wrapper.has-sidebar {
			max-width: 1510px;
		}
		.mainbar.has-sidebar {
			margin-left: 410px;
		}
	}
	.section.first-section {
		margin-top: 9px;
	}
	.blocklink small {
		white-space: normal;
	}
	.button {
		vertical-align: middle;
	}
	.replay-controls {
		padding-top: 10px;
	}
	.replay-controls h1 {
		font-size: 16pt;
		font-weight: normal;
		color: #CCC;
	}
	.pagelink {
		text-align: center;
	}
	.pagelink a {
		width: 150px;
	}
	.textbox, .button {
		font-size: 11pt;
		vertical-align: middle;
	}
	@media (max-width: 450px) {
		.button {
			font-size: 9pt;
		}
	}
</style>

<div>

	<header>
		<div class="nav-wrapper"><ul class="nav">
			<li><a class="button nav-first" href="//pokemonshowdown.com/"><img src="//pokemonshowdown.com/images/pokemonshowdownbeta.png" srcset="//pokemonshowdown.com/images/pokemonshowdownbeta.png 1x, //pokemonshowdown.com/images/pokemonshowdownbeta@2x.png 2x" alt="Pok&eacute;mon Showdown" width="146" height="44" /> Home</a></li>
			<li><a class="button" href="//pokemonshowdown.com/dex/">Pok&eacute;dex</a></li>
			<li><a class="button cur" href="/">Replays</a></li>
			<li><a class="button" href="//pokemonshowdown.com/ladder/">Ladder</a></li>
			<li><a class="button nav-last" href="//pokemonshowdown.com/forums/">Forum</a></li>
			<li><a class="button greenbutton nav-first nav-last" href="//play.pokemonshowdown.com/">Play</a></li>
		</ul></div>
	</header>

	<div class="main" id="main">

		<noscript><section class="section">You need to enable JavaScript to use this page; sorry!</section></noscript>

	</div>

</div>

<script defer nomodule src="//play.pokemonshowdown.com/js/lib/ps-polyfill.js"></script>
<script defer src="//play.pokemonshowdown.com/js/lib/preact.min.js"></script>

<script defer src="//play.pokemonshowdown.com/config/config.js?2bddbc15"></script>
<script defer src="//play.pokemonshowdown.com/js/lib/jquery-1.11.0.min.js"></script>
<script defer src="//play.pokemonshowdown.com/js/lib/html-sanitizer-minified.js"></script>
<script defer src="//play.pokemonshowdown.com/js/battle-sound.js"></script>
<script defer src="//play.pokemonshowdown.com/js/battledata.js?0.7209276989879541"></script>
<script defer src="//play.pokemonshowdown.com/data/pokedex-mini.js?0.6111056340867951"></script>
<script defer src="//play.pokemonshowdown.com/data/pokedex-mini-bw.js?0.3532142036491459"></script>
<script defer src="//play.pokemonshowdown.com/data/graphics.js?0.24223875632456182"></script>
<script defer src="//play.pokemonshowdown.com/data/pokedex.js?0.38839984266356864"></script>
<script defer src="//play.pokemonshowdown.com/data/moves.js?0.21866028504024015"></script>
<script defer src="//play.pokemonshowdown.com/data/abilities.js?0.2005157953846628"></script>
<script defer src="//play.pokemonshowdown.com/data/items.js?0.9894211263848525"></script>
<script defer src="//play.pokemonshowdown.com/data/teambuilder-tables.js?0.6008791140282215"></script>
<script defer src="//play.pokemonshowdown.com/js/battle-tooltips.js?0.7580118955022959"></script>
<script defer src="//play.pokemonshowdown.com/js/battle.js?0.6057722274234274"></script>

<script defer src="js/utils.js?e31f9a17"></script>
<script defer src="js/replays-battle.js?7008c182"></script>

<!-- don't scrape this data! just add .json or .log after the URL!
Full API docs: https://github.com/smogon/pokemon-showdown-client/blob/master/WEB-API.md -->
<script type="text/plain" class="log" id="replaylog-smogtours-gen3ou-798509">
|inactive|Battle timer is ON: inactive players will automatically lose when time's up.
|t:|1728860147
|gametype|singles
|player|p1|WW_FortniteGamR|1|
|player|p2|chad.lagos|cyclist|
|teamsize|p1|6
|teamsize|p2|6
|gen|3
|tier|[Gen 3] OU
|rule|Sleep Clause Mod: Limit one foe put to sleep
|rule|Switch Priority Clause Mod: Faster Pokémon switch first
|rule|Species Clause: Limit one of each Pokémon
|rule|OHKO Clause: OHKO moves are banned
|rule|Evasion Items Clause: Evasion items are banned
|rule|Evasion Moves Clause: Evasion moves are banned
|rule|Endless Battle Clause: Forcing endless battles is banned
|rule|HP Percentage Mod: HP is shown in percentages
|rule|One Boost Passer Clause: Limit one Baton Passer that has a way to boost its stats
|rule|Freeze Clause Mod: Limit one foe frozen
|
|t:|1728860147
|start
|switch|p1a: Salamence|Salamence, M|100/100
|switch|p2a: Zapdos|Zapdos|100/100
|-ability|p1a: Salamence|Intimidate|boost
|-unboost|p2a: Zapdos|atk|1
|turn|1
|inactive|chad.lagos has 270 seconds left.
|
|t:|1728860183
|switch|p1a: Snorlax|Snorlax, M|100/100
|move|p2a: Zapdos|Hidden Power|p1a: Snorlax
|-damage|p1a: Snorlax|94/100
|
|-heal|p1a: Snorlax|99/100|[from] item: Leftovers
|upkeep
|turn|2
|inactive|chad.lagos has 270 seconds left.
|
|t:|1728860215
|move|p2a: Zapdos|Thunderbolt|p1a: Snorlax
|-damage|p1a: Snorlax|72/100
|move|p1a: Snorlax|Body Slam|p2a: Zapdos
|-damage|p2a: Zapdos|54/100
|
|-heal|p2a: Zapdos|60/100|[from] item: Leftovers
|-heal|p1a: Snorlax|78/100|[from] item: Leftovers
|upkeep
|turn|3
|inactive|chad.lagos has 270 seconds left.
|
|t:|1728860252
|move|p2a: Zapdos|Baton Pass|p2a: Zapdos
|
|t:|1728860254
|switch|p2a: Suicune|Suicune|100/100|[from] Baton Pass
|move|p1a: Snorlax|Curse|p1a: Snorlax
|-unboost|p1a: Snorlax|spe|1
|-boost|p1a: Snorlax|atk|1
|-boost|p1a: Snorlax|def|1
|
|-heal|p1a: Snorlax|84/100|[from] item: Leftovers
|upkeep
|turn|4
|inactive|chad.lagos has 240 seconds left.
|
|t:|1728860280
|move|p2a: Suicune|Calm Mind|p2a: Suicune
|-boost|p2a: Suicune|spa|1
|-boost|p2a: Suicune|spd|1
|move|p1a: Snorlax|Body Slam|p2a: Suicune
|-damage|p2a: Suicune|55/100
|
|-heal|p2a: Suicune|62/100|[from] item: Leftovers
|-heal|p1a: Snorlax|90/100|[from] item: Leftovers
|upkeep
|turn|5
|inactive|chad.lagos has 240 seconds left.
|
|t:|1728860293
|move|p2a: Suicune|Surf|p1a: Snorlax
|-damage|p1a: Snorlax|53/100
|move|p1a: Snorlax|Body Slam|p2a: Suicune
|-damage|p2a: Suicune|18/100
|
|-heal|p2a: Suicune|24/100|[from] item: Leftovers
|-heal|p1a: Snorlax|60/100|[from] item: Leftovers
|upkeep
|turn|6
|inactive|chad.lagos has 240 seconds left.
|
|t:|1728860310
|move|p2a: Suicune|Surf|p1a: Snorlax
|-damage|p1a: Snorlax|22/100
|move|p1a: Snorlax|Curse|p1a: Snorlax
|-unboost|p1a: Snorlax|spe|1
|-boost|p1a: Snorlax|atk|1
|-boost|p1a: Snorlax|def|1
|
|-heal|p2a: Suicune|30/100|[from] item: Leftovers
|-heal|p1a: Snorlax|28/100|[from] item: Leftovers
|upkeep
|turn|7
|inactive|chad.lagos has 240 seconds left.
|
|t:|1728860324
|move|p2a: Suicune|Surf|p1a: Snorlax
|-damage|p1a: Snorlax|0 fnt
|faint|p1a: Snorlax
|
|t:|1728860337
|switch|p1a: Salamence|Salamence, M|100/100
|-ability|p1a: Salamence|Intimidate|boost
|-unboost|p2a: Suicune|atk|1
|
|-heal|p2a: Suicune|37/100|[from] item: Leftovers
|upkeep
|turn|8
|inactive|chad.lagos has 240 seconds left.
|
|t:|1728860361
|move|p1a: Salamence|Hidden Power|p2a: Suicune
|-damage|p2a: Suicune|0 fnt
|faint|p2a: Suicune
|
|t:|1728860385
|switch|p2a: Zapdos|Zapdos|60/100
|
|-heal|p2a: Zapdos|66/100|[from] item: Leftovers
|upkeep
|turn|9
|
|t:|1728860401
|switch|p1a: Magneton|Magneton|100/100
|move|p2a: Zapdos|Thunderbolt|p1a: Magneton
|-resisted|p1a: Magneton
|-damage|p1a: Magneton|60/100
|
|-heal|p2a: Zapdos|72/100|[from] item: Leftovers
|-heal|p1a: Magneton|66/100|[from] item: Leftovers
|upkeep
|turn|10
|inactive|chad.lagos has 210 seconds left.
|
|t:|1728860430
|move|p2a: Zapdos|Thunderbolt|p1a: Magneton
|-resisted|p1a: Magneton
|-damage|p1a: Magneton|29/100
|move|p1a: Magneton|Toxic|p2a: Zapdos|[miss]
|-miss|p1a: Magneton|p2a: Zapdos
|
|-heal|p2a: Zapdos|78/100|[from] item: Leftovers
|-heal|p1a: Magneton|35/100|[from] item: Leftovers
|upkeep
|turn|11
|
|t:|1728860447
|switch|p1a: Celebi|Celebi|100/100
|move|p2a: Zapdos|Thunderbolt|p1a: Celebi
|-resisted|p1a: Celebi
|-crit|p1a: Celebi
|-damage|p1a: Celebi|65/100
|
|-heal|p2a: Zapdos|84/100|[from] item: Leftovers
|-heal|p1a: Celebi|71/100|[from] item: Leftovers
|upkeep
|turn|12
|
|t:|1728860465
|move|p2a: Zapdos|Hidden Power|p1a: Celebi
|-supereffective|p1a: Celebi
|-damage|p1a: Celebi|36/100
|move|p1a: Celebi|Leech Seed|p2a: Zapdos
|-start|p2a: Zapdos|move: Leech Seed
|
|-heal|p2a: Zapdos|90/100|[from] item: Leftovers
|-damage|p2a: Zapdos|77/100|[from] Leech Seed|[of] p1a: Celebi
|-heal|p1a: Celebi|46/100|[silent]
|-heal|p1a: Celebi|52/100|[from] item: Leftovers
|upkeep
|turn|13
|
|t:|1728860477
|switch|p2a: No Fawks|Blaziken, F, shiny|100/100
|move|p1a: Celebi|Recover|p1a: Celebi
|-heal|p1a: Celebi|100/100
|
|upkeep
|turn|14
|inactive|WW_FortniteGamR has 270 seconds left.
|inactive|chad.lagos has 180 seconds left.
|
|t:|1728860521
|move|p2a: No Fawks|Fire Blast|p1a: Celebi|[miss]
|-miss|p2a: No Fawks|p1a: Celebi
|move|p1a: Celebi|Leech Seed|p2a: No Fawks
|-start|p2a: No Fawks|move: Leech Seed
|
|-damage|p2a: No Fawks|88/100|[from] Leech Seed|[of] p1a: Celebi
|upkeep
|turn|15
|inactive|WW_FortniteGamR has 270 seconds left.
|inactive|chad.lagos has 180 seconds left.
|
|t:|1728860539
|move|p2a: No Fawks|Hidden Power|p1a: Celebi
|-supereffective|p1a: Celebi
|-damage|p1a: Celebi|64/100
|move|p1a: Celebi|Perish Song|p1a: Celebi
|-start|p1a: Celebi|perish3|[silent]
|-start|p2a: No Fawks|perish3|[silent]
|-fieldactivate|move: Perish Song
|
|-damage|p2a: No Fawks|76/100|[from] Leech Seed|[of] p1a: Celebi
|-heal|p1a: Celebi|73/100|[silent]
|-heal|p1a: Celebi|80/100|[from] item: Leftovers
|-start|p2a: No Fawks|perish3
|-start|p1a: Celebi|perish3
|upkeep
|turn|16
|
|t:|1728860568
|switch|p2a: Heracross|Heracross, F|100/100
|move|p1a: Celebi|Leech Seed|p2a: Heracross
|-start|p2a: Heracross|move: Leech Seed
|
|-damage|p2a: Heracross|88/100|[from] Leech Seed|[of] p1a: Celebi
|-heal|p1a: Celebi|89/100|[silent]
|-heal|p1a: Celebi|95/100|[from] item: Leftovers
|-start|p1a: Celebi|perish2
|upkeep
|turn|17
|inactive|chad.lagos has 150 seconds left.
|
|t:|1728860593
|switch|p2a: No Fawks|Blaziken, F, shiny|76/100
|switch|p1a: Salamence|Salamence, M|100/100
|-ability|p1a: Salamence|Intimidate|boost
|-unboost|p2a: No Fawks|atk|1
|
|upkeep
|turn|18
|
|t:|1728860606
|switch|p2a: Zapdos|Zapdos|77/100
|move|p1a: Salamence|Hidden Power|p2a: Zapdos
|-resisted|p2a: Zapdos
|-damage|p2a: Zapdos|43/100
|
|-heal|p2a: Zapdos|49/100|[from] item: Leftovers
|upkeep
|turn|19
|
|t:|1728860626
|switch|p1a: Celebi|Celebi|95/100
|move|p2a: Zapdos|Hidden Power|p1a: Celebi
|-supereffective|p1a: Celebi
|-damage|p1a: Celebi|62/100
|
|-heal|p2a: Zapdos|55/100|[from] item: Leftovers
|-heal|p1a: Celebi|68/100|[from] item: Leftovers
|upkeep
|turn|20
|inactive|chad.lagos has 120 seconds left.
|inactive|chad.lagos has 90 seconds left.
|
|t:|1728860702
|move|p2a: Zapdos|Hidden Power|p1a: Celebi
|-supereffective|p1a: Celebi
|-crit|p1a: Celebi
|-damage|p1a: Celebi|0 fnt
|faint|p1a: Celebi
|
|t:|1728860719
|switch|p1a: Magneton|Magneton|35/100
|
|-heal|p2a: Zapdos|61/100|[from] item: Leftovers
|-heal|p1a: Magneton|41/100|[from] item: Leftovers
|upkeep
|turn|21
|
|t:|1728860734
|move|p2a: Zapdos|Thunderbolt|p1a: Magneton
|-resisted|p1a: Magneton
|-damage|p1a: Magneton|7/100
|move|p1a: Magneton|Toxic|p2a: Zapdos
|-status|p2a: Zapdos|tox
|
|-heal|p2a: Zapdos|67/100 tox|[from] item: Leftovers
|-damage|p2a: Zapdos|61/100 tox|[from] psn
|-heal|p1a: Magneton|13/100|[from] item: Leftovers
|upkeep
|turn|22
|inactive|chad.lagos has 60 seconds left.
|
|t:|1728860765
|move|p2a: Zapdos|Thunderbolt|p1a: Magneton
|-resisted|p1a: Magneton
|-damage|p1a: Magneton|0 fnt
|faint|p1a: Magneton
|
|t:|1728860789
|switch|p1a: Claydol|Claydol|100/100
|
|-heal|p2a: Zapdos|67/100 tox|[from] item: Leftovers
|-damage|p2a: Zapdos|55/100 tox|[from] psn
|upkeep
|turn|23
|inactive|chad.lagos has 60 seconds left.
|
|t:|1728860809
|move|p2a: Zapdos|Rain Dance|p2a: Zapdos
|-weather|RainDance
|move|p1a: Claydol|Psychic|p2a: Zapdos
|-damage|p2a: Zapdos|31/100 tox
|
|-weather|RainDance|[upkeep]
|-heal|p2a: Zapdos|37/100 tox|[from] item: Leftovers
|-damage|p2a: Zapdos|19/100 tox|[from] psn
|upkeep
|turn|24
|
|t:|1728860829
|move|p2a: Zapdos|Hidden Power|p1a: Claydol
|-supereffective|p1a: Claydol
|-damage|p1a: Claydol|57/100
|move|p1a: Claydol|Earthquake|p2a: Zapdos
|-immune|p2a: Zapdos
|
|-weather|RainDance|[upkeep]
|-heal|p2a: Zapdos|25/100 tox|[from] item: Leftovers
|-damage|p2a: Zapdos|1/100 tox|[from] psn
|-heal|p1a: Claydol|63/100|[from] item: Leftovers
|upkeep
|turn|25
|inactive|chad.lagos has 60 seconds left.
|
|t:|1728860841
|switch|p1a: Suicune|Suicune|100/100
|move|p2a: Zapdos|Hidden Power|p1a: Suicune
|-resisted|p1a: Suicune
|-damage|p1a: Suicune|92/100
|
|-weather|RainDance|[upkeep]
|-heal|p2a: Zapdos|7/100 tox|[from] item: Leftovers
|-damage|p2a: Zapdos|0 fnt|[from] psn
|faint|p2a: Zapdos
|-heal|p1a: Suicune|98/100|[from] item: Leftovers
|upkeep
|
|t:|1728860871
|switch|p2a: Heracross|Heracross, F|88/100
|turn|26
|
|t:|1728860885
|move|p2a: Heracross|Megahorn|p1a: Suicune
|-damage|p1a: Suicune|61/100
|move|p1a: Suicune|Roar|p2a: Heracross
|drag|p2a: No Fawks|Blaziken, F, shiny|76/100
|
|-weather|RainDance|[upkeep]
|-heal|p1a: Suicune|67/100|[from] item: Leftovers
|upkeep
|turn|27
|inactive|chad.lagos has 30 seconds left.
|inactive|chad.lagos has 20 seconds left.
|
|t:|1728860917
|move|p2a: No Fawks|Sky Uppercut|p1a: Suicune|[miss]
|-miss|p2a: No Fawks|p1a: Suicune
|move|p1a: Suicune|Surf|p2a: No Fawks
|-supereffective|p2a: No Fawks
|-damage|p2a: No Fawks|0 fnt
|faint|p2a: No Fawks
|inactive|chad.lagos has 25 seconds left this turn.
|inactive|chad.lagos has 20 seconds left.
|inactive|chad.lagos has 15 seconds left.
|c|☆WW_FortniteGamR|unfortunate miss, sorry
|
|t:|1728860928
|switch|p2a: Heracross|Heracross, F|88/100
|
|-weather|none
|-heal|p1a: Suicune|74/100|[from] item: Leftovers
|upkeep
|turn|28
|inactive|chad.lagos has 25 seconds left this turn.
|inactive|chad.lagos has 20 seconds left.
|inactive|WW_FortniteGamR has 270 seconds left.
|
|t:|1728860941
|move|p2a: Heracross|Megahorn|p1a: Suicune|[miss]
|-miss|p2a: Heracross|p1a: Suicune
|move|p1a: Suicune|Surf|p2a: Heracross
|-damage|p2a: Heracross|54/100
|
|-heal|p1a: Suicune|80/100|[from] item: Leftovers
|upkeep
|turn|29
|inactive|chad.lagos has 30 seconds left this turn.
|
|t:|1728860949
|switch|p1a: Salamence|Salamence, M|100/100
|-ability|p1a: Salamence|Intimidate|boost
|-unboost|p2a: Heracross|atk|1
|move|p2a: Heracross|Substitute|p2a: Heracross
|-start|p2a: Heracross|Substitute
|-damage|p2a: Heracross|29/100
|
|upkeep
|turn|30
|inactive|chad.lagos has 30 seconds left.
|
|t:|1728860963
|move|p1a: Salamence|Hidden Power|p2a: Heracross
|-supereffective|p2a: Heracross
|-end|p2a: Heracross|Substitute
|move|p2a: Heracross|Substitute|p2a: Heracross
|-start|p2a: Heracross|Substitute
|-damage|p2a: Heracross|4/100
|
|-enditem|p2a: Heracross|Salac Berry|[eat]
|-boost|p2a: Heracross|spe|1|[from] item: Salac Berry
|upkeep
|turn|31
|inactive|chad.lagos has 30 seconds left.
|inactive|WW_FortniteGamR has 270 seconds left.
|
|t:|1728861004
|switch|p1a: Suicune|Suicune|80/100
|move|p2a: Heracross|Megahorn|p1a: Suicune
|-damage|p1a: Suicune|40/100
|
|-heal|p1a: Suicune|46/100|[from] item: Leftovers
|upkeep
|turn|32
|inactive|chad.lagos has 30 seconds left.
|
|t:|1728861015
|-singleturn|p2a: Heracross|move: Focus Punch
|move|p2a: Heracross|Focus Punch|p1a: Suicune
|-damage|p1a: Suicune|16/100
|move|p1a: Suicune|Roar|p2a: Heracross
|drag|p2a: Dugtrio|Dugtrio, M|100/100
|
|-heal|p1a: Suicune|22/100|[from] item: Leftovers
|upkeep
|turn|33
|inactive|chad.lagos has 30 seconds left.
|inactive|chad.lagos has 20 seconds left.
|
|t:|1728861032
|move|p2a: Dugtrio|Earthquake|p1a: Suicune
|-damage|p1a: Suicune|0 fnt
|faint|p1a: Suicune
|inactive|chad.lagos has 25 seconds left this turn.
|inactive|WW_FortniteGamR has 240 seconds left.
|inactive|WW_FortniteGamR has 210 seconds left.
|
|t:|1728861085
|switch|p1a: Salamence|Salamence, M|100/100
|-ability|p1a: Salamence|Intimidate|boost
|-unboost|p2a: Dugtrio|atk|1
|
|upkeep
|turn|34
|inactive|chad.lagos has 30 seconds left.
|
|t:|1728861091
|switch|p2a: Heracross|Heracross, F|4/100
|move|p1a: Salamence|Hidden Power|p2a: Heracross
|-supereffective|p2a: Heracross
|-crit|p2a: Heracross
|-damage|p2a: Heracross|0 fnt
|faint|p2a: Heracross
|inactive|chad.lagos has 30 seconds left.
|
|t:|1728861097
|switch|p2a: Kingdra|Kingdra, M|100/100
|
|upkeep
|turn|35
|
|t:|1728861111
|move|p1a: Salamence|Hidden Power|p2a: Kingdra
|-damage|p2a: Kingdra|38/100
|move|p2a: Kingdra|Rain Dance|p2a: Kingdra
|-weather|RainDance
|
|-weather|RainDance|[upkeep]
|upkeep
|turn|36
|
|t:|1728861118
|move|p2a: Kingdra|Ice Beam|p1a: Salamence
|-supereffective|p1a: Salamence
|-damage|p1a: Salamence|0 fnt
|faint|p1a: Salamence
|
|t:|1728861121
|switch|p1a: Claydol|Claydol|63/100
|
|-weather|RainDance|[upkeep]
|-heal|p1a: Claydol|70/100|[from] item: Leftovers
|upkeep
|turn|37
|
|t:|1728861127
|move|p2a: Kingdra|Hydro Pump|p1a: Claydol
|-supereffective|p1a: Claydol
|-damage|p1a: Claydol|0 fnt
|faint|p1a: Claydol
|
|win|chad.lagos
|c|☆WW_FortniteGamR|gg
|c|☆chad.lagos|gg
|player|p1|
|player|p2|
|player|p1|WW_FortniteGamR|1|

</script>
<script type="application/json" class="data" id="replaydata-smogtours-gen3ou-798509">
{"id":"smogtours-gen3ou-798509","format":"[Gen 3] OU","players":["WW_FortniteGamR","chad.lagos"],"uploadtime":1728861127,"views":93,"formatid":"gen3ou","rating":null,"private":0,"password":null}
</script>

<script defer src="js/replays.js?9d40a366"></script>
