<!DOCTYPE html>
<meta charset="utf-8" />
<meta name="viewport" content="width=device-width" />

<title>[Gen 3] OU: lexitg vs. Skarpherim© - Replays - Pok&eacute;mon Showdown!</title>

<meta name="description" content="Watch a replay of a Pok&eacute;mon battle between lexitg and Skarpherim©! Format: [Gen 3] OU; Date: Oct 29, 2024" />
<!--

Hey, you! Looking in the source for the replay log?

You can find them in JSON format, just add `.json` at the end of a replay URL.

https://replay.pokemonshowdown.com/gen7randomdoublesbattle-865046831.json

Or, if you only need the log itself, add `.log` instead:

https://replay.pokemonshowdown.com/gen7randomdoublesbattle-865046831.log

-->

<link rel="stylesheet" href="//pokemonshowdown.com/style/global.css?0.023195364461161105" />
<link rel="stylesheet" href="//play.pokemonshowdown.com/style/font-awesome.css?0.13261647063804238" />
<link rel="stylesheet" href="//play.pokemonshowdown.com/style/battle.css?0.8753245789963631" />
<link rel="stylesheet" href="//play.pokemonshowdown.com/style/utilichart.css?0.8627959624976733" />

<!-- Global site tag (gtag.js) - Google Analytics -->
<script async src="https://www.googletagmanager.com/gtag/js?id=UA-26211653-1"></script>
<script>
  window.dataLayer = window.dataLayer || [];
  function gtag(){dataLayer.push(arguments);}
  gtag('js', new Date());

  gtag('config', 'UA-26211653-1');
</script>
<!-- End Google Analytics -->
<!-- Venatus Ad Manager - Install in <HEAD> of page -->
	<script src="https://hb.vntsm.com/v3/live/ad-manager.min.js" type="text/javascript" data-site-id="642aba63ec9a7b11c3c9c1be" data-mode="scan" async></script>
<!-- / Venatus Ad Manager -->

<style>
	@media (max-width:820px) {
		.battle {
			margin: 0 auto;
		}
		.battle-log {
			margin: 7px auto 0;
			max-width: 640px;
			height: 300px;
			position: static;
		}
	}
	.optgroup {
		display: inline-block;
		line-height: 22px;
		font-size: 10pt;
	}
	.optgroup .button {
		height: 25px;
		padding-top: 0;
		padding-bottom: 0;
	}
	.optgroup button.button {
		padding-left: 12px;
		padding-right: 12px;
	}
	.linklist {
		list-style: none;
		margin: 0.5em 0;
		padding: 0;
	}
	.linklist li {
		padding: 2px 0;
	}
	.sidebar {
		float: left;
		width: 320px;
	}
	.bar-wrapper {
		max-width: 1100px;
		margin: 0 auto;
	}
	.bar-wrapper.has-sidebar {
		max-width: 1430px;
	}
	.mainbar {
		margin: 0;
		padding-right: 1px;
	}
	.mainbar.has-sidebar {
		margin-left: 330px;
	}
	@media (min-width: 1511px) {
		.sidebar {
			width: 400px;
		}
		.bar-wrapper.has-sidebar {
			max-width: 1510px;
		}
		.mainbar.has-sidebar {
			margin-left: 410px;
		}
	}
	.section.first-section {
		margin-top: 9px;
	}
	.blocklink small {
		white-space: normal;
	}
	.button {
		vertical-align: middle;
	}
	.replay-controls {
		padding-top: 10px;
	}
	.replay-controls h1 {
		font-size: 16pt;
		font-weight: normal;
		color: #CCC;
	}
	.pagelink {
		text-align: center;
	}
	.pagelink a {
		width: 150px;
	}
	.textbox, .button {
		font-size: 11pt;
		vertical-align: middle;
	}
	@media (max-width: 450px) {
		.button {
			font-size: 9pt;
		}
	}
</style>

<div>

	<header>
		<div class="nav-wrapper"><ul class="nav">
			<li><a class="button nav-first" href="//pokemonshowdown.com/"><img src="//pokemonshowdown.com/images/pokemonshowdownbeta.png" srcset="//pokemonshowdown.com/images/pokemonshowdownbeta.png 1x, //pokemonshowdown.com/images/pokemonshowdownbeta@2x.png 2x" alt="Pok&eacute;mon Showdown" width="146" height="44" /> Home</a></li>
			<li><a class="button" href="//pokemonshowdown.com/dex/">Pok&eacute;dex</a></li>
			<li><a class="button cur" href="/">Replays</a></li>
			<li><a class="button" href="//pokemonshowdown.com/ladder/">Ladder</a></li>
			<li><a class="button nav-last" href="//pokemonshowdown.com/forums/">Forum</a></li>
			<li><a class="button greenbutton nav-first nav-last" href="//play.pokemonshowdown.com/">Play</a></li>
		</ul></div>
	</header>

	<div class="main" id="main">

		<noscript><section class="section">You need to enable JavaScript to use this page; sorry!</section></noscript>

	</div>

</div>

<script defer nomodule src="//play.pokemonshowdown.com/js/lib/ps-polyfill.js"></script>
<script defer src="//play.pokemonshowdown.com/js/lib/preact.min.js"></script>

<script defer src="//play.pokemonshowdown.com/config/config.js?2bddbc15"></script>
<script defer src="//play.pokemonshowdown.com/js/lib/jquery-1.11.0.min.js"></script>
<script defer src="//play.pokemonshowdown.com/js/lib/html-sanitizer-minified.js"></script>
<script defer src="//play.pokemonshowdown.com/js/battle-sound.js"></script>
<script defer src="//play.pokemonshowdown.com/js/battledata.js?0.7209276989879541"></script>
<script defer src="//play.pokemonshowdown.com/data/pokedex-mini.js?0.6111056340867951"></script>
<script defer src="//play.pokemonshowdown.com/data/pokedex-mini-bw.js?0.3532142036491459"></script>
<script defer src="//play.pokemonshowdown.com/data/graphics.js?0.24223875632456182"></script>
<script defer src="//play.pokemonshowdown.com/data/pokedex.js?0.38839984266356864"></script>
<script defer src="//play.pokemonshowdown.com/data/moves.js?0.21866028504024015"></script>
<script defer src="//play.pokemonshowdown.com/data/abilities.js?0.2005157953846628"></script>
<script defer src="//play.pokemonshowdown.com/data/items.js?0.9894211263848525"></script>
<script defer src="//play.pokemonshowdown.com/data/teambuilder-tables.js?0.6008791140282215"></script>
<script defer src="//play.pokemonshowdown.com/js/battle-tooltips.js?0.7580118955022959"></script>
<script defer src="//play.pokemonshowdown.com/js/battle.js?0.6057722274234274"></script>

<script defer src="js/utils.js?e31f9a17"></script>
<script defer src="js/replays-battle.js?7008c182"></script>

<!-- don't scrape this data! just add .json or .log after the URL!
Full API docs: https://github.com/smogon/pokemon-showdown-client/blob/master/WEB-API.md -->
<script type="text/plain" class="log" id="replaylog-smogtours-gen3ou-803374">
|inactive|Battle timer is ON: inactive players will automatically lose when time's up.
|t:|1730241908
|gametype|singles
|player|p1|lexitg|2|
|player|p2|Skarpherim©|lucas-gen4pt|
|teamsize|p1|6
|teamsize|p2|6
|gen|3
|tier|[Gen 3] OU
|rule|Sleep Clause Mod: Limit one foe put to sleep
|rule|Switch Priority Clause Mod: Faster Pokémon switch first
|rule|Species Clause: Limit one of each Pokémon
|rule|OHKO Clause: OHKO moves are banned
|rule|Evasion Items Clause: Evasion items are banned
|rule|Evasion Moves Clause: Evasion moves are banned
|rule|Endless Battle Clause: Forcing endless battles is banned
|rule|HP Percentage Mod: HP is shown in percentages
|rule|One Boost Passer Clause: Limit one Baton Passer that has a way to boost its stats
|rule|Freeze Clause Mod: Limit one foe frozen
|
|t:|1730241908
|start
|switch|p1a: fartass|Zapdos|100/100
|switch|p2a: Tyranitar|Tyranitar, F|100/100
|-weather|Sandstorm|[from] ability: Sand Stream|[of] p2a: Tyranitar
|turn|1
|c|☆Skarpherim©|hf
|raw|<div class="broadcast-red"><strong>Moderated chat was set to ☆!<\/strong><br />Only users of rank ☆ and higher can talk.<\/div>
|c|☆lexitg|glhf
|
|t:|1730241934
|switch|p1a: bitchj|Swampert, M|100/100
|move|p2a: Tyranitar|Rock Slide|p1a: bitchj
|-resisted|p1a: bitchj
|-damage|p1a: bitchj|86/100
|
|-weather|Sandstorm|[upkeep]
|-heal|p1a: bitchj|92/100|[from] item: Leftovers
|upkeep
|turn|2
|
|t:|1730241949
|switch|p2a: Starmie|Starmie|100/100
|move|p1a: bitchj|Hydro Pump|p2a: Starmie
|-resisted|p2a: Starmie
|-damage|p2a: Starmie|78/100
|
|-weather|Sandstorm|[upkeep]
|-damage|p2a: Starmie|72/100|[from] Sandstorm
|-heal|p2a: Starmie|78/100|[from] item: Leftovers
|-heal|p1a: bitchj|98/100|[from] item: Leftovers
|upkeep
|turn|3
|
|t:|1730241956
|move|p1a: bitchj|Protect|p1a: bitchj
|-singleturn|p1a: bitchj|Protect
|move|p2a: Starmie|Surf|p1a: bitchj
|-activate|p1a: bitchj|Protect
|
|-weather|Sandstorm|[upkeep]
|-damage|p2a: Starmie|72/100|[from] Sandstorm
|-heal|p2a: Starmie|78/100|[from] item: Leftovers
|-heal|p1a: bitchj|100/100|[from] item: Leftovers
|upkeep
|turn|4
|
|t:|1730241977
|switch|p1a: fart|Celebi|100/100
|move|p2a: Starmie|Surf|p1a: fart
|-resisted|p1a: fart
|-damage|p1a: fart|91/100
|
|-weather|Sandstorm|[upkeep]
|-damage|p2a: Starmie|72/100|[from] Sandstorm
|-damage|p1a: fart|84/100|[from] Sandstorm
|-heal|p2a: Starmie|78/100|[from] item: Leftovers
|-heal|p1a: fart|91/100|[from] item: Leftovers
|upkeep
|turn|5
|inactive|Skarpherim© has 270 seconds left.
|inactive|Skarpherim© has 240 seconds left.
|inactive|Skarpherim© has 210 seconds left.
|inactive|Skarpherim© has 180 seconds left.
|
|t:|1730242101
|switch|p2a: Tyranitar|Tyranitar, F|100/100
|move|p1a: fart|Baton Pass|p1a: fart
|
|t:|1730242112
|switch|p1a: bitchj|Swampert, M|100/100|[from] Baton Pass
|
|-weather|Sandstorm|[upkeep]
|upkeep
|turn|6
|
|t:|1730242120
|switch|p2a: Skarmory|Skarmory, F|100/100
|move|p1a: bitchj|Earthquake|p2a: Skarmory
|-immune|p2a: Skarmory
|
|-weather|Sandstorm|[upkeep]
|upkeep
|turn|7
|
|t:|1730242125
|switch|p1a: fartass|Zapdos|100/100
|move|p2a: Skarmory|Spikes|p1a: fartass
|-sidestart|p1: lexitg|Spikes
|
|-weather|Sandstorm|[upkeep]
|-damage|p1a: fartass|94/100|[from] Sandstorm
|-heal|p1a: fartass|100/100|[from] item: Leftovers
|upkeep
|turn|8
|
|t:|1730242152
|switch|p2a: Blissey|Blissey, F|100/100
|move|p1a: fartass|Baton Pass|p1a: fartass
|
|t:|1730242168
|switch|p1a: fart|Celebi|91/100|[from] Baton Pass
|-damage|p1a: fart|78/100|[from] Spikes
|
|-weather|Sandstorm|[upkeep]
|-damage|p1a: fart|72/100|[from] Sandstorm
|-damage|p2a: Blissey|94/100|[from] Sandstorm
|-heal|p1a: fart|78/100|[from] item: Leftovers
|-heal|p2a: Blissey|100/100|[from] item: Leftovers
|upkeep
|turn|9
|inactive|Skarpherim© has 180 seconds left.
|
|t:|1730242198
|switch|p2a: Skarmory|Skarmory, F|100/100
|move|p1a: fart|Leech Seed|p2a: Skarmory
|-start|p2a: Skarmory|move: Leech Seed
|
|-weather|Sandstorm|[upkeep]
|-damage|p1a: fart|72/100|[from] Sandstorm
|-heal|p1a: fart|78/100|[from] item: Leftovers
|-damage|p2a: Skarmory|88/100|[from] Leech Seed|[of] p1a: fart
|-heal|p1a: fart|88/100|[silent]
|upkeep
|turn|10
|
|t:|1730242217
|switch|p2a: Tyranitar|Tyranitar, F|100/100
|move|p1a: fart|Baton Pass|p1a: fart
|
|t:|1730242226
|switch|p1a: bitchj|Swampert, M|100/100|[from] Baton Pass
|-damage|p1a: bitchj|88/100|[from] Spikes
|
|-weather|Sandstorm|[upkeep]
|-heal|p1a: bitchj|94/100|[from] item: Leftovers
|upkeep
|turn|11
|
|t:|1730242233
|switch|p2a: Starmie|Starmie|78/100
|move|p1a: bitchj|Hydro Pump|p2a: Starmie|[miss]
|-miss|p1a: bitchj|p2a: Starmie
|
|-weather|Sandstorm|[upkeep]
|-damage|p2a: Starmie|72/100|[from] Sandstorm
|-heal|p2a: Starmie|78/100|[from] item: Leftovers
|-heal|p1a: bitchj|100/100|[from] item: Leftovers
|upkeep
|turn|12
|
|t:|1730242242
|switch|p1a: fart|Celebi|88/100
|-damage|p1a: fart|76/100|[from] Spikes
|move|p2a: Starmie|Surf|p1a: fart
|-resisted|p1a: fart
|-damage|p1a: fart|66/100
|
|-weather|Sandstorm|[upkeep]
|-damage|p2a: Starmie|72/100|[from] Sandstorm
|-damage|p1a: fart|60/100|[from] Sandstorm
|-heal|p2a: Starmie|78/100|[from] item: Leftovers
|-heal|p1a: fart|66/100|[from] item: Leftovers
|upkeep
|turn|13
|inactive|Skarpherim© has 180 seconds left.
|
|t:|1730242275
|switch|p2a: Skarmory|Skarmory, F|88/100
|move|p1a: fart|Baton Pass|p1a: fart
|
|t:|1730242280
|switch|p1a: bitchj2|Starmie|100/100|[from] Baton Pass
|-damage|p1a: bitchj2|88/100|[from] Spikes
|
|-weather|Sandstorm|[upkeep]
|-damage|p1a: bitchj2|82/100|[from] Sandstorm
|-heal|p1a: bitchj2|88/100|[from] item: Leftovers
|-heal|p2a: Skarmory|94/100|[from] item: Leftovers
|upkeep
|turn|14
|inactive|lexitg has 270 seconds left.
|
|t:|1730242320
|switch|p2a: Blissey|Blissey, F|100/100
|move|p1a: bitchj2|Hydro Pump|p2a: Blissey
|-damage|p2a: Blissey|78/100
|
|-weather|Sandstorm|[upkeep]
|-damage|p1a: bitchj2|82/100|[from] Sandstorm
|-damage|p2a: Blissey|72/100|[from] Sandstorm
|-heal|p1a: bitchj2|88/100|[from] item: Leftovers
|-heal|p2a: Blissey|78/100|[from] item: Leftovers
|upkeep
|turn|15
|
|t:|1730242333
|switch|p1a: fart|Celebi|66/100
|-damage|p1a: fart|54/100|[from] Spikes
|move|p2a: Blissey|Ice Beam|p1a: fart
|-supereffective|p1a: fart
|-damage|p1a: fart|19/100
|
|-weather|Sandstorm|[upkeep]
|-damage|p1a: fart|13/100|[from] Sandstorm
|-damage|p2a: Blissey|72/100|[from] Sandstorm
|-heal|p1a: fart|19/100|[from] item: Leftovers
|-heal|p2a: Blissey|78/100|[from] item: Leftovers
|upkeep
|turn|16
|
|t:|1730242347
|switch|p2a: Aerodactyl|Aerodactyl, M|100/100
|move|p1a: fart|Recover|p1a: fart
|-heal|p1a: fart|69/100
|
|-weather|Sandstorm|[upkeep]
|-damage|p1a: fart|63/100|[from] Sandstorm
|-heal|p1a: fart|69/100|[from] item: Leftovers
|upkeep
|turn|17
|
|t:|1730242358
|switch|p1a: bitchj|Swampert, M|100/100
|-damage|p1a: bitchj|88/100|[from] Spikes
|move|p2a: Aerodactyl|Double-Edge|p1a: bitchj
|-damage|p1a: bitchj|54/100
|
|-weather|Sandstorm|[upkeep]
|-heal|p1a: bitchj|60/100|[from] item: Leftovers
|upkeep
|turn|18
|
|t:|1730242370
|switch|p2a: Starmie|Starmie|78/100
|move|p1a: bitchj|Protect||[still]
|-fail|p1a: bitchj
|
|-weather|Sandstorm|[upkeep]
|-damage|p2a: Starmie|72/100|[from] Sandstorm
|-heal|p2a: Starmie|78/100|[from] item: Leftovers
|-heal|p1a: bitchj|66/100|[from] item: Leftovers
|upkeep
|turn|19
|
|t:|1730242378
|switch|p2a: Skarmory|Skarmory, F|94/100
|move|p1a: bitchj|Protect||[still]
|-fail|p1a: bitchj
|
|-weather|Sandstorm|[upkeep]
|-heal|p2a: Skarmory|99/100|[from] item: Leftovers
|-heal|p1a: bitchj|72/100|[from] item: Leftovers
|upkeep
|turn|20
|
|t:|1730242389
|switch|p1a: bitchj2|Starmie|88/100
|-damage|p1a: bitchj2|76/100|[from] Spikes
|move|p2a: Skarmory|Toxic|p1a: bitchj2
|-status|p1a: bitchj2|tox
|
|-weather|Sandstorm|[upkeep]
|-damage|p1a: bitchj2|70/100 tox|[from] Sandstorm
|-heal|p1a: bitchj2|76/100 tox|[from] item: Leftovers
|-damage|p1a: bitchj2|70/100 tox|[from] psn
|-heal|p2a: Skarmory|100/100|[from] item: Leftovers
|upkeep
|turn|21
|inactive|Skarpherim© has 180 seconds left.
|
|t:|1730242422
|-curestatus|p1a: bitchj2|tox|[from] ability: Natural Cure
|switch|p1a: fartass|Zapdos|100/100
|move|p2a: Skarmory|Drill Peck|p1a: fartass
|-resisted|p1a: fartass
|-damage|p1a: fartass|86/100
|
|-weather|Sandstorm|[upkeep]
|-damage|p1a: fartass|80/100|[from] Sandstorm
|-heal|p1a: fartass|86/100|[from] item: Leftovers
|upkeep
|turn|22
|inactive|lexitg has 270 seconds left.
|
|t:|1730242480
|switch|p2a: Blissey|Blissey, F|78/100
|move|p1a: fartass|Baton Pass|p1a: fartass
|
|t:|1730242482
|switch|p1a: wug|Dugtrio, M|100/100|[from] Baton Pass
|-damage|p1a: wug|88/100|[from] Spikes
|
|-weather|Sandstorm|[upkeep]
|-damage|p2a: Blissey|72/100|[from] Sandstorm
|-heal|p2a: Blissey|78/100|[from] item: Leftovers
|upkeep
|turn|23
|
|t:|1730242484
|move|p1a: wug|Beat Up|p2a: Blissey
|-damage|p2a: Blissey|68/100
|-damage|p2a: Blissey|57/100
|-damage|p2a: Blissey|46/100
|-damage|p2a: Blissey|36/100
|-damage|p2a: Blissey|20/100
|-damage|p2a: Blissey|6/100
|-hitcount|p2a: Blissey|6
|move|p2a: Blissey|Ice Beam|p1a: wug
|-supereffective|p1a: wug
|-damage|p1a: wug|0 fnt
|faint|p1a: wug
|
|t:|1730242486
|switch|p1a: fartass|Zapdos|86/100
|
|-weather|Sandstorm|[upkeep]
|-damage|p1a: fartass|80/100|[from] Sandstorm
|-damage|p2a: Blissey|0 fnt|[from] Sandstorm
|faint|p2a: Blissey
|-heal|p1a: fartass|86/100|[from] item: Leftovers
|upkeep
|
|t:|1730242509
|switch|p2a: Tyranitar|Tyranitar, F|100/100
|turn|24
|inactive|lexitg has 270 seconds left.
|inactive|lexitg has 240 seconds left.
|inactive|lexitg has 210 seconds left.
|
|t:|1730242580
|switch|p1a: bitchj|Swampert, M|72/100
|-damage|p1a: bitchj|60/100|[from] Spikes
|move|p2a: Tyranitar|Rock Slide|p1a: bitchj
|-resisted|p1a: bitchj
|-damage|p1a: bitchj|45/100
|
|-weather|Sandstorm|[upkeep]
|-heal|p1a: bitchj|51/100|[from] item: Leftovers
|upkeep
|turn|25
|inactive|lexitg has 210 seconds left.
|inactive|Skarpherim© has 150 seconds left.
|
|t:|1730242612
|switch|p2a: Skarmory|Skarmory, F|100/100
|move|p1a: bitchj|Hydro Pump|p2a: Skarmory
|-damage|p2a: Skarmory|67/100
|
|-weather|Sandstorm|[upkeep]
|-heal|p2a: Skarmory|73/100|[from] item: Leftovers
|-heal|p1a: bitchj|57/100|[from] item: Leftovers
|upkeep
|turn|26
|inactive|Skarpherim© has 150 seconds left.
|
|t:|1730242623
|switch|p1a: fart|Celebi|69/100
|-damage|p1a: fart|56/100|[from] Spikes
|move|p2a: Skarmory|Toxic|p1a: fart
|-status|p1a: fart|tox
|
|-weather|Sandstorm|[upkeep]
|-damage|p1a: fart|50/100 tox|[from] Sandstorm
|-heal|p1a: fart|56/100 tox|[from] item: Leftovers
|-damage|p1a: fart|50/100 tox|[from] psn
|-heal|p2a: Skarmory|79/100|[from] item: Leftovers
|upkeep
|turn|27
|inactive|Skarpherim© has 150 seconds left.
|
|t:|1730242630
|move|p1a: fart|Recover|p1a: fart
|-heal|p1a: fart|99/100 tox
|move|p2a: Skarmory|Spikes|p1a: fart
|-sidestart|p1: lexitg|Spikes
|
|-weather|Sandstorm|[upkeep]
|-damage|p1a: fart|94/100 tox|[from] Sandstorm
|-heal|p1a: fart|99/100 tox|[from] item: Leftovers
|-damage|p1a: fart|88/100 tox|[from] psn
|-heal|p2a: Skarmory|85/100|[from] item: Leftovers
|upkeep
|turn|28
|inactive|lexitg has 210 seconds left.
|inactive|Skarpherim© has 150 seconds left.
|
|t:|1730242648
|-curestatus|p1a: fart|tox|[from] ability: Natural Cure
|switch|p1a: bitchj2|Starmie|70/100
|-damage|p1a: bitchj2|54/100|[from] Spikes
|switch|p2a: Aerodactyl|Aerodactyl, M|100/100
|
|-weather|Sandstorm|[upkeep]
|-damage|p1a: bitchj2|47/100|[from] Sandstorm
|-heal|p1a: bitchj2|54/100|[from] item: Leftovers
|upkeep
|turn|29
|inactive|lexitg has 210 seconds left.
|inactive|Skarpherim© has 150 seconds left.
|
|t:|1730242672
|switch|p1a: fgart|Tyranitar, M|100/100
|-damage|p1a: fgart|84/100|[from] Spikes
|move|p2a: Aerodactyl|Double-Edge|p1a: fgart
|-resisted|p1a: fgart
|-damage|p1a: fgart|64/100
|
|-weather|Sandstorm|[upkeep]
|-heal|p1a: fgart|70/100|[from] item: Leftovers
|upkeep
|turn|30
|
|t:|1730242687
|switch|p2a: Swampert|Swampert, F|100/100
|move|p1a: fgart|Hidden Power|p2a: Swampert
|-damage|p2a: Swampert|82/100
|
|-weather|Sandstorm|[upkeep]
|-heal|p2a: Swampert|88/100|[from] item: Leftovers
|-heal|p1a: fgart|76/100|[from] item: Leftovers
|upkeep
|turn|31
|inactive|Skarpherim© has 150 seconds left.
|
|t:|1730242703
|switch|p1a: fart|Celebi|88/100
|-damage|p1a: fart|71/100|[from] Spikes
|move|p2a: Swampert|Toxic|p1a: fart
|-status|p1a: fart|tox
|
|-weather|Sandstorm|[upkeep]
|-damage|p1a: fart|65/100 tox|[from] Sandstorm
|-heal|p1a: fart|71/100 tox|[from] item: Leftovers
|-damage|p1a: fart|65/100 tox|[from] psn
|-heal|p2a: Swampert|94/100|[from] item: Leftovers
|upkeep
|turn|32
|inactive|Skarpherim© has 150 seconds left.
|
|t:|1730242721
|switch|p2a: Aerodactyl|Aerodactyl, M|100/100
|move|p1a: fart|Leech Seed|p2a: Aerodactyl
|-start|p2a: Aerodactyl|move: Leech Seed
|
|-weather|Sandstorm|[upkeep]
|-damage|p1a: fart|59/100 tox|[from] Sandstorm
|-damage|p2a: Aerodactyl|88/100|[from] Leech Seed|[of] p1a: fart
|-heal|p1a: fart|68/100 tox|[silent]
|-heal|p1a: fart|74/100 tox|[from] item: Leftovers
|-damage|p1a: fart|62/100 tox|[from] psn
|upkeep
|turn|33
|inactive|Skarpherim© has 150 seconds left.
|
|t:|1730242741
|switch|p2a: Tyranitar|Tyranitar, F|100/100
|-curestatus|p1a: fart|tox|[from] ability: Natural Cure
|switch|p1a: bitchj|Swampert, M|57/100
|-damage|p1a: bitchj|41/100|[from] Spikes
|
|-weather|Sandstorm|[upkeep]
|-heal|p1a: bitchj|47/100|[from] item: Leftovers
|upkeep
|turn|34
|
|t:|1730242753
|switch|p2a: Starmie|Starmie|78/100
|switch|p1a: fartass|Zapdos|86/100
|
|-weather|Sandstorm|[upkeep]
|-damage|p1a: fartass|80/100|[from] Sandstorm
|-damage|p2a: Starmie|72/100|[from] Sandstorm
|-heal|p1a: fartass|86/100|[from] item: Leftovers
|-heal|p2a: Starmie|78/100|[from] item: Leftovers
|upkeep
|turn|35
|
|t:|1730242778
|switch|p2a: Tyranitar|Tyranitar, F|100/100
|move|p1a: fartass|Thunderbolt|p2a: Tyranitar
|-damage|p2a: Tyranitar|59/100
|
|-weather|Sandstorm|[upkeep]
|-damage|p1a: fartass|80/100|[from] Sandstorm
|-heal|p1a: fartass|86/100|[from] item: Leftovers
|-heal|p2a: Tyranitar|65/100|[from] item: Leftovers
|upkeep
|turn|36
|
|t:|1730242788
|move|p1a: fartass|Baton Pass|p1a: fartass
|
|t:|1730242790
|switch|p1a: bitchj|Swampert, M|47/100|[from] Baton Pass
|-damage|p1a: bitchj|30/100|[from] Spikes
|move|p2a: Tyranitar|Rock Slide|p1a: bitchj
|-resisted|p1a: bitchj
|-damage|p1a: bitchj|16/100
|
|-weather|Sandstorm|[upkeep]
|-heal|p2a: Tyranitar|71/100|[from] item: Leftovers
|-heal|p1a: bitchj|23/100|[from] item: Leftovers
|upkeep
|turn|37
|
|t:|1730242805
|switch|p2a: Starmie|Starmie|78/100
|move|p1a: bitchj|Hydro Pump|p2a: Starmie
|-resisted|p2a: Starmie
|-damage|p2a: Starmie|47/100
|
|-weather|Sandstorm|[upkeep]
|-damage|p2a: Starmie|41/100|[from] Sandstorm
|-heal|p2a: Starmie|47/100|[from] item: Leftovers
|-heal|p1a: bitchj|29/100|[from] item: Leftovers
|upkeep
|turn|38
|
|t:|1730242815
|move|p2a: Starmie|Surf|p1a: bitchj
|-damage|p1a: bitchj|2/100
|move|p1a: bitchj|Earthquake|p2a: Starmie
|-damage|p2a: Starmie|12/100
|
|-weather|Sandstorm|[upkeep]
|-damage|p2a: Starmie|6/100|[from] Sandstorm
|-heal|p2a: Starmie|12/100|[from] item: Leftovers
|-heal|p1a: bitchj|8/100|[from] item: Leftovers
|upkeep
|turn|39
|
|t:|1730242828
|switch|p1a: fart|Celebi|62/100
|-damage|p1a: fart|45/100|[from] Spikes
|move|p2a: Starmie|Surf|p1a: fart
|-resisted|p1a: fart
|-damage|p1a: fart|35/100
|
|-weather|Sandstorm|[upkeep]
|-damage|p2a: Starmie|6/100|[from] Sandstorm
|-damage|p1a: fart|29/100|[from] Sandstorm
|-heal|p2a: Starmie|12/100|[from] item: Leftovers
|-heal|p1a: fart|35/100|[from] item: Leftovers
|upkeep
|turn|40
|inactive|Skarpherim© has 150 seconds left.
|
|t:|1730242838
|switch|p2a: Aerodactyl|Aerodactyl, M|88/100
|move|p1a: fart|Recover|p1a: fart
|-heal|p1a: fart|85/100
|
|-weather|Sandstorm|[upkeep]
|-damage|p1a: fart|79/100|[from] Sandstorm
|-heal|p1a: fart|85/100|[from] item: Leftovers
|upkeep
|turn|41
|inactive|Skarpherim© has 150 seconds left.
|inactive|lexitg has 210 seconds left.
|
|t:|1730242859
|move|p2a: Aerodactyl|Hidden Power|p1a: fart
|-supereffective|p1a: fart
|-damage|p1a: fart|0 fnt
|faint|p1a: fart
|
|t:|1730242872
|switch|p1a: fartass|Zapdos|86/100
|
|-weather|Sandstorm|[upkeep]
|-damage|p1a: fartass|80/100|[from] Sandstorm
|-heal|p1a: fartass|86/100|[from] item: Leftovers
|upkeep
|turn|42
|inactive|Skarpherim© has 150 seconds left.
|
|t:|1730242888
|switch|p2a: Starmie|Starmie|12/100
|move|p1a: fartass|Hidden Power|p2a: Starmie
|-supereffective|p2a: Starmie
|-damage|p2a: Starmie|0 fnt
|faint|p2a: Starmie
|inactive|Skarpherim© has 150 seconds left.
|
|t:|1730242899
|switch|p2a: Tyranitar|Tyranitar, F|71/100
|
|-weather|Sandstorm|[upkeep]
|-damage|p1a: fartass|80/100|[from] Sandstorm
|-heal|p1a: fartass|86/100|[from] item: Leftovers
|-heal|p2a: Tyranitar|77/100|[from] item: Leftovers
|upkeep
|turn|43
|inactive|lexitg has 210 seconds left.
|
|t:|1730242913
|switch|p1a: bitchj|Swampert, M|8/100
|-damage|p1a: bitchj|0 fnt|[from] Spikes
|faint|p1a: bitchj
|
|t:|1730242914
|switch|p1a: bitchj2|Starmie|54/100
|-damage|p1a: bitchj2|37/100|[from] Spikes
|
|-weather|Sandstorm|[upkeep]
|-damage|p1a: bitchj2|31/100|[from] Sandstorm
|-heal|p1a: bitchj2|37/100|[from] item: Leftovers
|-heal|p2a: Tyranitar|83/100|[from] item: Leftovers
|upkeep
|turn|44
|
|t:|1730242925
|switch|p2a: Skarmory|Skarmory, F|85/100
|move|p1a: bitchj2|Hydro Pump|p2a: Skarmory
|-damage|p2a: Skarmory|40/100
|
|-weather|Sandstorm|[upkeep]
|-damage|p1a: bitchj2|31/100|[from] Sandstorm
|-heal|p1a: bitchj2|37/100|[from] item: Leftovers
|-heal|p2a: Skarmory|46/100|[from] item: Leftovers
|upkeep
|turn|45
|
|t:|1730242933
|move|p1a: bitchj2|Thunderbolt|p2a: Skarmory
|-supereffective|p2a: Skarmory
|-crit|p2a: Skarmory
|-damage|p2a: Skarmory|0 fnt
|faint|p2a: Skarmory
|
|t:|1730242935
|switch|p2a: Aerodactyl|Aerodactyl, M|88/100
|
|-weather|Sandstorm|[upkeep]
|-damage|p1a: bitchj2|31/100|[from] Sandstorm
|-heal|p1a: bitchj2|37/100|[from] item: Leftovers
|upkeep
|turn|46
|
|t:|1730242951
|switch|p1a: fgart|Tyranitar, M|76/100
|-damage|p1a: fgart|60/100|[from] Spikes
|move|p2a: Aerodactyl|Double-Edge|p1a: fgart
|-resisted|p1a: fgart
|-damage|p1a: fgart|38/100
|
|-weather|Sandstorm|[upkeep]
|-heal|p1a: fgart|45/100|[from] item: Leftovers
|upkeep
|turn|47
|inactive|Skarpherim© has 150 seconds left.
|
|t:|1730242978
|-singleturn|p1a: fgart|move: Focus Punch
|switch|p2a: Swampert|Swampert, F|94/100
|move|p1a: fgart|Focus Punch|p2a: Swampert
|-crit|p2a: Swampert
|-damage|p2a: Swampert|14/100
|
|-weather|Sandstorm|[upkeep]
|-heal|p2a: Swampert|21/100|[from] item: Leftovers
|-heal|p1a: fgart|51/100|[from] item: Leftovers
|upkeep
|turn|48
|inactive|lexitg has 240 seconds left.
|inactive|lexitg has 210 seconds left.
|inactive|lexitg has 180 seconds left.
|inactive|lexitg has 150 seconds left.
|
|t:|1730243087
|switch|p1a: fartass|Zapdos|86/100
|move|p2a: Swampert|Surf|p1a: fartass
|-damage|p1a: fartass|35/100
|
|-weather|Sandstorm|[upkeep]
|-damage|p1a: fartass|29/100|[from] Sandstorm
|-heal|p1a: fartass|35/100|[from] item: Leftovers
|-heal|p2a: Swampert|27/100|[from] item: Leftovers
|upkeep
|turn|49
|inactive|lexitg has 150 seconds left.
|inactive|Skarpherim© has 150 seconds left.
|
|t:|1730243108
|move|p1a: fartass|Hidden Power|p2a: Swampert
|-supereffective|p2a: Swampert
|-damage|p2a: Swampert|0 fnt
|faint|p2a: Swampert
|inactive|Skarpherim© has 150 seconds left.
|
|t:|1730243128
|switch|p2a: Tyranitar|Tyranitar, F|83/100
|
|-weather|Sandstorm|[upkeep]
|-damage|p1a: fartass|29/100|[from] Sandstorm
|-heal|p1a: fartass|35/100|[from] item: Leftovers
|-heal|p2a: Tyranitar|90/100|[from] item: Leftovers
|upkeep
|turn|50
|inactive|lexitg has 150 seconds left.
|
|t:|1730243152
|move|p1a: fartass|Thunder Wave|p2a: Tyranitar
|-status|p2a: Tyranitar|par
|move|p2a: Tyranitar|Rock Slide|p1a: fartass
|-supereffective|p1a: fartass
|-damage|p1a: fartass|0 fnt
|faint|p1a: fartass
|
|t:|1730243162
|switch|p1a: fgart|Tyranitar, M|51/100
|-damage|p1a: fgart|34/100|[from] Spikes
|
|-weather|Sandstorm|[upkeep]
|-heal|p1a: fgart|40/100|[from] item: Leftovers
|-heal|p2a: Tyranitar|96/100 par|[from] item: Leftovers
|upkeep
|turn|51
|
|t:|1730243176
|move|p1a: fgart|Rock Slide|p2a: Tyranitar
|-damage|p2a: Tyranitar|62/100 par
|cant|p2a: Tyranitar|flinch
|
|-weather|Sandstorm|[upkeep]
|-heal|p1a: fgart|47/100|[from] item: Leftovers
|-heal|p2a: Tyranitar|69/100 par|[from] item: Leftovers
|upkeep
|turn|52
|
|t:|1730243194
|move|p1a: fgart|Rock Slide|p2a: Tyranitar
|-damage|p2a: Tyranitar|34/100 par
|cant|p2a: Tyranitar|flinch
|
|-weather|Sandstorm|[upkeep]
|-heal|p1a: fgart|53/100|[from] item: Leftovers
|-heal|p2a: Tyranitar|40/100 par|[from] item: Leftovers
|upkeep
|turn|53
|
|t:|1730243202
|move|p1a: fgart|Rock Slide|p2a: Tyranitar
|-damage|p2a: Tyranitar|3/100 par
|move|p2a: Tyranitar|Earthquake|p1a: fgart
|-supereffective|p1a: fgart
|-damage|p1a: fgart|0 fnt
|faint|p1a: fgart
|
|t:|1730243203
|switch|p1a: bitchj2|Starmie|37/100
|-damage|p1a: bitchj2|21/100|[from] Spikes
|
|-weather|Sandstorm|[upkeep]
|-damage|p1a: bitchj2|15/100|[from] Sandstorm
|-heal|p1a: bitchj2|21/100|[from] item: Leftovers
|-heal|p2a: Tyranitar|10/100 par|[from] item: Leftovers
|upkeep
|turn|54
|
|t:|1730243206
|move|p1a: bitchj2|Ice Beam|p2a: Tyranitar
|-damage|p2a: Tyranitar|0 fnt
|faint|p2a: Tyranitar
|
|t:|1730243207
|switch|p2a: Aerodactyl|Aerodactyl, M|88/100
|
|-weather|Sandstorm|[upkeep]
|-damage|p1a: bitchj2|15/100|[from] Sandstorm
|-heal|p1a: bitchj2|21/100|[from] item: Leftovers
|upkeep
|turn|55
|
|t:|1730243211
|move|p2a: Aerodactyl|Hidden Power|p1a: bitchj2
|-supereffective|p1a: bitchj2
|-damage|p1a: bitchj2|0 fnt
|faint|p1a: bitchj2
|
|win|Skarpherim©
|c|☆lexitg|gg
|c|☆Skarpherim©|gg
|player|p2|
|player|p2|Skarpherim©|lucas-gen4pt|
|c|☆Skarpherim©|/log Skarpherim© made the replay of this battle unlisted.

</script>
<script type="application/json" class="data" id="replaydata-smogtours-gen3ou-803374">
{"id":"smogtours-gen3ou-803374","format":"[Gen 3] OU","players":["lexitg","Skarpherim\u00a9"],"uploadtime":1730243211,"views":59,"formatid":"gen3ou","rating":null,"private":1,"password":null}
</script>

<script defer src="js/replays.js?9d40a366"></script>
