<!DOCTYPE html>
<meta charset="utf-8" />
<meta name="viewport" content="width=device-width" />

<title>[Gen 3] OU: Skittle_Skity vs. SoyJosito - Replays - Pok&eacute;mon Showdown!</title>

<meta name="description" content="Watch a replay of a Pok&eacute;mon battle between Skittle_Skity and SoyJosito! Format: [Gen 3] OU; Date: Oct 9, 2024" />
<!--

Hey, you! Looking in the source for the replay log?

You can find them in JSON format, just add `.json` at the end of a replay URL.

https://replay.pokemonshowdown.com/gen7randomdoublesbattle-865046831.json

Or, if you only need the log itself, add `.log` instead:

https://replay.pokemonshowdown.com/gen7randomdoublesbattle-865046831.log

-->

<link rel="stylesheet" href="//pokemonshowdown.com/style/global.css?0.023195364461161105" />
<link rel="stylesheet" href="//play.pokemonshowdown.com/style/font-awesome.css?0.13261647063804238" />
<link rel="stylesheet" href="//play.pokemonshowdown.com/style/battle.css?0.8753245789963631" />
<link rel="stylesheet" href="//play.pokemonshowdown.com/style/utilichart.css?0.8627959624976733" />

<!-- Global site tag (gtag.js) - Google Analytics -->
<script async src="https://www.googletagmanager.com/gtag/js?id=UA-26211653-1"></script>
<script>
  window.dataLayer = window.dataLayer || [];
  function gtag(){dataLayer.push(arguments);}
  gtag('js', new Date());

  gtag('config', 'UA-26211653-1');
</script>
<!-- End Google Analytics -->
<!-- Venatus Ad Manager - Install in <HEAD> of page -->
	<script src="https://hb.vntsm.com/v3/live/ad-manager.min.js" type="text/javascript" data-site-id="642aba63ec9a7b11c3c9c1be" data-mode="scan" async></script>
<!-- / Venatus Ad Manager -->

<style>
	@media (max-width:820px) {
		.battle {
			margin: 0 auto;
		}
		.battle-log {
			margin: 7px auto 0;
			max-width: 640px;
			height: 300px;
			position: static;
		}
	}
	.optgroup {
		display: inline-block;
		line-height: 22px;
		font-size: 10pt;
	}
	.optgroup .button {
		height: 25px;
		padding-top: 0;
		padding-bottom: 0;
	}
	.optgroup button.button {
		padding-left: 12px;
		padding-right: 12px;
	}
	.linklist {
		list-style: none;
		margin: 0.5em 0;
		padding: 0;
	}
	.linklist li {
		padding: 2px 0;
	}
	.sidebar {
		float: left;
		width: 320px;
	}
	.bar-wrapper {
		max-width: 1100px;
		margin: 0 auto;
	}
	.bar-wrapper.has-sidebar {
		max-width: 1430px;
	}
	.mainbar {
		margin: 0;
		padding-right: 1px;
	}
	.mainbar.has-sidebar {
		margin-left: 330px;
	}
	@media (min-width: 1511px) {
		.sidebar {
			width: 400px;
		}
		.bar-wrapper.has-sidebar {
			max-width: 1510px;
		}
		.mainbar.has-sidebar {
			margin-left: 410px;
		}
	}
	.section.first-section {
		margin-top: 9px;
	}
	.blocklink small {
		white-space: normal;
	}
	.button {
		vertical-align: middle;
	}
	.replay-controls {
		padding-top: 10px;
	}
	.replay-controls h1 {
		font-size: 16pt;
		font-weight: normal;
		color: #CCC;
	}
	.pagelink {
		text-align: center;
	}
	.pagelink a {
		width: 150px;
	}
	.textbox, .button {
		font-size: 11pt;
		vertical-align: middle;
	}
	@media (max-width: 450px) {
		.button {
			font-size: 9pt;
		}
	}
</style>

<div>

	<header>
		<div class="nav-wrapper"><ul class="nav">
			<li><a class="button nav-first" href="//pokemonshowdown.com/"><img src="//pokemonshowdown.com/images/pokemonshowdownbeta.png" srcset="//pokemonshowdown.com/images/pokemonshowdownbeta.png 1x, //pokemonshowdown.com/images/pokemonshowdownbeta@2x.png 2x" alt="Pok&eacute;mon Showdown" width="146" height="44" /> Home</a></li>
			<li><a class="button" href="//pokemonshowdown.com/dex/">Pok&eacute;dex</a></li>
			<li><a class="button cur" href="/">Replays</a></li>
			<li><a class="button" href="//pokemonshowdown.com/ladder/">Ladder</a></li>
			<li><a class="button nav-last" href="//pokemonshowdown.com/forums/">Forum</a></li>
			<li><a class="button greenbutton nav-first nav-last" href="//play.pokemonshowdown.com/">Play</a></li>
		</ul></div>
	</header>

	<div class="main" id="main">

		<noscript><section class="section">You need to enable JavaScript to use this page; sorry!</section></noscript>

	</div>

</div>

<script defer nomodule src="//play.pokemonshowdown.com/js/lib/ps-polyfill.js"></script>
<script defer src="//play.pokemonshowdown.com/js/lib/preact.min.js"></script>

<script defer src="//play.pokemonshowdown.com/config/config.js?2bddbc15"></script>
<script defer src="//play.pokemonshowdown.com/js/lib/jquery-1.11.0.min.js"></script>
<script defer src="//play.pokemonshowdown.com/js/lib/html-sanitizer-minified.js"></script>
<script defer src="//play.pokemonshowdown.com/js/battle-sound.js"></script>
<script defer src="//play.pokemonshowdown.com/js/battledata.js?0.7209276989879541"></script>
<script defer src="//play.pokemonshowdown.com/data/pokedex-mini.js?0.6111056340867951"></script>
<script defer src="//play.pokemonshowdown.com/data/pokedex-mini-bw.js?0.3532142036491459"></script>
<script defer src="//play.pokemonshowdown.com/data/graphics.js?0.24223875632456182"></script>
<script defer src="//play.pokemonshowdown.com/data/pokedex.js?0.38839984266356864"></script>
<script defer src="//play.pokemonshowdown.com/data/moves.js?0.21866028504024015"></script>
<script defer src="//play.pokemonshowdown.com/data/abilities.js?0.2005157953846628"></script>
<script defer src="//play.pokemonshowdown.com/data/items.js?0.9894211263848525"></script>
<script defer src="//play.pokemonshowdown.com/data/teambuilder-tables.js?0.6008791140282215"></script>
<script defer src="//play.pokemonshowdown.com/js/battle-tooltips.js?0.7580118955022959"></script>
<script defer src="//play.pokemonshowdown.com/js/battle.js?0.6057722274234274"></script>

<script defer src="js/utils.js?e31f9a17"></script>
<script defer src="js/replays-battle.js?7008c182"></script>

<!-- don't scrape this data! just add .json or .log after the URL!
Full API docs: https://github.com/smogon/pokemon-showdown-client/blob/master/WEB-API.md -->
<script type="text/plain" class="log" id="replaylog-smogtours-gen3ou-796616">
|inactive|Battle timer is ON: inactive players will automatically lose when time's up.
|t:|1728480654
|gametype|singles
|player|p1|Skittle_Skity|169|
|player|p2|SoyJosito|1|
|teamsize|p1|6
|teamsize|p2|6
|gen|3
|tier|[Gen 3] OU
|rule|Sleep Clause Mod: Limit one foe put to sleep
|rule|Switch Priority Clause Mod: Faster Pokémon switch first
|rule|Species Clause: Limit one of each Pokémon
|rule|OHKO Clause: OHKO moves are banned
|rule|Evasion Items Clause: Evasion items are banned
|rule|Evasion Moves Clause: Evasion moves are banned
|rule|Endless Battle Clause: Forcing endless battles is banned
|rule|HP Percentage Mod: HP is shown in percentages
|rule|One Boost Passer Clause: Limit one Baton Passer that has a way to boost its stats
|rule|Freeze Clause Mod: Limit one foe frozen
|
|t:|1728480654
|start
|switch|p1a: BLJ|Zapdos|100/100
|switch|p2a: Zapdos|Zapdos|100/100
|turn|1
|
|t:|1728480668
|move|p2a: Zapdos|Thunder Wave|p1a: BLJ
|-status|p1a: BLJ|par
|move|p1a: BLJ|Baton Pass|p1a: BLJ
|
|t:|1728480670
|switch|p1a: TWO|Celebi|100/100|[from] Baton Pass
|
|upkeep
|turn|2
|
|t:|1728480696
|move|p2a: Zapdos|Baton Pass|p2a: Zapdos
|
|t:|1728480699
|switch|p2a: Tyranitar|Tyranitar, F|100/100|[from] Baton Pass
|-weather|Sandstorm|[from] ability: Sand Stream|[of] p2a: Tyranitar
|move|p1a: TWO|Swords Dance|p1a: TWO
|-boost|p1a: TWO|atk|2
|
|-weather|Sandstorm|[upkeep]
|-damage|p1a: TWO|94/100|[from] Sandstorm
|-heal|p1a: TWO|100/100|[from] item: Leftovers
|upkeep
|turn|3
|inactive|SoyJosito has 270 seconds left.
|
|t:|1728480732
|-singleturn|p2a: Tyranitar|move: Focus Punch
|move|p1a: TWO|Baton Pass|p1a: TWO
|inactive|Skittle_Skity has 270 seconds left.
|
|t:|1728480754
|switch|p1a: Schmoove|Gyarados, M|100/100|[from] Baton Pass
|-ability|p1a: Schmoove|Intimidate|boost
|-unboost|p2a: Tyranitar|atk|1
|move|p2a: Tyranitar|Focus Punch|p1a: Schmoove
|-resisted|p1a: Schmoove
|-damage|p1a: Schmoove|76/100
|
|-weather|Sandstorm|[upkeep]
|-damage|p1a: Schmoove|70/100|[from] Sandstorm
|-heal|p1a: Schmoove|76/100|[from] item: Leftovers
|upkeep
|turn|4
|inactive|SoyJosito has 270 seconds left.
|inactive|SoyJosito has 240 seconds left.
|
|t:|1728480799
|switch|p2a: Zapdos|Zapdos|100/100
|move|p1a: Schmoove|Earthquake|p2a: Zapdos
|-immune|p2a: Zapdos
|
|-weather|Sandstorm|[upkeep]
|-damage|p2a: Zapdos|94/100|[from] Sandstorm
|-damage|p1a: Schmoove|70/100|[from] Sandstorm
|-heal|p2a: Zapdos|100/100|[from] item: Leftovers
|-heal|p1a: Schmoove|76/100|[from] item: Leftovers
|upkeep
|turn|5
|inactive|SoyJosito has 240 seconds left.
|
|t:|1728480813
|switch|p1a: TWO|Celebi|100/100
|move|p2a: Zapdos|Thunderbolt|p1a: TWO
|-resisted|p1a: TWO
|-damage|p1a: TWO|79/100
|
|-weather|Sandstorm|[upkeep]
|-damage|p2a: Zapdos|94/100|[from] Sandstorm
|-damage|p1a: TWO|73/100|[from] Sandstorm
|-heal|p2a: Zapdos|100/100|[from] item: Leftovers
|-heal|p1a: TWO|79/100|[from] item: Leftovers
|upkeep
|turn|6
|inactive|SoyJosito has 240 seconds left.
|
|t:|1728480824
|move|p2a: Zapdos|Thunderbolt|p1a: TWO
|-resisted|p1a: TWO
|-crit|p1a: TWO
|-damage|p1a: TWO|37/100
|move|p1a: TWO|Leech Seed|p2a: Zapdos
|-start|p2a: Zapdos|move: Leech Seed
|
|-weather|Sandstorm|[upkeep]
|-damage|p2a: Zapdos|94/100|[from] Sandstorm
|-damage|p1a: TWO|31/100|[from] Sandstorm
|-heal|p2a: Zapdos|100/100|[from] item: Leftovers
|-damage|p2a: Zapdos|88/100|[from] Leech Seed|[of] p1a: TWO
|-heal|p1a: TWO|41/100|[silent]
|-heal|p1a: TWO|47/100|[from] item: Leftovers
|upkeep
|turn|7
|inactive|SoyJosito has 240 seconds left.
|
|t:|1728480834
|switch|p2a: Tyranitar|Tyranitar, F|100/100
|move|p1a: TWO|Recover|p1a: TWO
|-heal|p1a: TWO|97/100
|
|-weather|Sandstorm|[upkeep]
|-damage|p1a: TWO|91/100|[from] Sandstorm
|-heal|p1a: TWO|97/100|[from] item: Leftovers
|upkeep
|turn|8
|inactive|SoyJosito has 240 seconds left.
|
|t:|1728480841
|move|p1a: TWO|Baton Pass|p1a: TWO
|
|t:|1728480847
|switch|p1a: Meteor Happens|Metagross|100/100|[from] Baton Pass
|move|p2a: Tyranitar|Rock Slide|p1a: Meteor Happens
|-resisted|p1a: Meteor Happens
|-damage|p1a: Meteor Happens|84/100
|
|-weather|Sandstorm|[upkeep]
|upkeep
|turn|9
|inactive|SoyJosito has 240 seconds left.
|
|t:|1728480866
|switch|p2a: Swampert|Swampert, F|100/100
|move|p1a: Meteor Happens|Meteor Mash|p2a: Swampert
|-resisted|p2a: Swampert
|-damage|p2a: Swampert|82/100
|-boost|p1a: Meteor Happens|atk|1
|
|-weather|Sandstorm|[upkeep]
|-heal|p2a: Swampert|89/100|[from] item: Leftovers
|upkeep
|turn|10
|inactive|SoyJosito has 240 seconds left.
|
|t:|1728480884
|move|p1a: Meteor Happens|Earthquake|p2a: Swampert
|-damage|p2a: Swampert|50/100
|move|p2a: Swampert|Ice Beam|p1a: Meteor Happens
|-resisted|p1a: Meteor Happens
|-damage|p1a: Meteor Happens|73/100
|
|-weather|Sandstorm|[upkeep]
|-heal|p2a: Swampert|57/100|[from] item: Leftovers
|upkeep
|turn|11
|
|t:|1728480892
|move|p2a: Swampert|Protect|p2a: Swampert
|-singleturn|p2a: Swampert|Protect
|move|p1a: Meteor Happens|Earthquake|p2a: Swampert
|-activate|p2a: Swampert|Protect
|
|-weather|Sandstorm|[upkeep]
|-heal|p2a: Swampert|63/100|[from] item: Leftovers
|upkeep
|turn|12
|inactive|SoyJosito has 240 seconds left.
|
|t:|1728480919
|move|p1a: Meteor Happens|Explosion|p2a: Swampert
|-damage|p2a: Swampert|0 fnt
|faint|p1a: Meteor Happens
|faint|p2a: Swampert
|
|t:|1728480941
|switch|p1a: BLJ|Zapdos|100/100 par
|switch|p2a: Tyranitar|Tyranitar, F|100/100
|
|-weather|Sandstorm|[upkeep]
|-damage|p1a: BLJ|94/100 par|[from] Sandstorm
|-heal|p1a: BLJ|100/100 par|[from] item: Leftovers
|upkeep
|turn|13
|
|t:|1728480962
|move|p2a: Tyranitar|Hidden Power|p1a: BLJ
|-resisted|p1a: BLJ
|-damage|p1a: BLJ|83/100 par
|move|p1a: BLJ|Thunderbolt|p2a: Tyranitar
|-damage|p2a: Tyranitar|56/100
|
|-weather|Sandstorm|[upkeep]
|-damage|p1a: BLJ|77/100 par|[from] Sandstorm
|-heal|p2a: Tyranitar|63/100|[from] item: Leftovers
|-heal|p1a: BLJ|83/100 par|[from] item: Leftovers
|upkeep
|turn|14
|
|t:|1728480977
|switch|p1a: 1 2 Oatmeal|Hariyama, F|100/100
|move|p2a: Tyranitar|Rock Slide|p1a: 1 2 Oatmeal|[miss]
|-miss|p2a: Tyranitar|p1a: 1 2 Oatmeal
|
|-weather|Sandstorm|[upkeep]
|-damage|p1a: 1 2 Oatmeal|94/100|[from] Sandstorm
|-heal|p2a: Tyranitar|69/100|[from] item: Leftovers
|-heal|p1a: 1 2 Oatmeal|100/100|[from] item: Leftovers
|upkeep
|turn|15
|
|t:|1728480986
|switch|p2a: Zapdos|Zapdos|88/100
|move|p1a: 1 2 Oatmeal|Cross Chop|p2a: Zapdos
|-resisted|p2a: Zapdos
|-damage|p2a: Zapdos|65/100
|
|-weather|Sandstorm|[upkeep]
|-damage|p2a: Zapdos|59/100|[from] Sandstorm
|-damage|p1a: 1 2 Oatmeal|94/100|[from] Sandstorm
|-heal|p2a: Zapdos|65/100|[from] item: Leftovers
|-heal|p1a: 1 2 Oatmeal|100/100|[from] item: Leftovers
|upkeep
|turn|16
|
|t:|1728480996
|move|p2a: Zapdos|Thunderbolt|p1a: 1 2 Oatmeal
|-damage|p1a: 1 2 Oatmeal|66/100
|move|p1a: 1 2 Oatmeal|Cross Chop|p2a: Zapdos
|-resisted|p2a: Zapdos
|-crit|p2a: Zapdos
|-damage|p2a: Zapdos|20/100
|
|-weather|Sandstorm|[upkeep]
|-damage|p2a: Zapdos|14/100|[from] Sandstorm
|-damage|p1a: 1 2 Oatmeal|60/100|[from] Sandstorm
|-heal|p2a: Zapdos|20/100|[from] item: Leftovers
|-heal|p1a: 1 2 Oatmeal|66/100|[from] item: Leftovers
|upkeep
|turn|17
|
|t:|1728481014
|move|p2a: Zapdos|Thunderbolt|p1a: 1 2 Oatmeal
|-damage|p1a: 1 2 Oatmeal|31/100
|move|p1a: 1 2 Oatmeal|Cross Chop|p2a: Zapdos
|-resisted|p2a: Zapdos
|-crit|p2a: Zapdos
|-damage|p2a: Zapdos|0 fnt
|faint|p2a: Zapdos
|
|t:|1728481030
|switch|p2a: Dugtrio|Dugtrio, M|100/100
|
|-weather|Sandstorm|[upkeep]
|-damage|p1a: 1 2 Oatmeal|24/100|[from] Sandstorm
|-heal|p1a: 1 2 Oatmeal|31/100|[from] item: Leftovers
|upkeep
|turn|18
|
|t:|1728481050
|move|p2a: Dugtrio|Earthquake|p1a: 1 2 Oatmeal
|-damage|p1a: 1 2 Oatmeal|0 fnt
|faint|p1a: 1 2 Oatmeal
|
|t:|1728481060
|switch|p1a: TWO|Celebi|97/100
|
|-weather|Sandstorm|[upkeep]
|-damage|p1a: TWO|91/100|[from] Sandstorm
|-heal|p1a: TWO|97/100|[from] item: Leftovers
|upkeep
|turn|19
|inactive|SoyJosito has 210 seconds left.
|
|t:|1728481084
|switch|p2a: Tyranitar|Tyranitar, F|69/100
|move|p1a: TWO|Swords Dance|p1a: TWO
|-boost|p1a: TWO|atk|2
|
|-weather|Sandstorm|[upkeep]
|-damage|p1a: TWO|91/100|[from] Sandstorm
|-heal|p1a: TWO|97/100|[from] item: Leftovers
|-heal|p2a: Tyranitar|75/100|[from] item: Leftovers
|upkeep
|turn|20
|inactive|SoyJosito has 210 seconds left.
|
|t:|1728481101
|move|p1a: TWO|Baton Pass|p1a: TWO
|
|t:|1728481109
|switch|p1a: Doubled Penny|Magneton|100/100|[from] Baton Pass
|move|p2a: Tyranitar|Rock Slide|p1a: Doubled Penny
|-resisted|p1a: Doubled Penny
|-damage|p1a: Doubled Penny|69/100
|
|-weather|Sandstorm|[upkeep]
|-heal|p2a: Tyranitar|81/100|[from] item: Leftovers
|upkeep
|turn|21
|inactive|SoyJosito has 210 seconds left.
|
|t:|1728481122
|switch|p2a: Celebi|Celebi|100/100
|move|p1a: Doubled Penny|Toxic|p2a: Celebi
|-status|p2a: Celebi|tox
|
|-weather|Sandstorm|[upkeep]
|-damage|p2a: Celebi|94/100 tox|[from] Sandstorm
|-heal|p2a: Celebi|100/100 tox|[from] item: Leftovers
|-damage|p2a: Celebi|94/100 tox|[from] psn
|upkeep
|turn|22
|inactive|SoyJosito has 210 seconds left.
|
|t:|1728481135
|move|p1a: Doubled Penny|Hidden Power|p2a: Celebi
|-supereffective|p2a: Celebi
|-damage|p2a: Celebi|62/100 tox
|move|p2a: Celebi|Baton Pass|p2a: Celebi
|
|t:|1728481138
|-curestatus|p2a: Celebi|tox|[from] ability: Natural Cure
|switch|p2a: Dugtrio|Dugtrio, M|100/100|[from] Baton Pass
|
|-weather|Sandstorm|[upkeep]
|upkeep
|turn|23
|
|t:|1728481144
|move|p1a: Doubled Penny|Protect|p1a: Doubled Penny
|-singleturn|p1a: Doubled Penny|Protect
|move|p2a: Dugtrio|Earthquake|p1a: Doubled Penny
|-activate|p1a: Doubled Penny|Protect
|
|-weather|Sandstorm|[upkeep]
|upkeep
|turn|24
|
|t:|1728481147
|move|p2a: Dugtrio|Earthquake|p1a: Doubled Penny
|-supereffective|p1a: Doubled Penny
|-damage|p1a: Doubled Penny|0 fnt
|faint|p1a: Doubled Penny
|
|t:|1728481158
|switch|p1a: TWO|Celebi|97/100
|
|-weather|Sandstorm|[upkeep]
|-damage|p1a: TWO|91/100|[from] Sandstorm
|-heal|p1a: TWO|97/100|[from] item: Leftovers
|upkeep
|turn|25
|
|t:|1728481162
|switch|p2a: Tyranitar|Tyranitar, F|81/100
|move|p1a: TWO|Leech Seed|p2a: Tyranitar
|-start|p2a: Tyranitar|move: Leech Seed
|
|-weather|Sandstorm|[upkeep]
|-damage|p1a: TWO|91/100|[from] Sandstorm
|-heal|p1a: TWO|97/100|[from] item: Leftovers
|-heal|p2a: Tyranitar|87/100|[from] item: Leftovers
|-damage|p2a: Tyranitar|75/100|[from] Leech Seed|[of] p1a: TWO
|-heal|p1a: TWO|100/100|[silent]
|upkeep
|turn|26
|inactive|SoyJosito has 240 seconds left.
|
|t:|1728481189
|move|p1a: TWO|Swords Dance|p1a: TWO
|-boost|p1a: TWO|atk|2
|move|p2a: Tyranitar|Hidden Power|p1a: TWO
|-supereffective|p1a: TWO
|-damage|p1a: TWO|31/100
|
|-weather|Sandstorm|[upkeep]
|-damage|p1a: TWO|25/100|[from] Sandstorm
|-heal|p1a: TWO|31/100|[from] item: Leftovers
|-heal|p2a: Tyranitar|81/100|[from] item: Leftovers
|-damage|p2a: Tyranitar|69/100|[from] Leech Seed|[of] p1a: TWO
|-heal|p1a: TWO|44/100|[silent]
|upkeep
|turn|27
|inactive|SoyJosito has 240 seconds left.
|
|t:|1728481201
|switch|p2a: Starmie|Starmie|100/100
|move|p1a: TWO|Recover|p1a: TWO
|-heal|p1a: TWO|94/100
|
|-weather|Sandstorm|[upkeep]
|-damage|p2a: Starmie|94/100|[from] Sandstorm
|-damage|p1a: TWO|88/100|[from] Sandstorm
|-heal|p2a: Starmie|100/100|[from] item: Leftovers
|-heal|p1a: TWO|94/100|[from] item: Leftovers
|upkeep
|turn|28
|inactive|SoyJosito has 240 seconds left.
|
|t:|1728481211
|move|p2a: Starmie|Ice Beam|p1a: TWO
|-supereffective|p1a: TWO
|-crit|p1a: TWO
|-damage|p1a: TWO|0 fnt
|faint|p1a: TWO
|c|☆SoyJosito|sorry
|
|t:|1728481216
|switch|p1a: BLJ|Zapdos|83/100 par
|
|-weather|Sandstorm|[upkeep]
|-damage|p2a: Starmie|94/100|[from] Sandstorm
|-damage|p1a: BLJ|77/100 par|[from] Sandstorm
|-heal|p2a: Starmie|100/100|[from] item: Leftovers
|-heal|p1a: BLJ|83/100 par|[from] item: Leftovers
|upkeep
|turn|29
|c|☆Skittle_Skity|it happens
|inactive|SoyJosito has 240 seconds left.
|
|t:|1728481236
|switch|p2a: Celebi|Celebi|62/100
|move|p1a: BLJ|Thunderbolt|p2a: Celebi
|-resisted|p2a: Celebi
|-damage|p2a: Celebi|47/100
|
|-weather|Sandstorm|[upkeep]
|-damage|p2a: Celebi|41/100|[from] Sandstorm
|-damage|p1a: BLJ|77/100 par|[from] Sandstorm
|-heal|p2a: Celebi|47/100|[from] item: Leftovers
|-heal|p1a: BLJ|83/100 par|[from] item: Leftovers
|upkeep
|turn|30
|inactive|SoyJosito has 240 seconds left.
|
|t:|1728481244
|move|p2a: Celebi|Leech Seed|p1a: BLJ
|-start|p1a: BLJ|move: Leech Seed
|cant|p1a: BLJ|par
|
|-weather|Sandstorm|[upkeep]
|-damage|p2a: Celebi|41/100|[from] Sandstorm
|-damage|p1a: BLJ|77/100 par|[from] Sandstorm
|-heal|p2a: Celebi|47/100|[from] item: Leftovers
|-heal|p1a: BLJ|83/100 par|[from] item: Leftovers
|-damage|p1a: BLJ|71/100 par|[from] Leech Seed|[of] p2a: Celebi
|-heal|p2a: Celebi|57/100|[silent]
|upkeep
|turn|31
|
|t:|1728481250
|switch|p1a: Schmoove|Gyarados, M|76/100
|-ability|p1a: Schmoove|Intimidate|boost
|-unboost|p2a: Celebi|atk|1
|move|p2a: Celebi|Recover|p2a: Celebi
|-heal|p2a: Celebi|100/100
|
|-weather|Sandstorm|[upkeep]
|-damage|p1a: Schmoove|70/100|[from] Sandstorm
|-damage|p2a: Celebi|94/100|[from] Sandstorm
|-heal|p1a: Schmoove|76/100|[from] item: Leftovers
|-heal|p2a: Celebi|100/100|[from] item: Leftovers
|upkeep
|turn|32
|
|t:|1728481264
|move|p1a: Schmoove|Dragon Dance|p1a: Schmoove
|-boost|p1a: Schmoove|atk|1
|-boost|p1a: Schmoove|spe|1
|move|p2a: Celebi|Leech Seed|p1a: Schmoove
|-start|p1a: Schmoove|move: Leech Seed
|
|-weather|Sandstorm|[upkeep]
|-damage|p1a: Schmoove|70/100|[from] Sandstorm
|-damage|p2a: Celebi|94/100|[from] Sandstorm
|-heal|p1a: Schmoove|76/100|[from] item: Leftovers
|-damage|p1a: Schmoove|64/100|[from] Leech Seed|[of] p2a: Celebi
|-heal|p2a: Celebi|100/100|[silent]
|upkeep
|turn|33
|inactive|SoyJosito has 240 seconds left.
|
|t:|1728481288
|move|p1a: Schmoove|Dragon Dance|p1a: Schmoove
|-boost|p1a: Schmoove|atk|1
|-boost|p1a: Schmoove|spe|1
|move|p2a: Celebi|Psychic|p1a: Schmoove
|-damage|p1a: Schmoove|36/100
|
|-weather|Sandstorm|[upkeep]
|-damage|p1a: Schmoove|30/100|[from] Sandstorm
|-damage|p2a: Celebi|94/100|[from] Sandstorm
|-heal|p1a: Schmoove|36/100|[from] item: Leftovers
|-damage|p1a: Schmoove|24/100|[from] Leech Seed|[of] p2a: Celebi
|-heal|p2a: Celebi|100/100|[silent]
|upkeep
|turn|34
|inactive|SoyJosito has 240 seconds left.
|
|t:|1728481308
|switch|p2a: Tyranitar|Tyranitar, F|69/100
|move|p1a: Schmoove|Hidden Power|p2a: Tyranitar
|-resisted|p2a: Tyranitar
|-damage|p2a: Tyranitar|37/100
|
|-weather|Sandstorm|[upkeep]
|-damage|p1a: Schmoove|18/100|[from] Sandstorm
|-heal|p1a: Schmoove|24/100|[from] item: Leftovers
|-damage|p1a: Schmoove|11/100|[from] Leech Seed|[of] p2a: Tyranitar
|-heal|p2a: Tyranitar|48/100|[silent]
|-heal|p2a: Tyranitar|54/100|[from] item: Leftovers
|upkeep
|turn|35
|
|t:|1728481332
|switch|p2a: Dugtrio|Dugtrio, M|100/100
|move|p1a: Schmoove|Earthquake|p2a: Dugtrio
|-damage|p2a: Dugtrio|0 fnt
|faint|p2a: Dugtrio
|
|t:|1728481339
|switch|p2a: Celebi|Celebi|100/100
|
|-weather|Sandstorm|[upkeep]
|-damage|p1a: Schmoove|5/100|[from] Sandstorm
|-damage|p2a: Celebi|94/100|[from] Sandstorm
|-heal|p1a: Schmoove|11/100|[from] item: Leftovers
|-damage|p1a: Schmoove|0 fnt|[from] Leech Seed|[of] p2a: Celebi
|-heal|p2a: Celebi|100/100|[silent]
|faint|p1a: Schmoove
|upkeep
|
|t:|1728481340
|switch|p1a: BLJ|Zapdos|71/100 par
|turn|36
|
|t:|1728481346
|move|p2a: Celebi|Leech Seed|p1a: BLJ
|-start|p1a: BLJ|move: Leech Seed
|move|p1a: BLJ|Drill Peck|p2a: Celebi
|-supereffective|p2a: Celebi
|-damage|p2a: Celebi|62/100
|
|-weather|Sandstorm|[upkeep]
|-damage|p2a: Celebi|56/100|[from] Sandstorm
|-damage|p1a: BLJ|64/100 par|[from] Sandstorm
|-heal|p2a: Celebi|62/100|[from] item: Leftovers
|-heal|p1a: BLJ|71/100 par|[from] item: Leftovers
|-damage|p1a: BLJ|58/100 par|[from] Leech Seed|[of] p2a: Celebi
|-heal|p2a: Celebi|72/100|[silent]
|upkeep
|turn|37
|c|☆Skittle_Skity|gg
|c|☆SoyJosito|gg
|c|☆SoyJosito|if you want you can take the game, i haxed you
|
|t:|1728481361
|move|p2a: Celebi|Psychic|p1a: BLJ
|-damage|p1a: BLJ|20/100 par
|move|p1a: BLJ|Drill Peck|p2a: Celebi
|-supereffective|p2a: Celebi
|-damage|p2a: Celebi|33/100
|
|-weather|Sandstorm|[upkeep]
|-damage|p2a: Celebi|27/100|[from] Sandstorm
|-damage|p1a: BLJ|14/100 par|[from] Sandstorm
|-heal|p2a: Celebi|33/100|[from] item: Leftovers
|-heal|p1a: BLJ|20/100 par|[from] item: Leftovers
|-damage|p1a: BLJ|8/100 par|[from] Leech Seed|[of] p2a: Celebi
|-heal|p2a: Celebi|43/100|[silent]
|upkeep
|turn|38
|c|☆SoyJosito|i don't like winning by hax
|inactive|SoyJosito has 210 seconds left.
|c|☆Skittle_Skity|no you won fair and square
|c|☆SoyJosito|ok
|
|t:|1728481408
|move|p2a: Celebi|Psychic|p1a: BLJ
|-damage|p1a: BLJ|0 fnt
|faint|p1a: BLJ
|
|win|SoyJosito
|c|☆Skittle_Skity|rng is literally a part of the game

</script>
<script type="application/json" class="data" id="replaydata-smogtours-gen3ou-796616">
{"id":"smogtours-gen3ou-796616","format":"[Gen 3] OU","players":["Skittle_Skity","SoyJosito"],"uploadtime":1728481408,"views":82,"formatid":"gen3ou","rating":null,"private":0,"password":null}
</script>

<script defer src="js/replays.js?9d40a366"></script>
