<!DOCTYPE html>
<meta charset="utf-8" />
<meta name="viewport" content="width=device-width" />

<title>[Gen 3] OU: lax vs. Skarpherim - Replays - Pok&eacute;mon Showdown!</title>

<meta name="description" content="Watch a replay of a Pok&eacute;mon battle between lax and Skarpherim! Format: [Gen 3] OU; Date: Nov 9, 2024" />
<!--

Hey, you! Looking in the source for the replay log?

You can find them in JSON format, just add `.json` at the end of a replay URL.

https://replay.pokemonshowdown.com/gen7randomdoublesbattle-865046831.json

Or, if you only need the log itself, add `.log` instead:

https://replay.pokemonshowdown.com/gen7randomdoublesbattle-865046831.log

-->

<link rel="stylesheet" href="//pokemonshowdown.com/style/global.css?0.023195364461161105" />
<link rel="stylesheet" href="//play.pokemonshowdown.com/style/font-awesome.css?0.13261647063804238" />
<link rel="stylesheet" href="//play.pokemonshowdown.com/style/battle.css?0.8753245789963631" />
<link rel="stylesheet" href="//play.pokemonshowdown.com/style/utilichart.css?0.8627959624976733" />

<!-- Global site tag (gtag.js) - Google Analytics -->
<script async src="https://www.googletagmanager.com/gtag/js?id=UA-26211653-1"></script>
<script>
  window.dataLayer = window.dataLayer || [];
  function gtag(){dataLayer.push(arguments);}
  gtag('js', new Date());

  gtag('config', 'UA-26211653-1');
</script>
<!-- End Google Analytics -->
<!-- Venatus Ad Manager - Install in <HEAD> of page -->
	<script src="https://hb.vntsm.com/v3/live/ad-manager.min.js" type="text/javascript" data-site-id="642aba63ec9a7b11c3c9c1be" data-mode="scan" async></script>
<!-- / Venatus Ad Manager -->

<style>
	@media (max-width:820px) {
		.battle {
			margin: 0 auto;
		}
		.battle-log {
			margin: 7px auto 0;
			max-width: 640px;
			height: 300px;
			position: static;
		}
	}
	.optgroup {
		display: inline-block;
		line-height: 22px;
		font-size: 10pt;
	}
	.optgroup .button {
		height: 25px;
		padding-top: 0;
		padding-bottom: 0;
	}
	.optgroup button.button {
		padding-left: 12px;
		padding-right: 12px;
	}
	.linklist {
		list-style: none;
		margin: 0.5em 0;
		padding: 0;
	}
	.linklist li {
		padding: 2px 0;
	}
	.sidebar {
		float: left;
		width: 320px;
	}
	.bar-wrapper {
		max-width: 1100px;
		margin: 0 auto;
	}
	.bar-wrapper.has-sidebar {
		max-width: 1430px;
	}
	.mainbar {
		margin: 0;
		padding-right: 1px;
	}
	.mainbar.has-sidebar {
		margin-left: 330px;
	}
	@media (min-width: 1511px) {
		.sidebar {
			width: 400px;
		}
		.bar-wrapper.has-sidebar {
			max-width: 1510px;
		}
		.mainbar.has-sidebar {
			margin-left: 410px;
		}
	}
	.section.first-section {
		margin-top: 9px;
	}
	.blocklink small {
		white-space: normal;
	}
	.button {
		vertical-align: middle;
	}
	.replay-controls {
		padding-top: 10px;
	}
	.replay-controls h1 {
		font-size: 16pt;
		font-weight: normal;
		color: #CCC;
	}
	.pagelink {
		text-align: center;
	}
	.pagelink a {
		width: 150px;
	}
	.textbox, .button {
		font-size: 11pt;
		vertical-align: middle;
	}
	@media (max-width: 450px) {
		.button {
			font-size: 9pt;
		}
	}
</style>

<div>

	<header>
		<div class="nav-wrapper"><ul class="nav">
			<li><a class="button nav-first" href="//pokemonshowdown.com/"><img src="//pokemonshowdown.com/images/pokemonshowdownbeta.png" srcset="//pokemonshowdown.com/images/pokemonshowdownbeta.png 1x, //pokemonshowdown.com/images/pokemonshowdownbeta@2x.png 2x" alt="Pok&eacute;mon Showdown" width="146" height="44" /> Home</a></li>
			<li><a class="button" href="//pokemonshowdown.com/dex/">Pok&eacute;dex</a></li>
			<li><a class="button cur" href="/">Replays</a></li>
			<li><a class="button" href="//pokemonshowdown.com/ladder/">Ladder</a></li>
			<li><a class="button nav-last" href="//pokemonshowdown.com/forums/">Forum</a></li>
			<li><a class="button greenbutton nav-first nav-last" href="//play.pokemonshowdown.com/">Play</a></li>
		</ul></div>
	</header>

	<div class="main" id="main">

		<noscript><section class="section">You need to enable JavaScript to use this page; sorry!</section></noscript>

	</div>

</div>

<script defer nomodule src="//play.pokemonshowdown.com/js/lib/ps-polyfill.js"></script>
<script defer src="//play.pokemonshowdown.com/js/lib/preact.min.js"></script>

<script defer src="//play.pokemonshowdown.com/config/config.js?2bddbc15"></script>
<script defer src="//play.pokemonshowdown.com/js/lib/jquery-1.11.0.min.js"></script>
<script defer src="//play.pokemonshowdown.com/js/lib/html-sanitizer-minified.js"></script>
<script defer src="//play.pokemonshowdown.com/js/battle-sound.js"></script>
<script defer src="//play.pokemonshowdown.com/js/battledata.js?0.7209276989879541"></script>
<script defer src="//play.pokemonshowdown.com/data/pokedex-mini.js?0.6111056340867951"></script>
<script defer src="//play.pokemonshowdown.com/data/pokedex-mini-bw.js?0.3532142036491459"></script>
<script defer src="//play.pokemonshowdown.com/data/graphics.js?0.24223875632456182"></script>
<script defer src="//play.pokemonshowdown.com/data/pokedex.js?0.38839984266356864"></script>
<script defer src="//play.pokemonshowdown.com/data/moves.js?0.21866028504024015"></script>
<script defer src="//play.pokemonshowdown.com/data/abilities.js?0.2005157953846628"></script>
<script defer src="//play.pokemonshowdown.com/data/items.js?0.9894211263848525"></script>
<script defer src="//play.pokemonshowdown.com/data/teambuilder-tables.js?0.6008791140282215"></script>
<script defer src="//play.pokemonshowdown.com/js/battle-tooltips.js?0.7580118955022959"></script>
<script defer src="//play.pokemonshowdown.com/js/battle.js?0.6057722274234274"></script>

<script defer src="js/utils.js?e31f9a17"></script>
<script defer src="js/replays-battle.js?7008c182"></script>

<!-- don't scrape this data! just add .json or .log after the URL!
Full API docs: https://github.com/smogon/pokemon-showdown-client/blob/master/WEB-API.md -->
<script type="text/plain" class="log" id="replaylog-smogtours-gen3ou-805481">
|inactive|Battle timer is ON: inactive players will automatically lose when time's up.
|t:|1731174554
|gametype|singles
|player|p1|lax|#lax|
|player|p2|Skarpherim|lucas-gen4pt|
|teamsize|p1|6
|teamsize|p2|6
|gen|3
|tier|[Gen 3] OU
|rule|Sleep Clause Mod: Limit one foe put to sleep
|rule|Switch Priority Clause Mod: Faster Pokémon switch first
|rule|Species Clause: Limit one of each Pokémon
|rule|OHKO Clause: OHKO moves are banned
|rule|Evasion Items Clause: Evasion items are banned
|rule|Evasion Moves Clause: Evasion moves are banned
|rule|Endless Battle Clause: Forcing endless battles is banned
|rule|HP Percentage Mod: HP is shown in percentages
|rule|One Boost Passer Clause: Limit one Baton Passer that has a way to boost its stats
|rule|Freeze Clause Mod: Limit one foe frozen
|
|t:|1731174554
|start
|switch|p1a: Smeargle|Smeargle, M|100/100
|switch|p2a: Salamence|Salamence, F|100/100
|-ability|p2a: Salamence|Intimidate|boost
|-unboost|p1a: Smeargle|atk|1
|turn|1
|c|☆Skarpherim|hd
|c|☆Skarpherim|Hf
|raw|<div class="broadcast-red"><strong>Moderated chat was set to ☆!<\/strong><br />Only users of rank ☆ and higher can talk.<\/div>
|c|☆lax|u2
|c|☆Skarpherim|/log Skarpherim made the replay of this battle unlisted.
|
|t:|1731174581
|switch|p1a: Gengar|Gengar, M|100/100
|move|p2a: Salamence|Dragon Claw|p1a: Gengar
|-damage|p1a: Gengar|50/100
|
|-heal|p1a: Gengar|57/100|[from] item: Leftovers
|upkeep
|turn|2
|inactive|Skarpherim has 270 seconds left.
|
|t:|1731174626
|switch|p2a: Gengar|Gengar, M|100/100
|move|p1a: Gengar|Will-O-Wisp|p2a: Gengar|[miss]
|-miss|p1a: Gengar|p2a: Gengar
|
|-heal|p1a: Gengar|63/100|[from] item: Leftovers
|upkeep
|turn|3
|inactive|lax has 270 seconds left.
|
|t:|1731174662
|switch|p1a: Tyranitar|Tyranitar, F|100/100
|-weather|Sandstorm|[from] ability: Sand Stream|[of] p1a: Tyranitar
|move|p2a: Gengar|Will-O-Wisp|p1a: Tyranitar
|-status|p1a: Tyranitar|brn
|-enditem|p1a: Tyranitar|Lum Berry|[eat]
|-curestatus|p1a: Tyranitar|brn|[msg]
|
|-weather|Sandstorm|[upkeep]
|-damage|p2a: Gengar|94/100|[from] Sandstorm
|-heal|p2a: Gengar|100/100|[from] item: Leftovers
|upkeep
|turn|4
|
|t:|1731174681
|switch|p1a: Smeargle|Smeargle, M|100/100
|move|p2a: Gengar|Will-O-Wisp|p1a: Smeargle
|-status|p1a: Smeargle|brn
|
|-weather|Sandstorm|[upkeep]
|-damage|p2a: Gengar|94/100|[from] Sandstorm
|-damage|p1a: Smeargle|94/100 brn|[from] Sandstorm
|-heal|p2a: Gengar|100/100|[from] item: Leftovers
|-damage|p1a: Smeargle|82/100 brn|[from] brn
|upkeep
|turn|5
|
|t:|1731174688
|move|p2a: Gengar|Taunt|p1a: Smeargle
|-start|p1a: Smeargle|move: Taunt
|cant|p1a: Smeargle|move: Taunt|Spore
|
|-weather|Sandstorm|[upkeep]
|-damage|p2a: Gengar|94/100|[from] Sandstorm
|-damage|p1a: Smeargle|75/100 brn|[from] Sandstorm
|-heal|p2a: Gengar|100/100|[from] item: Leftovers
|-damage|p1a: Smeargle|63/100 brn|[from] brn
|upkeep
|turn|6
|
|t:|1731174704
|move|p2a: Gengar|Will-O-Wisp|p1a: Smeargle
|-fail|p1a: Smeargle|brn
|move|p1a: Smeargle|Struggle|p2a: Gengar
|-damage|p2a: Gengar|96/100
|-damage|p1a: Smeargle|62/100 brn|[from] Recoil|[of] p2a: Gengar
|
|-weather|Sandstorm|[upkeep]
|-damage|p2a: Gengar|90/100|[from] Sandstorm
|-damage|p1a: Smeargle|56/100 brn|[from] Sandstorm
|-heal|p2a: Gengar|96/100|[from] item: Leftovers
|-damage|p1a: Smeargle|43/100 brn|[from] brn
|-end|p1a: Smeargle|move: Taunt|[silent]
|upkeep
|turn|7
|inactive|Skarpherim has 240 seconds left.
|
|t:|1731174723
|switch|p1a: Jirachi|Jirachi|100/100
|move|p2a: Gengar|Thunderbolt|p1a: Jirachi
|-damage|p1a: Jirachi|76/100
|
|-weather|Sandstorm|[upkeep]
|-damage|p2a: Gengar|90/100|[from] Sandstorm
|-heal|p2a: Gengar|96/100|[from] item: Leftovers
|-heal|p1a: Jirachi|82/100|[from] item: Leftovers
|upkeep
|turn|8
|inactive|Skarpherim has 240 seconds left.
|
|t:|1731174741
|switch|p2a: Tyranitar|Tyranitar, F|100/100
|move|p1a: Jirachi|Psychic|p2a: Tyranitar
|-immune|p2a: Tyranitar
|
|-weather|Sandstorm|[upkeep]
|-heal|p1a: Jirachi|88/100|[from] item: Leftovers
|upkeep
|turn|9
|inactive|Skarpherim has 240 seconds left.
|inactive|Skarpherim has 210 seconds left.
|
|t:|1731174779
|switch|p1a: Swampert|Swampert, M|100/100
|move|p2a: Tyranitar|Dragon Dance|p2a: Tyranitar
|-boost|p2a: Tyranitar|atk|1
|-boost|p2a: Tyranitar|spe|1
|
|-weather|Sandstorm|[upkeep]
|upkeep
|turn|10
|inactive|Skarpherim has 210 seconds left.
|
|t:|1731174805
|switch|p2a: Skarmory|Skarmory, F|100/100
|move|p1a: Swampert|Substitute|p1a: Swampert
|-start|p1a: Swampert|Substitute
|-damage|p1a: Swampert|76/100
|
|-weather|Sandstorm|[upkeep]
|upkeep
|turn|11
|
|t:|1731174811
|move|p1a: Swampert|Surf|p2a: Skarmory
|-damage|p2a: Skarmory|65/100
|move|p2a: Skarmory|Spikes|p1a: Swampert
|-sidestart|p1: lax|Spikes
|
|-weather|Sandstorm|[upkeep]
|-heal|p2a: Skarmory|71/100|[from] item: Leftovers
|upkeep
|turn|12
|inactive|Skarpherim has 210 seconds left.
|
|t:|1731174829
|move|p1a: Swampert|Roar|p2a: Skarmory
|drag|p2a: Tyranitar|Tyranitar, F|100/100
|
|-weather|Sandstorm|[upkeep]
|upkeep
|turn|13
|
|t:|1731174840
|switch|p2a: Blissey|Blissey, F|100/100
|move|p1a: Swampert|Surf|p2a: Blissey
|-damage|p2a: Blissey|85/100
|
|-weather|Sandstorm|[upkeep]
|-damage|p2a: Blissey|79/100|[from] Sandstorm
|-heal|p2a: Blissey|85/100|[from] item: Leftovers
|upkeep
|turn|14
|
|t:|1731174851
|move|p1a: Swampert|Surf|p2a: Blissey
|-damage|p2a: Blissey|70/100
|move|p2a: Blissey|Soft-Boiled|p2a: Blissey
|-heal|p2a: Blissey|100/100
|
|-weather|Sandstorm|[upkeep]
|-damage|p2a: Blissey|94/100|[from] Sandstorm
|-heal|p2a: Blissey|100/100|[from] item: Leftovers
|upkeep
|turn|15
|
|t:|1731174868
|move|p1a: Swampert|Endeavor|p2a: Blissey
|-damage|p2a: Blissey|39/100
|move|p2a: Blissey|Seismic Toss|p1a: Swampert
|-end|p1a: Swampert|Substitute
|
|-weather|Sandstorm|[upkeep]
|-damage|p2a: Blissey|33/100|[from] Sandstorm
|-heal|p2a: Blissey|39/100|[from] item: Leftovers
|upkeep
|turn|16
|inactive|Skarpherim has 180 seconds left.
|
|t:|1731174897
|switch|p1a: Smeargle|Smeargle, M|43/100 brn
|-damage|p1a: Smeargle|31/100 brn|[from] Spikes
|switch|p2a: Salamence|Salamence, F|100/100
|-ability|p2a: Salamence|Intimidate|boost
|-unboost|p1a: Smeargle|atk|1
|
|-weather|Sandstorm|[upkeep]
|-damage|p2a: Salamence|94/100|[from] Sandstorm
|-damage|p1a: Smeargle|24/100 brn|[from] Sandstorm
|-heal|p2a: Salamence|100/100|[from] item: Leftovers
|-enditem|p1a: Smeargle|Salac Berry|[eat]
|-boost|p1a: Smeargle|spe|1|[from] item: Salac Berry
|-damage|p1a: Smeargle|12/100 brn|[from] brn
|upkeep
|turn|17
|inactive|Skarpherim has 180 seconds left.
|
|t:|1731174920
|switch|p2a: Blissey|Blissey, F|39/100
|move|p1a: Smeargle|Spikes|p2a: Blissey
|-sidestart|p2: Skarpherim|Spikes
|
|-weather|Sandstorm|[upkeep]
|-damage|p1a: Smeargle|6/100 brn|[from] Sandstorm
|-damage|p2a: Blissey|33/100|[from] Sandstorm
|-damage|p1a: Smeargle|0 fnt|[from] brn
|faint|p1a: Smeargle
|-heal|p2a: Blissey|39/100|[from] item: Leftovers
|upkeep
|
|t:|1731174929
|switch|p1a: Tyranitar|Tyranitar, F|100/100
|-damage|p1a: Tyranitar|88/100|[from] Spikes
|turn|18
|
|t:|1731174935
|switch|p2a: Swampert|Swampert, M|100/100
|-damage|p2a: Swampert|88/100|[from] Spikes
|move|p1a: Tyranitar|Earthquake|p2a: Swampert
|-damage|p2a: Swampert|62/100
|
|-weather|Sandstorm|[upkeep]
|-heal|p2a: Swampert|68/100|[from] item: Leftovers
|upkeep
|turn|19
|
|t:|1731174948
|switch|p1a: Gengar|Gengar, M|63/100
|move|p2a: Swampert|Surf|p1a: Gengar
|-damage|p1a: Gengar|24/100
|
|-weather|Sandstorm|[upkeep]
|-damage|p1a: Gengar|18/100|[from] Sandstorm
|-heal|p1a: Gengar|24/100|[from] item: Leftovers
|-heal|p2a: Swampert|74/100|[from] item: Leftovers
|upkeep
|turn|20
|
|t:|1731174958
|move|p2a: Swampert|Protect|p2a: Swampert
|-singleturn|p2a: Swampert|Protect
|move|p1a: Gengar|Will-O-Wisp|p2a: Swampert
|-activate|p2a: Swampert|Protect
|
|-weather|Sandstorm|[upkeep]
|-damage|p1a: Gengar|18/100|[from] Sandstorm
|-heal|p1a: Gengar|24/100|[from] item: Leftovers
|-heal|p2a: Swampert|80/100|[from] item: Leftovers
|upkeep
|turn|21
|
|t:|1731174963
|switch|p2a: Gengar|Gengar, M|96/100
|move|p1a: Gengar|Will-O-Wisp|p2a: Gengar
|-status|p2a: Gengar|brn
|
|-weather|Sandstorm|[upkeep]
|-damage|p2a: Gengar|90/100 brn|[from] Sandstorm
|-damage|p1a: Gengar|18/100|[from] Sandstorm
|-heal|p2a: Gengar|96/100 brn|[from] item: Leftovers
|-damage|p2a: Gengar|84/100 brn|[from] brn
|-heal|p1a: Gengar|24/100|[from] item: Leftovers
|upkeep
|turn|22
|inactive|Skarpherim has 210 seconds left.
|
|t:|1731174983
|move|p2a: Gengar|Will-O-Wisp|p1a: Gengar
|-status|p1a: Gengar|brn
|move|p1a: Gengar|Thunderbolt|p2a: Gengar
|-damage|p2a: Gengar|51/100 brn
|
|-weather|Sandstorm|[upkeep]
|-damage|p2a: Gengar|45/100 brn|[from] Sandstorm
|-damage|p1a: Gengar|18/100 brn|[from] Sandstorm
|-heal|p2a: Gengar|51/100 brn|[from] item: Leftovers
|-damage|p2a: Gengar|39/100 brn|[from] brn
|-heal|p1a: Gengar|24/100 brn|[from] item: Leftovers
|-damage|p1a: Gengar|12/100 brn|[from] brn
|upkeep
|turn|23
|
|t:|1731174989
|move|p2a: Gengar|Thunderbolt|p1a: Gengar
|-damage|p1a: Gengar|0 fnt
|faint|p1a: Gengar
|
|t:|1731174997
|switch|p1a: Aerodactyl|Aerodactyl, M|100/100
|
|-weather|Sandstorm|[upkeep]
|-damage|p2a: Gengar|32/100 brn|[from] Sandstorm
|-heal|p2a: Gengar|39/100 brn|[from] item: Leftovers
|-damage|p2a: Gengar|26/100 brn|[from] brn
|upkeep
|turn|24
|
|t:|1731175015
|switch|p2a: Skarmory|Skarmory, F|71/100
|move|p1a: Aerodactyl|Hidden Power|p2a: Skarmory
|-resisted|p2a: Skarmory
|-damage|p2a: Skarmory|53/100
|
|-weather|Sandstorm|[upkeep]
|-heal|p2a: Skarmory|59/100|[from] item: Leftovers
|upkeep
|turn|25
|
|t:|1731175025
|switch|p1a: Jirachi|Jirachi|88/100
|-damage|p1a: Jirachi|76/100|[from] Spikes
|move|p2a: Skarmory|Spikes|p1a: Jirachi
|-sidestart|p1: lax|Spikes
|
|-weather|Sandstorm|[upkeep]
|-heal|p1a: Jirachi|82/100|[from] item: Leftovers
|-heal|p2a: Skarmory|65/100|[from] item: Leftovers
|upkeep
|turn|26
|
|t:|1731175041
|switch|p2a: Tyranitar|Tyranitar, F|100/100
|-damage|p2a: Tyranitar|88/100|[from] Spikes
|move|p1a: Jirachi|Fire Punch|p2a: Tyranitar
|-resisted|p2a: Tyranitar
|-damage|p2a: Tyranitar|79/100
|
|-weather|Sandstorm|[upkeep]
|-heal|p1a: Jirachi|88/100|[from] item: Leftovers
|-heal|p2a: Tyranitar|85/100|[from] item: Leftovers
|upkeep
|turn|27
|inactive|Skarpherim has 210 seconds left.
|inactive|lax has 270 seconds left.
|inactive|Skarpherim has 180 seconds left.
|
|t:|1731175100
|switch|p1a: Swampert|Swampert, M|76/100
|-damage|p1a: Swampert|59/100|[from] Spikes
|move|p2a: Tyranitar|Earthquake|p1a: Swampert
|-damage|p1a: Swampert|14/100
|
|-weather|Sandstorm|[upkeep]
|-enditem|p1a: Swampert|Salac Berry|[eat]
|-boost|p1a: Swampert|spe|1|[from] item: Salac Berry
|-heal|p2a: Tyranitar|92/100|[from] item: Leftovers
|upkeep
|turn|28
|inactive|lax has 270 seconds left.
|
|t:|1731175116
|switch|p2a: Gengar|Gengar, M|26/100 brn
|move|p1a: Swampert|Surf|p2a: Gengar
|-damage|p2a: Gengar|0 fnt
|faint|p2a: Gengar
|
|t:|1731175127
|switch|p2a: Blissey|Blissey, F|39/100
|-damage|p2a: Blissey|27/100|[from] Spikes
|
|-weather|Sandstorm|[upkeep]
|-damage|p2a: Blissey|21/100|[from] Sandstorm
|-heal|p2a: Blissey|27/100|[from] item: Leftovers
|upkeep
|turn|29
|
|t:|1731175132
|move|p1a: Swampert|Surf|p2a: Blissey
|-damage|p2a: Blissey|4/100
|move|p2a: Blissey|Seismic Toss|p1a: Swampert
|-damage|p1a: Swampert|0 fnt
|faint|p1a: Swampert
|
|t:|1731175139
|switch|p1a: Tyranitar|Tyranitar, F|88/100
|-damage|p1a: Tyranitar|72/100|[from] Spikes
|
|-weather|Sandstorm|[upkeep]
|-damage|p2a: Blissey|0 fnt|[from] Sandstorm
|faint|p2a: Blissey
|upkeep
|
|t:|1731175155
|switch|p2a: Salamence|Salamence, F|100/100
|-ability|p2a: Salamence|Intimidate|boost
|-unboost|p1a: Tyranitar|atk|1
|turn|30
|
|t:|1731175167
|switch|p1a: Aerodactyl|Aerodactyl, M|100/100
|move|p2a: Salamence|Dragon Claw|p1a: Aerodactyl
|-damage|p1a: Aerodactyl|40/100
|
|-weather|Sandstorm|[upkeep]
|-damage|p2a: Salamence|94/100|[from] Sandstorm
|-heal|p2a: Salamence|100/100|[from] item: Leftovers
|upkeep
|turn|31
|inactive|Skarpherim has 150 seconds left.
|inactive|Skarpherim has 120 seconds left.
|
|t:|1731175237
|switch|p2a: Skarmory|Skarmory, F|65/100
|move|p1a: Aerodactyl|Rock Slide|p2a: Skarmory
|-crit|p2a: Skarmory
|-damage|p2a: Skarmory|0 fnt
|faint|p2a: Skarmory
|
|t:|1731175239
|switch|p2a: Swampert|Swampert, M|80/100
|-damage|p2a: Swampert|68/100|[from] Spikes
|
|-weather|Sandstorm|[upkeep]
|-heal|p2a: Swampert|74/100|[from] item: Leftovers
|upkeep
|turn|32
|
|t:|1731175247
|switch|p1a: Tyranitar|Tyranitar, F|72/100
|-damage|p1a: Tyranitar|55/100|[from] Spikes
|move|p2a: Swampert|Surf|p1a: Tyranitar
|-supereffective|p1a: Tyranitar
|-damage|p1a: Tyranitar|0 fnt
|faint|p1a: Tyranitar
|
|t:|1731175251
|switch|p1a: Jirachi|Jirachi|88/100
|-damage|p1a: Jirachi|72/100|[from] Spikes
|
|-weather|Sandstorm|[upkeep]
|-heal|p1a: Jirachi|78/100|[from] item: Leftovers
|-heal|p2a: Swampert|80/100|[from] item: Leftovers
|upkeep
|turn|33
|inactive|Skarpherim has 120 seconds left.
|inactive|Skarpherim has 90 seconds left.
|inactive|Skarpherim has 60 seconds left.
|
|t:|1731175337
|switch|p2a: Salamence|Salamence, F|100/100
|-ability|p2a: Salamence|Intimidate|boost
|-unboost|p1a: Jirachi|atk|1
|move|p1a: Jirachi|Calm Mind|p1a: Jirachi
|-boost|p1a: Jirachi|spa|1
|-boost|p1a: Jirachi|spd|1
|
|-weather|Sandstorm|[upkeep]
|-damage|p2a: Salamence|94/100|[from] Sandstorm
|-heal|p2a: Salamence|100/100|[from] item: Leftovers
|-heal|p1a: Jirachi|84/100|[from] item: Leftovers
|upkeep
|turn|34
|
|t:|1731175353
|move|p1a: Jirachi|Calm Mind|p1a: Jirachi
|-boost|p1a: Jirachi|spa|1
|-boost|p1a: Jirachi|spd|1
|move|p2a: Salamence|Roar|p1a: Jirachi
|drag|p1a: Aerodactyl|Aerodactyl, M|40/100
|
|-weather|Sandstorm|[upkeep]
|-damage|p2a: Salamence|94/100|[from] Sandstorm
|-heal|p2a: Salamence|100/100|[from] item: Leftovers
|upkeep
|turn|35
|
|t:|1731175367
|switch|p1a: Jirachi|Jirachi|84/100
|-damage|p1a: Jirachi|68/100|[from] Spikes
|switch|p2a: Swampert|Swampert, M|80/100
|-damage|p2a: Swampert|68/100|[from] Spikes
|
|-weather|Sandstorm|[upkeep]
|-heal|p1a: Jirachi|74/100|[from] item: Leftovers
|-heal|p2a: Swampert|74/100|[from] item: Leftovers
|upkeep
|turn|36
|
|t:|1731175377
|switch|p2a: Tyranitar|Tyranitar, F|92/100
|-damage|p2a: Tyranitar|79/100|[from] Spikes
|move|p1a: Jirachi|Calm Mind|p1a: Jirachi
|-boost|p1a: Jirachi|spa|1
|-boost|p1a: Jirachi|spd|1
|
|-weather|Sandstorm|[upkeep]
|-heal|p1a: Jirachi|80/100|[from] item: Leftovers
|-heal|p2a: Tyranitar|85/100|[from] item: Leftovers
|upkeep
|turn|37
|
|t:|1731175379
|move|p1a: Jirachi|Hidden Power|p2a: Tyranitar
|-supereffective|p2a: Tyranitar
|-damage|p2a: Tyranitar|29/100
|move|p2a: Tyranitar|Earthquake|p1a: Jirachi
|-supereffective|p1a: Jirachi
|-damage|p1a: Jirachi|15/100
|
|-weather|Sandstorm|[upkeep]
|-heal|p1a: Jirachi|21/100|[from] item: Leftovers
|-heal|p2a: Tyranitar|35/100|[from] item: Leftovers
|upkeep
|turn|38
|
|t:|1731175382
|move|p1a: Jirachi|Hidden Power|p2a: Tyranitar
|-supereffective|p2a: Tyranitar
|-crit|p2a: Tyranitar
|-damage|p2a: Tyranitar|0 fnt
|faint|p2a: Tyranitar
|
|t:|1731175383
|switch|p2a: Salamence|Salamence, F|100/100
|-ability|p2a: Salamence|Intimidate|boost
|-unboost|p1a: Jirachi|atk|1
|
|-weather|Sandstorm|[upkeep]
|-damage|p2a: Salamence|94/100|[from] Sandstorm
|-heal|p2a: Salamence|100/100|[from] item: Leftovers
|-heal|p1a: Jirachi|27/100|[from] item: Leftovers
|upkeep
|turn|39
|inactive|Skarpherim has 60 seconds left.
|
|t:|1731175416
|switch|p1a: Aerodactyl|Aerodactyl, M|40/100
|move|p2a: Salamence|Fire Blast|p1a: Aerodactyl|[miss]
|-miss|p2a: Salamence|p1a: Aerodactyl
|
|-weather|Sandstorm|[upkeep]
|-damage|p2a: Salamence|94/100|[from] Sandstorm
|-heal|p2a: Salamence|100/100|[from] item: Leftovers
|upkeep
|turn|40
|inactive|Skarpherim has 60 seconds left.
|
|t:|1731175441
|switch|p1a: Jirachi|Jirachi|27/100
|-damage|p1a: Jirachi|11/100|[from] Spikes
|switch|p2a: Swampert|Swampert, M|74/100
|-damage|p2a: Swampert|62/100|[from] Spikes
|
|-weather|Sandstorm|[upkeep]
|-heal|p1a: Jirachi|17/100|[from] item: Leftovers
|-heal|p2a: Swampert|68/100|[from] item: Leftovers
|upkeep
|turn|41
|
|t:|1731175446
|switch|p2a: Salamence|Salamence, F|100/100
|-ability|p2a: Salamence|Intimidate|boost
|-unboost|p1a: Jirachi|atk|1
|move|p1a: Jirachi|Psychic|p2a: Salamence
|-damage|p2a: Salamence|53/100
|
|-weather|Sandstorm|[upkeep]
|-damage|p2a: Salamence|47/100|[from] Sandstorm
|-heal|p2a: Salamence|53/100|[from] item: Leftovers
|-heal|p1a: Jirachi|23/100|[from] item: Leftovers
|upkeep
|turn|42
|inactive|Skarpherim has 30 seconds left.
|inactive|lax has 270 seconds left.
|inactive|Skarpherim has 20 seconds left.
|inactive|Skarpherim has 15 seconds left.
|inactive|Skarpherim has 10 seconds left.
|
|t:|1731175502
|switch|p1a: Aerodactyl|Aerodactyl, M|40/100
|move|p2a: Salamence|Fire Blast|p1a: Aerodactyl
|-resisted|p1a: Aerodactyl
|-damage|p1a: Aerodactyl|11/100
|
|-weather|Sandstorm|[upkeep]
|-damage|p2a: Salamence|47/100|[from] Sandstorm
|-heal|p2a: Salamence|53/100|[from] item: Leftovers
|upkeep
|turn|43
|inactive|Skarpherim has 20 seconds left this turn.
|inactive|Skarpherim has 15 seconds left.
|inactive|Skarpherim has 10 seconds left.
|inactive|lax has 240 seconds left.
|inactive|Skarpherim has 5 seconds left.
|
|t:|1731175531
|switch|p1a: Jirachi|Jirachi|23/100
|-damage|p1a: Jirachi|7/100|[from] Spikes
|switch|p2a: Swampert|Swampert, M|68/100
|-damage|p2a: Swampert|55/100|[from] Spikes
|
|-weather|Sandstorm|[upkeep]
|-heal|p1a: Jirachi|13/100|[from] item: Leftovers
|-heal|p2a: Swampert|62/100|[from] item: Leftovers
|upkeep
|turn|44
|inactive|Skarpherim has 15 seconds left this turn.
|inactive|Skarpherim has 10 seconds left.
|inactive|Skarpherim has 5 seconds left.
|
|t:|1731175542
|switch|p2a: Salamence|Salamence, F|53/100
|-ability|p2a: Salamence|Intimidate|boost
|-unboost|p1a: Jirachi|atk|1
|move|p1a: Jirachi|Psychic|p2a: Salamence
|-damage|p2a: Salamence|0 fnt
|faint|p2a: Salamence
|inactive|Skarpherim has 10 seconds left this turn.
|
|t:|1731175547
|switch|p2a: Swampert|Swampert, M|62/100
|-damage|p2a: Swampert|49/100|[from] Spikes
|
|-weather|Sandstorm|[upkeep]
|-heal|p1a: Jirachi|19/100|[from] item: Leftovers
|-heal|p2a: Swampert|55/100|[from] item: Leftovers
|upkeep
|turn|45
|inactive|Skarpherim has 20 seconds left this turn.
|
|t:|1731175549
|move|p2a: Swampert|Protect|p2a: Swampert
|-singleturn|p2a: Swampert|Protect
|move|p1a: Jirachi|Hidden Power|p2a: Swampert
|-activate|p2a: Swampert|Protect
|
|-weather|Sandstorm|[upkeep]
|-heal|p1a: Jirachi|25/100|[from] item: Leftovers
|-heal|p2a: Swampert|62/100|[from] item: Leftovers
|upkeep
|turn|46
|inactive|Skarpherim has 30 seconds left this turn.
|
|t:|1731175552
|move|p1a: Jirachi|Hidden Power|p2a: Swampert
|-supereffective|p2a: Swampert
|-crit|p2a: Swampert
|-damage|p2a: Swampert|0 fnt
|faint|p2a: Swampert
|
|win|lax
|c|☆Skarpherim|gg
|c|☆lax|gg
|player|p2|

</script>
<script type="application/json" class="data" id="replaydata-smogtours-gen3ou-805481">
{"id":"smogtours-gen3ou-805481","format":"[Gen 3] OU","players":["lax","Skarpherim"],"uploadtime":1731175552,"views":19,"formatid":"gen3ou","rating":null,"private":1,"password":null}
</script>

<script defer src="js/replays.js?9d40a366"></script>
