<!DOCTYPE html>
<meta charset="utf-8" />
<meta name="viewport" content="width=device-width" />

<title>[Gen 3] OU: Stockings vs. knexhawk2 - Replays - Pok&eacute;mon Showdown!</title>

<meta name="description" content="Watch a replay of a Pok&eacute;mon battle between Stockings and knexhawk2! Format: [Gen 3] OU; Date: Nov 8, 2024" />
<!--

Hey, you! Looking in the source for the replay log?

You can find them in JSON format, just add `.json` at the end of a replay URL.

https://replay.pokemonshowdown.com/gen7randomdoublesbattle-865046831.json

Or, if you only need the log itself, add `.log` instead:

https://replay.pokemonshowdown.com/gen7randomdoublesbattle-865046831.log

-->

<link rel="stylesheet" href="//pokemonshowdown.com/style/global.css?0.023195364461161105" />
<link rel="stylesheet" href="//play.pokemonshowdown.com/style/font-awesome.css?0.13261647063804238" />
<link rel="stylesheet" href="//play.pokemonshowdown.com/style/battle.css?0.8753245789963631" />
<link rel="stylesheet" href="//play.pokemonshowdown.com/style/utilichart.css?0.8627959624976733" />

<!-- Global site tag (gtag.js) - Google Analytics -->
<script async src="https://www.googletagmanager.com/gtag/js?id=UA-26211653-1"></script>
<script>
  window.dataLayer = window.dataLayer || [];
  function gtag(){dataLayer.push(arguments);}
  gtag('js', new Date());

  gtag('config', 'UA-26211653-1');
</script>
<!-- End Google Analytics -->
<!-- Venatus Ad Manager - Install in <HEAD> of page -->
	<script src="https://hb.vntsm.com/v3/live/ad-manager.min.js" type="text/javascript" data-site-id="642aba63ec9a7b11c3c9c1be" data-mode="scan" async></script>
<!-- / Venatus Ad Manager -->

<style>
	@media (max-width:820px) {
		.battle {
			margin: 0 auto;
		}
		.battle-log {
			margin: 7px auto 0;
			max-width: 640px;
			height: 300px;
			position: static;
		}
	}
	.optgroup {
		display: inline-block;
		line-height: 22px;
		font-size: 10pt;
	}
	.optgroup .button {
		height: 25px;
		padding-top: 0;
		padding-bottom: 0;
	}
	.optgroup button.button {
		padding-left: 12px;
		padding-right: 12px;
	}
	.linklist {
		list-style: none;
		margin: 0.5em 0;
		padding: 0;
	}
	.linklist li {
		padding: 2px 0;
	}
	.sidebar {
		float: left;
		width: 320px;
	}
	.bar-wrapper {
		max-width: 1100px;
		margin: 0 auto;
	}
	.bar-wrapper.has-sidebar {
		max-width: 1430px;
	}
	.mainbar {
		margin: 0;
		padding-right: 1px;
	}
	.mainbar.has-sidebar {
		margin-left: 330px;
	}
	@media (min-width: 1511px) {
		.sidebar {
			width: 400px;
		}
		.bar-wrapper.has-sidebar {
			max-width: 1510px;
		}
		.mainbar.has-sidebar {
			margin-left: 410px;
		}
	}
	.section.first-section {
		margin-top: 9px;
	}
	.blocklink small {
		white-space: normal;
	}
	.button {
		vertical-align: middle;
	}
	.replay-controls {
		padding-top: 10px;
	}
	.replay-controls h1 {
		font-size: 16pt;
		font-weight: normal;
		color: #CCC;
	}
	.pagelink {
		text-align: center;
	}
	.pagelink a {
		width: 150px;
	}
	.textbox, .button {
		font-size: 11pt;
		vertical-align: middle;
	}
	@media (max-width: 450px) {
		.button {
			font-size: 9pt;
		}
	}
</style>

<div>

	<header>
		<div class="nav-wrapper"><ul class="nav">
			<li><a class="button nav-first" href="//pokemonshowdown.com/"><img src="//pokemonshowdown.com/images/pokemonshowdownbeta.png" srcset="//pokemonshowdown.com/images/pokemonshowdownbeta.png 1x, //pokemonshowdown.com/images/pokemonshowdownbeta@2x.png 2x" alt="Pok&eacute;mon Showdown" width="146" height="44" /> Home</a></li>
			<li><a class="button" href="//pokemonshowdown.com/dex/">Pok&eacute;dex</a></li>
			<li><a class="button cur" href="/">Replays</a></li>
			<li><a class="button" href="//pokemonshowdown.com/ladder/">Ladder</a></li>
			<li><a class="button nav-last" href="//pokemonshowdown.com/forums/">Forum</a></li>
			<li><a class="button greenbutton nav-first nav-last" href="//play.pokemonshowdown.com/">Play</a></li>
		</ul></div>
	</header>

	<div class="main" id="main">

		<noscript><section class="section">You need to enable JavaScript to use this page; sorry!</section></noscript>

	</div>

</div>

<script defer nomodule src="//play.pokemonshowdown.com/js/lib/ps-polyfill.js"></script>
<script defer src="//play.pokemonshowdown.com/js/lib/preact.min.js"></script>

<script defer src="//play.pokemonshowdown.com/config/config.js?2bddbc15"></script>
<script defer src="//play.pokemonshowdown.com/js/lib/jquery-1.11.0.min.js"></script>
<script defer src="//play.pokemonshowdown.com/js/lib/html-sanitizer-minified.js"></script>
<script defer src="//play.pokemonshowdown.com/js/battle-sound.js"></script>
<script defer src="//play.pokemonshowdown.com/js/battledata.js?0.7209276989879541"></script>
<script defer src="//play.pokemonshowdown.com/data/pokedex-mini.js?0.6111056340867951"></script>
<script defer src="//play.pokemonshowdown.com/data/pokedex-mini-bw.js?0.3532142036491459"></script>
<script defer src="//play.pokemonshowdown.com/data/graphics.js?0.24223875632456182"></script>
<script defer src="//play.pokemonshowdown.com/data/pokedex.js?0.38839984266356864"></script>
<script defer src="//play.pokemonshowdown.com/data/moves.js?0.21866028504024015"></script>
<script defer src="//play.pokemonshowdown.com/data/abilities.js?0.2005157953846628"></script>
<script defer src="//play.pokemonshowdown.com/data/items.js?0.9894211263848525"></script>
<script defer src="//play.pokemonshowdown.com/data/teambuilder-tables.js?0.6008791140282215"></script>
<script defer src="//play.pokemonshowdown.com/js/battle-tooltips.js?0.7580118955022959"></script>
<script defer src="//play.pokemonshowdown.com/js/battle.js?0.6057722274234274"></script>

<script defer src="js/utils.js?e31f9a17"></script>
<script defer src="js/replays-battle.js?7008c182"></script>

<!-- don't scrape this data! just add .json or .log after the URL!
Full API docs: https://github.com/smogon/pokemon-showdown-client/blob/master/WEB-API.md -->
<script type="text/plain" class="log" id="replaylog-smogtours-gen3ou-805243">
|inactive|Battle timer is ON: inactive players will automatically lose when time's up.
|badge|p2|gold|gen9ou|3-3
|uhtml|medal-msg|<div class="broadcast-blue">Curious what those medals under the avatar are? PS now has Ladder Seasons! For more information, check out the <a href="https://www.smogon.com/forums/threads/3740067/">thread on Smogon.<\/a><\/div>
|t:|1731087980
|gametype|singles
|player|p1|Stockings|#advpliii|
|player|p2|knexhawk2|benga|
|teamsize|p1|6
|teamsize|p2|6
|gen|3
|tier|[Gen 3] OU
|rule|Sleep Clause Mod: Limit one foe put to sleep
|rule|Switch Priority Clause Mod: Faster Pokémon switch first
|rule|Species Clause: Limit one of each Pokémon
|rule|OHKO Clause: OHKO moves are banned
|rule|Evasion Items Clause: Evasion items are banned
|rule|Evasion Moves Clause: Evasion moves are banned
|rule|Endless Battle Clause: Forcing endless battles is banned
|rule|HP Percentage Mod: HP is shown in percentages
|rule|One Boost Passer Clause: Limit one Baton Passer that has a way to boost its stats
|rule|Freeze Clause Mod: Limit one foe frozen
|
|t:|1731087980
|start
|switch|p1a: Hands|Metagross|100/100
|switch|p2a: Zapdos|Zapdos|100/100
|turn|1
|c|☆Stockings|hfhf
|
|t:|1731087996
|switch|p2a: Suicune|Suicune|100/100
|switch|p1a: Handful|Snorlax, F|100/100
|
|upkeep
|turn|2
|
|t:|1731088016
|move|p1a: Handful|Body Slam|p2a: Suicune
|-damage|p2a: Suicune|79/100
|-status|p2a: Suicune|par
|move|p2a: Suicune|Roar|p1a: Handful
|drag|p1a: We Had A Deal|Suicune|100/100
|
|-heal|p2a: Suicune|85/100 par|[from] item: Leftovers
|upkeep
|turn|3
|
|t:|1731088032
|switch|p1a: Handful|Snorlax, F|100/100
|cant|p2a: Suicune|par
|
|-heal|p2a: Suicune|92/100 par|[from] item: Leftovers
|upkeep
|turn|4
|
|t:|1731088040
|move|p1a: Handful|Body Slam|p2a: Suicune
|-damage|p2a: Suicune|69/100 par
|cant|p2a: Suicune|par
|
|-heal|p2a: Suicune|75/100 par|[from] item: Leftovers
|upkeep
|turn|5
|
|t:|1731088050
|move|p1a: Handful|Body Slam|p2a: Suicune
|-damage|p2a: Suicune|56/100 par
|cant|p2a: Suicune|par
|
|-heal|p2a: Suicune|62/100 par|[from] item: Leftovers
|upkeep
|turn|6
|
|t:|1731088063
|switch|p1a: Nokia|Tyranitar, M|100/100
|-weather|Sandstorm|[from] ability: Sand Stream|[of] p1a: Nokia
|cant|p2a: Suicune|par
|
|-weather|Sandstorm|[upkeep]
|-damage|p2a: Suicune|56/100 par|[from] Sandstorm
|-heal|p2a: Suicune|62/100 par|[from] item: Leftovers
|upkeep
|turn|7
|
|t:|1731088078
|switch|p1a: Handful|Snorlax, F|100/100
|move|p2a: Suicune|Rest|p2a: Suicune
|-status|p2a: Suicune|slp|[from] move: Rest
|-heal|p2a: Suicune|100/100 slp|[silent]
|
|-weather|Sandstorm|[upkeep]
|-damage|p2a: Suicune|94/100 slp|[from] Sandstorm
|-damage|p1a: Handful|94/100|[from] Sandstorm
|-heal|p2a: Suicune|100/100 slp|[from] item: Leftovers
|-heal|p1a: Handful|100/100|[from] item: Leftovers
|upkeep
|turn|8
|
|t:|1731088084
|move|p1a: Handful|Body Slam|p2a: Suicune
|-damage|p2a: Suicune|78/100 slp
|cant|p2a: Suicune|slp
|
|-weather|Sandstorm|[upkeep]
|-damage|p2a: Suicune|72/100 slp|[from] Sandstorm
|-damage|p1a: Handful|94/100|[from] Sandstorm
|-heal|p2a: Suicune|78/100 slp|[from] item: Leftovers
|-heal|p1a: Handful|100/100|[from] item: Leftovers
|upkeep
|turn|9
|
|t:|1731088091
|cant|p2a: Suicune|slp
|move|p1a: Handful|Self-Destruct|p2a: Suicune
|-damage|p2a: Suicune|0 fnt
|faint|p1a: Handful
|faint|p2a: Suicune
|
|t:|1731088101
|switch|p2a: Zapdos|Zapdos|100/100
|switch|p1a: We Had A Deal|Suicune|100/100
|
|-weather|Sandstorm|[upkeep]
|-damage|p2a: Zapdos|94/100|[from] Sandstorm
|-damage|p1a: We Had A Deal|94/100|[from] Sandstorm
|-heal|p2a: Zapdos|100/100|[from] item: Leftovers
|-heal|p1a: We Had A Deal|100/100|[from] item: Leftovers
|upkeep
|turn|10
|
|t:|1731088109
|switch|p1a: Iceman|Flygon, M|100/100
|move|p2a: Zapdos|Toxic|p1a: Iceman|[miss]
|-miss|p2a: Zapdos|p1a: Iceman
|
|-weather|Sandstorm|[upkeep]
|-damage|p2a: Zapdos|94/100|[from] Sandstorm
|-heal|p2a: Zapdos|100/100|[from] item: Leftovers
|upkeep
|turn|11
|
|t:|1731088120
|move|p1a: Iceman|Protect|p1a: Iceman
|-singleturn|p1a: Iceman|Protect
|move|p2a: Zapdos|Toxic|p1a: Iceman
|-activate|p1a: Iceman|Protect
|
|-weather|Sandstorm|[upkeep]
|-damage|p2a: Zapdos|94/100|[from] Sandstorm
|-heal|p2a: Zapdos|100/100|[from] item: Leftovers
|upkeep
|turn|12
|
|t:|1731088129
|switch|p1a: Hands|Metagross|100/100
|move|p2a: Zapdos|Toxic|p1a: Hands|[miss]
|-miss|p2a: Zapdos|p1a: Hands
|
|-weather|Sandstorm|[upkeep]
|-damage|p2a: Zapdos|94/100|[from] Sandstorm
|-heal|p2a: Zapdos|100/100|[from] item: Leftovers
|upkeep
|turn|13
|
|t:|1731088139
|move|p2a: Zapdos|Thunderbolt|p1a: Hands
|-damage|p1a: Hands|55/100
|move|p1a: Hands|Agility|p1a: Hands
|-boost|p1a: Hands|spe|2
|
|-weather|Sandstorm|[upkeep]
|-damage|p2a: Zapdos|94/100|[from] Sandstorm
|-heal|p2a: Zapdos|100/100|[from] item: Leftovers
|upkeep
|turn|14
|
|t:|1731088150
|switch|p2a: Skarmory|Skarmory, M|100/100
|move|p1a: Hands|Meteor Mash|p2a: Skarmory
|-resisted|p2a: Skarmory
|-damage|p2a: Skarmory|77/100
|
|-weather|Sandstorm|[upkeep]
|-heal|p2a: Skarmory|83/100|[from] item: Leftovers
|upkeep
|turn|15
|
|t:|1731088161
|switch|p1a: Heartthrob|Magneton|100/100
|move|p2a: Skarmory|Spikes|p1a: Heartthrob
|-sidestart|p1: Stockings|Spikes
|
|-weather|Sandstorm|[upkeep]
|-heal|p2a: Skarmory|89/100|[from] item: Leftovers
|upkeep
|turn|16
|
|t:|1731088165
|move|p2a: Skarmory|Protect|p2a: Skarmory
|-singleturn|p2a: Skarmory|Protect
|move|p1a: Heartthrob|Thunderbolt|p2a: Skarmory
|-activate|p2a: Skarmory|Protect
|
|-weather|Sandstorm|[upkeep]
|-heal|p2a: Skarmory|95/100|[from] item: Leftovers
|upkeep
|turn|17
|
|t:|1731088167
|move|p2a: Skarmory|Protect|p2a: Skarmory
|-singleturn|p2a: Skarmory|Protect
|move|p1a: Heartthrob|Thunderbolt|p2a: Skarmory
|-activate|p2a: Skarmory|Protect
|
|-weather|Sandstorm|[upkeep]
|-heal|p2a: Skarmory|100/100|[from] item: Leftovers
|upkeep
|turn|18
|
|t:|1731088169
|move|p1a: Heartthrob|Thunderbolt|p2a: Skarmory
|-supereffective|p2a: Skarmory
|-damage|p2a: Skarmory|0 fnt
|faint|p2a: Skarmory
|
|t:|1731088171
|switch|p2a: Dugtrio|Dugtrio, F|100/100
|
|-weather|Sandstorm|[upkeep]
|upkeep
|turn|19
|
|t:|1731088176
|move|p2a: Dugtrio|Earthquake|p1a: Heartthrob
|-supereffective|p1a: Heartthrob
|-damage|p1a: Heartthrob|0 fnt
|faint|p1a: Heartthrob
|
|t:|1731088180
|switch|p1a: Iceman|Flygon, M|100/100
|
|-weather|Sandstorm|[upkeep]
|upkeep
|turn|20
|
|t:|1731088185
|switch|p2a: Blissey|Blissey, F|100/100
|move|p1a: Iceman|Toxic|p2a: Blissey|[miss]
|-miss|p1a: Iceman|p2a: Blissey
|
|-weather|Sandstorm|[upkeep]
|-damage|p2a: Blissey|94/100|[from] Sandstorm
|-heal|p2a: Blissey|100/100|[from] item: Leftovers
|upkeep
|turn|21
|
|t:|1731088192
|switch|p1a: Hands|Metagross|55/100
|-damage|p1a: Hands|43/100|[from] Spikes
|move|p2a: Blissey|Seismic Toss|p1a: Hands
|-damage|p1a: Hands|13/100
|
|-weather|Sandstorm|[upkeep]
|-damage|p2a: Blissey|94/100|[from] Sandstorm
|-heal|p2a: Blissey|100/100|[from] item: Leftovers
|upkeep
|turn|22
|
|t:|1731088201
|move|p1a: Hands|Explosion|p2a: Blissey
|-damage|p2a: Blissey|0 fnt
|faint|p1a: Hands
|faint|p2a: Blissey
|
|t:|1731088207
|switch|p1a: Iceman|Flygon, M|100/100
|switch|p2a: Claydol|Claydol|100/100
|
|-weather|Sandstorm|[upkeep]
|upkeep
|turn|23
|
|t:|1731088213
|switch|p2a: Zapdos|Zapdos|100/100
|move|p1a: Iceman|Toxic|p2a: Zapdos
|-status|p2a: Zapdos|tox
|
|-weather|Sandstorm|[upkeep]
|-damage|p2a: Zapdos|94/100 tox|[from] Sandstorm
|-heal|p2a: Zapdos|100/100 tox|[from] item: Leftovers
|-damage|p2a: Zapdos|94/100 tox|[from] psn
|upkeep
|turn|24
|
|t:|1731088218
|move|p1a: Iceman|Rock Slide|p2a: Zapdos
|-supereffective|p2a: Zapdos
|-damage|p2a: Zapdos|62/100 tox
|cant|p2a: Zapdos|flinch
|
|-weather|Sandstorm|[upkeep]
|-damage|p2a: Zapdos|56/100 tox|[from] Sandstorm
|-heal|p2a: Zapdos|62/100 tox|[from] item: Leftovers
|-damage|p2a: Zapdos|50/100 tox|[from] psn
|upkeep
|turn|25
|
|t:|1731088223
|move|p1a: Iceman|Rock Slide|p2a: Zapdos
|-supereffective|p2a: Zapdos
|-damage|p2a: Zapdos|15/100 tox
|move|p2a: Zapdos|Rest|p2a: Zapdos
|-status|p2a: Zapdos|slp|[from] move: Rest
|-heal|p2a: Zapdos|100/100 slp|[silent]
|
|-weather|Sandstorm|[upkeep]
|-damage|p2a: Zapdos|94/100 slp|[from] Sandstorm
|-heal|p2a: Zapdos|100/100 slp|[from] item: Leftovers
|upkeep
|turn|26
|
|t:|1731088242
|switch|p2a: Dugtrio|Dugtrio, F|100/100
|move|p1a: Iceman|Rock Slide|p2a: Dugtrio
|-resisted|p2a: Dugtrio
|-damage|p2a: Dugtrio|76/100
|
|-weather|Sandstorm|[upkeep]
|upkeep
|turn|27
|
|t:|1731088255
|switch|p2a: Zapdos|Zapdos|100/100 slp
|move|p1a: Iceman|Earthquake|p2a: Zapdos
|-immune|p2a: Zapdos
|
|-weather|Sandstorm|[upkeep]
|-damage|p2a: Zapdos|94/100 slp|[from] Sandstorm
|-heal|p2a: Zapdos|100/100 slp|[from] item: Leftovers
|upkeep
|turn|28
|
|t:|1731088261
|move|p1a: Iceman|Rock Slide|p2a: Zapdos|[miss]
|-miss|p1a: Iceman|p2a: Zapdos
|cant|p2a: Zapdos|slp
|
|-weather|Sandstorm|[upkeep]
|-damage|p2a: Zapdos|94/100 slp|[from] Sandstorm
|-heal|p2a: Zapdos|100/100 slp|[from] item: Leftovers
|upkeep
|turn|29
|
|t:|1731088263
|move|p1a: Iceman|Rock Slide|p2a: Zapdos
|-supereffective|p2a: Zapdos
|-crit|p2a: Zapdos
|-damage|p2a: Zapdos|33/100 slp
|cant|p2a: Zapdos|slp
|
|-weather|Sandstorm|[upkeep]
|-damage|p2a: Zapdos|27/100 slp|[from] Sandstorm
|-heal|p2a: Zapdos|33/100 slp|[from] item: Leftovers
|upkeep
|turn|30
|
|t:|1731088268
|switch|p2a: Claydol|Claydol|100/100
|move|p1a: Iceman|Rock Slide|p2a: Claydol
|-resisted|p2a: Claydol
|-crit|p2a: Claydol
|-damage|p2a: Claydol|86/100
|
|-weather|Sandstorm|[upkeep]
|-heal|p2a: Claydol|92/100|[from] item: Leftovers
|upkeep
|turn|31
|
|t:|1731088276
|switch|p2a: Zapdos|Zapdos|33/100 slp
|move|p1a: Iceman|Protect||[still]
|-fail|p1a: Iceman
|
|-weather|Sandstorm|[upkeep]
|-damage|p2a: Zapdos|27/100 slp|[from] Sandstorm
|-heal|p2a: Zapdos|33/100 slp|[from] item: Leftovers
|upkeep
|turn|32
|
|t:|1731088287
|switch|p1a: We Had A Deal|Suicune|100/100
|-damage|p1a: We Had A Deal|88/100|[from] Spikes
|switch|p2a: Claydol|Claydol|92/100
|
|-weather|Sandstorm|[upkeep]
|-damage|p1a: We Had A Deal|82/100|[from] Sandstorm
|-heal|p1a: We Had A Deal|88/100|[from] item: Leftovers
|-heal|p2a: Claydol|98/100|[from] item: Leftovers
|upkeep
|turn|33
|inactive|knexhawk2 has 270 seconds left.
|inactive|knexhawk2 has 240 seconds left.
|
|t:|1731088370
|switch|p1a: Iceman|Flygon, M|100/100
|move|p2a: Claydol|Explosion|p1a: Iceman
|-damage|p1a: Iceman|12/100
|faint|p2a: Claydol
|
|t:|1731088373
|switch|p2a: Zapdos|Zapdos|33/100 slp
|
|-weather|Sandstorm|[upkeep]
|-damage|p2a: Zapdos|27/100 slp|[from] Sandstorm
|-heal|p1a: Iceman|18/100|[from] item: Leftovers
|-heal|p2a: Zapdos|33/100 slp|[from] item: Leftovers
|upkeep
|turn|34
|
|t:|1731088381
|move|p1a: Iceman|Rock Slide|p2a: Zapdos
|-supereffective|p2a: Zapdos
|-damage|p2a: Zapdos|1/100 slp
|-curestatus|p2a: Zapdos|slp|[msg]
|cant|p2a: Zapdos|flinch
|
|-weather|Sandstorm|[upkeep]
|-damage|p2a: Zapdos|0 fnt|[from] Sandstorm
|faint|p2a: Zapdos
|-heal|p1a: Iceman|24/100|[from] item: Leftovers
|upkeep
|
|t:|1731088387
|switch|p2a: Dugtrio|Dugtrio, F|76/100
|turn|35
|
|t:|1731088390
|move|p2a: Dugtrio|Hidden Power|p1a: Iceman
|-damage|p1a: Iceman|4/100
|move|p1a: Iceman|Earthquake|p2a: Dugtrio
|-damage|p2a: Dugtrio|0 fnt
|faint|p2a: Dugtrio
|
|win|Stockings

</script>
<script type="application/json" class="data" id="replaydata-smogtours-gen3ou-805243">
{"id":"smogtours-gen3ou-805243","format":"[Gen 3] OU","players":["Stockings","knexhawk2"],"uploadtime":1731088390,"views":38,"formatid":"gen3ou","rating":null,"private":0,"password":null}
</script>

<script defer src="js/replays.js?9d40a366"></script>
