<!DOCTYPE html>
<meta charset="utf-8" />
<meta name="viewport" content="width=device-width" />

<title>[Gen 3] OU: Carfrogs vs. melninja - Replays - Pok&eacute;mon Showdown!</title>

<meta name="description" content="Watch a replay of a Pok&eacute;mon battle between Carfrogs and melninja! Format: [Gen 3] OU; Date: Oct 8, 2024" />
<!--

Hey, you! Looking in the source for the replay log?

You can find them in JSON format, just add `.json` at the end of a replay URL.

https://replay.pokemonshowdown.com/gen7randomdoublesbattle-865046831.json

Or, if you only need the log itself, add `.log` instead:

https://replay.pokemonshowdown.com/gen7randomdoublesbattle-865046831.log

-->

<link rel="stylesheet" href="//pokemonshowdown.com/style/global.css?0.767286132409787" />
<link rel="stylesheet" href="//play.pokemonshowdown.com/style/font-awesome.css?0.9266228007934947" />
<link rel="stylesheet" href="//play.pokemonshowdown.com/style/battle.css?0.7924700842790926" />
<link rel="stylesheet" href="//play.pokemonshowdown.com/style/utilichart.css?0.8777417872839479" />

<!-- Global site tag (gtag.js) - Google Analytics -->
<script async src="https://www.googletagmanager.com/gtag/js?id=UA-26211653-1"></script>
<script>
  window.dataLayer = window.dataLayer || [];
  function gtag(){dataLayer.push(arguments);}
  gtag('js', new Date());

  gtag('config', 'UA-26211653-1');
</script>
<!-- End Google Analytics -->
<!-- Venatus Ad Manager - Install in <HEAD> of page -->
	<script src="https://hb.vntsm.com/v3/live/ad-manager.min.js" type="text/javascript" data-site-id="642aba63ec9a7b11c3c9c1be" data-mode="scan" async></script>
<!-- / Venatus Ad Manager -->

<style>
	@media (max-width:820px) {
		.battle {
			margin: 0 auto;
		}
		.battle-log {
			margin: 7px auto 0;
			max-width: 640px;
			height: 300px;
			position: static;
		}
	}
	.optgroup {
		display: inline-block;
		line-height: 22px;
		font-size: 10pt;
	}
	.optgroup .button {
		height: 25px;
		padding-top: 0;
		padding-bottom: 0;
	}
	.optgroup button.button {
		padding-left: 12px;
		padding-right: 12px;
	}
	.linklist {
		list-style: none;
		margin: 0.5em 0;
		padding: 0;
	}
	.linklist li {
		padding: 2px 0;
	}
	.sidebar {
		float: left;
		width: 320px;
	}
	.bar-wrapper {
		max-width: 1100px;
		margin: 0 auto;
	}
	.bar-wrapper.has-sidebar {
		max-width: 1430px;
	}
	.mainbar {
		margin: 0;
		padding-right: 1px;
	}
	.mainbar.has-sidebar {
		margin-left: 330px;
	}
	@media (min-width: 1511px) {
		.sidebar {
			width: 400px;
		}
		.bar-wrapper.has-sidebar {
			max-width: 1510px;
		}
		.mainbar.has-sidebar {
			margin-left: 410px;
		}
	}
	.section.first-section {
		margin-top: 9px;
	}
	.blocklink small {
		white-space: normal;
	}
	.button {
		vertical-align: middle;
	}
	.replay-controls {
		padding-top: 10px;
	}
	.replay-controls h1 {
		font-size: 16pt;
		font-weight: normal;
		color: #CCC;
	}
	.pagelink {
		text-align: center;
	}
	.pagelink a {
		width: 150px;
	}
	.textbox, .button {
		font-size: 11pt;
		vertical-align: middle;
	}
	@media (max-width: 450px) {
		.button {
			font-size: 9pt;
		}
	}
</style>

<div>

	<header>
		<div class="nav-wrapper"><ul class="nav">
			<li><a class="button nav-first" href="//pokemonshowdown.com/"><img src="//pokemonshowdown.com/images/pokemonshowdownbeta.png" srcset="//pokemonshowdown.com/images/pokemonshowdownbeta.png 1x, //pokemonshowdown.com/images/pokemonshowdownbeta@2x.png 2x" alt="Pok&eacute;mon Showdown" width="146" height="44" /> Home</a></li>
			<li><a class="button" href="//pokemonshowdown.com/dex/">Pok&eacute;dex</a></li>
			<li><a class="button cur" href="/">Replays</a></li>
			<li><a class="button" href="//pokemonshowdown.com/ladder/">Ladder</a></li>
			<li><a class="button nav-last" href="//pokemonshowdown.com/forums/">Forum</a></li>
			<li><a class="button greenbutton nav-first nav-last" href="//play.pokemonshowdown.com/">Play</a></li>
		</ul></div>
	</header>

	<div class="main" id="main">

		<noscript><section class="section">You need to enable JavaScript to use this page; sorry!</section></noscript>

	</div>

</div>

<script defer nomodule src="//play.pokemonshowdown.com/js/lib/ps-polyfill.js"></script>
<script defer src="//play.pokemonshowdown.com/js/lib/preact.min.js"></script>

<script defer src="//play.pokemonshowdown.com/config/config.js?6dec07f6"></script>
<script defer src="//play.pokemonshowdown.com/js/lib/jquery-1.11.0.min.js"></script>
<script defer src="//play.pokemonshowdown.com/js/lib/html-sanitizer-minified.js"></script>
<script defer src="//play.pokemonshowdown.com/js/battle-sound.js"></script>
<script defer src="//play.pokemonshowdown.com/js/battledata.js?0.6315294753075389"></script>
<script defer src="//play.pokemonshowdown.com/data/pokedex-mini.js?0.7603743185311358"></script>
<script defer src="//play.pokemonshowdown.com/data/pokedex-mini-bw.js?0.030888842834281283"></script>
<script defer src="//play.pokemonshowdown.com/data/graphics.js?0.05593094747507488"></script>
<script defer src="//play.pokemonshowdown.com/data/pokedex.js?0.47064822249611904"></script>
<script defer src="//play.pokemonshowdown.com/data/moves.js?0.8583693120512459"></script>
<script defer src="//play.pokemonshowdown.com/data/abilities.js?0.16017181182386842"></script>
<script defer src="//play.pokemonshowdown.com/data/items.js?0.4163379185673943"></script>
<script defer src="//play.pokemonshowdown.com/data/teambuilder-tables.js?0.31075597372830477"></script>
<script defer src="//play.pokemonshowdown.com/js/battle-tooltips.js?0.6536193500708172"></script>
<script defer src="//play.pokemonshowdown.com/js/battle.js?0.1916591943277901"></script>

<script defer src="js/utils.js?e31f9a17"></script>
<script defer src="js/replays-battle.js?7008c182"></script>

<!-- don't scrape this data! just add .json or .log after the URL!
Full API docs: https://github.com/smogon/pokemon-showdown-client/blob/master/WEB-API.md -->
<script type="text/plain" class="log" id="replaylog-smogtours-gen3ou-796405">
|inactive|Battle timer is ON: inactive players will automatically lose when time's up.
|t:|1728407669
|gametype|singles
|player|p1|Carfrogs|boarder-gen2|
|player|p2|melninja|colress|
|teamsize|p1|6
|teamsize|p2|6
|gen|3
|tier|[Gen 3] OU
|rule|Sleep Clause Mod: Limit one foe put to sleep
|rule|Switch Priority Clause Mod: Faster Pokémon switch first
|rule|Species Clause: Limit one of each Pokémon
|rule|OHKO Clause: OHKO moves are banned
|rule|Evasion Items Clause: Evasion items are banned
|rule|Evasion Moves Clause: Evasion moves are banned
|rule|Endless Battle Clause: Forcing endless battles is banned
|rule|HP Percentage Mod: HP is shown in percentages
|rule|One Boost Passer Clause: Limit one Baton Passer that has a way to boost its stats
|rule|Freeze Clause Mod: Limit one foe frozen
|
|t:|1728407669
|start
|switch|p1a: Skarmory|Skarmory, M|100/100
|switch|p2a: Swellow|Swellow, M|100/100
|turn|1
|
|t:|1728407678
|move|p2a: Swellow|Baton Pass|p2a: Swellow
|
|t:|1728407684
|switch|p2a: Jolteon|Jolteon, F|100/100|[from] Baton Pass
|move|p1a: Skarmory|Spikes|p2a: Jolteon
|-sidestart|p2: melninja|Spikes
|
|upkeep
|turn|2
|
|t:|1728407691
|switch|p1a: Blissey|Blissey, F|100/100
|move|p2a: Jolteon|Thunderbolt|p1a: Blissey
|-damage|p1a: Blissey|83/100
|
|-heal|p1a: Blissey|90/100|[from] item: Leftovers
|upkeep
|turn|3
|
|t:|1728407699
|move|p2a: Jolteon|Baton Pass|p2a: Jolteon
|
|t:|1728407701
|switch|p2a: Heracross|Heracross, F|100/100|[from] Baton Pass
|-damage|p2a: Heracross|88/100|[from] Spikes
|move|p1a: Blissey|Seismic Toss|p2a: Heracross
|-damage|p2a: Heracross|55/100
|
|-heal|p2a: Heracross|61/100|[from] item: Leftovers
|-heal|p1a: Blissey|96/100|[from] item: Leftovers
|upkeep
|turn|4
|
|t:|1728407710
|-singleturn|p2a: Heracross|move: Focus Punch
|switch|p1a: Skarmory|Skarmory, M|100/100
|move|p2a: Heracross|Focus Punch|p1a: Skarmory
|-damage|p1a: Skarmory|40/100
|
|-heal|p2a: Heracross|67/100|[from] item: Leftovers
|-heal|p1a: Skarmory|46/100|[from] item: Leftovers
|upkeep
|turn|5
|
|t:|1728407716
|switch|p2a: Magneton|Magneton|100/100
|-damage|p2a: Magneton|88/100|[from] Spikes
|move|p1a: Skarmory|Drill Peck|p2a: Magneton
|-resisted|p2a: Magneton
|-damage|p2a: Magneton|80/100
|
|-heal|p1a: Skarmory|52/100|[from] item: Leftovers
|upkeep
|turn|6
|
|t:|1728407721
|move|p1a: Skarmory|Protect|p1a: Skarmory
|-singleturn|p1a: Skarmory|Protect
|move|p2a: Magneton|Thunderbolt|p1a: Skarmory
|-activate|p1a: Skarmory|Protect
|
|-heal|p1a: Skarmory|58/100|[from] item: Leftovers
|upkeep
|turn|7
|
|t:|1728407724
|move|p2a: Magneton|Thunderbolt|p1a: Skarmory
|-supereffective|p1a: Skarmory
|-damage|p1a: Skarmory|0 fnt
|faint|p1a: Skarmory
|
|t:|1728407741
|switch|p1a: Aerodactyl|Aerodactyl, M|100/100
|
|upkeep
|turn|8
|
|t:|1728407746
|move|p1a: Aerodactyl|Earthquake|p2a: Magneton
|-supereffective|p2a: Magneton
|-damage|p2a: Magneton|0 fnt
|faint|p2a: Magneton
|
|t:|1728407748
|switch|p2a: Swellow|Swellow, M|100/100
|
|upkeep
|turn|9
|
|t:|1728407758
|switch|p1a: Magneton|Magneton|100/100
|move|p2a: Swellow|Substitute|p2a: Swellow
|-start|p2a: Swellow|Substitute
|-damage|p2a: Swellow|76/100
|
|upkeep
|turn|10
|
|t:|1728407763
|move|p2a: Swellow|Hidden Power|p1a: Magneton
|-supereffective|p1a: Magneton
|-damage|p1a: Magneton|44/100
|move|p1a: Magneton|Substitute|p1a: Magneton
|-start|p1a: Magneton|Substitute
|-damage|p1a: Magneton|19/100
|
|upkeep
|turn|11
|
|t:|1728407768
|move|p2a: Swellow|Hidden Power|p1a: Magneton
|-supereffective|p1a: Magneton
|-end|p1a: Magneton|Substitute
|move|p1a: Magneton|Thunderbolt|p2a: Swellow
|-supereffective|p2a: Swellow
|-crit|p2a: Swellow
|-end|p2a: Swellow|Substitute
|
|upkeep
|turn|12
|
|t:|1728407775
|switch|p1a: Celebi|Celebi|100/100
|move|p2a: Swellow|Hidden Power|p1a: Celebi
|-resisted|p1a: Celebi
|-damage|p1a: Celebi|95/100
|
|-heal|p1a: Celebi|100/100|[from] item: Leftovers
|upkeep
|turn|13
|
|t:|1728407782
|move|p2a: Swellow|Substitute|p2a: Swellow
|-start|p2a: Swellow|Substitute
|-damage|p2a: Swellow|51/100
|move|p1a: Celebi|Perish Song|p1a: Celebi
|-start|p1a: Celebi|perish3|[silent]
|-start|p2a: Swellow|perish3|[silent]
|-fieldactivate|move: Perish Song
|
|-start|p2a: Swellow|perish3
|-start|p1a: Celebi|perish3
|upkeep
|turn|14
|
|t:|1728407799
|move|p2a: Swellow|Endeavor|p1a: Celebi
|-damage|p1a: Celebi|33/100
|move|p1a: Celebi|Hidden Power|p2a: Swellow
|-resisted|p2a: Swellow
|-end|p2a: Swellow|Substitute
|
|-heal|p1a: Celebi|39/100|[from] item: Leftovers
|-start|p2a: Swellow|perish2
|-start|p1a: Celebi|perish2
|upkeep
|turn|15
|
|t:|1728407811
|move|p2a: Swellow|Substitute|p2a: Swellow
|-start|p2a: Swellow|Substitute
|-damage|p2a: Swellow|26/100
|move|p1a: Celebi|Recover|p1a: Celebi
|-heal|p1a: Celebi|89/100
|
|-heal|p1a: Celebi|96/100|[from] item: Leftovers
|-start|p2a: Swellow|perish1
|-start|p1a: Celebi|perish1
|upkeep
|turn|16
|
|t:|1728407823
|switch|p2a: Heracross|Heracross, F|67/100
|-damage|p2a: Heracross|55/100|[from] Spikes
|switch|p1a: Swampert|Swampert, M|100/100
|
|-heal|p2a: Heracross|61/100|[from] item: Leftovers
|upkeep
|turn|17
|
|t:|1728407830
|move|p2a: Heracross|Megahorn|p1a: Swampert
|-damage|p1a: Swampert|61/100
|move|p1a: Swampert|Curse|p1a: Swampert
|-unboost|p1a: Swampert|spe|1
|-boost|p1a: Swampert|atk|1
|-boost|p1a: Swampert|def|1
|
|-heal|p2a: Heracross|67/100|[from] item: Leftovers
|-heal|p1a: Swampert|68/100|[from] item: Leftovers
|upkeep
|turn|18
|
|t:|1728407847
|move|p2a: Heracross|Megahorn|p1a: Swampert
|-damage|p1a: Swampert|42/100
|move|p1a: Swampert|Earthquake|p2a: Heracross
|-resisted|p2a: Heracross
|-damage|p2a: Heracross|26/100
|
|-heal|p2a: Heracross|32/100|[from] item: Leftovers
|-heal|p1a: Swampert|48/100|[from] item: Leftovers
|upkeep
|turn|19
|
|t:|1728407860
|move|p2a: Heracross|Megahorn|p1a: Swampert
|-damage|p1a: Swampert|23/100
|move|p1a: Swampert|Curse|p1a: Swampert
|-unboost|p1a: Swampert|spe|1
|-boost|p1a: Swampert|atk|1
|-boost|p1a: Swampert|def|1
|
|-heal|p2a: Heracross|38/100|[from] item: Leftovers
|-heal|p1a: Swampert|29/100|[from] item: Leftovers
|upkeep
|turn|20
|
|t:|1728407867
|switch|p2a: Swellow|Swellow, M|26/100
|move|p1a: Swampert|Rest|p1a: Swampert
|-status|p1a: Swampert|slp|[from] move: Rest
|-heal|p1a: Swampert|100/100 slp|[silent]
|
|upkeep
|turn|21
|
|t:|1728407873
|switch|p1a: Magneton|Magneton|19/100
|move|p2a: Swellow|Substitute|p2a: Swellow
|-start|p2a: Swellow|Substitute
|-damage|p2a: Swellow|1/100
|
|-enditem|p2a: Swellow|Starf Berry|[eat]
|-boost|p2a: Swellow|spd|2|[from] item: Starf Berry
|upkeep
|turn|22
|
|t:|1728407882
|move|p2a: Swellow|Hidden Power|p1a: Magneton
|-supereffective|p1a: Magneton
|-damage|p1a: Magneton|0 fnt
|faint|p1a: Magneton
|
|t:|1728407896
|switch|p1a: Aerodactyl|Aerodactyl, M|100/100
|
|upkeep
|turn|23
|
|t:|1728407920
|move|p2a: Swellow|Baton Pass|p2a: Swellow
|
|t:|1728407922
|switch|p2a: Swampert|Swampert, F|100/100|[from] Baton Pass
|-damage|p2a: Swampert|88/100|[from] Spikes
|move|p1a: Aerodactyl|Double-Edge|p2a: Swampert
|-end|p2a: Swampert|Substitute
|
|upkeep
|turn|24
|
|t:|1728407933
|switch|p1a: Celebi|Celebi|96/100
|move|p2a: Swampert|Surf|p1a: Celebi
|-resisted|p1a: Celebi
|-damage|p1a: Celebi|79/100
|
|-heal|p1a: Celebi|86/100|[from] item: Leftovers
|upkeep
|turn|25
|
|t:|1728407946
|move|p2a: Swampert|Substitute|p2a: Swampert
|-start|p2a: Swampert|Substitute
|-damage|p2a: Swampert|63/100
|move|p1a: Celebi|Hidden Power|p2a: Swampert
|-supereffective|p2a: Swampert
|-end|p2a: Swampert|Substitute
|
|-heal|p1a: Celebi|92/100|[from] item: Leftovers
|upkeep
|turn|26
|
|t:|1728407955
|move|p2a: Swampert|Substitute|p2a: Swampert
|-start|p2a: Swampert|Substitute
|-damage|p2a: Swampert|38/100
|move|p1a: Celebi|Hidden Power|p2a: Swampert
|-supereffective|p2a: Swampert
|-end|p2a: Swampert|Substitute
|
|-heal|p1a: Celebi|98/100|[from] item: Leftovers
|upkeep
|turn|27
|
|t:|1728407967
|move|p2a: Swampert|Substitute|p2a: Swampert
|-start|p2a: Swampert|Substitute
|-damage|p2a: Swampert|13/100
|move|p1a: Celebi|Hidden Power|p2a: Swampert
|-supereffective|p2a: Swampert
|-end|p2a: Swampert|Substitute
|
|-enditem|p2a: Swampert|Salac Berry|[eat]
|-boost|p2a: Swampert|spe|1|[from] item: Salac Berry
|-heal|p1a: Celebi|100/100|[from] item: Leftovers
|upkeep
|turn|28
|
|t:|1728407974
|move|p2a: Swampert|Endeavor|p1a: Celebi
|-damage|p1a: Celebi|11/100
|move|p1a: Celebi|Hidden Power|p2a: Swampert
|-supereffective|p2a: Swampert
|-damage|p2a: Swampert|0 fnt
|faint|p2a: Swampert
|
|t:|1728407981
|switch|p2a: Jolteon|Jolteon, F|100/100
|-damage|p2a: Jolteon|88/100|[from] Spikes
|
|-heal|p2a: Jolteon|94/100|[from] item: Leftovers
|-heal|p1a: Celebi|18/100|[from] item: Leftovers
|upkeep
|turn|29
|
|t:|1728407988
|switch|p1a: Blissey|Blissey, F|96/100
|move|p2a: Jolteon|Wish|p2a: Jolteon
|
|-heal|p2a: Jolteon|99/100|[from] item: Leftovers
|-heal|p1a: Blissey|100/100|[from] item: Leftovers
|upkeep
|turn|30
|
|t:|1728408001
|move|p2a: Jolteon|Baton Pass|p2a: Jolteon
|
|t:|1728408002
|switch|p2a: Suicune|Suicune|100/100|[from] Baton Pass
|-damage|p2a: Suicune|88/100|[from] Spikes
|move|p1a: Blissey|Aromatherapy|p1a: Blissey
|-cureteam|p1a: Blissey|[from] move: Aromatherapy
|
|-heal|p2a: Suicune|100/100|[from] move: Wish|[wisher] Jolteon
|upkeep
|turn|31
|
|t:|1728408018
|move|p2a: Suicune|Calm Mind|p2a: Suicune
|-boost|p2a: Suicune|spa|1
|-boost|p2a: Suicune|spd|1
|move|p1a: Blissey|Thunder Wave|p2a: Suicune
|-status|p2a: Suicune|par
|
|upkeep
|turn|32
|
|t:|1728408028
|switch|p1a: Celebi|Celebi|18/100
|move|p2a: Suicune|Calm Mind|p2a: Suicune
|-boost|p2a: Suicune|spa|1
|-boost|p2a: Suicune|spd|1
|
|-heal|p1a: Celebi|24/100|[from] item: Leftovers
|upkeep
|turn|33
|
|t:|1728408031
|move|p1a: Celebi|Recover|p1a: Celebi
|-heal|p1a: Celebi|74/100
|move|p2a: Suicune|Ice Beam|p1a: Celebi
|-supereffective|p1a: Celebi
|-damage|p1a: Celebi|0 fnt
|faint|p1a: Celebi
|
|t:|1728408041
|switch|p1a: Blissey|Blissey, F|100/100
|
|upkeep
|turn|34
|
|t:|1728408043
|move|p1a: Blissey|Seismic Toss|p2a: Suicune
|-damage|p2a: Suicune|76/100 par
|move|p2a: Suicune|Calm Mind|p2a: Suicune
|-boost|p2a: Suicune|spa|1
|-boost|p2a: Suicune|spd|1
|
|-heal|p2a: Suicune|82/100 par|[from] item: Leftovers
|upkeep
|turn|35
|
|t:|1728408052
|move|p1a: Blissey|Seismic Toss|p2a: Suicune
|-damage|p2a: Suicune|57/100 par
|move|p2a: Suicune|Calm Mind|p2a: Suicune
|-boost|p2a: Suicune|spa|1
|-boost|p2a: Suicune|spd|1
|
|-heal|p2a: Suicune|63/100 par|[from] item: Leftovers
|upkeep
|turn|36
|
|t:|1728408066
|move|p1a: Blissey|Seismic Toss|p2a: Suicune
|-damage|p2a: Suicune|39/100 par
|move|p2a: Suicune|Hydro Pump|p1a: Blissey
|-damage|p1a: Blissey|44/100
|
|-heal|p1a: Blissey|50/100|[from] item: Leftovers
|-heal|p2a: Suicune|45/100 par|[from] item: Leftovers
|upkeep
|turn|37
|
|t:|1728408070
|move|p1a: Blissey|Seismic Toss|p2a: Suicune
|-damage|p2a: Suicune|20/100 par
|move|p2a: Suicune|Hydro Pump|p1a: Blissey
|-crit|p1a: Blissey
|-damage|p1a: Blissey|0 fnt
|faint|p1a: Blissey
|
|t:|1728408073
|switch|p1a: Aerodactyl|Aerodactyl, M|100/100
|
|-heal|p2a: Suicune|26/100 par|[from] item: Leftovers
|upkeep
|turn|38
|
|t:|1728408083
|move|p1a: Aerodactyl|Earthquake|p2a: Suicune
|-crit|p2a: Suicune
|-damage|p2a: Suicune|0 fnt
|faint|p2a: Suicune
|
|t:|1728408086
|switch|p2a: Swellow|Swellow, M|1/100
|
|upkeep
|turn|39
|
|t:|1728408090
|switch|p1a: Swampert|Swampert, M|100/100
|move|p2a: Swellow|Endeavor|p1a: Swampert
|-damage|p1a: Swampert|1/100
|
|-heal|p1a: Swampert|7/100|[from] item: Leftovers
|upkeep
|turn|40
|
|t:|1728408094
|move|p2a: Swellow|Hidden Power|p1a: Swampert
|-crit|p1a: Swampert
|-damage|p1a: Swampert|0 fnt
|faint|p1a: Swampert
|
|t:|1728408096
|switch|p1a: Aerodactyl|Aerodactyl, M|100/100
|
|upkeep
|turn|41
|
|t:|1728408099
|move|p2a: Swellow|Endeavor|p1a: Aerodactyl
|-damage|p1a: Aerodactyl|1/100
|move|p1a: Aerodactyl|Double-Edge|p2a: Swellow
|-damage|p2a: Swellow|0 fnt
|faint|p2a: Swellow
|
|t:|1728408104
|switch|p2a: Jolteon|Jolteon, F|99/100
|-damage|p2a: Jolteon|88/100|[from] Spikes
|
|-heal|p2a: Jolteon|94/100|[from] item: Leftovers
|upkeep
|turn|42
|
|t:|1728408106
|move|p2a: Jolteon|Thunderbolt|p1a: Aerodactyl
|-supereffective|p1a: Aerodactyl
|-crit|p1a: Aerodactyl
|-damage|p1a: Aerodactyl|0 fnt
|faint|p1a: Aerodactyl
|
|win|melninja
|c|☆Carfrogs|ggs
|c|☆melninja|gg
|player|p1|
|player|p1|Carfrogs|boarder-gen2|

</script>
<script type="application/json" class="data" id="replaydata-smogtours-gen3ou-796405">
{"id":"smogtours-gen3ou-796405","format":"[Gen 3] OU","players":["Carfrogs","melninja"],"uploadtime":1728408106,"views":92,"formatid":"gen3ou","rating":null,"private":0,"password":null}
</script>

<script defer src="js/replays.js?9d40a366"></script>
