<!DOCTYPE html>
<meta charset="utf-8" />
<meta name="viewport" content="width=device-width" />

<title>[Gen 3] OU: Baptosta vs. thedolla - Replays - Pok&eacute;mon Showdown!</title>

<meta name="description" content="Watch a replay of a Pok&eacute;mon battle between Baptosta and thedolla! Format: [Gen 3] OU; Date: Oct 20, 2024" />
<!--

Hey, you! Looking in the source for the replay log?

You can find them in JSON format, just add `.json` at the end of a replay URL.

https://replay.pokemonshowdown.com/gen7randomdoublesbattle-865046831.json

Or, if you only need the log itself, add `.log` instead:

https://replay.pokemonshowdown.com/gen7randomdoublesbattle-865046831.log

-->

<link rel="stylesheet" href="//pokemonshowdown.com/style/global.css?0.767286132409787" />
<link rel="stylesheet" href="//play.pokemonshowdown.com/style/font-awesome.css?0.9266228007934947" />
<link rel="stylesheet" href="//play.pokemonshowdown.com/style/battle.css?0.7924700842790926" />
<link rel="stylesheet" href="//play.pokemonshowdown.com/style/utilichart.css?0.8777417872839479" />

<!-- Global site tag (gtag.js) - Google Analytics -->
<script async src="https://www.googletagmanager.com/gtag/js?id=UA-26211653-1"></script>
<script>
  window.dataLayer = window.dataLayer || [];
  function gtag(){dataLayer.push(arguments);}
  gtag('js', new Date());

  gtag('config', 'UA-26211653-1');
</script>
<!-- End Google Analytics -->
<!-- Venatus Ad Manager - Install in <HEAD> of page -->
	<script src="https://hb.vntsm.com/v3/live/ad-manager.min.js" type="text/javascript" data-site-id="642aba63ec9a7b11c3c9c1be" data-mode="scan" async></script>
<!-- / Venatus Ad Manager -->

<style>
	@media (max-width:820px) {
		.battle {
			margin: 0 auto;
		}
		.battle-log {
			margin: 7px auto 0;
			max-width: 640px;
			height: 300px;
			position: static;
		}
	}
	.optgroup {
		display: inline-block;
		line-height: 22px;
		font-size: 10pt;
	}
	.optgroup .button {
		height: 25px;
		padding-top: 0;
		padding-bottom: 0;
	}
	.optgroup button.button {
		padding-left: 12px;
		padding-right: 12px;
	}
	.linklist {
		list-style: none;
		margin: 0.5em 0;
		padding: 0;
	}
	.linklist li {
		padding: 2px 0;
	}
	.sidebar {
		float: left;
		width: 320px;
	}
	.bar-wrapper {
		max-width: 1100px;
		margin: 0 auto;
	}
	.bar-wrapper.has-sidebar {
		max-width: 1430px;
	}
	.mainbar {
		margin: 0;
		padding-right: 1px;
	}
	.mainbar.has-sidebar {
		margin-left: 330px;
	}
	@media (min-width: 1511px) {
		.sidebar {
			width: 400px;
		}
		.bar-wrapper.has-sidebar {
			max-width: 1510px;
		}
		.mainbar.has-sidebar {
			margin-left: 410px;
		}
	}
	.section.first-section {
		margin-top: 9px;
	}
	.blocklink small {
		white-space: normal;
	}
	.button {
		vertical-align: middle;
	}
	.replay-controls {
		padding-top: 10px;
	}
	.replay-controls h1 {
		font-size: 16pt;
		font-weight: normal;
		color: #CCC;
	}
	.pagelink {
		text-align: center;
	}
	.pagelink a {
		width: 150px;
	}
	.textbox, .button {
		font-size: 11pt;
		vertical-align: middle;
	}
	@media (max-width: 450px) {
		.button {
			font-size: 9pt;
		}
	}
</style>

<div>

	<header>
		<div class="nav-wrapper"><ul class="nav">
			<li><a class="button nav-first" href="//pokemonshowdown.com/"><img src="//pokemonshowdown.com/images/pokemonshowdownbeta.png" srcset="//pokemonshowdown.com/images/pokemonshowdownbeta.png 1x, //pokemonshowdown.com/images/pokemonshowdownbeta@2x.png 2x" alt="Pok&eacute;mon Showdown" width="146" height="44" /> Home</a></li>
			<li><a class="button" href="//pokemonshowdown.com/dex/">Pok&eacute;dex</a></li>
			<li><a class="button cur" href="/">Replays</a></li>
			<li><a class="button" href="//pokemonshowdown.com/ladder/">Ladder</a></li>
			<li><a class="button nav-last" href="//pokemonshowdown.com/forums/">Forum</a></li>
			<li><a class="button greenbutton nav-first nav-last" href="//play.pokemonshowdown.com/">Play</a></li>
		</ul></div>
	</header>

	<div class="main" id="main">

		<noscript><section class="section">You need to enable JavaScript to use this page; sorry!</section></noscript>

	</div>

</div>

<script defer nomodule src="//play.pokemonshowdown.com/js/lib/ps-polyfill.js"></script>
<script defer src="//play.pokemonshowdown.com/js/lib/preact.min.js"></script>

<script defer src="//play.pokemonshowdown.com/config/config.js?6dec07f6"></script>
<script defer src="//play.pokemonshowdown.com/js/lib/jquery-1.11.0.min.js"></script>
<script defer src="//play.pokemonshowdown.com/js/lib/html-sanitizer-minified.js"></script>
<script defer src="//play.pokemonshowdown.com/js/battle-sound.js"></script>
<script defer src="//play.pokemonshowdown.com/js/battledata.js?0.6315294753075389"></script>
<script defer src="//play.pokemonshowdown.com/data/pokedex-mini.js?0.7603743185311358"></script>
<script defer src="//play.pokemonshowdown.com/data/pokedex-mini-bw.js?0.030888842834281283"></script>
<script defer src="//play.pokemonshowdown.com/data/graphics.js?0.05593094747507488"></script>
<script defer src="//play.pokemonshowdown.com/data/pokedex.js?0.47064822249611904"></script>
<script defer src="//play.pokemonshowdown.com/data/moves.js?0.8583693120512459"></script>
<script defer src="//play.pokemonshowdown.com/data/abilities.js?0.16017181182386842"></script>
<script defer src="//play.pokemonshowdown.com/data/items.js?0.4163379185673943"></script>
<script defer src="//play.pokemonshowdown.com/data/teambuilder-tables.js?0.31075597372830477"></script>
<script defer src="//play.pokemonshowdown.com/js/battle-tooltips.js?0.6536193500708172"></script>
<script defer src="//play.pokemonshowdown.com/js/battle.js?0.1916591943277901"></script>

<script defer src="js/utils.js?e31f9a17"></script>
<script defer src="js/replays-battle.js?7008c182"></script>

<!-- don't scrape this data! just add .json or .log after the URL!
Full API docs: https://github.com/smogon/pokemon-showdown-client/blob/master/WEB-API.md -->
<script type="text/plain" class="log" id="replaylog-smogtours-gen3ou-800481">
|inactive|Battle timer is ON: inactive players will automatically lose when time's up.
|t:|1729439916
|gametype|singles
|player|p1|Baptosta|102|
|player|p2|thedolla|265|
|teamsize|p1|6
|teamsize|p2|6
|gen|3
|tier|[Gen 3] OU
|rule|Sleep Clause Mod: Limit one foe put to sleep
|rule|Switch Priority Clause Mod: Faster Pokémon switch first
|rule|Species Clause: Limit one of each Pokémon
|rule|OHKO Clause: OHKO moves are banned
|rule|Evasion Items Clause: Evasion items are banned
|rule|Evasion Moves Clause: Evasion moves are banned
|rule|Endless Battle Clause: Forcing endless battles is banned
|rule|HP Percentage Mod: HP is shown in percentages
|rule|One Boost Passer Clause: Limit one Baton Passer that has a way to boost its stats
|rule|Freeze Clause Mod: Limit one foe frozen
|
|t:|1729439916
|start
|switch|p1a: Rexy|Tyranitar, F, shiny|100/100
|switch|p2a: oi UE|Zapdos|100/100
|-weather|Sandstorm|[from] ability: Sand Stream|[of] p1a: Rexy
|turn|1
|c|☆thedolla|glhf
|c|☆Baptosta|gl hf
|
|t:|1729439939
|switch|p2a: ashley look at me|Tyranitar, M|100/100
|move|p1a: Rexy|Rock Slide|p2a: ashley look at me
|-damage|p2a: ashley look at me|70/100
|
|-weather|Sandstorm|[upkeep]
|-heal|p2a: ashley look at me|76/100|[from] item: Leftovers
|upkeep
|turn|2
|
|t:|1729439950
|switch|p1a: Lagoon|Swampert, M|100/100
|switch|p2a: me woif|Swampert, M|100/100
|
|-weather|Sandstorm|[upkeep]
|upkeep
|turn|3
|
|t:|1729439954
|move|p2a: me woif|Hydro Pump|p1a: Lagoon
|-damage|p1a: Lagoon|49/100
|move|p1a: Lagoon|Earthquake|p2a: me woif
|-damage|p2a: me woif|66/100
|
|-weather|Sandstorm|[upkeep]
|-heal|p2a: me woif|72/100|[from] item: Leftovers
|-heal|p1a: Lagoon|55/100|[from] item: Leftovers
|upkeep
|turn|4
|
|t:|1729439982
|switch|p1a: Highway Star|Starmie, shiny|100/100
|move|p2a: me woif|Earthquake|p1a: Highway Star
|-damage|p1a: Highway Star|53/100
|
|-weather|Sandstorm|[upkeep]
|-damage|p1a: Highway Star|47/100|[from] Sandstorm
|-heal|p1a: Highway Star|53/100|[from] item: Leftovers
|-heal|p2a: me woif|79/100|[from] item: Leftovers
|upkeep
|turn|5
|
|t:|1729439989
|move|p1a: Highway Star|Recover|p1a: Highway Star
|-heal|p1a: Highway Star|100/100
|move|p2a: me woif|Earthquake|p1a: Highway Star
|-damage|p1a: Highway Star|54/100
|
|-weather|Sandstorm|[upkeep]
|-damage|p1a: Highway Star|48/100|[from] Sandstorm
|-heal|p1a: Highway Star|54/100|[from] item: Leftovers
|-heal|p2a: me woif|85/100|[from] item: Leftovers
|upkeep
|turn|6
|
|t:|1729439997
|move|p1a: Highway Star|Recover|p1a: Highway Star
|-heal|p1a: Highway Star|100/100
|move|p2a: me woif|Earthquake|p1a: Highway Star
|-damage|p1a: Highway Star|58/100
|
|-weather|Sandstorm|[upkeep]
|-damage|p1a: Highway Star|51/100|[from] Sandstorm
|-heal|p1a: Highway Star|58/100|[from] item: Leftovers
|-heal|p2a: me woif|91/100|[from] item: Leftovers
|upkeep
|turn|7
|
|t:|1729440002
|switch|p2a: homelanda killed|Jirachi|100/100
|move|p1a: Highway Star|Recover|p1a: Highway Star
|-heal|p1a: Highway Star|100/100
|
|-weather|Sandstorm|[upkeep]
|-damage|p1a: Highway Star|94/100|[from] Sandstorm
|-heal|p1a: Highway Star|100/100|[from] item: Leftovers
|upkeep
|turn|8
|
|t:|1729440013
|move|p1a: Highway Star|Thunder Wave|p2a: homelanda killed
|-status|p2a: homelanda killed|par
|cant|p2a: homelanda killed|par
|
|-weather|Sandstorm|[upkeep]
|-damage|p1a: Highway Star|94/100|[from] Sandstorm
|-heal|p1a: Highway Star|100/100|[from] item: Leftovers
|upkeep
|turn|9
|
|t:|1729440017
|move|p1a: Highway Star|Surf|p2a: homelanda killed
|-damage|p2a: homelanda killed|63/100 par
|move|p2a: homelanda killed|Shadow Ball|p1a: Highway Star
|-supereffective|p1a: Highway Star
|-damage|p1a: Highway Star|12/100
|
|-weather|Sandstorm|[upkeep]
|-damage|p1a: Highway Star|6/100|[from] Sandstorm
|-heal|p1a: Highway Star|12/100|[from] item: Leftovers
|upkeep
|turn|10
|
|t:|1729440029
|switch|p1a: Thormium|Zapdos|100/100
|switch|p2a: me woif|Swampert, M|91/100
|
|-weather|Sandstorm|[upkeep]
|-damage|p1a: Thormium|94/100|[from] Sandstorm
|-heal|p1a: Thormium|100/100|[from] item: Leftovers
|-heal|p2a: me woif|97/100|[from] item: Leftovers
|upkeep
|turn|11
|
|t:|1729440039
|switch|p2a: homelanda killed|Jirachi|63/100 par
|move|p1a: Thormium|Hidden Power|p2a: homelanda killed
|-resisted|p2a: homelanda killed
|-damage|p2a: homelanda killed|54/100 par
|
|-weather|Sandstorm|[upkeep]
|-damage|p1a: Thormium|94/100|[from] Sandstorm
|-heal|p1a: Thormium|100/100|[from] item: Leftovers
|upkeep
|turn|12
|
|t:|1729440042
|move|p1a: Thormium|Thunderbolt|p2a: homelanda killed
|-damage|p2a: homelanda killed|15/100 par
|move|p2a: homelanda killed|Body Slam|p1a: Thormium
|-damage|p1a: Thormium|66/100
|-status|p1a: Thormium|par
|
|-weather|Sandstorm|[upkeep]
|-damage|p1a: Thormium|60/100 par|[from] Sandstorm
|-heal|p1a: Thormium|66/100 par|[from] item: Leftovers
|upkeep
|turn|13
|
|t:|1729440046
|switch|p2a: ashley look at me|Tyranitar, M|76/100
|move|p1a: Thormium|Thunderbolt|p2a: ashley look at me
|-crit|p2a: ashley look at me
|-damage|p2a: ashley look at me|8/100
|
|-weather|Sandstorm|[upkeep]
|-damage|p1a: Thormium|60/100 par|[from] Sandstorm
|-heal|p2a: ashley look at me|14/100|[from] item: Leftovers
|-heal|p1a: Thormium|66/100 par|[from] item: Leftovers
|upkeep
|turn|14
|
|t:|1729440074
|switch|p2a: oi UE|Zapdos|100/100
|switch|p1a: HootMan|Jirachi|100/100
|
|-weather|Sandstorm|[upkeep]
|-damage|p2a: oi UE|94/100|[from] Sandstorm
|-heal|p2a: oi UE|100/100|[from] item: Leftovers
|upkeep
|turn|15
|
|t:|1729440081
|move|p2a: oi UE|Thunder Wave|p1a: HootMan
|-status|p1a: HootMan|par
|cant|p1a: HootMan|par
|
|-weather|Sandstorm|[upkeep]
|-damage|p2a: oi UE|94/100|[from] Sandstorm
|-heal|p2a: oi UE|100/100|[from] item: Leftovers
|upkeep
|turn|16
|
|t:|1729440085
|switch|p2a: me woif|Swampert, M|97/100
|move|p1a: HootMan|Body Slam|p2a: me woif
|-damage|p2a: me woif|78/100
|-status|p2a: me woif|par
|
|-weather|Sandstorm|[upkeep]
|-heal|p2a: me woif|84/100 par|[from] item: Leftovers
|upkeep
|turn|17
|
|t:|1729440095
|move|p1a: HootMan|Wish|p1a: HootMan
|cant|p2a: me woif|par
|
|-weather|Sandstorm|[upkeep]
|-heal|p2a: me woif|91/100 par|[from] item: Leftovers
|upkeep
|turn|18
|
|t:|1729440100
|cant|p1a: HootMan|par
|cant|p2a: me woif|par
|
|-weather|Sandstorm|[upkeep]
|-heal|p2a: me woif|97/100 par|[from] item: Leftovers
|upkeep
|turn|19
|
|t:|1729440105
|move|p1a: HootMan|Wish|p1a: HootMan
|move|p2a: me woif|Earthquake|p1a: HootMan
|-supereffective|p1a: HootMan
|-damage|p1a: HootMan|56/100 par
|
|-weather|Sandstorm|[upkeep]
|-heal|p1a: HootMan|62/100 par|[from] item: Leftovers
|-heal|p2a: me woif|100/100 par|[from] item: Leftovers
|upkeep
|turn|20
|
|t:|1729440112
|switch|p1a: Thormium|Zapdos|66/100 par
|switch|p2a: ashley look at me|Tyranitar, M|14/100
|
|-heal|p1a: Thormium|100/100 par|[from] move: Wish|[wisher] HootMan
|-weather|Sandstorm|[upkeep]
|-damage|p1a: Thormium|94/100 par|[from] Sandstorm
|-heal|p2a: ashley look at me|21/100|[from] item: Leftovers
|-heal|p1a: Thormium|100/100 par|[from] item: Leftovers
|upkeep
|turn|21
|
|t:|1729440124
|switch|p2a: oi UE|Zapdos|100/100
|cant|p1a: Thormium|par
|
|-weather|Sandstorm|[upkeep]
|-damage|p2a: oi UE|94/100|[from] Sandstorm
|-damage|p1a: Thormium|94/100 par|[from] Sandstorm
|-heal|p2a: oi UE|100/100|[from] item: Leftovers
|-heal|p1a: Thormium|100/100 par|[from] item: Leftovers
|upkeep
|turn|22
|
|t:|1729440131
|move|p2a: oi UE|Thunderbolt|p1a: Thormium
|-damage|p1a: Thormium|63/100 par
|cant|p1a: Thormium|par
|
|-weather|Sandstorm|[upkeep]
|-damage|p2a: oi UE|94/100|[from] Sandstorm
|-damage|p1a: Thormium|57/100 par|[from] Sandstorm
|-heal|p2a: oi UE|100/100|[from] item: Leftovers
|-heal|p1a: Thormium|63/100 par|[from] item: Leftovers
|upkeep
|turn|23
|
|t:|1729440142
|switch|p1a: Lagoon|Swampert, M|55/100
|move|p2a: oi UE|Drill Peck|p1a: Lagoon
|-damage|p1a: Lagoon|28/100
|
|-weather|Sandstorm|[upkeep]
|-damage|p2a: oi UE|94/100|[from] Sandstorm
|-heal|p2a: oi UE|100/100|[from] item: Leftovers
|-heal|p1a: Lagoon|34/100|[from] item: Leftovers
|upkeep
|turn|24
|
|t:|1729440167
|switch|p1a: HootMan|Jirachi|62/100 par
|move|p2a: oi UE|Drill Peck|p1a: HootMan
|-resisted|p1a: HootMan
|-damage|p1a: HootMan|52/100 par
|
|-weather|Sandstorm|[upkeep]
|-damage|p2a: oi UE|94/100|[from] Sandstorm
|-heal|p2a: oi UE|100/100|[from] item: Leftovers
|-heal|p1a: HootMan|59/100 par|[from] item: Leftovers
|upkeep
|turn|25
|
|t:|1729440175
|move|p2a: oi UE|Thunderbolt|p1a: HootMan
|-damage|p1a: HootMan|17/100 par
|cant|p1a: HootMan|par
|
|-weather|Sandstorm|[upkeep]
|-damage|p2a: oi UE|94/100|[from] Sandstorm
|-heal|p2a: oi UE|100/100|[from] item: Leftovers
|-heal|p1a: HootMan|24/100 par|[from] item: Leftovers
|upkeep
|turn|26
|
|t:|1729440178
|cant|p1a: HootMan|par
|move|p2a: oi UE|Thunderbolt|p1a: HootMan
|-damage|p1a: HootMan|0 fnt
|faint|p1a: HootMan
|
|t:|1729440181
|switch|p1a: Rexy|Tyranitar, F, shiny|100/100
|
|-weather|Sandstorm|[upkeep]
|-damage|p2a: oi UE|94/100|[from] Sandstorm
|-heal|p2a: oi UE|100/100|[from] item: Leftovers
|upkeep
|turn|27
|
|t:|1729440188
|switch|p2a: me woif|Swampert, M|100/100 par
|move|p1a: Rexy|Rock Slide|p2a: me woif
|-resisted|p2a: me woif
|-damage|p2a: me woif|81/100 par
|
|-weather|Sandstorm|[upkeep]
|-heal|p2a: me woif|87/100 par|[from] item: Leftovers
|upkeep
|turn|28
|
|t:|1729440194
|switch|p1a: Lagoon|Swampert, M|34/100
|move|p2a: me woif|Earthquake|p1a: Lagoon
|-damage|p1a: Lagoon|1/100
|
|-weather|Sandstorm|[upkeep]
|-heal|p1a: Lagoon|7/100|[from] item: Leftovers
|-heal|p2a: me woif|93/100 par|[from] item: Leftovers
|upkeep
|turn|29
|
|t:|1729440199
|move|p1a: Lagoon|Surf|p2a: me woif
|-crit|p2a: me woif
|-damage|p2a: me woif|0 fnt
|faint|p2a: me woif
|c|☆thedolla|wtf haha
|c|☆thedolla|what are these crits
|c|☆Baptosta|sry for the crit
|inactive|thedolla has 270 seconds left.
|
|t:|1729440231
|switch|p2a: deep blow a train|Salamence, F|100/100
|-ability|p2a: deep blow a train|Intimidate|boost
|-unboost|p1a: Lagoon|atk|1
|
|-weather|Sandstorm|[upkeep]
|-damage|p2a: deep blow a train|94/100|[from] Sandstorm
|-heal|p2a: deep blow a train|100/100|[from] item: Leftovers
|-heal|p1a: Lagoon|13/100|[from] item: Leftovers
|upkeep
|turn|30
|inactive|thedolla has 270 seconds left.
|
|t:|1729440242
|move|p2a: deep blow a train|Dragon Claw|p1a: Lagoon
|-damage|p1a: Lagoon|0 fnt
|faint|p1a: Lagoon
|
|t:|1729440244
|switch|p1a: Highway Star|Starmie, shiny|12/100
|
|-weather|Sandstorm|[upkeep]
|-damage|p1a: Highway Star|6/100|[from] Sandstorm
|-damage|p2a: deep blow a train|94/100|[from] Sandstorm
|-heal|p1a: Highway Star|12/100|[from] item: Leftovers
|-heal|p2a: deep blow a train|100/100|[from] item: Leftovers
|upkeep
|turn|31
|inactive|thedolla has 270 seconds left.
|
|t:|1729440275
|switch|p2a: homelanda killed|Jirachi|15/100 par
|move|p1a: Highway Star|Recover|p1a: Highway Star
|-heal|p1a: Highway Star|62/100
|
|-weather|Sandstorm|[upkeep]
|-damage|p1a: Highway Star|56/100|[from] Sandstorm
|-heal|p1a: Highway Star|62/100|[from] item: Leftovers
|upkeep
|turn|32
|
|t:|1729440279
|move|p1a: Highway Star|Surf|p2a: homelanda killed
|-damage|p2a: homelanda killed|0 fnt
|faint|p2a: homelanda killed
|
|t:|1729440281
|switch|p2a: oi UE|Zapdos|100/100
|
|-weather|Sandstorm|[upkeep]
|-damage|p1a: Highway Star|56/100|[from] Sandstorm
|-damage|p2a: oi UE|94/100|[from] Sandstorm
|-heal|p1a: Highway Star|62/100|[from] item: Leftovers
|-heal|p2a: oi UE|100/100|[from] item: Leftovers
|upkeep
|turn|33
|
|t:|1729440292
|switch|p1a: Thormium|Zapdos|63/100 par
|move|p2a: oi UE|Thunderbolt|p1a: Thormium
|-damage|p1a: Thormium|29/100 par
|
|-weather|Sandstorm|[upkeep]
|-damage|p2a: oi UE|94/100|[from] Sandstorm
|-damage|p1a: Thormium|23/100 par|[from] Sandstorm
|-heal|p2a: oi UE|100/100|[from] item: Leftovers
|-heal|p1a: Thormium|29/100 par|[from] item: Leftovers
|upkeep
|turn|34
|
|t:|1729440297
|move|p2a: oi UE|Thunderbolt|p1a: Thormium
|-damage|p1a: Thormium|0 fnt
|faint|p1a: Thormium
|
|t:|1729440299
|switch|p1a: Rexy|Tyranitar, F, shiny|100/100
|
|-weather|Sandstorm|[upkeep]
|-damage|p2a: oi UE|94/100|[from] Sandstorm
|-heal|p2a: oi UE|100/100|[from] item: Leftovers
|upkeep
|turn|35
|
|t:|1729440313
|switch|p2a: ashley look at me|Tyranitar, M|21/100
|move|p1a: Rexy|Rock Slide|p2a: ashley look at me
|-damage|p2a: ashley look at me|0 fnt
|faint|p2a: ashley look at me
|
|t:|1729440316
|switch|p2a: deep blow a train|Salamence, F|100/100
|-ability|p2a: deep blow a train|Intimidate|boost
|-unboost|p1a: Rexy|atk|1
|
|-weather|Sandstorm|[upkeep]
|-damage|p2a: deep blow a train|94/100|[from] Sandstorm
|-heal|p2a: deep blow a train|100/100|[from] item: Leftovers
|upkeep
|turn|36
|
|t:|1729440320
|switch|p1a: WellBug|Heracross, M|100/100
|move|p2a: deep blow a train|Brick Break|p1a: WellBug
|-resisted|p1a: WellBug
|-damage|p1a: WellBug|84/100
|
|-weather|Sandstorm|[upkeep]
|-damage|p2a: deep blow a train|94/100|[from] Sandstorm
|-damage|p1a: WellBug|78/100|[from] Sandstorm
|-heal|p2a: deep blow a train|100/100|[from] item: Leftovers
|-heal|p1a: WellBug|84/100|[from] item: Leftovers
|upkeep
|turn|37
|
|t:|1729440325
|move|p2a: deep blow a train|Fire Blast|p1a: WellBug
|-supereffective|p1a: WellBug
|-damage|p1a: WellBug|0 fnt
|faint|p1a: WellBug
|
|t:|1729440328
|switch|p1a: Highway Star|Starmie, shiny|62/100
|
|-weather|Sandstorm|[upkeep]
|-damage|p1a: Highway Star|56/100|[from] Sandstorm
|-damage|p2a: deep blow a train|94/100|[from] Sandstorm
|-heal|p1a: Highway Star|62/100|[from] item: Leftovers
|-heal|p2a: deep blow a train|100/100|[from] item: Leftovers
|upkeep
|turn|38
|
|t:|1729440333
|move|p1a: Highway Star|Thunder Wave|p2a: deep blow a train
|-status|p2a: deep blow a train|par
|cant|p2a: deep blow a train|par
|
|-weather|Sandstorm|[upkeep]
|-damage|p1a: Highway Star|56/100|[from] Sandstorm
|-damage|p2a: deep blow a train|94/100 par|[from] Sandstorm
|-heal|p1a: Highway Star|62/100|[from] item: Leftovers
|-heal|p2a: deep blow a train|100/100 par|[from] item: Leftovers
|upkeep
|turn|39
|
|t:|1729440335
|move|p1a: Highway Star|Recover|p1a: Highway Star
|-heal|p1a: Highway Star|100/100
|move|p2a: deep blow a train|Hidden Power|p1a: Highway Star
|-supereffective|p1a: Highway Star
|-damage|p1a: Highway Star|47/100
|
|-weather|Sandstorm|[upkeep]
|-damage|p1a: Highway Star|41/100|[from] Sandstorm
|-damage|p2a: deep blow a train|94/100 par|[from] Sandstorm
|-heal|p1a: Highway Star|47/100|[from] item: Leftovers
|-heal|p2a: deep blow a train|100/100 par|[from] item: Leftovers
|upkeep
|turn|40
|
|t:|1729440339
|move|p1a: Highway Star|Recover|p1a: Highway Star
|-heal|p1a: Highway Star|97/100
|move|p2a: deep blow a train|Hidden Power|p1a: Highway Star
|-supereffective|p1a: Highway Star
|-damage|p1a: Highway Star|48/100
|
|-weather|Sandstorm|[upkeep]
|-damage|p1a: Highway Star|42/100|[from] Sandstorm
|-damage|p2a: deep blow a train|94/100 par|[from] Sandstorm
|-heal|p1a: Highway Star|48/100|[from] item: Leftovers
|-heal|p2a: deep blow a train|100/100 par|[from] item: Leftovers
|upkeep
|turn|41
|
|t:|1729440343
|switch|p2a: oi UE|Zapdos|100/100
|move|p1a: Highway Star|Recover|p1a: Highway Star
|-heal|p1a: Highway Star|98/100
|
|-weather|Sandstorm|[upkeep]
|-damage|p1a: Highway Star|92/100|[from] Sandstorm
|-damage|p2a: oi UE|94/100|[from] Sandstorm
|-heal|p1a: Highway Star|98/100|[from] item: Leftovers
|-heal|p2a: oi UE|100/100|[from] item: Leftovers
|upkeep
|turn|42
|
|t:|1729440348
|move|p1a: Highway Star|Thunder Wave|p2a: oi UE
|-status|p2a: oi UE|par
|move|p2a: oi UE|Thunder Wave|p1a: Highway Star
|-status|p1a: Highway Star|par
|
|-weather|Sandstorm|[upkeep]
|-damage|p1a: Highway Star|92/100 par|[from] Sandstorm
|-damage|p2a: oi UE|94/100 par|[from] Sandstorm
|-heal|p1a: Highway Star|98/100 par|[from] item: Leftovers
|-heal|p2a: oi UE|100/100 par|[from] item: Leftovers
|upkeep
|turn|43
|
|t:|1729440353
|move|p1a: Highway Star|Surf|p2a: oi UE
|-damage|p2a: oi UE|64/100 par
|move|p2a: oi UE|Thunderbolt|p1a: Highway Star
|-supereffective|p1a: Highway Star
|-damage|p1a: Highway Star|0 fnt
|faint|p1a: Highway Star
|
|t:|1729440355
|switch|p1a: Rexy|Tyranitar, F, shiny|100/100
|
|-weather|Sandstorm|[upkeep]
|-damage|p2a: oi UE|58/100 par|[from] Sandstorm
|-heal|p2a: oi UE|64/100 par|[from] item: Leftovers
|upkeep
|turn|44
|
|t:|1729440359
|move|p1a: Rexy|Rock Slide|p2a: oi UE
|-supereffective|p2a: oi UE
|-damage|p2a: oi UE|0 fnt
|faint|p2a: oi UE
|
|t:|1729440361
|switch|p2a: deep blow a train|Salamence, F|100/100 par
|-ability|p2a: deep blow a train|Intimidate|boost
|-unboost|p1a: Rexy|atk|1
|
|-weather|Sandstorm|[upkeep]
|-damage|p2a: deep blow a train|94/100 par|[from] Sandstorm
|-heal|p2a: deep blow a train|100/100 par|[from] item: Leftovers
|upkeep
|turn|45
|
|t:|1729440363
|move|p1a: Rexy|Rock Slide|p2a: deep blow a train
|-supereffective|p2a: deep blow a train
|-damage|p2a: deep blow a train|29/100 par
|move|p2a: deep blow a train|Brick Break|p1a: Rexy
|-supereffective|p1a: Rexy
|-damage|p1a: Rexy|32/100
|
|-weather|Sandstorm|[upkeep]
|-damage|p2a: deep blow a train|23/100 par|[from] Sandstorm
|-heal|p1a: Rexy|38/100|[from] item: Leftovers
|-heal|p2a: deep blow a train|29/100 par|[from] item: Leftovers
|upkeep
|turn|46
|
|t:|1729440366
|move|p1a: Rexy|Rock Slide|p2a: deep blow a train
|-supereffective|p2a: deep blow a train
|-damage|p2a: deep blow a train|0 fnt
|faint|p2a: deep blow a train
|
|t:|1729440367
|switch|p2a: 500 yummers|Aerodactyl, F|100/100
|
|-weather|Sandstorm|[upkeep]
|-heal|p1a: Rexy|45/100|[from] item: Leftovers
|upkeep
|turn|47
|
|t:|1729440397
|move|p2a: 500 yummers|Earthquake|p1a: Rexy
|-supereffective|p1a: Rexy
|-damage|p1a: Rexy|0 fnt
|faint|p1a: Rexy
|
|win|thedolla
|c|☆Baptosta|gg
|c|☆thedolla|gg
|player|p1|

</script>
<script type="application/json" class="data" id="replaydata-smogtours-gen3ou-800481">
{"id":"smogtours-gen3ou-800481","format":"[Gen 3] OU","players":["Baptosta","thedolla"],"uploadtime":1729440397,"views":92,"formatid":"gen3ou","rating":null,"private":0,"password":null}
</script>

<script defer src="js/replays.js?9d40a366"></script>
