<!DOCTYPE html>
<meta charset="utf-8" />
<meta name="viewport" content="width=device-width" />

<title>[Gen 3] OU: FunkyCop1998 vs. shadowtime2000 - Replays - Pok&eacute;mon Showdown!</title>

<meta name="description" content="Watch a replay of a Pok&eacute;mon battle between FunkyCop1998 and shadowtime2000! Format: [Gen 3] OU; Date: Oct 20, 2024" />
<!--

Hey, you! Looking in the source for the replay log?

You can find them in JSON format, just add `.json` at the end of a replay URL.

https://replay.pokemonshowdown.com/gen7randomdoublesbattle-865046831.json

Or, if you only need the log itself, add `.log` instead:

https://replay.pokemonshowdown.com/gen7randomdoublesbattle-865046831.log

-->

<link rel="stylesheet" href="//pokemonshowdown.com/style/global.css?0.023195364461161105" />
<link rel="stylesheet" href="//play.pokemonshowdown.com/style/font-awesome.css?0.13261647063804238" />
<link rel="stylesheet" href="//play.pokemonshowdown.com/style/battle.css?0.8753245789963631" />
<link rel="stylesheet" href="//play.pokemonshowdown.com/style/utilichart.css?0.8627959624976733" />

<!-- Global site tag (gtag.js) - Google Analytics -->
<script async src="https://www.googletagmanager.com/gtag/js?id=UA-26211653-1"></script>
<script>
  window.dataLayer = window.dataLayer || [];
  function gtag(){dataLayer.push(arguments);}
  gtag('js', new Date());

  gtag('config', 'UA-26211653-1');
</script>
<!-- End Google Analytics -->
<!-- Venatus Ad Manager - Install in <HEAD> of page -->
	<script src="https://hb.vntsm.com/v3/live/ad-manager.min.js" type="text/javascript" data-site-id="642aba63ec9a7b11c3c9c1be" data-mode="scan" async></script>
<!-- / Venatus Ad Manager -->

<style>
	@media (max-width:820px) {
		.battle {
			margin: 0 auto;
		}
		.battle-log {
			margin: 7px auto 0;
			max-width: 640px;
			height: 300px;
			position: static;
		}
	}
	.optgroup {
		display: inline-block;
		line-height: 22px;
		font-size: 10pt;
	}
	.optgroup .button {
		height: 25px;
		padding-top: 0;
		padding-bottom: 0;
	}
	.optgroup button.button {
		padding-left: 12px;
		padding-right: 12px;
	}
	.linklist {
		list-style: none;
		margin: 0.5em 0;
		padding: 0;
	}
	.linklist li {
		padding: 2px 0;
	}
	.sidebar {
		float: left;
		width: 320px;
	}
	.bar-wrapper {
		max-width: 1100px;
		margin: 0 auto;
	}
	.bar-wrapper.has-sidebar {
		max-width: 1430px;
	}
	.mainbar {
		margin: 0;
		padding-right: 1px;
	}
	.mainbar.has-sidebar {
		margin-left: 330px;
	}
	@media (min-width: 1511px) {
		.sidebar {
			width: 400px;
		}
		.bar-wrapper.has-sidebar {
			max-width: 1510px;
		}
		.mainbar.has-sidebar {
			margin-left: 410px;
		}
	}
	.section.first-section {
		margin-top: 9px;
	}
	.blocklink small {
		white-space: normal;
	}
	.button {
		vertical-align: middle;
	}
	.replay-controls {
		padding-top: 10px;
	}
	.replay-controls h1 {
		font-size: 16pt;
		font-weight: normal;
		color: #CCC;
	}
	.pagelink {
		text-align: center;
	}
	.pagelink a {
		width: 150px;
	}
	.textbox, .button {
		font-size: 11pt;
		vertical-align: middle;
	}
	@media (max-width: 450px) {
		.button {
			font-size: 9pt;
		}
	}
</style>

<div>

	<header>
		<div class="nav-wrapper"><ul class="nav">
			<li><a class="button nav-first" href="//pokemonshowdown.com/"><img src="//pokemonshowdown.com/images/pokemonshowdownbeta.png" srcset="//pokemonshowdown.com/images/pokemonshowdownbeta.png 1x, //pokemonshowdown.com/images/pokemonshowdownbeta@2x.png 2x" alt="Pok&eacute;mon Showdown" width="146" height="44" /> Home</a></li>
			<li><a class="button" href="//pokemonshowdown.com/dex/">Pok&eacute;dex</a></li>
			<li><a class="button cur" href="/">Replays</a></li>
			<li><a class="button" href="//pokemonshowdown.com/ladder/">Ladder</a></li>
			<li><a class="button nav-last" href="//pokemonshowdown.com/forums/">Forum</a></li>
			<li><a class="button greenbutton nav-first nav-last" href="//play.pokemonshowdown.com/">Play</a></li>
		</ul></div>
	</header>

	<div class="main" id="main">

		<noscript><section class="section">You need to enable JavaScript to use this page; sorry!</section></noscript>

	</div>

</div>

<script defer nomodule src="//play.pokemonshowdown.com/js/lib/ps-polyfill.js"></script>
<script defer src="//play.pokemonshowdown.com/js/lib/preact.min.js"></script>

<script defer src="//play.pokemonshowdown.com/config/config.js?2bddbc15"></script>
<script defer src="//play.pokemonshowdown.com/js/lib/jquery-1.11.0.min.js"></script>
<script defer src="//play.pokemonshowdown.com/js/lib/html-sanitizer-minified.js"></script>
<script defer src="//play.pokemonshowdown.com/js/battle-sound.js"></script>
<script defer src="//play.pokemonshowdown.com/js/battledata.js?0.7209276989879541"></script>
<script defer src="//play.pokemonshowdown.com/data/pokedex-mini.js?0.6111056340867951"></script>
<script defer src="//play.pokemonshowdown.com/data/pokedex-mini-bw.js?0.3532142036491459"></script>
<script defer src="//play.pokemonshowdown.com/data/graphics.js?0.24223875632456182"></script>
<script defer src="//play.pokemonshowdown.com/data/pokedex.js?0.38839984266356864"></script>
<script defer src="//play.pokemonshowdown.com/data/moves.js?0.21866028504024015"></script>
<script defer src="//play.pokemonshowdown.com/data/abilities.js?0.2005157953846628"></script>
<script defer src="//play.pokemonshowdown.com/data/items.js?0.9894211263848525"></script>
<script defer src="//play.pokemonshowdown.com/data/teambuilder-tables.js?0.6008791140282215"></script>
<script defer src="//play.pokemonshowdown.com/js/battle-tooltips.js?0.7580118955022959"></script>
<script defer src="//play.pokemonshowdown.com/js/battle.js?0.6057722274234274"></script>

<script defer src="js/utils.js?e31f9a17"></script>
<script defer src="js/replays-battle.js?7008c182"></script>

<!-- don't scrape this data! just add .json or .log after the URL!
Full API docs: https://github.com/smogon/pokemon-showdown-client/blob/master/WEB-API.md -->
<script type="text/plain" class="log" id="replaylog-gen3ou-2227180375-2zb7wr6rdmlvqi3drezcvjhb5qt28k9pw">
|j|☆FunkyCop1998
|j|‽shadowtime2000
|t:|1729454649
|gametype|singles
|player|p1|FunkyCop1998|169|
|player|p2|shadowtime2000|170|
|teamsize|p1|6
|teamsize|p2|6
|gen|3
|tier|[Gen 3] OU
|rule|Sleep Clause Mod: Limit one foe put to sleep
|rule|Switch Priority Clause Mod: Faster Pokémon switch first
|rule|Species Clause: Limit one of each Pokémon
|rule|OHKO Clause: OHKO moves are banned
|rule|Evasion Items Clause: Evasion items are banned
|rule|Evasion Moves Clause: Evasion moves are banned
|rule|Endless Battle Clause: Forcing endless battles is banned
|rule|HP Percentage Mod: HP is shown in percentages
|rule|One Boost Passer Clause: Limit one Baton Passer that has a way to boost its stats
|rule|Freeze Clause Mod: Limit one foe frozen
|
|t:|1729454649
|start
|switch|p1a: Popo|Slaking, M|100/100
|switch|p2a: Tyranitar|Tyranitar, F|100/100
|-weather|Sandstorm|[from] ability: Sand Stream|[of] p2a: Tyranitar
|turn|1
|inactive|Battle timer is ON: inactive players will automatically lose when time's up. (requested by shadowtime2000)
|c|☆FunkyCop1998|gl hf
|
|t:|1729454675
|switch|p2a: Skarmory|Skarmory, F|100/100
|move|p1a: Popo|Earthquake|p2a: Skarmory
|-immune|p2a: Skarmory
|
|-weather|Sandstorm|[upkeep]
|-damage|p1a: Popo|94/100|[from] Sandstorm
|upkeep
|turn|2
|
|t:|1729454685
|switch|p1a: Blastoise|Blastoise, M|100/100
|move|p2a: Skarmory|Spikes|p1a: Blastoise
|-sidestart|p1: FunkyCop1998|Spikes
|
|-weather|Sandstorm|[upkeep]
|-damage|p1a: Blastoise|94/100|[from] Sandstorm
|-heal|p1a: Blastoise|100/100|[from] item: Leftovers
|upkeep
|turn|3
|
|t:|1729454689
|move|p1a: Blastoise|Rapid Spin|p2a: Skarmory
|-resisted|p2a: Skarmory
|-damage|p2a: Skarmory|99/100
|-sideend|p1: FunkyCop1998|Spikes|[from] move: Rapid Spin|[of] p1a: Blastoise
|move|p2a: Skarmory|Toxic|p1a: Blastoise
|-status|p1a: Blastoise|tox
|
|-weather|Sandstorm|[upkeep]
|-damage|p1a: Blastoise|94/100 tox|[from] Sandstorm
|-heal|p1a: Blastoise|100/100 tox|[from] item: Leftovers
|-damage|p1a: Blastoise|94/100 tox|[from] psn
|-heal|p2a: Skarmory|100/100|[from] item: Leftovers
|upkeep
|turn|4
|
|t:|1729454694
|move|p1a: Blastoise|Refresh|p1a: Blastoise
|-curestatus|p1a: Blastoise|tox|[msg]
|move|p2a: Skarmory|Spikes|p1a: Blastoise
|-sidestart|p1: FunkyCop1998|Spikes
|
|-weather|Sandstorm|[upkeep]
|-damage|p1a: Blastoise|88/100|[from] Sandstorm
|-heal|p1a: Blastoise|94/100|[from] item: Leftovers
|upkeep
|turn|5
|
|t:|1729454697
|move|p1a: Blastoise|Hydro Pump|p2a: Skarmory|[miss]
|-miss|p1a: Blastoise|p2a: Skarmory
|move|p2a: Skarmory|Toxic|p1a: Blastoise
|-status|p1a: Blastoise|tox
|
|-weather|Sandstorm|[upkeep]
|-damage|p1a: Blastoise|88/100 tox|[from] Sandstorm
|-heal|p1a: Blastoise|94/100 tox|[from] item: Leftovers
|-damage|p1a: Blastoise|88/100 tox|[from] psn
|upkeep
|turn|6
|
|t:|1729454704
|move|p1a: Blastoise|Refresh|p1a: Blastoise
|-curestatus|p1a: Blastoise|tox|[msg]
|move|p2a: Skarmory|Drill Peck|p1a: Blastoise
|-damage|p1a: Blastoise|67/100
|
|-weather|Sandstorm|[upkeep]
|-damage|p1a: Blastoise|61/100|[from] Sandstorm
|-heal|p1a: Blastoise|67/100|[from] item: Leftovers
|upkeep
|turn|7
|
|t:|1729454712
|move|p1a: Blastoise|Rapid Spin|p2a: Skarmory
|-resisted|p2a: Skarmory
|-damage|p2a: Skarmory|99/100
|-sideend|p1: FunkyCop1998|Spikes|[from] move: Rapid Spin|[of] p1a: Blastoise
|move|p2a: Skarmory|Drill Peck|p1a: Blastoise
|-damage|p1a: Blastoise|45/100
|
|-weather|Sandstorm|[upkeep]
|-damage|p1a: Blastoise|39/100|[from] Sandstorm
|-heal|p1a: Blastoise|45/100|[from] item: Leftovers
|-heal|p2a: Skarmory|100/100|[from] item: Leftovers
|upkeep
|turn|8
|
|t:|1729454718
|switch|p1a: Jirachi|Jirachi|100/100
|switch|p2a: Blissey|Blissey, F|100/100
|
|-weather|Sandstorm|[upkeep]
|-damage|p2a: Blissey|94/100|[from] Sandstorm
|-heal|p2a: Blissey|100/100|[from] item: Leftovers
|upkeep
|turn|9
|
|t:|1729454730
|move|p1a: Jirachi|Toxic|p2a: Blissey
|-status|p2a: Blissey|tox
|move|p2a: Blissey|Calm Mind|p2a: Blissey
|-boost|p2a: Blissey|spa|1
|-boost|p2a: Blissey|spd|1
|
|-weather|Sandstorm|[upkeep]
|-damage|p2a: Blissey|94/100 tox|[from] Sandstorm
|-heal|p2a: Blissey|100/100 tox|[from] item: Leftovers
|-damage|p2a: Blissey|94/100 tox|[from] psn
|upkeep
|turn|10
|
|t:|1729454734
|move|p1a: Jirachi|Wish|p1a: Jirachi
|move|p2a: Blissey|Thunderbolt|p1a: Jirachi
|-damage|p1a: Jirachi|66/100
|-status|p1a: Jirachi|par
|
|-weather|Sandstorm|[upkeep]
|-damage|p2a: Blissey|88/100 tox|[from] Sandstorm
|-heal|p2a: Blissey|94/100 tox|[from] item: Leftovers
|-damage|p2a: Blissey|82/100 tox|[from] psn
|-heal|p1a: Jirachi|72/100 par|[from] item: Leftovers
|upkeep
|turn|11
|
|t:|1729454745
|-curestatus|p2a: Blissey|tox|[from] ability: Natural Cure
|switch|p2a: Swampert|Swampert, F|100/100
|switch|p1a: Popo|Slaking, M|94/100
|
|-heal|p1a: Popo|100/100|[from] move: Wish|[wisher] Jirachi
|-weather|Sandstorm|[upkeep]
|-damage|p1a: Popo|94/100|[from] Sandstorm
|upkeep
|turn|12
|
|t:|1729454751
|-singleturn|p1a: Popo|move: Focus Punch
|switch|p2a: Skarmory|Skarmory, F|100/100
|move|p1a: Popo|Focus Punch|p2a: Skarmory
|-damage|p2a: Skarmory|26/100
|
|-weather|Sandstorm|[upkeep]
|-damage|p1a: Popo|88/100|[from] Sandstorm
|-heal|p2a: Skarmory|32/100|[from] item: Leftovers
|upkeep
|turn|13
|
|t:|1729454757
|switch|p1a: Jirachi|Jirachi|72/100 par
|move|p2a: Skarmory|Spikes|p1a: Jirachi
|-sidestart|p1: FunkyCop1998|Spikes
|
|-weather|Sandstorm|[upkeep]
|-heal|p2a: Skarmory|38/100|[from] item: Leftovers
|-heal|p1a: Jirachi|79/100 par|[from] item: Leftovers
|upkeep
|turn|14
|
|t:|1729454762
|switch|p2a: Blissey|Blissey, F|82/100
|cant|p1a: Jirachi|par
|
|-weather|Sandstorm|[upkeep]
|-damage|p2a: Blissey|76/100|[from] Sandstorm
|-heal|p2a: Blissey|82/100|[from] item: Leftovers
|-heal|p1a: Jirachi|85/100 par|[from] item: Leftovers
|upkeep
|turn|15
|
|t:|1729454771
|move|p2a: Blissey|Thunderbolt|p1a: Jirachi
|-damage|p1a: Jirachi|62/100 par
|move|p1a: Jirachi|Toxic|p2a: Blissey
|-status|p2a: Blissey|tox
|
|-weather|Sandstorm|[upkeep]
|-damage|p2a: Blissey|76/100 tox|[from] Sandstorm
|-heal|p2a: Blissey|82/100 tox|[from] item: Leftovers
|-damage|p2a: Blissey|76/100 tox|[from] psn
|-heal|p1a: Jirachi|68/100 par|[from] item: Leftovers
|upkeep
|turn|16
|
|t:|1729454774
|-curestatus|p2a: Blissey|tox|[from] ability: Natural Cure
|switch|p2a: Tyranitar|Tyranitar, F|100/100
|move|p1a: Jirachi|Wish|p1a: Jirachi
|
|-weather|Sandstorm|[upkeep]
|-heal|p1a: Jirachi|75/100 par|[from] item: Leftovers
|upkeep
|turn|17
|
|t:|1729454786
|switch|p1a: Popo|Slaking, M|88/100
|-damage|p1a: Popo|76/100|[from] Spikes
|move|p2a: Tyranitar|Dragon Dance|p2a: Tyranitar
|-boost|p2a: Tyranitar|atk|1
|-boost|p2a: Tyranitar|spe|1
|
|-heal|p1a: Popo|100/100|[from] move: Wish|[wisher] Jirachi
|-weather|Sandstorm|[upkeep]
|-damage|p1a: Popo|94/100|[from] Sandstorm
|upkeep
|turn|18
|
|t:|1729454801
|switch|p2a: Skarmory|Skarmory, F|38/100
|move|p1a: Popo|Earthquake|p2a: Skarmory
|-immune|p2a: Skarmory
|
|-weather|Sandstorm|[upkeep]
|-damage|p1a: Popo|88/100|[from] Sandstorm
|-heal|p2a: Skarmory|44/100|[from] item: Leftovers
|upkeep
|turn|19
|
|t:|1729454815
|switch|p1a: Blissey|Blissey, F|100/100
|-damage|p1a: Blissey|88/100|[from] Spikes
|switch|p2a: Tyranitar|Tyranitar, F|100/100
|
|-weather|Sandstorm|[upkeep]
|-damage|p1a: Blissey|82/100|[from] Sandstorm
|-heal|p1a: Blissey|88/100|[from] item: Leftovers
|upkeep
|turn|20
|
|t:|1729454822
|switch|p1a: Popo|Slaking, M|88/100
|-damage|p1a: Popo|76/100|[from] Spikes
|move|p2a: Tyranitar|Dragon Dance|p2a: Tyranitar
|-boost|p2a: Tyranitar|atk|1
|-boost|p2a: Tyranitar|spe|1
|
|-weather|Sandstorm|[upkeep]
|-damage|p1a: Popo|70/100|[from] Sandstorm
|upkeep
|turn|21
|
|t:|1729454834
|-singleturn|p1a: Popo|move: Focus Punch
|switch|p2a: Salamence|Salamence, F|100/100
|-ability|p2a: Salamence|Intimidate|boost
|-unboost|p1a: Popo|atk|1
|move|p1a: Popo|Focus Punch|p2a: Salamence
|-resisted|p2a: Salamence
|-damage|p2a: Salamence|53/100
|
|-weather|Sandstorm|[upkeep]
|-damage|p1a: Popo|64/100|[from] Sandstorm
|-damage|p2a: Salamence|47/100|[from] Sandstorm
|-heal|p2a: Salamence|53/100|[from] item: Leftovers
|upkeep
|turn|22
|
|t:|1729454853
|switch|p1a: Skarmory|Skarmory, F|100/100
|move|p2a: Salamence|Brick Break|p1a: Skarmory
|-damage|p1a: Skarmory|83/100
|
|-weather|Sandstorm|[upkeep]
|-damage|p2a: Salamence|47/100|[from] Sandstorm
|-heal|p2a: Salamence|53/100|[from] item: Leftovers
|-heal|p1a: Skarmory|89/100|[from] item: Leftovers
|upkeep
|turn|23
|
|t:|1729454862
|switch|p1a: Blissey|Blissey, F|88/100
|-damage|p1a: Blissey|76/100|[from] Spikes
|move|p2a: Salamence|Flamethrower|p1a: Blissey
|-damage|p1a: Blissey|63/100
|
|-weather|Sandstorm|[upkeep]
|-damage|p2a: Salamence|47/100|[from] Sandstorm
|-damage|p1a: Blissey|57/100|[from] Sandstorm
|-heal|p2a: Salamence|53/100|[from] item: Leftovers
|-heal|p1a: Blissey|63/100|[from] item: Leftovers
|upkeep
|turn|24
|
|t:|1729454868
|move|p2a: Salamence|Brick Break|p1a: Blissey
|-supereffective|p1a: Blissey
|-damage|p1a: Blissey|15/100
|move|p1a: Blissey|Ice Beam|p2a: Salamence
|-supereffective|p2a: Salamence
|-damage|p2a: Salamence|0 fnt
|faint|p2a: Salamence
|
|t:|1729454882
|switch|p2a: Tyranitar|Tyranitar, F|100/100
|
|-weather|Sandstorm|[upkeep]
|-damage|p1a: Blissey|9/100|[from] Sandstorm
|-heal|p1a: Blissey|15/100|[from] item: Leftovers
|upkeep
|turn|25
|
|t:|1729454896
|move|p2a: Tyranitar|Rock Slide|p1a: Blissey
|-damage|p1a: Blissey|0 fnt
|faint|p1a: Blissey
|
|t:|1729454898
|switch|p1a: Popo|Slaking, M|64/100
|-damage|p1a: Popo|51/100|[from] Spikes
|
|-weather|Sandstorm|[upkeep]
|-damage|p1a: Popo|45/100|[from] Sandstorm
|upkeep
|turn|26
|
|t:|1729454913
|switch|p2a: Skarmory|Skarmory, F|44/100
|move|p1a: Popo|Earthquake|p2a: Skarmory
|-immune|p2a: Skarmory
|
|-weather|Sandstorm|[upkeep]
|-damage|p1a: Popo|39/100|[from] Sandstorm
|-heal|p2a: Skarmory|50/100|[from] item: Leftovers
|upkeep
|turn|27
|
|t:|1729454923
|switch|p1a: Blastoise|Blastoise, M|45/100
|-damage|p1a: Blastoise|33/100|[from] Spikes
|switch|p2a: Blissey|Blissey, F|76/100
|
|-weather|Sandstorm|[upkeep]
|-damage|p1a: Blastoise|27/100|[from] Sandstorm
|-damage|p2a: Blissey|70/100|[from] Sandstorm
|-heal|p1a: Blastoise|33/100|[from] item: Leftovers
|-heal|p2a: Blissey|76/100|[from] item: Leftovers
|upkeep
|turn|28
|
|t:|1729454935
|move|p1a: Blastoise|Rapid Spin|p2a: Blissey
|-damage|p2a: Blissey|73/100
|-sideend|p1: FunkyCop1998|Spikes|[from] move: Rapid Spin|[of] p1a: Blastoise
|move|p2a: Blissey|Thunderbolt|p1a: Blastoise
|-supereffective|p1a: Blastoise
|-damage|p1a: Blastoise|0 fnt
|faint|p1a: Blastoise
|
|t:|1729454940
|switch|p1a: Popo|Slaking, M|39/100
|
|-weather|Sandstorm|[upkeep]
|-damage|p1a: Popo|33/100|[from] Sandstorm
|-damage|p2a: Blissey|67/100|[from] Sandstorm
|-heal|p2a: Blissey|73/100|[from] item: Leftovers
|upkeep
|turn|29
|
|t:|1729454954
|switch|p2a: Skarmory|Skarmory, F|50/100
|move|p1a: Popo|Double-Edge|p2a: Skarmory
|-resisted|p2a: Skarmory
|-damage|p2a: Skarmory|3/100
|-damage|p1a: Popo|21/100|[from] Recoil|[of] p2a: Skarmory
|
|-weather|Sandstorm|[upkeep]
|-damage|p1a: Popo|15/100|[from] Sandstorm
|-heal|p2a: Skarmory|9/100|[from] item: Leftovers
|upkeep
|turn|30
|
|t:|1729454960
|switch|p1a: Jirachi|Jirachi|75/100 par
|move|p2a: Skarmory|Spikes|p1a: Jirachi
|-sidestart|p1: FunkyCop1998|Spikes
|
|-weather|Sandstorm|[upkeep]
|-heal|p2a: Skarmory|15/100|[from] item: Leftovers
|-heal|p1a: Jirachi|81/100 par|[from] item: Leftovers
|upkeep
|turn|31
|
|t:|1729454966
|move|p1a: Jirachi|Wish|p1a: Jirachi
|move|p2a: Skarmory|Roar|p1a: Jirachi
|drag|p1a: Popo|Slaking, M|15/100
|-damage|p1a: Popo|3/100|[from] Spikes
|
|-weather|Sandstorm|[upkeep]
|-damage|p1a: Popo|0 fnt|[from] Sandstorm
|faint|p1a: Popo
|-heal|p2a: Skarmory|21/100|[from] item: Leftovers
|upkeep
|
|t:|1729454971
|switch|p1a: Skarmory|Skarmory, F|89/100
|turn|32
|
|t:|1729454977
|move|p1a: Skarmory|Taunt|p2a: Skarmory
|-start|p2a: Skarmory|move: Taunt
|cant|p2a: Skarmory|move: Taunt|Spikes
|
|-heal|p1a: Skarmory|100/100|[from] move: Wish|[wisher] Jirachi
|-weather|Sandstorm|[upkeep]
|-heal|p2a: Skarmory|27/100|[from] item: Leftovers
|upkeep
|turn|33
|
|t:|1729454979
|switch|p2a: Blissey|Blissey, F|73/100
|move|p1a: Skarmory|Spikes|p2a: Blissey
|-sidestart|p2: shadowtime2000|Spikes
|
|-weather|Sandstorm|[upkeep]
|-damage|p2a: Blissey|67/100|[from] Sandstorm
|-heal|p2a: Blissey|73/100|[from] item: Leftovers
|upkeep
|turn|34
|
|t:|1729454984
|move|p2a: Blissey|Thunderbolt|p1a: Skarmory
|-supereffective|p1a: Skarmory
|-damage|p1a: Skarmory|57/100
|move|p1a: Skarmory|Roar|p2a: Blissey
|drag|p2a: Tyranitar|Tyranitar, F|100/100
|-damage|p2a: Tyranitar|88/100|[from] Spikes
|
|-weather|Sandstorm|[upkeep]
|-heal|p1a: Skarmory|63/100|[from] item: Leftovers
|upkeep
|turn|35
|
|t:|1729454994
|move|p2a: Tyranitar|Dragon Dance|p2a: Tyranitar
|-boost|p2a: Tyranitar|atk|1
|-boost|p2a: Tyranitar|spe|1
|move|p1a: Skarmory|Roar|p2a: Tyranitar
|drag|p2a: Aerodactyl|Aerodactyl, F|100/100
|
|-weather|Sandstorm|[upkeep]
|-heal|p1a: Skarmory|69/100|[from] item: Leftovers
|upkeep
|turn|36
|
|t:|1729455001
|move|p2a: Aerodactyl|Rock Slide|p1a: Skarmory
|-damage|p1a: Skarmory|27/100
|move|p1a: Skarmory|Spikes|p2a: Aerodactyl
|-sidestart|p2: shadowtime2000|Spikes
|
|-weather|Sandstorm|[upkeep]
|-heal|p1a: Skarmory|33/100|[from] item: Leftovers
|upkeep
|turn|37
|
|t:|1729455007
|switch|p1a: Flygon|Flygon, M|100/100
|move|p2a: Aerodactyl|Rock Slide|p1a: Flygon
|-resisted|p1a: Flygon
|-damage|p1a: Flygon|78/100
|
|-weather|Sandstorm|[upkeep]
|-heal|p1a: Flygon|84/100|[from] item: Leftovers
|upkeep
|turn|38
|
|t:|1729455014
|switch|p2a: Swampert|Swampert, F|100/100
|-damage|p2a: Swampert|84/100|[from] Spikes
|move|p1a: Flygon|Toxic|p2a: Swampert
|-status|p2a: Swampert|tox
|
|-weather|Sandstorm|[upkeep]
|-heal|p1a: Flygon|90/100|[from] item: Leftovers
|-heal|p2a: Swampert|90/100 tox|[from] item: Leftovers
|-damage|p2a: Swampert|84/100 tox|[from] psn
|upkeep
|turn|39
|
|t:|1729455028
|switch|p1a: Skarmory|Skarmory, F|33/100
|move|p2a: Swampert|Ice Beam|p1a: Skarmory
|-crit|p1a: Skarmory
|-damage|p1a: Skarmory|0 fnt
|faint|p1a: Skarmory
|
|t:|1729455032
|switch|p1a: Jirachi|Jirachi|81/100 par
|-damage|p1a: Jirachi|68/100 par|[from] Spikes
|
|-weather|Sandstorm|[upkeep]
|-heal|p2a: Swampert|90/100 tox|[from] item: Leftovers
|-damage|p2a: Swampert|78/100 tox|[from] psn
|-heal|p1a: Jirachi|75/100 par|[from] item: Leftovers
|upkeep
|turn|40
|
|t:|1729455037
|move|p2a: Swampert|Earthquake|p1a: Jirachi
|-supereffective|p1a: Jirachi
|-damage|p1a: Jirachi|27/100 par
|move|p1a: Jirachi|Wish|p1a: Jirachi
|
|-weather|Sandstorm|[upkeep]
|-heal|p2a: Swampert|84/100 tox|[from] item: Leftovers
|-damage|p2a: Swampert|65/100 tox|[from] psn
|-heal|p1a: Jirachi|34/100 par|[from] item: Leftovers
|upkeep
|turn|41
|
|t:|1729455062
|switch|p2a: Skarmory|Skarmory, F|27/100
|move|p1a: Jirachi|Toxic|p2a: Skarmory
|-immune|p2a: Skarmory
|
|-heal|p1a: Jirachi|83/100 par|[from] move: Wish|[wisher] Jirachi
|-weather|Sandstorm|[upkeep]
|-heal|p2a: Skarmory|33/100|[from] item: Leftovers
|-heal|p1a: Jirachi|90/100 par|[from] item: Leftovers
|upkeep
|turn|42
|
|t:|1729455071
|switch|p2a: Blissey|Blissey, F|73/100
|-damage|p2a: Blissey|56/100|[from] Spikes
|move|p1a: Jirachi|Fire Punch|p2a: Blissey
|-damage|p2a: Blissey|49/100
|
|-weather|Sandstorm|[upkeep]
|-damage|p2a: Blissey|43/100|[from] Sandstorm
|-heal|p2a: Blissey|49/100|[from] item: Leftovers
|-heal|p1a: Jirachi|96/100 par|[from] item: Leftovers
|upkeep
|turn|43
|
|t:|1729455073
|move|p2a: Blissey|Soft-Boiled|p2a: Blissey
|-heal|p2a: Blissey|99/100
|cant|p1a: Jirachi|par
|
|-weather|Sandstorm|[upkeep]
|-damage|p2a: Blissey|93/100|[from] Sandstorm
|-heal|p2a: Blissey|99/100|[from] item: Leftovers
|-heal|p1a: Jirachi|100/100 par|[from] item: Leftovers
|upkeep
|turn|44
|
|t:|1729455086
|move|p2a: Blissey|Calm Mind|p2a: Blissey
|-boost|p2a: Blissey|spa|1
|-boost|p2a: Blissey|spd|1
|move|p1a: Jirachi|Toxic|p2a: Blissey
|-status|p2a: Blissey|tox
|
|-weather|Sandstorm|[upkeep]
|-damage|p2a: Blissey|93/100 tox|[from] Sandstorm
|-heal|p2a: Blissey|99/100 tox|[from] item: Leftovers
|-damage|p2a: Blissey|93/100 tox|[from] psn
|upkeep
|turn|45
|
|t:|1729455089
|move|p2a: Blissey|Thunderbolt|p1a: Jirachi
|-damage|p1a: Jirachi|67/100 par
|move|p1a: Jirachi|Wish|p1a: Jirachi
|
|-weather|Sandstorm|[upkeep]
|-damage|p2a: Blissey|86/100 tox|[from] Sandstorm
|-heal|p2a: Blissey|93/100 tox|[from] item: Leftovers
|-damage|p2a: Blissey|80/100 tox|[from] psn
|-heal|p1a: Jirachi|74/100 par|[from] item: Leftovers
|upkeep
|turn|46
|
|t:|1729455095
|switch|p1a: Flygon|Flygon, M|90/100
|move|p2a: Blissey|Thunderbolt|p1a: Flygon
|-immune|p1a: Flygon
|
|-heal|p1a: Flygon|100/100|[from] move: Wish|[wisher] Jirachi
|-weather|Sandstorm|[upkeep]
|-damage|p2a: Blissey|74/100 tox|[from] Sandstorm
|-heal|p2a: Blissey|80/100 tox|[from] item: Leftovers
|-damage|p2a: Blissey|62/100 tox|[from] psn
|upkeep
|turn|47
|
|t:|1729455101
|move|p1a: Flygon|Protect|p1a: Flygon
|-singleturn|p1a: Flygon|Protect
|move|p2a: Blissey|Soft-Boiled|p2a: Blissey
|-heal|p2a: Blissey|100/100 tox
|
|-weather|Sandstorm|[upkeep]
|-damage|p2a: Blissey|94/100 tox|[from] Sandstorm
|-heal|p2a: Blissey|100/100 tox|[from] item: Leftovers
|-damage|p2a: Blissey|76/100 tox|[from] psn
|upkeep
|turn|48
|
|t:|1729455109
|switch|p1a: Jirachi|Jirachi|74/100 par
|-damage|p1a: Jirachi|61/100 par|[from] Spikes
|move|p2a: Blissey|Thunderbolt|p1a: Jirachi
|-damage|p1a: Jirachi|29/100 par
|
|-weather|Sandstorm|[upkeep]
|-damage|p2a: Blissey|70/100 tox|[from] Sandstorm
|-heal|p2a: Blissey|76/100 tox|[from] item: Leftovers
|-damage|p2a: Blissey|45/100 tox|[from] psn
|-heal|p1a: Jirachi|35/100 par|[from] item: Leftovers
|upkeep
|turn|49
|
|t:|1729455113
|move|p2a: Blissey|Thunderbolt|p1a: Jirachi
|-damage|p1a: Jirachi|3/100 par
|cant|p1a: Jirachi|par
|
|-weather|Sandstorm|[upkeep]
|-damage|p2a: Blissey|39/100 tox|[from] Sandstorm
|-heal|p2a: Blissey|45/100 tox|[from] item: Leftovers
|-damage|p2a: Blissey|8/100 tox|[from] psn
|-heal|p1a: Jirachi|9/100 par|[from] item: Leftovers
|upkeep
|turn|50
|
|t:|1729455117
|move|p2a: Blissey|Ice Beam|p1a: Jirachi
|-resisted|p1a: Jirachi
|-damage|p1a: Jirachi|0 fnt
|faint|p1a: Jirachi
|
|t:|1729455120
|switch|p1a: Flygon|Flygon, M|100/100
|
|-weather|Sandstorm|[upkeep]
|-damage|p2a: Blissey|2/100 tox|[from] Sandstorm
|-heal|p2a: Blissey|8/100 tox|[from] item: Leftovers
|-damage|p2a: Blissey|0 fnt|[from] psn
|faint|p2a: Blissey
|upkeep
|
|t:|1729455121
|switch|p2a: Skarmory|Skarmory, F|33/100
|turn|51
|
|t:|1729455125
|move|p1a: Flygon|Fire Blast|p2a: Skarmory|[miss]
|-miss|p1a: Flygon|p2a: Skarmory
|move|p2a: Skarmory|Toxic|p1a: Flygon
|-status|p1a: Flygon|tox
|
|-weather|Sandstorm|[upkeep]
|-damage|p1a: Flygon|94/100 tox|[from] psn
|-heal|p2a: Skarmory|39/100|[from] item: Leftovers
|upkeep
|turn|52
|
|t:|1729455146
|switch|p2a: Aerodactyl|Aerodactyl, F|100/100
|move|p1a: Flygon|Fire Blast|p2a: Aerodactyl|[miss]
|-miss|p1a: Flygon|p2a: Aerodactyl
|
|-weather|Sandstorm|[upkeep]
|-heal|p1a: Flygon|100/100 tox|[from] item: Leftovers
|-damage|p1a: Flygon|88/100 tox|[from] psn
|upkeep
|turn|53
|
|t:|1729455152
|move|p2a: Aerodactyl|Double-Edge|p1a: Flygon
|-damage|p1a: Flygon|45/100 tox
|move|p1a: Flygon|Toxic|p2a: Aerodactyl
|-status|p2a: Aerodactyl|tox
|
|-weather|Sandstorm|[upkeep]
|-damage|p2a: Aerodactyl|95/100 tox|[from] psn
|-heal|p1a: Flygon|51/100 tox|[from] item: Leftovers
|-damage|p1a: Flygon|33/100 tox|[from] psn
|upkeep
|turn|54
|
|t:|1729455156
|move|p1a: Flygon|Protect|p1a: Flygon
|-singleturn|p1a: Flygon|Protect
|move|p2a: Aerodactyl|Double-Edge|p1a: Flygon
|-activate|p1a: Flygon|Protect
|
|-weather|Sandstorm|[upkeep]
|-damage|p2a: Aerodactyl|83/100 tox|[from] psn
|-heal|p1a: Flygon|39/100 tox|[from] item: Leftovers
|-damage|p1a: Flygon|15/100 tox|[from] psn
|upkeep
|turn|55
|c|‽shadowtime2000|/log shadowtime2000 hid the replay of this battle.
|
|t:|1729455158
|move|p2a: Aerodactyl|Double-Edge|p1a: Flygon
|-damage|p1a: Flygon|0 fnt
|faint|p1a: Flygon
|
|win|shadowtime2000

</script>
<script type="application/json" class="data" id="replaydata-gen3ou-2227180375-2zb7wr6rdmlvqi3drezcvjhb5qt28k9pw">
{"id":"gen3ou-2227180375","format":"[Gen 3] OU","players":["FunkyCop1998","shadowtime2000"],"uploadtime":1729455160,"views":67,"formatid":"gen3ou","rating":null,"private":1,"password":"2zb7wr6rdmlvqi3drezcvjhb5qt28k9"}
</script>

<script defer src="js/replays.js?9d40a366"></script>
