<!DOCTYPE html>
<meta charset="utf-8" />
<meta name="viewport" content="width=device-width" />

<title>[Gen 3] OU: Nardgo vs. CharBoy3000 - Replays - Pok&eacute;mon Showdown!</title>

<meta name="description" content="Watch a replay of a Pok&eacute;mon battle between Nardgo and CharBoy3000! Format: [Gen 3] OU; Date: Oct 4, 2024" />
<!--

Hey, you! Looking in the source for the replay log?

You can find them in JSON format, just add `.json` at the end of a replay URL.

https://replay.pokemonshowdown.com/gen7randomdoublesbattle-865046831.json

Or, if you only need the log itself, add `.log` instead:

https://replay.pokemonshowdown.com/gen7randomdoublesbattle-865046831.log

-->

<link rel="stylesheet" href="//pokemonshowdown.com/style/global.css?0.767286132409787" />
<link rel="stylesheet" href="//play.pokemonshowdown.com/style/font-awesome.css?0.9266228007934947" />
<link rel="stylesheet" href="//play.pokemonshowdown.com/style/battle.css?0.7924700842790926" />
<link rel="stylesheet" href="//play.pokemonshowdown.com/style/utilichart.css?0.8777417872839479" />

<!-- Global site tag (gtag.js) - Google Analytics -->
<script async src="https://www.googletagmanager.com/gtag/js?id=UA-26211653-1"></script>
<script>
  window.dataLayer = window.dataLayer || [];
  function gtag(){dataLayer.push(arguments);}
  gtag('js', new Date());

  gtag('config', 'UA-26211653-1');
</script>
<!-- End Google Analytics -->
<!-- Venatus Ad Manager - Install in <HEAD> of page -->
	<script src="https://hb.vntsm.com/v3/live/ad-manager.min.js" type="text/javascript" data-site-id="642aba63ec9a7b11c3c9c1be" data-mode="scan" async></script>
<!-- / Venatus Ad Manager -->

<style>
	@media (max-width:820px) {
		.battle {
			margin: 0 auto;
		}
		.battle-log {
			margin: 7px auto 0;
			max-width: 640px;
			height: 300px;
			position: static;
		}
	}
	.optgroup {
		display: inline-block;
		line-height: 22px;
		font-size: 10pt;
	}
	.optgroup .button {
		height: 25px;
		padding-top: 0;
		padding-bottom: 0;
	}
	.optgroup button.button {
		padding-left: 12px;
		padding-right: 12px;
	}
	.linklist {
		list-style: none;
		margin: 0.5em 0;
		padding: 0;
	}
	.linklist li {
		padding: 2px 0;
	}
	.sidebar {
		float: left;
		width: 320px;
	}
	.bar-wrapper {
		max-width: 1100px;
		margin: 0 auto;
	}
	.bar-wrapper.has-sidebar {
		max-width: 1430px;
	}
	.mainbar {
		margin: 0;
		padding-right: 1px;
	}
	.mainbar.has-sidebar {
		margin-left: 330px;
	}
	@media (min-width: 1511px) {
		.sidebar {
			width: 400px;
		}
		.bar-wrapper.has-sidebar {
			max-width: 1510px;
		}
		.mainbar.has-sidebar {
			margin-left: 410px;
		}
	}
	.section.first-section {
		margin-top: 9px;
	}
	.blocklink small {
		white-space: normal;
	}
	.button {
		vertical-align: middle;
	}
	.replay-controls {
		padding-top: 10px;
	}
	.replay-controls h1 {
		font-size: 16pt;
		font-weight: normal;
		color: #CCC;
	}
	.pagelink {
		text-align: center;
	}
	.pagelink a {
		width: 150px;
	}
	.textbox, .button {
		font-size: 11pt;
		vertical-align: middle;
	}
	@media (max-width: 450px) {
		.button {
			font-size: 9pt;
		}
	}
</style>

<div>

	<header>
		<div class="nav-wrapper"><ul class="nav">
			<li><a class="button nav-first" href="//pokemonshowdown.com/"><img src="//pokemonshowdown.com/images/pokemonshowdownbeta.png" srcset="//pokemonshowdown.com/images/pokemonshowdownbeta.png 1x, //pokemonshowdown.com/images/pokemonshowdownbeta@2x.png 2x" alt="Pok&eacute;mon Showdown" width="146" height="44" /> Home</a></li>
			<li><a class="button" href="//pokemonshowdown.com/dex/">Pok&eacute;dex</a></li>
			<li><a class="button cur" href="/">Replays</a></li>
			<li><a class="button" href="//pokemonshowdown.com/ladder/">Ladder</a></li>
			<li><a class="button nav-last" href="//pokemonshowdown.com/forums/">Forum</a></li>
			<li><a class="button greenbutton nav-first nav-last" href="//play.pokemonshowdown.com/">Play</a></li>
		</ul></div>
	</header>

	<div class="main" id="main">

		<noscript><section class="section">You need to enable JavaScript to use this page; sorry!</section></noscript>

	</div>

</div>

<script defer nomodule src="//play.pokemonshowdown.com/js/lib/ps-polyfill.js"></script>
<script defer src="//play.pokemonshowdown.com/js/lib/preact.min.js"></script>

<script defer src="//play.pokemonshowdown.com/config/config.js?6dec07f6"></script>
<script defer src="//play.pokemonshowdown.com/js/lib/jquery-1.11.0.min.js"></script>
<script defer src="//play.pokemonshowdown.com/js/lib/html-sanitizer-minified.js"></script>
<script defer src="//play.pokemonshowdown.com/js/battle-sound.js"></script>
<script defer src="//play.pokemonshowdown.com/js/battledata.js?0.6315294753075389"></script>
<script defer src="//play.pokemonshowdown.com/data/pokedex-mini.js?0.7603743185311358"></script>
<script defer src="//play.pokemonshowdown.com/data/pokedex-mini-bw.js?0.030888842834281283"></script>
<script defer src="//play.pokemonshowdown.com/data/graphics.js?0.05593094747507488"></script>
<script defer src="//play.pokemonshowdown.com/data/pokedex.js?0.47064822249611904"></script>
<script defer src="//play.pokemonshowdown.com/data/moves.js?0.8583693120512459"></script>
<script defer src="//play.pokemonshowdown.com/data/abilities.js?0.16017181182386842"></script>
<script defer src="//play.pokemonshowdown.com/data/items.js?0.4163379185673943"></script>
<script defer src="//play.pokemonshowdown.com/data/teambuilder-tables.js?0.31075597372830477"></script>
<script defer src="//play.pokemonshowdown.com/js/battle-tooltips.js?0.6536193500708172"></script>
<script defer src="//play.pokemonshowdown.com/js/battle.js?0.1916591943277901"></script>

<script defer src="js/utils.js?e31f9a17"></script>
<script defer src="js/replays-battle.js?7008c182"></script>

<!-- don't scrape this data! just add .json or .log after the URL!
Full API docs: https://github.com/smogon/pokemon-showdown-client/blob/master/WEB-API.md -->
<script type="text/plain" class="log" id="replaylog-smogtours-gen3ou-794477">
|inactive|Battle timer is ON: inactive players will automatically lose when time's up.
|t:|1728007504
|gametype|singles
|player|p1|Nardgo|170|
|player|p2|CharBoy3000|blaine|
|teamsize|p1|6
|teamsize|p2|6
|gen|3
|tier|[Gen 3] OU
|rule|Sleep Clause Mod: Limit one foe put to sleep
|rule|Switch Priority Clause Mod: Faster Pokémon switch first
|rule|Species Clause: Limit one of each Pokémon
|rule|OHKO Clause: OHKO moves are banned
|rule|Evasion Items Clause: Evasion items are banned
|rule|Evasion Moves Clause: Evasion moves are banned
|rule|Endless Battle Clause: Forcing endless battles is banned
|rule|HP Percentage Mod: HP is shown in percentages
|rule|One Boost Passer Clause: Limit one Baton Passer that has a way to boost its stats
|rule|Freeze Clause Mod: Limit one foe frozen
|
|t:|1728007504
|start
|switch|p1a: Forretress|Forretress, M|100/100
|switch|p2a: Tyranitar|Tyranitar, F|100/100
|-weather|Sandstorm|[from] ability: Sand Stream|[of] p2a: Tyranitar
|turn|1
|c|☆Nardgo|Oh f the music is loud
|
|t:|1728007516
|switch|p2a: Moltres|Moltres|100/100
|switch|p1a: Swampert|Swampert, M|100/100
|
|-weather|Sandstorm|[upkeep]
|-damage|p2a: Moltres|94/100|[from] Sandstorm
|-heal|p2a: Moltres|100/100|[from] item: Leftovers
|upkeep
|turn|2
|
|t:|1728007533
|switch|p2a: Skarmory|Skarmory, F|100/100
|switch|p1a: Umbreon|Umbreon, M|100/100
|
|-weather|Sandstorm|[upkeep]
|-damage|p1a: Umbreon|94/100|[from] Sandstorm
|-heal|p1a: Umbreon|100/100|[from] item: Leftovers
|upkeep
|turn|3
|
|t:|1728007538
|switch|p1a: Forretress|Forretress, M|100/100
|move|p2a: Skarmory|Toxic|p1a: Forretress
|-immune|p1a: Forretress
|
|-weather|Sandstorm|[upkeep]
|upkeep
|turn|4
|
|t:|1728007545
|switch|p2a: Moltres|Moltres|100/100
|move|p1a: Forretress|Spikes|p2a: Moltres
|-sidestart|p2: CharBoy3000|Spikes
|
|-weather|Sandstorm|[upkeep]
|-damage|p2a: Moltres|94/100|[from] Sandstorm
|-heal|p2a: Moltres|100/100|[from] item: Leftovers
|upkeep
|turn|5
|
|t:|1728007549
|switch|p1a: Umbreon|Umbreon, M|100/100
|move|p2a: Moltres|Hidden Power|p1a: Umbreon
|-damage|p1a: Umbreon|87/100
|
|-weather|Sandstorm|[upkeep]
|-damage|p2a: Moltres|94/100|[from] Sandstorm
|-damage|p1a: Umbreon|81/100|[from] Sandstorm
|-heal|p2a: Moltres|100/100|[from] item: Leftovers
|-heal|p1a: Umbreon|87/100|[from] item: Leftovers
|upkeep
|turn|6
|
|t:|1728007559
|-activate|p2a: Moltres|move: Pursuit
|move|p1a: Umbreon|Pursuit|p2a: Moltres|[from]Pursuit
|-damage|p2a: Moltres|78/100
|switch|p2a: Skarmory|Skarmory, F|100/100
|
|-weather|Sandstorm|[upkeep]
|-damage|p1a: Umbreon|81/100|[from] Sandstorm
|-heal|p1a: Umbreon|87/100|[from] item: Leftovers
|upkeep
|turn|7
|
|t:|1728007566
|switch|p1a: Forretress|Forretress, M|100/100
|move|p2a: Skarmory|Spikes|p1a: Forretress
|-sidestart|p1: Nardgo|Spikes
|
|-weather|Sandstorm|[upkeep]
|upkeep
|turn|8
|
|t:|1728007570
|switch|p2a: Moltres|Moltres|78/100
|move|p1a: Forretress|Rapid Spin|p2a: Moltres
|-damage|p2a: Moltres|73/100
|-sideend|p1: Nardgo|Spikes|[from] move: Rapid Spin|[of] p1a: Forretress
|
|-weather|Sandstorm|[upkeep]
|-damage|p2a: Moltres|67/100|[from] Sandstorm
|-heal|p2a: Moltres|73/100|[from] item: Leftovers
|upkeep
|turn|9
|
|t:|1728007577
|switch|p1a: Umbreon|Umbreon, M|87/100
|move|p2a: Moltres|Flamethrower|p1a: Umbreon
|-damage|p1a: Umbreon|57/100
|
|-weather|Sandstorm|[upkeep]
|-damage|p2a: Moltres|67/100|[from] Sandstorm
|-damage|p1a: Umbreon|50/100|[from] Sandstorm
|-heal|p2a: Moltres|73/100|[from] item: Leftovers
|-heal|p1a: Umbreon|57/100|[from] item: Leftovers
|upkeep
|turn|10
|
|t:|1728007583
|move|p2a: Moltres|Flamethrower|p1a: Umbreon
|-damage|p1a: Umbreon|28/100
|move|p1a: Umbreon|Wish|p1a: Umbreon
|
|-weather|Sandstorm|[upkeep]
|-damage|p2a: Moltres|67/100|[from] Sandstorm
|-damage|p1a: Umbreon|22/100|[from] Sandstorm
|-heal|p2a: Moltres|73/100|[from] item: Leftovers
|-heal|p1a: Umbreon|28/100|[from] item: Leftovers
|upkeep
|turn|11
|
|t:|1728007592
|switch|p2a: Skarmory|Skarmory, F|100/100
|move|p1a: Umbreon|Protect||[still]
|-fail|p1a: Umbreon
|
|-heal|p1a: Umbreon|78/100|[from] move: Wish|[wisher] Umbreon
|-weather|Sandstorm|[upkeep]
|-damage|p1a: Umbreon|72/100|[from] Sandstorm
|-heal|p1a: Umbreon|78/100|[from] item: Leftovers
|upkeep
|turn|12
|
|t:|1728007601
|switch|p1a: Forretress|Forretress, M|100/100
|move|p2a: Skarmory|Spikes|p1a: Forretress
|-sidestart|p1: Nardgo|Spikes
|
|-weather|Sandstorm|[upkeep]
|upkeep
|turn|13
|
|t:|1728007605
|switch|p2a: Moltres|Moltres|73/100
|move|p1a: Forretress|Rapid Spin|p2a: Moltres
|-damage|p2a: Moltres|68/100
|-sideend|p1: Nardgo|Spikes|[from] move: Rapid Spin|[of] p1a: Forretress
|
|-weather|Sandstorm|[upkeep]
|-damage|p2a: Moltres|62/100|[from] Sandstorm
|-heal|p2a: Moltres|68/100|[from] item: Leftovers
|upkeep
|turn|14
|
|t:|1728007611
|switch|p1a: Umbreon|Umbreon, M|78/100
|move|p2a: Moltres|Flamethrower|p1a: Umbreon
|-damage|p1a: Umbreon|48/100
|
|-weather|Sandstorm|[upkeep]
|-damage|p2a: Moltres|62/100|[from] Sandstorm
|-damage|p1a: Umbreon|42/100|[from] Sandstorm
|-heal|p2a: Moltres|68/100|[from] item: Leftovers
|-heal|p1a: Umbreon|48/100|[from] item: Leftovers
|upkeep
|turn|15
|
|t:|1728007616
|move|p2a: Moltres|Overheat|p1a: Umbreon
|-damage|p1a: Umbreon|7/100
|-unboost|p2a: Moltres|spa|2
|move|p1a: Umbreon|Wish|p1a: Umbreon
|
|-weather|Sandstorm|[upkeep]
|-damage|p2a: Moltres|62/100|[from] Sandstorm
|-damage|p1a: Umbreon|1/100|[from] Sandstorm
|-heal|p2a: Moltres|68/100|[from] item: Leftovers
|-heal|p1a: Umbreon|7/100|[from] item: Leftovers
|upkeep
|turn|16
|
|t:|1728007627
|switch|p2a: Skarmory|Skarmory, F|100/100
|move|p1a: Umbreon|Protect||[still]
|-fail|p1a: Umbreon
|
|-heal|p1a: Umbreon|57/100|[from] move: Wish|[wisher] Umbreon
|-weather|Sandstorm|[upkeep]
|-damage|p1a: Umbreon|51/100|[from] Sandstorm
|-heal|p1a: Umbreon|57/100|[from] item: Leftovers
|upkeep
|turn|17
|
|t:|1728007633
|switch|p1a: Forretress|Forretress, M|100/100
|move|p2a: Skarmory|Spikes|p1a: Forretress
|-sidestart|p1: Nardgo|Spikes
|
|-weather|Sandstorm|[upkeep]
|upkeep
|turn|18
|
|t:|1728007636
|switch|p2a: Moltres|Moltres|68/100
|move|p1a: Forretress|Rapid Spin|p2a: Moltres
|-damage|p2a: Moltres|63/100
|-sideend|p1: Nardgo|Spikes|[from] move: Rapid Spin|[of] p1a: Forretress
|
|-weather|Sandstorm|[upkeep]
|-damage|p2a: Moltres|57/100|[from] Sandstorm
|-heal|p2a: Moltres|63/100|[from] item: Leftovers
|upkeep
|turn|19
|
|t:|1728007640
|switch|p1a: Miltank|Miltank, F|100/100
|move|p2a: Moltres|Flamethrower|p1a: Miltank
|-damage|p1a: Miltank|70/100
|-status|p1a: Miltank|brn
|
|-weather|Sandstorm|[upkeep]
|-damage|p2a: Moltres|57/100|[from] Sandstorm
|-damage|p1a: Miltank|63/100 brn|[from] Sandstorm
|-heal|p2a: Moltres|63/100|[from] item: Leftovers
|-heal|p1a: Miltank|70/100 brn|[from] item: Leftovers
|-damage|p1a: Miltank|57/100 brn|[from] brn
|upkeep
|turn|20
|
|t:|1728007650
|switch|p2a: Skarmory|Skarmory, F|100/100
|move|p1a: Miltank|Heal Bell|p1a: Miltank
|-activate|p1a: Miltank|move: Heal Bell
|-curestatus|p1a: Miltank|brn|[silent]
|
|-weather|Sandstorm|[upkeep]
|-damage|p1a: Miltank|51/100|[from] Sandstorm
|-heal|p1a: Miltank|57/100|[from] item: Leftovers
|upkeep
|turn|21
|
|t:|1728007659
|switch|p1a: Forretress|Forretress, M|100/100
|move|p2a: Skarmory|Spikes|p1a: Forretress
|-sidestart|p1: Nardgo|Spikes
|
|-weather|Sandstorm|[upkeep]
|upkeep
|turn|22
|
|t:|1728007665
|switch|p2a: Moltres|Moltres|63/100
|move|p1a: Forretress|Rapid Spin|p2a: Moltres
|-damage|p2a: Moltres|58/100
|-sideend|p1: Nardgo|Spikes|[from] move: Rapid Spin|[of] p1a: Forretress
|
|-weather|Sandstorm|[upkeep]
|-damage|p2a: Moltres|52/100|[from] Sandstorm
|-heal|p2a: Moltres|58/100|[from] item: Leftovers
|upkeep
|turn|23
|
|t:|1728007670
|switch|p1a: Swampert|Swampert, M|100/100
|move|p2a: Moltres|Flamethrower|p1a: Swampert
|-resisted|p1a: Swampert
|-damage|p1a: Swampert|78/100
|
|-weather|Sandstorm|[upkeep]
|-damage|p2a: Moltres|52/100|[from] Sandstorm
|-heal|p2a: Moltres|58/100|[from] item: Leftovers
|-heal|p1a: Swampert|84/100|[from] item: Leftovers
|upkeep
|turn|24
|
|t:|1728007677
|switch|p1a: Umbreon|Umbreon, M|57/100
|move|p2a: Moltres|Hidden Power|p1a: Umbreon
|-damage|p1a: Umbreon|41/100
|
|-weather|Sandstorm|[upkeep]
|-damage|p2a: Moltres|52/100|[from] Sandstorm
|-damage|p1a: Umbreon|35/100|[from] Sandstorm
|-heal|p2a: Moltres|58/100|[from] item: Leftovers
|-heal|p1a: Umbreon|41/100|[from] item: Leftovers
|upkeep
|turn|25
|
|t:|1728007682
|move|p2a: Moltres|Overheat|p1a: Umbreon
|-damage|p1a: Umbreon|0 fnt
|-unboost|p2a: Moltres|spa|2
|faint|p1a: Umbreon
|
|t:|1728007686
|switch|p1a: Swampert|Swampert, M|84/100
|
|-weather|Sandstorm|[upkeep]
|-damage|p2a: Moltres|52/100|[from] Sandstorm
|-heal|p2a: Moltres|58/100|[from] item: Leftovers
|-heal|p1a: Swampert|90/100|[from] item: Leftovers
|upkeep
|turn|26
|
|t:|1728007690
|switch|p2a: Skarmory|Skarmory, F|100/100
|move|p1a: Swampert|Surf|p2a: Skarmory
|-damage|p2a: Skarmory|72/100
|
|-weather|Sandstorm|[upkeep]
|-heal|p2a: Skarmory|78/100|[from] item: Leftovers
|-heal|p1a: Swampert|97/100|[from] item: Leftovers
|upkeep
|turn|27
|
|t:|1728007696
|switch|p1a: Forretress|Forretress, M|100/100
|move|p2a: Skarmory|Spikes|p1a: Forretress
|-sidestart|p1: Nardgo|Spikes
|
|-weather|Sandstorm|[upkeep]
|-heal|p2a: Skarmory|84/100|[from] item: Leftovers
|upkeep
|turn|28
|
|t:|1728007699
|switch|p2a: Moltres|Moltres|58/100
|move|p1a: Forretress|Rapid Spin|p2a: Moltres
|-damage|p2a: Moltres|53/100
|-sideend|p1: Nardgo|Spikes|[from] move: Rapid Spin|[of] p1a: Forretress
|
|-weather|Sandstorm|[upkeep]
|-damage|p2a: Moltres|47/100|[from] Sandstorm
|-heal|p2a: Moltres|53/100|[from] item: Leftovers
|upkeep
|turn|29
|
|t:|1728007706
|switch|p1a: Dusclops|Dusclops, M|100/100
|move|p2a: Moltres|Flamethrower|p1a: Dusclops
|-damage|p1a: Dusclops|64/100
|
|-weather|Sandstorm|[upkeep]
|-damage|p2a: Moltres|47/100|[from] Sandstorm
|-damage|p1a: Dusclops|58/100|[from] Sandstorm
|-heal|p2a: Moltres|53/100|[from] item: Leftovers
|-heal|p1a: Dusclops|64/100|[from] item: Leftovers
|upkeep
|turn|30
|
|t:|1728007711
|move|p2a: Moltres|Flamethrower|p1a: Dusclops
|-damage|p1a: Dusclops|23/100
|move|p1a: Dusclops|Pain Split|p2a: Moltres
|-sethp|p2a: Moltres|37/100|[from] move: Pain Split|[silent]
|-sethp|p1a: Dusclops|42/100|[from] move: Pain Split
|
|-weather|Sandstorm|[upkeep]
|-damage|p2a: Moltres|31/100|[from] Sandstorm
|-damage|p1a: Dusclops|36/100|[from] Sandstorm
|-heal|p2a: Moltres|37/100|[from] item: Leftovers
|-heal|p1a: Dusclops|42/100|[from] item: Leftovers
|upkeep
|turn|31
|
|t:|1728007716
|switch|p1a: Miltank|Miltank, F|57/100
|move|p2a: Moltres|Overheat|p1a: Miltank
|-damage|p1a: Miltank|11/100
|-unboost|p2a: Moltres|spa|2
|
|-weather|Sandstorm|[upkeep]
|-damage|p2a: Moltres|31/100|[from] Sandstorm
|-damage|p1a: Miltank|5/100|[from] Sandstorm
|-heal|p2a: Moltres|37/100|[from] item: Leftovers
|-heal|p1a: Miltank|11/100|[from] item: Leftovers
|upkeep
|turn|32
|
|t:|1728007727
|move|p2a: Moltres|Flamethrower|p1a: Miltank
|-damage|p1a: Miltank|0 fnt
|faint|p1a: Miltank
|
|t:|1728007728
|switch|p1a: Dusclops|Dusclops, M|42/100
|
|-weather|Sandstorm|[upkeep]
|-damage|p2a: Moltres|31/100|[from] Sandstorm
|-damage|p1a: Dusclops|36/100|[from] Sandstorm
|-heal|p2a: Moltres|37/100|[from] item: Leftovers
|-heal|p1a: Dusclops|42/100|[from] item: Leftovers
|upkeep
|turn|33
|
|t:|1728007741
|switch|p2a: Skarmory|Skarmory, F|84/100
|move|p1a: Dusclops|Will-O-Wisp|p2a: Skarmory
|-status|p2a: Skarmory|brn
|
|-weather|Sandstorm|[upkeep]
|-damage|p1a: Dusclops|36/100|[from] Sandstorm
|-heal|p2a: Skarmory|90/100 brn|[from] item: Leftovers
|-damage|p2a: Skarmory|77/100 brn|[from] brn
|-heal|p1a: Dusclops|42/100|[from] item: Leftovers
|upkeep
|turn|34
|
|t:|1728007745
|switch|p1a: Forretress|Forretress, M|100/100
|move|p2a: Skarmory|Spikes|p1a: Forretress
|-sidestart|p1: Nardgo|Spikes
|
|-weather|Sandstorm|[upkeep]
|-heal|p2a: Skarmory|83/100 brn|[from] item: Leftovers
|-damage|p2a: Skarmory|71/100 brn|[from] brn
|upkeep
|turn|35
|
|t:|1728007757
|switch|p2a: Moltres|Moltres|37/100
|move|p1a: Forretress|Rapid Spin|p2a: Moltres
|-damage|p2a: Moltres|32/100
|-sideend|p1: Nardgo|Spikes|[from] move: Rapid Spin|[of] p1a: Forretress
|
|-weather|Sandstorm|[upkeep]
|-damage|p2a: Moltres|25/100|[from] Sandstorm
|-heal|p2a: Moltres|32/100|[from] item: Leftovers
|upkeep
|turn|36
|
|t:|1728007761
|switch|p1a: Dugtrio|Dugtrio, M|100/100
|move|p2a: Moltres|Flamethrower|p1a: Dugtrio
|-damage|p1a: Dugtrio|0 fnt
|faint|p1a: Dugtrio
|
|t:|1728007763
|switch|p1a: Swampert|Swampert, M|97/100
|
|-weather|Sandstorm|[upkeep]
|-damage|p2a: Moltres|25/100|[from] Sandstorm
|-heal|p2a: Moltres|32/100|[from] item: Leftovers
|-heal|p1a: Swampert|100/100|[from] item: Leftovers
|upkeep
|turn|37
|
|t:|1728007771
|switch|p2a: Skarmory|Skarmory, F|71/100 brn
|move|p1a: Swampert|Surf|p2a: Skarmory
|-damage|p2a: Skarmory|47/100 brn
|
|-weather|Sandstorm|[upkeep]
|-heal|p2a: Skarmory|53/100 brn|[from] item: Leftovers
|-damage|p2a: Skarmory|41/100 brn|[from] brn
|upkeep
|turn|38
|
|t:|1728007777
|move|p2a: Skarmory|Toxic|p1a: Swampert
|-status|p1a: Swampert|tox
|move|p1a: Swampert|Surf|p2a: Skarmory
|-damage|p2a: Skarmory|14/100 brn
|
|-weather|Sandstorm|[upkeep]
|-heal|p2a: Skarmory|20/100 brn|[from] item: Leftovers
|-damage|p2a: Skarmory|8/100 brn|[from] brn
|-damage|p1a: Swampert|94/100 tox|[from] psn
|upkeep
|turn|39
|
|t:|1728007784
|switch|p1a: Forretress|Forretress, M|100/100
|move|p2a: Skarmory|Spikes|p1a: Forretress
|-sidestart|p1: Nardgo|Spikes
|
|-weather|Sandstorm|[upkeep]
|-heal|p2a: Skarmory|14/100 brn|[from] item: Leftovers
|-damage|p2a: Skarmory|1/100 brn|[from] brn
|upkeep
|turn|40
|
|t:|1728007787
|move|p2a: Skarmory|Protect|p2a: Skarmory
|-singleturn|p2a: Skarmory|Protect
|move|p1a: Forretress|Rapid Spin|p2a: Skarmory
|-activate|p2a: Skarmory|Protect
|
|-weather|Sandstorm|[upkeep]
|-heal|p2a: Skarmory|7/100 brn|[from] item: Leftovers
|-damage|p2a: Skarmory|0 fnt|[from] brn
|faint|p2a: Skarmory
|upkeep
|
|t:|1728007792
|switch|p2a: Moltres|Moltres|32/100
|turn|41
|
|t:|1728007804
|switch|p1a: Dusclops|Dusclops, M|42/100
|-damage|p1a: Dusclops|29/100|[from] Spikes
|move|p2a: Moltres|Flamethrower|p1a: Dusclops
|-damage|p1a: Dusclops|0 fnt
|faint|p1a: Dusclops
|
|t:|1728007805
|switch|p1a: Swampert|Swampert, M|94/100 tox
|-damage|p1a: Swampert|82/100 tox|[from] Spikes
|
|-weather|Sandstorm|[upkeep]
|-damage|p2a: Moltres|25/100|[from] Sandstorm
|-heal|p2a: Moltres|32/100|[from] item: Leftovers
|-heal|p1a: Swampert|88/100 tox|[from] item: Leftovers
|-damage|p1a: Swampert|82/100 tox|[from] psn
|upkeep
|turn|42
|
|t:|1728007808
|move|p2a: Moltres|Hidden Power|p1a: Swampert
|-supereffective|p1a: Swampert
|-damage|p1a: Swampert|0 fnt
|faint|p1a: Swampert
|
|t:|1728007809
|switch|p1a: Forretress|Forretress, M|100/100
|-damage|p1a: Forretress|88/100|[from] Spikes
|
|-weather|Sandstorm|[upkeep]
|-damage|p2a: Moltres|25/100|[from] Sandstorm
|-heal|p2a: Moltres|32/100|[from] item: Leftovers
|-heal|p1a: Forretress|94/100|[from] item: Leftovers
|upkeep
|turn|43
|c|☆Nardgo|GG
|
|t:|1728007813
|move|p2a: Moltres|Overheat|p1a: Forretress
|-supereffective|p1a: Forretress
|-crit|p1a: Forretress
|-damage|p1a: Forretress|0 fnt
|-unboost|p2a: Moltres|spa|2
|faint|p1a: Forretress
|
|win|CharBoy3000
|player|p1|

</script>
<script type="application/json" class="data" id="replaydata-smogtours-gen3ou-794477">
{"id":"smogtours-gen3ou-794477","format":"[Gen 3] OU","players":["Nardgo","CharBoy3000"],"uploadtime":1728007813,"views":151,"formatid":"gen3ou","rating":null,"private":0,"password":null}
</script>

<script defer src="js/replays.js?9d40a366"></script>
