<!DOCTYPE html>
<meta charset="utf-8" />
<meta name="viewport" content="width=device-width" />

<title>[Gen 3] OU: jimothy non-subs vs. 1HPWonder - Replays - Pok&eacute;mon Showdown!</title>

<meta name="description" content="Watch a replay of a Pok&eacute;mon battle between jimothy non-subs and 1HPWonder! Format: [Gen 3] OU; Date: Oct 12, 2024" />
<!--

Hey, you! Looking in the source for the replay log?

You can find them in JSON format, just add `.json` at the end of a replay URL.

https://replay.pokemonshowdown.com/gen7randomdoublesbattle-865046831.json

Or, if you only need the log itself, add `.log` instead:

https://replay.pokemonshowdown.com/gen7randomdoublesbattle-865046831.log

-->

<link rel="stylesheet" href="//pokemonshowdown.com/style/global.css?0.023195364461161105" />
<link rel="stylesheet" href="//play.pokemonshowdown.com/style/font-awesome.css?0.13261647063804238" />
<link rel="stylesheet" href="//play.pokemonshowdown.com/style/battle.css?0.8753245789963631" />
<link rel="stylesheet" href="//play.pokemonshowdown.com/style/utilichart.css?0.8627959624976733" />

<!-- Global site tag (gtag.js) - Google Analytics -->
<script async src="https://www.googletagmanager.com/gtag/js?id=UA-26211653-1"></script>
<script>
  window.dataLayer = window.dataLayer || [];
  function gtag(){dataLayer.push(arguments);}
  gtag('js', new Date());

  gtag('config', 'UA-26211653-1');
</script>
<!-- End Google Analytics -->
<!-- Venatus Ad Manager - Install in <HEAD> of page -->
	<script src="https://hb.vntsm.com/v3/live/ad-manager.min.js" type="text/javascript" data-site-id="642aba63ec9a7b11c3c9c1be" data-mode="scan" async></script>
<!-- / Venatus Ad Manager -->

<style>
	@media (max-width:820px) {
		.battle {
			margin: 0 auto;
		}
		.battle-log {
			margin: 7px auto 0;
			max-width: 640px;
			height: 300px;
			position: static;
		}
	}
	.optgroup {
		display: inline-block;
		line-height: 22px;
		font-size: 10pt;
	}
	.optgroup .button {
		height: 25px;
		padding-top: 0;
		padding-bottom: 0;
	}
	.optgroup button.button {
		padding-left: 12px;
		padding-right: 12px;
	}
	.linklist {
		list-style: none;
		margin: 0.5em 0;
		padding: 0;
	}
	.linklist li {
		padding: 2px 0;
	}
	.sidebar {
		float: left;
		width: 320px;
	}
	.bar-wrapper {
		max-width: 1100px;
		margin: 0 auto;
	}
	.bar-wrapper.has-sidebar {
		max-width: 1430px;
	}
	.mainbar {
		margin: 0;
		padding-right: 1px;
	}
	.mainbar.has-sidebar {
		margin-left: 330px;
	}
	@media (min-width: 1511px) {
		.sidebar {
			width: 400px;
		}
		.bar-wrapper.has-sidebar {
			max-width: 1510px;
		}
		.mainbar.has-sidebar {
			margin-left: 410px;
		}
	}
	.section.first-section {
		margin-top: 9px;
	}
	.blocklink small {
		white-space: normal;
	}
	.button {
		vertical-align: middle;
	}
	.replay-controls {
		padding-top: 10px;
	}
	.replay-controls h1 {
		font-size: 16pt;
		font-weight: normal;
		color: #CCC;
	}
	.pagelink {
		text-align: center;
	}
	.pagelink a {
		width: 150px;
	}
	.textbox, .button {
		font-size: 11pt;
		vertical-align: middle;
	}
	@media (max-width: 450px) {
		.button {
			font-size: 9pt;
		}
	}
</style>

<div>

	<header>
		<div class="nav-wrapper"><ul class="nav">
			<li><a class="button nav-first" href="//pokemonshowdown.com/"><img src="//pokemonshowdown.com/images/pokemonshowdownbeta.png" srcset="//pokemonshowdown.com/images/pokemonshowdownbeta.png 1x, //pokemonshowdown.com/images/pokemonshowdownbeta@2x.png 2x" alt="Pok&eacute;mon Showdown" width="146" height="44" /> Home</a></li>
			<li><a class="button" href="//pokemonshowdown.com/dex/">Pok&eacute;dex</a></li>
			<li><a class="button cur" href="/">Replays</a></li>
			<li><a class="button" href="//pokemonshowdown.com/ladder/">Ladder</a></li>
			<li><a class="button nav-last" href="//pokemonshowdown.com/forums/">Forum</a></li>
			<li><a class="button greenbutton nav-first nav-last" href="//play.pokemonshowdown.com/">Play</a></li>
		</ul></div>
	</header>

	<div class="main" id="main">

		<noscript><section class="section">You need to enable JavaScript to use this page; sorry!</section></noscript>

	</div>

</div>

<script defer nomodule src="//play.pokemonshowdown.com/js/lib/ps-polyfill.js"></script>
<script defer src="//play.pokemonshowdown.com/js/lib/preact.min.js"></script>

<script defer src="//play.pokemonshowdown.com/config/config.js?2bddbc15"></script>
<script defer src="//play.pokemonshowdown.com/js/lib/jquery-1.11.0.min.js"></script>
<script defer src="//play.pokemonshowdown.com/js/lib/html-sanitizer-minified.js"></script>
<script defer src="//play.pokemonshowdown.com/js/battle-sound.js"></script>
<script defer src="//play.pokemonshowdown.com/js/battledata.js?0.7209276989879541"></script>
<script defer src="//play.pokemonshowdown.com/data/pokedex-mini.js?0.6111056340867951"></script>
<script defer src="//play.pokemonshowdown.com/data/pokedex-mini-bw.js?0.3532142036491459"></script>
<script defer src="//play.pokemonshowdown.com/data/graphics.js?0.24223875632456182"></script>
<script defer src="//play.pokemonshowdown.com/data/pokedex.js?0.38839984266356864"></script>
<script defer src="//play.pokemonshowdown.com/data/moves.js?0.21866028504024015"></script>
<script defer src="//play.pokemonshowdown.com/data/abilities.js?0.2005157953846628"></script>
<script defer src="//play.pokemonshowdown.com/data/items.js?0.9894211263848525"></script>
<script defer src="//play.pokemonshowdown.com/data/teambuilder-tables.js?0.6008791140282215"></script>
<script defer src="//play.pokemonshowdown.com/js/battle-tooltips.js?0.7580118955022959"></script>
<script defer src="//play.pokemonshowdown.com/js/battle.js?0.6057722274234274"></script>

<script defer src="js/utils.js?e31f9a17"></script>
<script defer src="js/replays-battle.js?7008c182"></script>

<!-- don't scrape this data! just add .json or .log after the URL!
Full API docs: https://github.com/smogon/pokemon-showdown-client/blob/master/WEB-API.md -->
<script type="text/plain" class="log" id="replaylog-smogtours-gen3ou-797642">
|inactive|Battle timer is ON: inactive players will automatically lose when time's up.
|t:|1728756625
|gametype|singles
|player|p1|jimothy non-subs|2|
|player|p2|1HPWonder|169|
|teamsize|p1|6
|teamsize|p2|6
|gen|3
|tier|[Gen 3] OU
|rule|Sleep Clause Mod: Limit one foe put to sleep
|rule|Switch Priority Clause Mod: Faster Pokémon switch first
|rule|Species Clause: Limit one of each Pokémon
|rule|OHKO Clause: OHKO moves are banned
|rule|Evasion Items Clause: Evasion items are banned
|rule|Evasion Moves Clause: Evasion moves are banned
|rule|Endless Battle Clause: Forcing endless battles is banned
|rule|HP Percentage Mod: HP is shown in percentages
|rule|One Boost Passer Clause: Limit one Baton Passer that has a way to boost its stats
|rule|Freeze Clause Mod: Limit one foe frozen
|
|t:|1728756625
|start
|switch|p1a: Zapdos|Zapdos|100/100
|switch|p2a: Zapdos|Zapdos|100/100
|turn|1
|
|t:|1728756641
|move|p1a: Zapdos|Thunder Wave|p2a: Zapdos
|-status|p2a: Zapdos|par
|move|p2a: Zapdos|Thunderbolt|p1a: Zapdos
|-damage|p1a: Zapdos|47/100
|
|-heal|p1a: Zapdos|53/100|[from] item: Leftovers
|upkeep
|turn|2
|
|t:|1728756657
|switch|p1a: Tyranitar|Tyranitar, M|100/100
|-weather|Sandstorm|[from] ability: Sand Stream|[of] p1a: Tyranitar
|switch|p2a: Dugtrio|Dugtrio, M|100/100
|
|-weather|Sandstorm|[upkeep]
|upkeep
|turn|3
|inactive|jimothy non-subs has 270 seconds left.
|
|t:|1728756717
|move|p2a: Dugtrio|Earthquake|p1a: Tyranitar
|-supereffective|p1a: Tyranitar
|-damage|p1a: Tyranitar|1/100
|move|p1a: Tyranitar|Earthquake|p2a: Dugtrio
|-damage|p2a: Dugtrio|10/100
|
|-weather|Sandstorm|[upkeep]
|upkeep
|turn|4
|
|t:|1728756731
|move|p2a: Dugtrio|Earthquake|p1a: Tyranitar
|-supereffective|p1a: Tyranitar
|-crit|p1a: Tyranitar
|-damage|p1a: Tyranitar|0 fnt
|faint|p1a: Tyranitar
|
|t:|1728756738
|switch|p1a: Zapdos|Zapdos|53/100
|
|-weather|Sandstorm|[upkeep]
|-damage|p1a: Zapdos|47/100|[from] Sandstorm
|-heal|p1a: Zapdos|53/100|[from] item: Leftovers
|upkeep
|turn|5
|
|t:|1728756750
|switch|p2a: Celebi|Celebi|100/100
|move|p1a: Zapdos|Baton Pass|p1a: Zapdos
|
|t:|1728756753
|switch|p1a: Smeargle|Smeargle, F|100/100|[from] Baton Pass
|
|-weather|Sandstorm|[upkeep]
|-damage|p1a: Smeargle|95/100|[from] Sandstorm
|-damage|p2a: Celebi|94/100|[from] Sandstorm
|-heal|p2a: Celebi|100/100|[from] item: Leftovers
|upkeep
|turn|6
|
|t:|1728756766
|move|p1a: Smeargle|Spore|p2a: Celebi
|-status|p2a: Celebi|slp|[from] move: Spore
|cant|p2a: Celebi|slp
|
|-weather|Sandstorm|[upkeep]
|-damage|p1a: Smeargle|89/100|[from] Sandstorm
|-damage|p2a: Celebi|94/100 slp|[from] Sandstorm
|-heal|p2a: Celebi|100/100 slp|[from] item: Leftovers
|upkeep
|turn|7
|
|t:|1728756780
|-curestatus|p2a: Celebi|slp|[from] ability: Natural Cure
|switch|p2a: Dugtrio|Dugtrio, M|10/100
|move|p1a: Smeargle|Spore|p2a: Dugtrio
|-status|p2a: Dugtrio|slp|[from] move: Spore
|
|-weather|Sandstorm|[upkeep]
|-damage|p1a: Smeargle|83/100|[from] Sandstorm
|upkeep
|turn|8
|
|t:|1728756786
|cant|p2a: Dugtrio|slp
|move|p1a: Smeargle|Spikes|p2a: Dugtrio
|-sidestart|p2: 1HPWonder|Spikes
|
|-weather|Sandstorm|[upkeep]
|-damage|p1a: Smeargle|77/100|[from] Sandstorm
|upkeep
|turn|9
|
|t:|1728756796
|cant|p2a: Dugtrio|slp
|move|p1a: Smeargle|Spikes|p2a: Dugtrio
|-sidestart|p2: 1HPWonder|Spikes
|
|-weather|Sandstorm|[upkeep]
|-damage|p1a: Smeargle|71/100|[from] Sandstorm
|upkeep
|turn|10
|
|t:|1728756799
|cant|p2a: Dugtrio|slp
|move|p1a: Smeargle|Spikes|p2a: Dugtrio
|-sidestart|p2: 1HPWonder|Spikes
|
|-weather|Sandstorm|[upkeep]
|-damage|p1a: Smeargle|65/100|[from] Sandstorm
|upkeep
|turn|11
|
|t:|1728756801
|-curestatus|p2a: Dugtrio|slp|[msg]
|move|p2a: Dugtrio|Earthquake|p1a: Smeargle
|-damage|p1a: Smeargle|0 fnt
|faint|p1a: Smeargle
|
|t:|1728756804
|switch|p1a: Zapdos|Zapdos|53/100
|
|-weather|Sandstorm|[upkeep]
|-damage|p1a: Zapdos|47/100|[from] Sandstorm
|-heal|p1a: Zapdos|53/100|[from] item: Leftovers
|upkeep
|turn|12
|
|t:|1728756810
|move|p2a: Dugtrio|Earthquake|p1a: Zapdos
|-immune|p1a: Zapdos
|move|p1a: Zapdos|Thunderbolt|p2a: Dugtrio
|-immune|p2a: Dugtrio
|
|-weather|Sandstorm|[upkeep]
|-damage|p1a: Zapdos|47/100|[from] Sandstorm
|-heal|p1a: Zapdos|53/100|[from] item: Leftovers
|upkeep
|turn|13
|
|t:|1728756813
|move|p2a: Dugtrio|Earthquake|p1a: Zapdos
|-immune|p1a: Zapdos
|move|p1a: Zapdos|Thunderbolt|p2a: Dugtrio
|-immune|p2a: Dugtrio
|
|-weather|Sandstorm|[upkeep]
|-damage|p1a: Zapdos|47/100|[from] Sandstorm
|-heal|p1a: Zapdos|53/100|[from] item: Leftovers
|upkeep
|turn|14
|
|t:|1728756814
|move|p2a: Dugtrio|Earthquake|p1a: Zapdos
|-immune|p1a: Zapdos
|move|p1a: Zapdos|Hidden Power|p2a: Dugtrio
|-supereffective|p2a: Dugtrio
|-crit|p2a: Dugtrio
|-damage|p2a: Dugtrio|0 fnt
|faint|p2a: Dugtrio
|
|t:|1728756832
|switch|p2a: Gengar|Gengar, M|100/100
|
|-weather|Sandstorm|[upkeep]
|-damage|p2a: Gengar|94/100|[from] Sandstorm
|-damage|p1a: Zapdos|47/100|[from] Sandstorm
|-heal|p2a: Gengar|100/100|[from] item: Leftovers
|-heal|p1a: Zapdos|53/100|[from] item: Leftovers
|upkeep
|turn|15
|
|t:|1728756839
|move|p2a: Gengar|Ice Punch|p1a: Zapdos
|-supereffective|p1a: Zapdos
|-damage|p1a: Zapdos|5/100
|move|p1a: Zapdos|Thunder Wave|p2a: Gengar
|-status|p2a: Gengar|par
|
|-weather|Sandstorm|[upkeep]
|-damage|p1a: Zapdos|0 fnt|[from] Sandstorm
|-damage|p2a: Gengar|94/100 par|[from] Sandstorm
|faint|p1a: Zapdos
|-heal|p2a: Gengar|100/100 par|[from] item: Leftovers
|upkeep
|
|t:|1728756842
|switch|p1a: Metagross|Metagross|100/100
|turn|16
|
|t:|1728756845
|move|p1a: Metagross|Meteor Mash|p2a: Gengar
|-damage|p2a: Gengar|0 fnt
|-boost|p1a: Metagross|atk|1
|faint|p2a: Gengar
|
|t:|1728756857
|switch|p2a: Jirachi|Jirachi|100/100
|-damage|p2a: Jirachi|76/100|[from] Spikes
|
|-weather|Sandstorm|[upkeep]
|-heal|p2a: Jirachi|82/100|[from] item: Leftovers
|upkeep
|turn|17
|
|t:|1728756861
|move|p2a: Jirachi|Fire Punch|p1a: Metagross
|-supereffective|p1a: Metagross
|-damage|p1a: Metagross|49/100
|move|p1a: Metagross|Meteor Mash|p2a: Jirachi|[miss]
|-miss|p1a: Metagross|p2a: Jirachi
|
|-weather|Sandstorm|[upkeep]
|-heal|p2a: Jirachi|88/100|[from] item: Leftovers
|upkeep
|turn|18
|
|t:|1728756867
|switch|p1a: Swampert|Swampert, F|100/100
|move|p2a: Jirachi|Fire Punch|p1a: Swampert
|-resisted|p1a: Swampert
|-damage|p1a: Swampert|89/100
|
|-weather|Sandstorm|[upkeep]
|-heal|p2a: Jirachi|94/100|[from] item: Leftovers
|upkeep
|turn|19
|
|t:|1728756873
|switch|p2a: Zapdos|Zapdos|100/100 par
|move|p1a: Swampert|Substitute|p1a: Swampert
|-start|p1a: Swampert|Substitute
|-damage|p1a: Swampert|64/100
|
|-weather|Sandstorm|[upkeep]
|-damage|p2a: Zapdos|94/100 par|[from] Sandstorm
|-heal|p2a: Zapdos|100/100 par|[from] item: Leftovers
|upkeep
|turn|20
|
|t:|1728756877
|move|p1a: Swampert|Ice Beam|p2a: Zapdos
|-supereffective|p2a: Zapdos
|-damage|p2a: Zapdos|51/100 par
|move|p2a: Zapdos|Hidden Power|p1a: Swampert
|-supereffective|p1a: Swampert
|-crit|p1a: Swampert
|-end|p1a: Swampert|Substitute
|
|-weather|Sandstorm|[upkeep]
|-damage|p2a: Zapdos|45/100 par|[from] Sandstorm
|-heal|p2a: Zapdos|51/100 par|[from] item: Leftovers
|upkeep
|turn|21
|
|t:|1728756882
|move|p1a: Swampert|Substitute|p1a: Swampert
|-start|p1a: Swampert|Substitute
|-damage|p1a: Swampert|39/100
|move|p2a: Zapdos|Hidden Power|p1a: Swampert
|-supereffective|p1a: Swampert
|-end|p1a: Swampert|Substitute
|
|-weather|Sandstorm|[upkeep]
|-damage|p2a: Zapdos|45/100 par|[from] Sandstorm
|-heal|p2a: Zapdos|51/100 par|[from] item: Leftovers
|upkeep
|turn|22
|
|t:|1728756885
|move|p1a: Swampert|Substitute|p1a: Swampert
|-start|p1a: Swampert|Substitute
|-damage|p1a: Swampert|14/100
|move|p2a: Zapdos|Hidden Power|p1a: Swampert
|-supereffective|p1a: Swampert
|-end|p1a: Swampert|Substitute
|
|-weather|Sandstorm|[upkeep]
|-damage|p2a: Zapdos|45/100 par|[from] Sandstorm
|-enditem|p1a: Swampert|Salac Berry|[eat]
|-boost|p1a: Swampert|spe|1|[from] item: Salac Berry
|-heal|p2a: Zapdos|51/100 par|[from] item: Leftovers
|upkeep
|turn|23
|
|t:|1728756887
|move|p1a: Swampert|Ice Beam|p2a: Zapdos
|-supereffective|p2a: Zapdos
|-damage|p2a: Zapdos|9/100 par
|move|p2a: Zapdos|Hidden Power|p1a: Swampert
|-supereffective|p1a: Swampert
|-damage|p1a: Swampert|0 fnt
|faint|p1a: Swampert
|
|t:|1728756895
|switch|p1a: Aerodactyl|Aerodactyl, F|100/100
|
|-weather|Sandstorm|[upkeep]
|-damage|p2a: Zapdos|3/100 par|[from] Sandstorm
|-heal|p2a: Zapdos|9/100 par|[from] item: Leftovers
|upkeep
|turn|24
|
|t:|1728756900
|move|p1a: Aerodactyl|Double-Edge|p2a: Zapdos
|-damage|p2a: Zapdos|0 fnt
|faint|p2a: Zapdos
|
|t:|1728756904
|switch|p2a: Jirachi|Jirachi|94/100
|-damage|p2a: Jirachi|69/100|[from] Spikes
|
|-weather|Sandstorm|[upkeep]
|-heal|p2a: Jirachi|75/100|[from] item: Leftovers
|upkeep
|turn|25
|
|t:|1728756908
|switch|p1a: Metagross|Metagross|49/100
|move|p2a: Jirachi|Calm Mind|p2a: Jirachi
|-boost|p2a: Jirachi|spa|1
|-boost|p2a: Jirachi|spd|1
|
|-weather|Sandstorm|[upkeep]
|-heal|p2a: Jirachi|81/100|[from] item: Leftovers
|upkeep
|turn|26
|
|t:|1728756911
|move|p2a: Jirachi|Fire Punch|p1a: Metagross
|-supereffective|p1a: Metagross
|-damage|p1a: Metagross|0 fnt
|faint|p1a: Metagross
|
|t:|1728756913
|switch|p1a: Aerodactyl|Aerodactyl, F|100/100
|
|-weather|Sandstorm|[upkeep]
|-heal|p2a: Jirachi|87/100|[from] item: Leftovers
|upkeep
|turn|27
|
|t:|1728756918
|move|p1a: Aerodactyl|Earthquake|p2a: Jirachi
|-supereffective|p2a: Jirachi
|-damage|p2a: Jirachi|9/100
|move|p2a: Jirachi|Psychic|p1a: Aerodactyl
|-damage|p1a: Aerodactyl|20/100
|
|-weather|Sandstorm|[upkeep]
|-heal|p2a: Jirachi|15/100|[from] item: Leftovers
|upkeep
|turn|28
|
|t:|1728756923
|move|p1a: Aerodactyl|Earthquake|p2a: Jirachi
|-supereffective|p2a: Jirachi
|-damage|p2a: Jirachi|0 fnt
|faint|p2a: Jirachi
|
|t:|1728756925
|switch|p2a: Celebi|Celebi|100/100
|-damage|p2a: Celebi|75/100|[from] Spikes
|
|-weather|Sandstorm|[upkeep]
|-damage|p2a: Celebi|69/100|[from] Sandstorm
|-heal|p2a: Celebi|75/100|[from] item: Leftovers
|upkeep
|turn|29
|
|t:|1728756927
|move|p1a: Aerodactyl|Earthquake|p2a: Celebi
|-resisted|p2a: Celebi
|-damage|p2a: Celebi|60/100
|move|p2a: Celebi|Giga Drain|p1a: Aerodactyl
|-damage|p1a: Aerodactyl|0 fnt
|-heal|p2a: Celebi|68/100|[from] drain|[of] p1a: Aerodactyl
|faint|p1a: Aerodactyl
|
|win|1HPWonder
|c|☆jimothy non-subs|gg
|player|p1|
|player|p1|jimothy non-subs|2|

</script>
<script type="application/json" class="data" id="replaydata-smogtours-gen3ou-797642">
{"id":"smogtours-gen3ou-797642","format":"[Gen 3] OU","players":["jimothy non-subs","1HPWonder"],"uploadtime":1728756927,"views":90,"formatid":"gen3ou","rating":null,"private":0,"password":null}
</script>

<script defer src="js/replays.js?9d40a366"></script>
