<!DOCTYPE html>
<meta charset="utf-8" />
<meta name="viewport" content="width=device-width" />

<title>[Gen 3] OU: otael vs. B.B.H00D - Replays - Pok&eacute;mon Showdown!</title>

<meta name="description" content="Watch a replay of a Pok&eacute;mon battle between otael and B.B.H00D! Format: [Gen 3] OU; Date: Oct 22, 2024" />
<!--

Hey, you! Looking in the source for the replay log?

You can find them in JSON format, just add `.json` at the end of a replay URL.

https://replay.pokemonshowdown.com/gen7randomdoublesbattle-865046831.json

Or, if you only need the log itself, add `.log` instead:

https://replay.pokemonshowdown.com/gen7randomdoublesbattle-865046831.log

-->

<link rel="stylesheet" href="//pokemonshowdown.com/style/global.css?0.023195364461161105" />
<link rel="stylesheet" href="//play.pokemonshowdown.com/style/font-awesome.css?0.13261647063804238" />
<link rel="stylesheet" href="//play.pokemonshowdown.com/style/battle.css?0.8753245789963631" />
<link rel="stylesheet" href="//play.pokemonshowdown.com/style/utilichart.css?0.8627959624976733" />

<!-- Global site tag (gtag.js) - Google Analytics -->
<script async src="https://www.googletagmanager.com/gtag/js?id=UA-26211653-1"></script>
<script>
  window.dataLayer = window.dataLayer || [];
  function gtag(){dataLayer.push(arguments);}
  gtag('js', new Date());

  gtag('config', 'UA-26211653-1');
</script>
<!-- End Google Analytics -->
<!-- Venatus Ad Manager - Install in <HEAD> of page -->
	<script src="https://hb.vntsm.com/v3/live/ad-manager.min.js" type="text/javascript" data-site-id="642aba63ec9a7b11c3c9c1be" data-mode="scan" async></script>
<!-- / Venatus Ad Manager -->

<style>
	@media (max-width:820px) {
		.battle {
			margin: 0 auto;
		}
		.battle-log {
			margin: 7px auto 0;
			max-width: 640px;
			height: 300px;
			position: static;
		}
	}
	.optgroup {
		display: inline-block;
		line-height: 22px;
		font-size: 10pt;
	}
	.optgroup .button {
		height: 25px;
		padding-top: 0;
		padding-bottom: 0;
	}
	.optgroup button.button {
		padding-left: 12px;
		padding-right: 12px;
	}
	.linklist {
		list-style: none;
		margin: 0.5em 0;
		padding: 0;
	}
	.linklist li {
		padding: 2px 0;
	}
	.sidebar {
		float: left;
		width: 320px;
	}
	.bar-wrapper {
		max-width: 1100px;
		margin: 0 auto;
	}
	.bar-wrapper.has-sidebar {
		max-width: 1430px;
	}
	.mainbar {
		margin: 0;
		padding-right: 1px;
	}
	.mainbar.has-sidebar {
		margin-left: 330px;
	}
	@media (min-width: 1511px) {
		.sidebar {
			width: 400px;
		}
		.bar-wrapper.has-sidebar {
			max-width: 1510px;
		}
		.mainbar.has-sidebar {
			margin-left: 410px;
		}
	}
	.section.first-section {
		margin-top: 9px;
	}
	.blocklink small {
		white-space: normal;
	}
	.button {
		vertical-align: middle;
	}
	.replay-controls {
		padding-top: 10px;
	}
	.replay-controls h1 {
		font-size: 16pt;
		font-weight: normal;
		color: #CCC;
	}
	.pagelink {
		text-align: center;
	}
	.pagelink a {
		width: 150px;
	}
	.textbox, .button {
		font-size: 11pt;
		vertical-align: middle;
	}
	@media (max-width: 450px) {
		.button {
			font-size: 9pt;
		}
	}
</style>

<div>

	<header>
		<div class="nav-wrapper"><ul class="nav">
			<li><a class="button nav-first" href="//pokemonshowdown.com/"><img src="//pokemonshowdown.com/images/pokemonshowdownbeta.png" srcset="//pokemonshowdown.com/images/pokemonshowdownbeta.png 1x, //pokemonshowdown.com/images/pokemonshowdownbeta@2x.png 2x" alt="Pok&eacute;mon Showdown" width="146" height="44" /> Home</a></li>
			<li><a class="button" href="//pokemonshowdown.com/dex/">Pok&eacute;dex</a></li>
			<li><a class="button cur" href="/">Replays</a></li>
			<li><a class="button" href="//pokemonshowdown.com/ladder/">Ladder</a></li>
			<li><a class="button nav-last" href="//pokemonshowdown.com/forums/">Forum</a></li>
			<li><a class="button greenbutton nav-first nav-last" href="//play.pokemonshowdown.com/">Play</a></li>
		</ul></div>
	</header>

	<div class="main" id="main">

		<noscript><section class="section">You need to enable JavaScript to use this page; sorry!</section></noscript>

	</div>

</div>

<script defer nomodule src="//play.pokemonshowdown.com/js/lib/ps-polyfill.js"></script>
<script defer src="//play.pokemonshowdown.com/js/lib/preact.min.js"></script>

<script defer src="//play.pokemonshowdown.com/config/config.js?2bddbc15"></script>
<script defer src="//play.pokemonshowdown.com/js/lib/jquery-1.11.0.min.js"></script>
<script defer src="//play.pokemonshowdown.com/js/lib/html-sanitizer-minified.js"></script>
<script defer src="//play.pokemonshowdown.com/js/battle-sound.js"></script>
<script defer src="//play.pokemonshowdown.com/js/battledata.js?0.7209276989879541"></script>
<script defer src="//play.pokemonshowdown.com/data/pokedex-mini.js?0.6111056340867951"></script>
<script defer src="//play.pokemonshowdown.com/data/pokedex-mini-bw.js?0.3532142036491459"></script>
<script defer src="//play.pokemonshowdown.com/data/graphics.js?0.24223875632456182"></script>
<script defer src="//play.pokemonshowdown.com/data/pokedex.js?0.38839984266356864"></script>
<script defer src="//play.pokemonshowdown.com/data/moves.js?0.21866028504024015"></script>
<script defer src="//play.pokemonshowdown.com/data/abilities.js?0.2005157953846628"></script>
<script defer src="//play.pokemonshowdown.com/data/items.js?0.9894211263848525"></script>
<script defer src="//play.pokemonshowdown.com/data/teambuilder-tables.js?0.6008791140282215"></script>
<script defer src="//play.pokemonshowdown.com/js/battle-tooltips.js?0.7580118955022959"></script>
<script defer src="//play.pokemonshowdown.com/js/battle.js?0.6057722274234274"></script>

<script defer src="js/utils.js?e31f9a17"></script>
<script defer src="js/replays-battle.js?7008c182"></script>

<!-- don't scrape this data! just add .json or .log after the URL!
Full API docs: https://github.com/smogon/pokemon-showdown-client/blob/master/WEB-API.md -->
<script type="text/plain" class="log" id="replaylog-smogtours-gen3ou-801283">
|inactive|Battle timer is ON: inactive players will automatically lose when time's up.
|t:|1729634950
|gametype|singles
|player|p1|otael|miku-ground|
|player|p2|B.B.H00D|anabel|
|teamsize|p1|6
|teamsize|p2|6
|gen|3
|tier|[Gen 3] OU
|rule|Sleep Clause Mod: Limit one foe put to sleep
|rule|Switch Priority Clause Mod: Faster Pokémon switch first
|rule|Species Clause: Limit one of each Pokémon
|rule|OHKO Clause: OHKO moves are banned
|rule|Evasion Items Clause: Evasion items are banned
|rule|Evasion Moves Clause: Evasion moves are banned
|rule|Endless Battle Clause: Forcing endless battles is banned
|rule|HP Percentage Mod: HP is shown in percentages
|rule|One Boost Passer Clause: Limit one Baton Passer that has a way to boost its stats
|rule|Freeze Clause Mod: Limit one foe frozen
|
|t:|1729634950
|start
|switch|p1a: Regirock|Regirock|100/100
|switch|p2a: Jolteon|Jolteon, F|100/100
|turn|1
|
|t:|1729634966
|move|p2a: Jolteon|Baton Pass|p2a: Jolteon
|
|t:|1729634972
|switch|p2a: Swampert|Swampert, M|100/100|[from] Baton Pass
|move|p1a: Regirock|Rock Slide|p2a: Swampert
|-resisted|p2a: Swampert
|-damage|p2a: Swampert|89/100
|
|-heal|p2a: Swampert|96/100|[from] item: Leftovers
|upkeep
|turn|2
|
|t:|1729634983
|switch|p1a: Snorlax|Snorlax, F|100/100
|move|p2a: Swampert|Protect||[still]
|-fail|p2a: Swampert
|
|-heal|p2a: Swampert|100/100|[from] item: Leftovers
|upkeep
|turn|3
|
|t:|1729634992
|switch|p2a: Skarmory|Skarmory, M, shiny|100/100
|move|p1a: Snorlax|Body Slam|p2a: Skarmory
|-resisted|p2a: Skarmory
|-damage|p2a: Skarmory|88/100
|
|-heal|p2a: Skarmory|94/100|[from] item: Leftovers
|upkeep
|turn|4
|
|t:|1729635001
|move|p2a: Skarmory|Spikes|p1a: Snorlax
|-sidestart|p1: otael|Spikes
|move|p1a: Snorlax|Body Slam|p2a: Skarmory
|-resisted|p2a: Skarmory
|-damage|p2a: Skarmory|81/100
|
|-heal|p2a: Skarmory|87/100|[from] item: Leftovers
|upkeep
|turn|5
|
|t:|1729635011
|move|p2a: Skarmory|Taunt|p1a: Snorlax
|-start|p1a: Snorlax|move: Taunt
|move|p1a: Snorlax|Body Slam|p2a: Skarmory
|-resisted|p2a: Skarmory
|-crit|p2a: Skarmory
|-damage|p2a: Skarmory|59/100
|
|-heal|p2a: Skarmory|65/100|[from] item: Leftovers
|upkeep
|turn|6
|
|t:|1729635014
|move|p2a: Skarmory|Spikes|p1a: Snorlax
|-sidestart|p1: otael|Spikes
|move|p1a: Snorlax|Body Slam|p2a: Skarmory
|-resisted|p2a: Skarmory
|-damage|p2a: Skarmory|52/100
|
|-heal|p2a: Skarmory|58/100|[from] item: Leftovers
|-end|p1a: Snorlax|move: Taunt|[silent]
|upkeep
|turn|7
|
|t:|1729635020
|move|p2a: Skarmory|Spikes|p1a: Snorlax
|-sidestart|p1: otael|Spikes
|move|p1a: Snorlax|Body Slam|p2a: Skarmory
|-resisted|p2a: Skarmory
|-damage|p2a: Skarmory|45/100
|
|-heal|p2a: Skarmory|51/100|[from] item: Leftovers
|upkeep
|turn|8
|
|t:|1729635024
|move|p1a: Snorlax|Body Slam|p2a: Skarmory
|-resisted|p2a: Skarmory
|-damage|p2a: Skarmory|39/100
|move|p2a: Skarmory|Roar|p1a: Snorlax
|drag|p1a: Regirock|Regirock|100/100
|-damage|p1a: Regirock|75/100|[from] Spikes
|
|-heal|p2a: Skarmory|45/100|[from] item: Leftovers
|-heal|p1a: Regirock|82/100|[from] item: Leftovers
|upkeep
|turn|9
|
|t:|1729635031
|move|p1a: Regirock|Thunder Wave|p2a: Skarmory
|-status|p2a: Skarmory|par
|move|p2a: Skarmory|Roar|p1a: Regirock
|drag|p1a: Dunsparce|Dunsparce, M|100/100
|-damage|p1a: Dunsparce|75/100|[from] Spikes
|
|-heal|p1a: Dunsparce|82/100|[from] item: Leftovers
|-heal|p2a: Skarmory|51/100 par|[from] item: Leftovers
|upkeep
|turn|10
|
|t:|1729635044
|move|p1a: Dunsparce|Thunderbolt|p2a: Skarmory
|-supereffective|p2a: Skarmory
|-damage|p2a: Skarmory|23/100 par
|move|p2a: Skarmory|Roar|p1a: Dunsparce
|drag|p1a: Snorlax|Snorlax, F|100/100
|-damage|p1a: Snorlax|76/100|[from] Spikes
|
|-heal|p1a: Snorlax|82/100|[from] item: Leftovers
|-heal|p2a: Skarmory|29/100 par|[from] item: Leftovers
|upkeep
|turn|11
|
|t:|1729635050
|move|p1a: Snorlax|Body Slam|p2a: Skarmory
|-resisted|p2a: Skarmory
|-damage|p2a: Skarmory|16/100 par
|move|p2a: Skarmory|Roar|p1a: Snorlax
|drag|p1a: Starmie|Starmie|100/100
|-damage|p1a: Starmie|75/100|[from] Spikes
|
|-heal|p1a: Starmie|82/100|[from] item: Leftovers
|-heal|p2a: Skarmory|22/100 par|[from] item: Leftovers
|upkeep
|turn|12
|
|t:|1729635054
|switch|p2a: Gengar|Gengar, M, shiny|100/100
|move|p1a: Starmie|Rapid Spin|p2a: Gengar
|-immune|p2a: Gengar
|
|-heal|p1a: Starmie|88/100|[from] item: Leftovers
|upkeep
|turn|13
|
|t:|1729635058
|move|p1a: Starmie|Thunder Wave|p2a: Gengar
|-status|p2a: Gengar|par
|move|p2a: Gengar|Thunderbolt|p1a: Starmie
|-supereffective|p1a: Starmie
|-damage|p1a: Starmie|14/100
|
|-heal|p1a: Starmie|20/100|[from] item: Leftovers
|upkeep
|turn|14
|
|t:|1729635070
|move|p1a: Starmie|Recover|p1a: Starmie
|-heal|p1a: Starmie|70/100
|move|p2a: Gengar|Thunderbolt|p1a: Starmie
|-supereffective|p1a: Starmie
|-damage|p1a: Starmie|0 fnt
|faint|p1a: Starmie
|
|t:|1729635083
|switch|p1a: Snorlax|Snorlax, F|82/100
|-damage|p1a: Snorlax|57/100|[from] Spikes
|
|-heal|p1a: Snorlax|63/100|[from] item: Leftovers
|upkeep
|turn|15
|
|t:|1729635106
|switch|p2a: Skarmory|Skarmory, M, shiny|22/100 par
|move|p1a: Snorlax|Shadow Ball|p2a: Skarmory
|-resisted|p2a: Skarmory
|-damage|p2a: Skarmory|14/100 par
|
|-heal|p1a: Snorlax|69/100|[from] item: Leftovers
|-heal|p2a: Skarmory|20/100 par|[from] item: Leftovers
|upkeep
|turn|16
|
|t:|1729635113
|move|p1a: Snorlax|Body Slam|p2a: Skarmory
|-resisted|p2a: Skarmory
|-damage|p2a: Skarmory|7/100 par
|move|p2a: Skarmory|Roar|p1a: Snorlax
|drag|p1a: Jirachi|Jirachi|100/100
|-damage|p1a: Jirachi|75/100|[from] Spikes
|
|-heal|p1a: Jirachi|82/100|[from] item: Leftovers
|-heal|p2a: Skarmory|13/100 par|[from] item: Leftovers
|upkeep
|turn|17
|
|t:|1729635121
|move|p1a: Jirachi|Ice Punch|p2a: Skarmory
|-damage|p2a: Skarmory|0 fnt
|faint|p2a: Skarmory
|
|t:|1729635147
|switch|p2a: Tyranitar|Tyranitar, M|100/100
|-weather|Sandstorm|[from] ability: Sand Stream|[of] p2a: Tyranitar
|
|-weather|Sandstorm|[upkeep]
|-heal|p1a: Jirachi|88/100|[from] item: Leftovers
|upkeep
|turn|18
|
|t:|1729635150
|move|p2a: Tyranitar|Dragon Dance|p2a: Tyranitar
|-boost|p2a: Tyranitar|atk|1
|-boost|p2a: Tyranitar|spe|1
|move|p1a: Jirachi|Body Slam|p2a: Tyranitar
|-resisted|p2a: Tyranitar
|-damage|p2a: Tyranitar|92/100
|-status|p2a: Tyranitar|par
|-enditem|p2a: Tyranitar|Lum Berry|[eat]
|-curestatus|p2a: Tyranitar|par|[msg]
|
|-weather|Sandstorm|[upkeep]
|-heal|p1a: Jirachi|94/100|[from] item: Leftovers
|upkeep
|turn|19
|
|t:|1729635155
|move|p2a: Tyranitar|Earthquake|p1a: Jirachi
|-supereffective|p1a: Jirachi
|-damage|p1a: Jirachi|5/100
|move|p1a: Jirachi|Body Slam|p2a: Tyranitar
|-resisted|p2a: Tyranitar
|-damage|p2a: Tyranitar|83/100
|
|-weather|Sandstorm|[upkeep]
|-heal|p1a: Jirachi|12/100|[from] item: Leftovers
|upkeep
|turn|20
|
|t:|1729635159
|move|p1a: Jirachi|Protect|p1a: Jirachi
|-singleturn|p1a: Jirachi|Protect
|move|p2a: Tyranitar|Earthquake|p1a: Jirachi
|-activate|p1a: Jirachi|Protect
|
|-weather|Sandstorm|[upkeep]
|-heal|p1a: Jirachi|18/100|[from] item: Leftovers
|upkeep
|turn|21
|
|t:|1729635167
|move|p2a: Tyranitar|Earthquake|p1a: Jirachi
|-supereffective|p1a: Jirachi
|-damage|p1a: Jirachi|0 fnt
|faint|p1a: Jirachi
|
|t:|1729635168
|switch|p1a: Regirock|Regirock|82/100
|-damage|p1a: Regirock|57/100|[from] Spikes
|
|-weather|Sandstorm|[upkeep]
|-heal|p1a: Regirock|63/100|[from] item: Leftovers
|upkeep
|turn|22
|
|t:|1729635173
|move|p2a: Tyranitar|Earthquake|p1a: Regirock
|-supereffective|p1a: Regirock
|-damage|p1a: Regirock|10/100
|move|p1a: Regirock|Thunder Wave|p2a: Tyranitar
|-status|p2a: Tyranitar|par
|
|-weather|Sandstorm|[upkeep]
|-heal|p1a: Regirock|16/100|[from] item: Leftovers
|upkeep
|turn|23
|
|t:|1729635178
|move|p1a: Regirock|Explosion|p2a: Tyranitar
|-resisted|p2a: Tyranitar
|-damage|p2a: Tyranitar|4/100 par
|faint|p1a: Regirock
|
|t:|1729635203
|switch|p1a: Marowak|Marowak, F|100/100
|-damage|p1a: Marowak|75/100|[from] Spikes
|
|-weather|Sandstorm|[upkeep]
|upkeep
|turn|24
|
|t:|1729635210
|move|p1a: Marowak|Rock Slide|p2a: Tyranitar
|-damage|p2a: Tyranitar|0 fnt
|faint|p2a: Tyranitar
|
|t:|1729635220
|switch|p2a: Swampert|Swampert, M|100/100
|
|-weather|Sandstorm|[upkeep]
|upkeep
|turn|25
|
|t:|1729635230
|switch|p1a: Dunsparce|Dunsparce, M|82/100
|-damage|p1a: Dunsparce|57/100|[from] Spikes
|move|p2a: Swampert|Surf|p1a: Dunsparce
|-damage|p1a: Dunsparce|34/100
|
|-weather|Sandstorm|[upkeep]
|-damage|p1a: Dunsparce|27/100|[from] Sandstorm
|-heal|p1a: Dunsparce|34/100|[from] item: Leftovers
|upkeep
|turn|26
|
|t:|1729635241
|switch|p2a: Gengar|Gengar, M, shiny|100/100 par
|move|p1a: Dunsparce|Body Slam|p2a: Gengar
|-immune|p2a: Gengar
|
|-weather|Sandstorm|[upkeep]
|-damage|p1a: Dunsparce|27/100|[from] Sandstorm
|-damage|p2a: Gengar|94/100 par|[from] Sandstorm
|-heal|p1a: Dunsparce|34/100|[from] item: Leftovers
|-heal|p2a: Gengar|100/100 par|[from] item: Leftovers
|upkeep
|turn|27
|
|t:|1729635244
|move|p1a: Dunsparce|Thunderbolt|p2a: Gengar
|-damage|p2a: Gengar|74/100 par
|move|p2a: Gengar|Hypnosis|p1a: Dunsparce
|-status|p1a: Dunsparce|slp|[from] move: Hypnosis
|
|-weather|Sandstorm|[upkeep]
|-damage|p1a: Dunsparce|27/100 slp|[from] Sandstorm
|-damage|p2a: Gengar|68/100 par|[from] Sandstorm
|-heal|p1a: Dunsparce|34/100 slp|[from] item: Leftovers
|-heal|p2a: Gengar|74/100 par|[from] item: Leftovers
|upkeep
|turn|28
|
|t:|1729635252
|cant|p1a: Dunsparce|slp
|move|p2a: Gengar|Ice Punch|p1a: Dunsparce
|-damage|p1a: Dunsparce|11/100 slp
|
|-weather|Sandstorm|[upkeep]
|-damage|p1a: Dunsparce|5/100 slp|[from] Sandstorm
|-damage|p2a: Gengar|68/100 par|[from] Sandstorm
|-heal|p1a: Dunsparce|11/100 slp|[from] item: Leftovers
|-heal|p2a: Gengar|74/100 par|[from] item: Leftovers
|upkeep
|turn|29
|
|t:|1729635255
|cant|p1a: Dunsparce|slp
|move|p2a: Gengar|Ice Punch|p1a: Dunsparce
|-damage|p1a: Dunsparce|0 fnt
|faint|p1a: Dunsparce
|
|t:|1729635260
|switch|p1a: Marowak|Marowak, F|75/100
|-damage|p1a: Marowak|50/100|[from] Spikes
|
|-weather|Sandstorm|[upkeep]
|-damage|p2a: Gengar|68/100 par|[from] Sandstorm
|-heal|p2a: Gengar|74/100 par|[from] item: Leftovers
|upkeep
|turn|30
|
|t:|1729635265
|move|p1a: Marowak|Rock Slide|p2a: Gengar
|-damage|p2a: Gengar|0 fnt
|faint|p2a: Gengar
|
|t:|1729635288
|switch|p2a: Jolteon|Jolteon, F|100/100
|
|-weather|Sandstorm|[upkeep]
|-damage|p2a: Jolteon|94/100|[from] Sandstorm
|-heal|p2a: Jolteon|100/100|[from] item: Leftovers
|upkeep
|turn|31
|
|t:|1729635291
|move|p2a: Jolteon|Hidden Power|p1a: Marowak
|-supereffective|p1a: Marowak
|-damage|p1a: Marowak|0 fnt
|faint|p1a: Marowak
|
|t:|1729635293
|switch|p1a: Snorlax|Snorlax, F|69/100
|-damage|p1a: Snorlax|44/100|[from] Spikes
|
|-weather|Sandstorm|[upkeep]
|-damage|p2a: Jolteon|94/100|[from] Sandstorm
|-damage|p1a: Snorlax|38/100|[from] Sandstorm
|-heal|p2a: Jolteon|100/100|[from] item: Leftovers
|-heal|p1a: Snorlax|44/100|[from] item: Leftovers
|upkeep
|turn|32
|
|t:|1729635301
|move|p2a: Jolteon|Baton Pass|p2a: Jolteon
|
|t:|1729635303
|switch|p2a: Aerodactyl|Aerodactyl, F|100/100|[from] Baton Pass
|move|p1a: Snorlax|Curse|p1a: Snorlax
|-unboost|p1a: Snorlax|spe|1
|-boost|p1a: Snorlax|atk|1
|-boost|p1a: Snorlax|def|1
|
|-weather|Sandstorm|[upkeep]
|-damage|p1a: Snorlax|38/100|[from] Sandstorm
|-heal|p1a: Snorlax|44/100|[from] item: Leftovers
|upkeep
|turn|33
|
|t:|1729635317
|move|p2a: Aerodactyl|Rock Slide|p1a: Snorlax
|-damage|p1a: Snorlax|17/100
|cant|p1a: Snorlax|flinch
|
|-weather|Sandstorm|[upkeep]
|-damage|p1a: Snorlax|11/100|[from] Sandstorm
|-heal|p1a: Snorlax|17/100|[from] item: Leftovers
|upkeep
|turn|34
|
|t:|1729635322
|move|p2a: Aerodactyl|Rock Slide|p1a: Snorlax
|-damage|p1a: Snorlax|0 fnt
|faint|p1a: Snorlax
|
|win|B.B.H00D
|c|☆B.B.H00D|ggwp
|c|☆otael|rough
|c|☆otael|gg wp

</script>
<script type="application/json" class="data" id="replaydata-smogtours-gen3ou-801283">
{"id":"smogtours-gen3ou-801283","format":"[Gen 3] OU","players":["otael","B.B.H00D"],"uploadtime":1729635322,"views":98,"formatid":"gen3ou","rating":null,"private":0,"password":null}
</script>

<script defer src="js/replays.js?9d40a366"></script>
