<!DOCTYPE html>
<meta charset="utf-8" />
<meta name="viewport" content="width=device-width" />

<title>[Gen 3] OU: crab person vs. Cakeconnesseur - Replays - Pok&eacute;mon Showdown!</title>

<meta name="description" content="Watch a replay of a Pok&eacute;mon battle between crab person and Cakeconnesseur! Format: [Gen 3] OU; Date: Oct 18, 2024" />
<!--

Hey, you! Looking in the source for the replay log?

You can find them in JSON format, just add `.json` at the end of a replay URL.

https://replay.pokemonshowdown.com/gen7randomdoublesbattle-865046831.json

Or, if you only need the log itself, add `.log` instead:

https://replay.pokemonshowdown.com/gen7randomdoublesbattle-865046831.log

-->

<link rel="stylesheet" href="//pokemonshowdown.com/style/global.css?0.023195364461161105" />
<link rel="stylesheet" href="//play.pokemonshowdown.com/style/font-awesome.css?0.13261647063804238" />
<link rel="stylesheet" href="//play.pokemonshowdown.com/style/battle.css?0.8753245789963631" />
<link rel="stylesheet" href="//play.pokemonshowdown.com/style/utilichart.css?0.8627959624976733" />

<!-- Global site tag (gtag.js) - Google Analytics -->
<script async src="https://www.googletagmanager.com/gtag/js?id=UA-26211653-1"></script>
<script>
  window.dataLayer = window.dataLayer || [];
  function gtag(){dataLayer.push(arguments);}
  gtag('js', new Date());

  gtag('config', 'UA-26211653-1');
</script>
<!-- End Google Analytics -->
<!-- Venatus Ad Manager - Install in <HEAD> of page -->
	<script src="https://hb.vntsm.com/v3/live/ad-manager.min.js" type="text/javascript" data-site-id="642aba63ec9a7b11c3c9c1be" data-mode="scan" async></script>
<!-- / Venatus Ad Manager -->

<style>
	@media (max-width:820px) {
		.battle {
			margin: 0 auto;
		}
		.battle-log {
			margin: 7px auto 0;
			max-width: 640px;
			height: 300px;
			position: static;
		}
	}
	.optgroup {
		display: inline-block;
		line-height: 22px;
		font-size: 10pt;
	}
	.optgroup .button {
		height: 25px;
		padding-top: 0;
		padding-bottom: 0;
	}
	.optgroup button.button {
		padding-left: 12px;
		padding-right: 12px;
	}
	.linklist {
		list-style: none;
		margin: 0.5em 0;
		padding: 0;
	}
	.linklist li {
		padding: 2px 0;
	}
	.sidebar {
		float: left;
		width: 320px;
	}
	.bar-wrapper {
		max-width: 1100px;
		margin: 0 auto;
	}
	.bar-wrapper.has-sidebar {
		max-width: 1430px;
	}
	.mainbar {
		margin: 0;
		padding-right: 1px;
	}
	.mainbar.has-sidebar {
		margin-left: 330px;
	}
	@media (min-width: 1511px) {
		.sidebar {
			width: 400px;
		}
		.bar-wrapper.has-sidebar {
			max-width: 1510px;
		}
		.mainbar.has-sidebar {
			margin-left: 410px;
		}
	}
	.section.first-section {
		margin-top: 9px;
	}
	.blocklink small {
		white-space: normal;
	}
	.button {
		vertical-align: middle;
	}
	.replay-controls {
		padding-top: 10px;
	}
	.replay-controls h1 {
		font-size: 16pt;
		font-weight: normal;
		color: #CCC;
	}
	.pagelink {
		text-align: center;
	}
	.pagelink a {
		width: 150px;
	}
	.textbox, .button {
		font-size: 11pt;
		vertical-align: middle;
	}
	@media (max-width: 450px) {
		.button {
			font-size: 9pt;
		}
	}
</style>

<div>

	<header>
		<div class="nav-wrapper"><ul class="nav">
			<li><a class="button nav-first" href="//pokemonshowdown.com/"><img src="//pokemonshowdown.com/images/pokemonshowdownbeta.png" srcset="//pokemonshowdown.com/images/pokemonshowdownbeta.png 1x, //pokemonshowdown.com/images/pokemonshowdownbeta@2x.png 2x" alt="Pok&eacute;mon Showdown" width="146" height="44" /> Home</a></li>
			<li><a class="button" href="//pokemonshowdown.com/dex/">Pok&eacute;dex</a></li>
			<li><a class="button cur" href="/">Replays</a></li>
			<li><a class="button" href="//pokemonshowdown.com/ladder/">Ladder</a></li>
			<li><a class="button nav-last" href="//pokemonshowdown.com/forums/">Forum</a></li>
			<li><a class="button greenbutton nav-first nav-last" href="//play.pokemonshowdown.com/">Play</a></li>
		</ul></div>
	</header>

	<div class="main" id="main">

		<noscript><section class="section">You need to enable JavaScript to use this page; sorry!</section></noscript>

	</div>

</div>

<script defer nomodule src="//play.pokemonshowdown.com/js/lib/ps-polyfill.js"></script>
<script defer src="//play.pokemonshowdown.com/js/lib/preact.min.js"></script>

<script defer src="//play.pokemonshowdown.com/config/config.js?2bddbc15"></script>
<script defer src="//play.pokemonshowdown.com/js/lib/jquery-1.11.0.min.js"></script>
<script defer src="//play.pokemonshowdown.com/js/lib/html-sanitizer-minified.js"></script>
<script defer src="//play.pokemonshowdown.com/js/battle-sound.js"></script>
<script defer src="//play.pokemonshowdown.com/js/battledata.js?0.7209276989879541"></script>
<script defer src="//play.pokemonshowdown.com/data/pokedex-mini.js?0.6111056340867951"></script>
<script defer src="//play.pokemonshowdown.com/data/pokedex-mini-bw.js?0.3532142036491459"></script>
<script defer src="//play.pokemonshowdown.com/data/graphics.js?0.24223875632456182"></script>
<script defer src="//play.pokemonshowdown.com/data/pokedex.js?0.38839984266356864"></script>
<script defer src="//play.pokemonshowdown.com/data/moves.js?0.21866028504024015"></script>
<script defer src="//play.pokemonshowdown.com/data/abilities.js?0.2005157953846628"></script>
<script defer src="//play.pokemonshowdown.com/data/items.js?0.9894211263848525"></script>
<script defer src="//play.pokemonshowdown.com/data/teambuilder-tables.js?0.6008791140282215"></script>
<script defer src="//play.pokemonshowdown.com/js/battle-tooltips.js?0.7580118955022959"></script>
<script defer src="//play.pokemonshowdown.com/js/battle.js?0.6057722274234274"></script>

<script defer src="js/utils.js?e31f9a17"></script>
<script defer src="js/replays-battle.js?7008c182"></script>

<!-- don't scrape this data! just add .json or .log after the URL!
Full API docs: https://github.com/smogon/pokemon-showdown-client/blob/master/WEB-API.md -->
<script type="text/plain" class="log" id="replaylog-smogtours-gen3ou-799548">
|inactive|Battle timer is ON: inactive players will automatically lose when time's up.
|t:|1729269272
|gametype|singles
|player|p1|crab person|flint|
|player|p2|Cakeconnesseur|lass-gen7|
|teamsize|p1|6
|teamsize|p2|6
|gen|3
|tier|[Gen 3] OU
|rule|Sleep Clause Mod: Limit one foe put to sleep
|rule|Switch Priority Clause Mod: Faster Pokémon switch first
|rule|Species Clause: Limit one of each Pokémon
|rule|OHKO Clause: OHKO moves are banned
|rule|Evasion Items Clause: Evasion items are banned
|rule|Evasion Moves Clause: Evasion moves are banned
|rule|Endless Battle Clause: Forcing endless battles is banned
|rule|HP Percentage Mod: HP is shown in percentages
|rule|One Boost Passer Clause: Limit one Baton Passer that has a way to boost its stats
|rule|Freeze Clause Mod: Limit one foe frozen
|
|t:|1729269272
|start
|switch|p1a: King Of Feral Imps|Sceptile, F|100/100
|switch|p2a: KeepYourselfAlive|Skarmory, F|100/100
|turn|1
|inactive|Cakeconnesseur also wants the timer to be on.
|c|☆Cakeconnesseur|hf
|c|☆crab person|u2
|
|t:|1729269301
|move|p1a: King Of Feral Imps|Substitute|p1a: King Of Feral Imps
|-start|p1a: King Of Feral Imps|Substitute
|-damage|p1a: King Of Feral Imps|76/100
|move|p2a: KeepYourselfAlive|Toxic||[still]
|-fail|p2a: KeepYourselfAlive
|
|-heal|p1a: King Of Feral Imps|82/100|[from] item: Leftovers
|upkeep
|turn|2
|
|t:|1729269307
|move|p1a: King Of Feral Imps|Leech Seed|p2a: KeepYourselfAlive
|-start|p2a: KeepYourselfAlive|move: Leech Seed
|move|p2a: KeepYourselfAlive|Spikes|p1a: King Of Feral Imps
|-sidestart|p1: crab person|Spikes
|
|-heal|p1a: King Of Feral Imps|88/100|[from] item: Leftovers
|-damage|p2a: KeepYourselfAlive|88/100|[from] Leech Seed|[of] p1a: King Of Feral Imps
|-heal|p1a: King Of Feral Imps|100/100|[silent]
|upkeep
|turn|3
|
|t:|1729269315
|move|p1a: King Of Feral Imps|Hidden Power|p2a: KeepYourselfAlive
|-damage|p2a: KeepYourselfAlive|69/100
|move|p2a: KeepYourselfAlive|Spikes|p1a: King Of Feral Imps
|-sidestart|p1: crab person|Spikes
|
|-heal|p2a: KeepYourselfAlive|75/100|[from] item: Leftovers
|-damage|p2a: KeepYourselfAlive|63/100|[from] Leech Seed|[of] p1a: King Of Feral Imps
|upkeep
|turn|4
|
|t:|1729269319
|move|p1a: King Of Feral Imps|Hidden Power|p2a: KeepYourselfAlive
|-damage|p2a: KeepYourselfAlive|43/100
|move|p2a: KeepYourselfAlive|Roar|p1a: King Of Feral Imps
|drag|p1a: Marshmelon|Blissey, F|100/100
|-damage|p1a: Marshmelon|84/100|[from] Spikes
|
|-heal|p2a: KeepYourselfAlive|49/100|[from] item: Leftovers
|-damage|p2a: KeepYourselfAlive|37/100|[from] Leech Seed|[of] p1a: Marshmelon
|-heal|p1a: Marshmelon|90/100|[silent]
|-heal|p1a: Marshmelon|96/100|[from] item: Leftovers
|upkeep
|turn|5
|
|t:|1729269324
|switch|p2a: Fat Bottomed Girls|Blissey, F|100/100
|move|p1a: Marshmelon|Thunderbolt|p2a: Fat Bottomed Girls
|-damage|p2a: Fat Bottomed Girls|93/100
|
|-heal|p1a: Marshmelon|100/100|[from] item: Leftovers
|-heal|p2a: Fat Bottomed Girls|99/100|[from] item: Leftovers
|upkeep
|turn|6
|
|t:|1729269331
|move|p1a: Marshmelon|Wish|p1a: Marshmelon
|move|p2a: Fat Bottomed Girls|Toxic|p1a: Marshmelon
|-status|p1a: Marshmelon|tox
|
|-damage|p1a: Marshmelon|94/100 tox|[from] psn
|-heal|p2a: Fat Bottomed Girls|100/100|[from] item: Leftovers
|upkeep
|turn|7
|
|t:|1729269343
|-curestatus|p1a: Marshmelon|tox|[from] ability: Natural Cure
|switch|p1a: Matchmech Circular|Metagross|100/100
|-damage|p1a: Matchmech Circular|84/100|[from] Spikes
|move|p2a: Fat Bottomed Girls|Toxic|p1a: Matchmech Circular
|-immune|p1a: Matchmech Circular
|
|-heal|p1a: Matchmech Circular|100/100|[from] move: Wish|[wisher] Marshmelon
|upkeep
|turn|8
|
|t:|1729269359
|switch|p2a: Under Pressure|Zapdos|100/100
|move|p1a: Matchmech Circular|Meteor Mash|p2a: Under Pressure
|-resisted|p2a: Under Pressure
|-damage|p2a: Under Pressure|75/100
|
|-heal|p2a: Under Pressure|81/100|[from] item: Leftovers
|upkeep
|turn|9
|
|t:|1729269367
|switch|p1a: Marshmelon|Blissey, F|94/100
|-damage|p1a: Marshmelon|78/100|[from] Spikes
|move|p2a: Under Pressure|Thunderbolt|p1a: Marshmelon
|-damage|p1a: Marshmelon|64/100
|
|-heal|p2a: Under Pressure|87/100|[from] item: Leftovers
|-heal|p1a: Marshmelon|70/100|[from] item: Leftovers
|upkeep
|turn|10
|
|t:|1729269373
|switch|p2a: Fat Bottomed Girls|Blissey, F|100/100
|move|p1a: Marshmelon|Wish|p1a: Marshmelon
|
|-heal|p1a: Marshmelon|76/100|[from] item: Leftovers
|upkeep
|turn|11
|
|t:|1729269378
|switch|p2a: Under Pressure|Zapdos|87/100
|move|p1a: Marshmelon|Ice Beam|p2a: Under Pressure
|-supereffective|p2a: Under Pressure
|-damage|p2a: Under Pressure|59/100
|
|-heal|p1a: Marshmelon|100/100|[from] move: Wish|[wisher] Marshmelon
|-heal|p2a: Under Pressure|65/100|[from] item: Leftovers
|upkeep
|turn|12
|
|t:|1729269382
|switch|p2a: Fat Bottomed Girls|Blissey, F|100/100
|move|p1a: Marshmelon|Calm Mind|p1a: Marshmelon
|-boost|p1a: Marshmelon|spa|1
|-boost|p1a: Marshmelon|spd|1
|
|upkeep
|turn|13
|
|t:|1729269386
|switch|p1a: Matchmech Circular|Metagross|100/100
|-damage|p1a: Matchmech Circular|84/100|[from] Spikes
|move|p2a: Fat Bottomed Girls|Toxic|p1a: Matchmech Circular
|-immune|p1a: Matchmech Circular
|
|-heal|p1a: Matchmech Circular|90/100|[from] item: Leftovers
|upkeep
|turn|14
|
|t:|1729269390
|switch|p2a: Under Pressure|Zapdos|65/100
|move|p1a: Matchmech Circular|Meteor Mash|p2a: Under Pressure
|-resisted|p2a: Under Pressure
|-damage|p2a: Under Pressure|40/100
|
|-heal|p2a: Under Pressure|46/100|[from] item: Leftovers
|-heal|p1a: Matchmech Circular|96/100|[from] item: Leftovers
|upkeep
|turn|15
|
|t:|1729269394
|switch|p1a: Marshmelon|Blissey, F|100/100
|-damage|p1a: Marshmelon|84/100|[from] Spikes
|move|p2a: Under Pressure|Roar|p1a: Marshmelon
|drag|p1a: King Of Feral Imps|Sceptile, F|100/100
|-damage|p1a: King Of Feral Imps|84/100|[from] Spikes
|
|-heal|p1a: King Of Feral Imps|90/100|[from] item: Leftovers
|-heal|p2a: Under Pressure|52/100|[from] item: Leftovers
|upkeep
|turn|16
|
|t:|1729269400
|move|p1a: King Of Feral Imps|Hidden Power|p2a: Under Pressure
|-supereffective|p2a: Under Pressure
|-damage|p2a: Under Pressure|23/100
|move|p2a: Under Pressure|Roar|p1a: King Of Feral Imps
|drag|p1a: Matchmech Circular|Metagross|96/100
|-damage|p1a: Matchmech Circular|80/100|[from] Spikes
|
|-heal|p2a: Under Pressure|30/100|[from] item: Leftovers
|-heal|p1a: Matchmech Circular|86/100|[from] item: Leftovers
|upkeep
|turn|17
|
|t:|1729269406
|move|p2a: Under Pressure|Rest|p2a: Under Pressure
|-status|p2a: Under Pressure|slp|[from] move: Rest
|-heal|p2a: Under Pressure|100/100 slp|[silent]
|move|p1a: Matchmech Circular|Meteor Mash|p2a: Under Pressure
|-resisted|p2a: Under Pressure
|-damage|p2a: Under Pressure|72/100 slp
|
|-heal|p2a: Under Pressure|78/100 slp|[from] item: Leftovers
|-heal|p1a: Matchmech Circular|92/100|[from] item: Leftovers
|upkeep
|turn|18
|
|t:|1729269409
|cant|p2a: Under Pressure|slp
|move|p2a: Under Pressure|Sleep Talk|p2a: Under Pressure
|move|p2a: Under Pressure|Roar|p1a: Matchmech Circular|[from]Sleep Talk
|drag|p1a: Sting Lancer|Flygon, M|100/100
|
|-heal|p2a: Under Pressure|84/100 slp|[from] item: Leftovers
|upkeep
|turn|19
|
|t:|1729269436
|switch|p2a: Now I'm Here|Flygon, F|100/100
|move|p1a: Sting Lancer|Rock Slide|p2a: Now I'm Here
|-resisted|p2a: Now I'm Here
|-damage|p2a: Now I'm Here|87/100
|
|-heal|p2a: Now I'm Here|93/100|[from] item: Leftovers
|upkeep
|turn|20
|
|t:|1729269445
|switch|p1a: King Of Feral Imps|Sceptile, F|90/100
|-damage|p1a: King Of Feral Imps|73/100|[from] Spikes
|move|p2a: Now I'm Here|Toxic|p1a: King Of Feral Imps
|-status|p1a: King Of Feral Imps|tox
|
|-heal|p1a: King Of Feral Imps|79/100 tox|[from] item: Leftovers
|-damage|p1a: King Of Feral Imps|73/100 tox|[from] psn
|-heal|p2a: Now I'm Here|99/100|[from] item: Leftovers
|upkeep
|turn|21
|
|t:|1729269455
|move|p2a: Now I'm Here|Protect|p2a: Now I'm Here
|-singleturn|p2a: Now I'm Here|Protect
|move|p1a: King Of Feral Imps|Leech Seed|p2a: Now I'm Here
|-activate|p2a: Now I'm Here|Protect
|
|-heal|p1a: King Of Feral Imps|79/100 tox|[from] item: Leftovers
|-damage|p1a: King Of Feral Imps|67/100 tox|[from] psn
|-heal|p2a: Now I'm Here|100/100|[from] item: Leftovers
|upkeep
|turn|22
|
|t:|1729269472
|switch|p2a: Fat Bottomed Girls|Blissey, F|100/100
|move|p1a: King Of Feral Imps|Hidden Power|p2a: Fat Bottomed Girls
|-damage|p2a: Fat Bottomed Girls|92/100
|
|-heal|p1a: King Of Feral Imps|73/100 tox|[from] item: Leftovers
|-damage|p1a: King Of Feral Imps|55/100 tox|[from] psn
|-heal|p2a: Fat Bottomed Girls|99/100|[from] item: Leftovers
|upkeep
|turn|23
|
|t:|1729269481
|switch|p1a: Marshmelon|Blissey, F|84/100
|-damage|p1a: Marshmelon|67/100|[from] Spikes
|move|p2a: Fat Bottomed Girls|Seismic Toss|p1a: Marshmelon
|-damage|p1a: Marshmelon|53/100
|
|-heal|p1a: Marshmelon|59/100|[from] item: Leftovers
|-heal|p2a: Fat Bottomed Girls|100/100|[from] item: Leftovers
|upkeep
|turn|24
|
|t:|1729269494
|switch|p2a: KeepYourselfAlive|Skarmory, F|37/100
|move|p1a: Marshmelon|Wish|p1a: Marshmelon
|
|-heal|p2a: KeepYourselfAlive|43/100|[from] item: Leftovers
|-heal|p1a: Marshmelon|65/100|[from] item: Leftovers
|upkeep
|turn|25
|
|t:|1729269498
|move|p2a: KeepYourselfAlive|Protect|p2a: KeepYourselfAlive
|-singleturn|p2a: KeepYourselfAlive|Protect
|move|p1a: Marshmelon|Thunderbolt|p2a: KeepYourselfAlive
|-activate|p2a: KeepYourselfAlive|Protect
|
|-heal|p1a: Marshmelon|100/100|[from] move: Wish|[wisher] Marshmelon
|-heal|p2a: KeepYourselfAlive|49/100|[from] item: Leftovers
|upkeep
|turn|26
|
|t:|1729269504
|switch|p2a: Fat Bottomed Girls|Blissey, F|100/100
|move|p1a: Marshmelon|Calm Mind|p1a: Marshmelon
|-boost|p1a: Marshmelon|spa|1
|-boost|p1a: Marshmelon|spd|1
|
|upkeep
|turn|27
|
|t:|1729269509
|move|p1a: Marshmelon|Ice Beam|p2a: Fat Bottomed Girls
|-damage|p2a: Fat Bottomed Girls|89/100
|move|p2a: Fat Bottomed Girls|Toxic|p1a: Marshmelon|[miss]
|-miss|p2a: Fat Bottomed Girls|p1a: Marshmelon
|
|-heal|p2a: Fat Bottomed Girls|95/100|[from] item: Leftovers
|upkeep
|turn|28
|
|t:|1729269517
|switch|p1a: Matchmech Circular|Metagross|92/100
|-damage|p1a: Matchmech Circular|75/100|[from] Spikes
|move|p2a: Fat Bottomed Girls|Toxic|p1a: Matchmech Circular
|-immune|p1a: Matchmech Circular
|
|-heal|p1a: Matchmech Circular|82/100|[from] item: Leftovers
|-heal|p2a: Fat Bottomed Girls|100/100|[from] item: Leftovers
|upkeep
|turn|29
|
|t:|1729269523
|switch|p2a: Under Pressure|Zapdos|84/100 slp
|move|p1a: Matchmech Circular|Meteor Mash|p2a: Under Pressure
|-resisted|p2a: Under Pressure
|-damage|p2a: Under Pressure|57/100 slp
|
|-heal|p2a: Under Pressure|63/100 slp|[from] item: Leftovers
|-heal|p1a: Matchmech Circular|88/100|[from] item: Leftovers
|upkeep
|turn|30
|
|t:|1729269533
|cant|p2a: Under Pressure|slp
|move|p2a: Under Pressure|Sleep Talk|p2a: Under Pressure
|move|p2a: Under Pressure|Thunderbolt|p1a: Matchmech Circular|[from]Sleep Talk
|-damage|p1a: Matchmech Circular|43/100
|move|p1a: Matchmech Circular|Meteor Mash|p2a: Under Pressure
|-resisted|p2a: Under Pressure
|-damage|p2a: Under Pressure|38/100 slp
|-boost|p1a: Matchmech Circular|atk|1
|
|-heal|p2a: Under Pressure|44/100 slp|[from] item: Leftovers
|-heal|p1a: Matchmech Circular|50/100|[from] item: Leftovers
|upkeep
|turn|31
|inactive|Cakeconnesseur has 270 seconds left.
|inactive|Cakeconnesseur has 240 seconds left.
|
|t:|1729269594
|cant|p2a: Under Pressure|slp
|move|p1a: Matchmech Circular|Explosion|p2a: Under Pressure
|-damage|p2a: Under Pressure|0 fnt
|faint|p1a: Matchmech Circular
|faint|p2a: Under Pressure
|inactive|Cakeconnesseur has 240 seconds left.
|
|t:|1729269615
|switch|p2a: Fat Bottomed Girls|Blissey, F|100/100
|switch|p1a: Big Benkai|Hariyama, F|100/100
|-damage|p1a: Big Benkai|84/100|[from] Spikes
|
|-heal|p1a: Big Benkai|90/100|[from] item: Leftovers
|upkeep
|turn|32
|
|t:|1729269633
|-singleturn|p1a: Big Benkai|move: Focus Punch
|switch|p2a: Now I'm Here|Flygon, F|100/100
|move|p1a: Big Benkai|Focus Punch|p2a: Now I'm Here
|-damage|p2a: Now I'm Here|35/100
|
|-heal|p2a: Now I'm Here|41/100|[from] item: Leftovers
|-heal|p1a: Big Benkai|96/100|[from] item: Leftovers
|upkeep
|turn|33
|
|t:|1729269641
|switch|p1a: King Of Feral Imps|Sceptile, F|55/100 tox
|-damage|p1a: King Of Feral Imps|38/100 tox|[from] Spikes
|move|p2a: Now I'm Here|Protect||[still]
|-fail|p2a: Now I'm Here
|
|-heal|p1a: King Of Feral Imps|44/100 tox|[from] item: Leftovers
|-damage|p1a: King Of Feral Imps|38/100 tox|[from] psn
|-heal|p2a: Now I'm Here|47/100|[from] item: Leftovers
|upkeep
|turn|34
|
|t:|1729269649
|move|p2a: Now I'm Here|Protect|p2a: Now I'm Here
|-singleturn|p2a: Now I'm Here|Protect
|move|p1a: King Of Feral Imps|Leech Seed|p2a: Now I'm Here
|-activate|p2a: Now I'm Here|Protect
|
|-heal|p1a: King Of Feral Imps|44/100 tox|[from] item: Leftovers
|-damage|p1a: King Of Feral Imps|32/100 tox|[from] psn
|-heal|p2a: Now I'm Here|53/100|[from] item: Leftovers
|upkeep
|turn|35
|inactive|Cakeconnesseur has 240 seconds left.
|
|t:|1729269657
|switch|p2a: Fat Bottomed Girls|Blissey, F|100/100
|move|p1a: King Of Feral Imps|Leech Seed|p2a: Fat Bottomed Girls
|-start|p2a: Fat Bottomed Girls|move: Leech Seed
|
|-heal|p1a: King Of Feral Imps|38/100 tox|[from] item: Leftovers
|-damage|p1a: King Of Feral Imps|20/100 tox|[from] psn
|-damage|p2a: Fat Bottomed Girls|88/100|[from] Leech Seed|[of] p1a: King Of Feral Imps
|-heal|p1a: King Of Feral Imps|49/100 tox|[silent]
|upkeep
|turn|36
|
|t:|1729269664
|switch|p1a: Marshmelon|Blissey, F|100/100
|-damage|p1a: Marshmelon|84/100|[from] Spikes
|switch|p2a: KeepYourselfAlive|Skarmory, F|49/100
|
|-heal|p2a: KeepYourselfAlive|55/100|[from] item: Leftovers
|-heal|p1a: Marshmelon|90/100|[from] item: Leftovers
|upkeep
|turn|37
|inactive|Cakeconnesseur has 240 seconds left.
|
|t:|1729269686
|move|p2a: KeepYourselfAlive|Protect|p2a: KeepYourselfAlive
|-singleturn|p2a: KeepYourselfAlive|Protect
|move|p1a: Marshmelon|Wish|p1a: Marshmelon
|
|-heal|p2a: KeepYourselfAlive|61/100|[from] item: Leftovers
|-heal|p1a: Marshmelon|96/100|[from] item: Leftovers
|upkeep
|turn|38
|inactive|Cakeconnesseur has 240 seconds left.
|
|t:|1729269696
|move|p1a: Marshmelon|Thunderbolt|p2a: KeepYourselfAlive
|-supereffective|p2a: KeepYourselfAlive
|-damage|p2a: KeepYourselfAlive|23/100
|move|p2a: KeepYourselfAlive|Roar|p1a: Marshmelon
|drag|p1a: Hazy Flame|Houndoom, M|100/100
|-damage|p1a: Hazy Flame|84/100|[from] Spikes
|
|-heal|p1a: Hazy Flame|100/100|[from] move: Wish|[wisher] Marshmelon
|-heal|p2a: KeepYourselfAlive|29/100|[from] item: Leftovers
|upkeep
|turn|39
|inactive|Cakeconnesseur has 240 seconds left.
|
|t:|1729269703
|move|p2a: KeepYourselfAlive|Protect|p2a: KeepYourselfAlive
|-singleturn|p2a: KeepYourselfAlive|Protect
|move|p1a: Hazy Flame|Fire Blast|p2a: KeepYourselfAlive
|-activate|p2a: KeepYourselfAlive|Protect
|
|-heal|p2a: KeepYourselfAlive|35/100|[from] item: Leftovers
|upkeep
|turn|40
|inactive|Cakeconnesseur has 240 seconds left.
|
|t:|1729269715
|-activate|p2a: KeepYourselfAlive|move: Pursuit
|move|p1a: Hazy Flame|Pursuit|p2a: KeepYourselfAlive|[from]Pursuit
|-resisted|p2a: KeepYourselfAlive
|-damage|p2a: KeepYourselfAlive|19/100
|switch|p2a: Fat Bottomed Girls|Blissey, F|88/100
|
|-heal|p2a: Fat Bottomed Girls|94/100|[from] item: Leftovers
|upkeep
|turn|41
|inactive|Cakeconnesseur has 240 seconds left.
|
|t:|1729269725
|switch|p1a: Marshmelon|Blissey, F|96/100
|-damage|p1a: Marshmelon|80/100|[from] Spikes
|move|p2a: Fat Bottomed Girls|Toxic|p1a: Marshmelon
|-status|p1a: Marshmelon|tox
|
|-heal|p1a: Marshmelon|86/100 tox|[from] item: Leftovers
|-damage|p1a: Marshmelon|80/100 tox|[from] psn
|-heal|p2a: Fat Bottomed Girls|99/100|[from] item: Leftovers
|upkeep
|turn|42
|
|t:|1729269730
|move|p1a: Marshmelon|Wish|p1a: Marshmelon
|move|p2a: Fat Bottomed Girls|Ice Beam|p1a: Marshmelon
|-crit|p1a: Marshmelon
|-damage|p1a: Marshmelon|63/100 tox
|
|-heal|p1a: Marshmelon|69/100 tox|[from] item: Leftovers
|-damage|p1a: Marshmelon|57/100 tox|[from] psn
|-heal|p2a: Fat Bottomed Girls|100/100|[from] item: Leftovers
|upkeep
|turn|43
|
|t:|1729269737
|move|p1a: Marshmelon|Ice Beam|p2a: Fat Bottomed Girls
|-damage|p2a: Fat Bottomed Girls|93/100
|-status|p2a: Fat Bottomed Girls|frz
|cant|p2a: Fat Bottomed Girls|frz
|
|-heal|p1a: Marshmelon|100/100 tox|[from] move: Wish|[wisher] Marshmelon
|-damage|p1a: Marshmelon|82/100 tox|[from] psn
|-heal|p2a: Fat Bottomed Girls|99/100 frz|[from] item: Leftovers
|upkeep
|turn|44
|
|t:|1729269753
|move|p1a: Marshmelon|Wish|p1a: Marshmelon
|cant|p2a: Fat Bottomed Girls|frz
|
|-heal|p1a: Marshmelon|88/100 tox|[from] item: Leftovers
|-damage|p1a: Marshmelon|64/100 tox|[from] psn
|-heal|p2a: Fat Bottomed Girls|100/100 frz|[from] item: Leftovers
|upkeep
|turn|45
|
|t:|1729269759
|-curestatus|p1a: Marshmelon|tox|[from] ability: Natural Cure
|switch|p1a: King Of Feral Imps|Sceptile, F|49/100 tox
|-damage|p1a: King Of Feral Imps|32/100 tox|[from] Spikes
|-curestatus|p2a: Fat Bottomed Girls|frz|[msg]
|move|p2a: Fat Bottomed Girls|Ice Beam|p1a: King Of Feral Imps
|-supereffective|p1a: King Of Feral Imps
|-damage|p1a: King Of Feral Imps|0 fnt
|faint|p1a: King Of Feral Imps
|
|t:|1729269764
|switch|p1a: Marshmelon|Blissey, F|64/100
|-damage|p1a: Marshmelon|47/100|[from] Spikes
|
|-heal|p1a: Marshmelon|97/100|[from] move: Wish|[wisher] Marshmelon
|-heal|p1a: Marshmelon|100/100|[from] item: Leftovers
|upkeep
|turn|46
|inactive|Cakeconnesseur has 270 seconds left.
|
|t:|1729269770
|switch|p1a: Big Benkai|Hariyama, F|96/100
|-damage|p1a: Big Benkai|80/100|[from] Spikes
|move|p2a: Fat Bottomed Girls|Toxic|p1a: Big Benkai
|-status|p1a: Big Benkai|tox
|
|-heal|p1a: Big Benkai|86/100 tox|[from] item: Leftovers
|-damage|p1a: Big Benkai|80/100 tox|[from] psn
|upkeep
|turn|47
|
|t:|1729269774
|switch|p2a: Radio Ga Ga|Gengar, F|100/100
|move|p1a: Big Benkai|Brick Break|p2a: Radio Ga Ga
|-immune|p2a: Radio Ga Ga
|
|-heal|p1a: Big Benkai|86/100 tox|[from] item: Leftovers
|-damage|p1a: Big Benkai|73/100 tox|[from] psn
|upkeep
|turn|48
|
|t:|1729269781
|move|p2a: Radio Ga Ga|Thunderbolt|p1a: Big Benkai
|-damage|p1a: Big Benkai|50/100 tox
|move|p1a: Big Benkai|Hidden Power|p2a: Radio Ga Ga
|-supereffective|p2a: Radio Ga Ga
|-crit|p2a: Radio Ga Ga
|-damage|p2a: Radio Ga Ga|0 fnt
|faint|p2a: Radio Ga Ga
|
|t:|1729269791
|switch|p2a: Now I'm Here|Flygon, F|53/100
|
|-heal|p2a: Now I'm Here|59/100|[from] item: Leftovers
|-heal|p1a: Big Benkai|56/100 tox|[from] item: Leftovers
|-damage|p1a: Big Benkai|38/100 tox|[from] psn
|upkeep
|turn|49
|
|t:|1729269794
|switch|p1a: Sting Lancer|Flygon, M|100/100
|move|p2a: Now I'm Here|Protect||[still]
|-fail|p2a: Now I'm Here
|
|-heal|p2a: Now I'm Here|65/100|[from] item: Leftovers
|upkeep
|turn|50
|
|t:|1729269801
|switch|p1a: Marshmelon|Blissey, F|100/100
|-damage|p1a: Marshmelon|84/100|[from] Spikes
|move|p2a: Now I'm Here|Toxic|p1a: Marshmelon
|-status|p1a: Marshmelon|tox
|
|-heal|p2a: Now I'm Here|71/100|[from] item: Leftovers
|-heal|p1a: Marshmelon|90/100 tox|[from] item: Leftovers
|-damage|p1a: Marshmelon|84/100 tox|[from] psn
|upkeep
|turn|51
|
|t:|1729269804
|move|p2a: Now I'm Here|Protect|p2a: Now I'm Here
|-singleturn|p2a: Now I'm Here|Protect
|move|p1a: Marshmelon|Ice Beam|p2a: Now I'm Here
|-activate|p2a: Now I'm Here|Protect
|
|-heal|p2a: Now I'm Here|77/100|[from] item: Leftovers
|-heal|p1a: Marshmelon|90/100 tox|[from] item: Leftovers
|-damage|p1a: Marshmelon|78/100 tox|[from] psn
|upkeep
|turn|52
|
|t:|1729269809
|switch|p2a: Fat Bottomed Girls|Blissey, F|100/100
|move|p1a: Marshmelon|Wish|p1a: Marshmelon
|
|-heal|p1a: Marshmelon|84/100 tox|[from] item: Leftovers
|-damage|p1a: Marshmelon|66/100 tox|[from] psn
|upkeep
|turn|53
|
|t:|1729269837
|-curestatus|p1a: Marshmelon|tox|[from] ability: Natural Cure
|switch|p1a: Big Benkai|Hariyama, F|38/100 tox
|-damage|p1a: Big Benkai|21/100 tox|[from] Spikes
|move|p2a: Fat Bottomed Girls|Seismic Toss|p1a: Big Benkai
|-damage|p1a: Big Benkai|0 fnt
|faint|p1a: Big Benkai
|
|t:|1729269845
|switch|p1a: Marshmelon|Blissey, F|66/100
|-damage|p1a: Marshmelon|49/100|[from] Spikes
|
|-heal|p1a: Marshmelon|99/100|[from] move: Wish|[wisher] Marshmelon
|-heal|p1a: Marshmelon|100/100|[from] item: Leftovers
|upkeep
|turn|54
|
|t:|1729269851
|move|p1a: Marshmelon|Calm Mind|p1a: Marshmelon
|-boost|p1a: Marshmelon|spa|1
|-boost|p1a: Marshmelon|spd|1
|move|p2a: Fat Bottomed Girls|Toxic|p1a: Marshmelon
|-status|p1a: Marshmelon|tox
|
|-damage|p1a: Marshmelon|94/100 tox|[from] psn
|upkeep
|turn|55
|
|t:|1729269855
|move|p1a: Marshmelon|Ice Beam|p2a: Fat Bottomed Girls
|-damage|p2a: Fat Bottomed Girls|90/100
|move|p2a: Fat Bottomed Girls|Seismic Toss|p1a: Marshmelon
|-damage|p1a: Marshmelon|80/100 tox
|
|-heal|p1a: Marshmelon|86/100 tox|[from] item: Leftovers
|-damage|p1a: Marshmelon|74/100 tox|[from] psn
|-heal|p2a: Fat Bottomed Girls|96/100|[from] item: Leftovers
|upkeep
|turn|56
|
|t:|1729269857
|move|p1a: Marshmelon|Ice Beam|p2a: Fat Bottomed Girls
|-damage|p2a: Fat Bottomed Girls|86/100
|move|p2a: Fat Bottomed Girls|Seismic Toss|p1a: Marshmelon
|-damage|p1a: Marshmelon|59/100 tox
|
|-heal|p1a: Marshmelon|65/100 tox|[from] item: Leftovers
|-damage|p1a: Marshmelon|47/100 tox|[from] psn
|-heal|p2a: Fat Bottomed Girls|92/100|[from] item: Leftovers
|upkeep
|turn|57
|
|t:|1729269861
|move|p1a: Marshmelon|Ice Beam|p2a: Fat Bottomed Girls
|-crit|p2a: Fat Bottomed Girls
|-damage|p2a: Fat Bottomed Girls|69/100
|-status|p2a: Fat Bottomed Girls|frz
|cant|p2a: Fat Bottomed Girls|frz
|
|-heal|p1a: Marshmelon|53/100 tox|[from] item: Leftovers
|-damage|p1a: Marshmelon|29/100 tox|[from] psn
|-heal|p2a: Fat Bottomed Girls|75/100 frz|[from] item: Leftovers
|upkeep
|turn|58
|
|t:|1729269868
|-curestatus|p2a: Fat Bottomed Girls|frz|[from] ability: Natural Cure
|switch|p2a: KeepYourselfAlive|Skarmory, F|19/100
|move|p1a: Marshmelon|Wish|p1a: Marshmelon
|
|-heal|p2a: KeepYourselfAlive|25/100|[from] item: Leftovers
|-heal|p1a: Marshmelon|35/100 tox|[from] item: Leftovers
|-damage|p1a: Marshmelon|4/100 tox|[from] psn
|upkeep
|turn|59
|
|t:|1729269874
|switch|p2a: Fat Bottomed Girls|Blissey, F|75/100
|move|p1a: Marshmelon|Thunderbolt|p2a: Fat Bottomed Girls
|-damage|p2a: Fat Bottomed Girls|63/100
|
|-heal|p1a: Marshmelon|54/100 tox|[from] move: Wish|[wisher] Marshmelon
|-heal|p1a: Marshmelon|60/100 tox|[from] item: Leftovers
|-damage|p1a: Marshmelon|23/100 tox|[from] psn
|-heal|p2a: Fat Bottomed Girls|69/100|[from] item: Leftovers
|upkeep
|turn|60
|
|t:|1729269879
|-curestatus|p1a: Marshmelon|tox|[from] ability: Natural Cure
|switch|p1a: Sting Lancer|Flygon, M|100/100
|move|p2a: Fat Bottomed Girls|Seismic Toss|p1a: Sting Lancer
|-damage|p1a: Sting Lancer|67/100
|
|-heal|p2a: Fat Bottomed Girls|75/100|[from] item: Leftovers
|upkeep
|turn|61
|
|t:|1729269884
|move|p1a: Sting Lancer|Earthquake|p2a: Fat Bottomed Girls
|-damage|p2a: Fat Bottomed Girls|16/100
|move|p2a: Fat Bottomed Girls|Ice Beam|p1a: Sting Lancer
|-supereffective|p1a: Sting Lancer
|-damage|p1a: Sting Lancer|0 fnt
|faint|p1a: Sting Lancer
|
|t:|1729269889
|switch|p1a: Hazy Flame|Houndoom, M|100/100
|-damage|p1a: Hazy Flame|84/100|[from] Spikes
|
|-heal|p1a: Hazy Flame|90/100|[from] item: Leftovers
|-heal|p2a: Fat Bottomed Girls|22/100|[from] item: Leftovers
|upkeep
|turn|62
|
|t:|1729269897
|switch|p2a: KeepYourselfAlive|Skarmory, F|25/100
|move|p1a: Hazy Flame|Fire Blast|p2a: KeepYourselfAlive
|-supereffective|p2a: KeepYourselfAlive
|-damage|p2a: KeepYourselfAlive|0 fnt
|faint|p2a: KeepYourselfAlive
|c|☆crab person|think you got this 
|
|t:|1729269903
|switch|p2a: Now I'm Here|Flygon, F|77/100
|
|-heal|p1a: Hazy Flame|96/100|[from] item: Leftovers
|-heal|p2a: Now I'm Here|83/100|[from] item: Leftovers
|upkeep
|turn|63
|
|t:|1729269908
|move|p1a: Hazy Flame|Fire Blast|p2a: Now I'm Here
|-resisted|p2a: Now I'm Here
|-damage|p2a: Now I'm Here|54/100
|move|p2a: Now I'm Here|Earthquake|p1a: Hazy Flame
|-supereffective|p1a: Hazy Flame
|-damage|p1a: Hazy Flame|0 fnt
|faint|p1a: Hazy Flame
|c|☆crab person|gg
|c|☆Cakeconnesseur|gg
|-message|crab person forfeited.
|
|win|Cakeconnesseur
|c|☆Cakeconnesseur|Something has cane up urgently
|c|☆crab person|oh
|c|☆Cakeconnesseur|Can we potentially play more in 10 mins?
|c|☆crab person|sure
|c|☆Cakeconnesseur|Maybe 16
|c|☆Cakeconnesseur|ty
|c|☆crab person|yeah
|c|☆crab person|nw
|player|p2|
|player|p2|Cakeconnesseur|lass-gen7|

</script>
<script type="application/json" class="data" id="replaydata-smogtours-gen3ou-799548">
{"id":"smogtours-gen3ou-799548","format":"[Gen 3] OU","players":["crab person","Cakeconnesseur"],"uploadtime":1729269917,"views":94,"formatid":"gen3ou","rating":null,"private":0,"password":null}
</script>

<script defer src="js/replays.js?9d40a366"></script>
