<!DOCTYPE html>
<meta charset="utf-8" />
<meta name="viewport" content="width=device-width" />

<title>[Gen 3] OU: Depres_ionCher_y vs. Fakes - Replays - Pok&eacute;mon Showdown!</title>

<meta name="description" content="Watch a replay of a Pok&eacute;mon battle between Depres_ionCher_y and Fakes! Format: [Gen 3] OU; Date: Oct 28, 2024" />
<!--

Hey, you! Looking in the source for the replay log?

You can find them in JSON format, just add `.json` at the end of a replay URL.

https://replay.pokemonshowdown.com/gen7randomdoublesbattle-865046831.json

Or, if you only need the log itself, add `.log` instead:

https://replay.pokemonshowdown.com/gen7randomdoublesbattle-865046831.log

-->

<link rel="stylesheet" href="//pokemonshowdown.com/style/global.css?0.023195364461161105" />
<link rel="stylesheet" href="//play.pokemonshowdown.com/style/font-awesome.css?0.13261647063804238" />
<link rel="stylesheet" href="//play.pokemonshowdown.com/style/battle.css?0.8753245789963631" />
<link rel="stylesheet" href="//play.pokemonshowdown.com/style/utilichart.css?0.8627959624976733" />

<!-- Global site tag (gtag.js) - Google Analytics -->
<script async src="https://www.googletagmanager.com/gtag/js?id=UA-26211653-1"></script>
<script>
  window.dataLayer = window.dataLayer || [];
  function gtag(){dataLayer.push(arguments);}
  gtag('js', new Date());

  gtag('config', 'UA-26211653-1');
</script>
<!-- End Google Analytics -->
<!-- Venatus Ad Manager - Install in <HEAD> of page -->
	<script src="https://hb.vntsm.com/v3/live/ad-manager.min.js" type="text/javascript" data-site-id="642aba63ec9a7b11c3c9c1be" data-mode="scan" async></script>
<!-- / Venatus Ad Manager -->

<style>
	@media (max-width:820px) {
		.battle {
			margin: 0 auto;
		}
		.battle-log {
			margin: 7px auto 0;
			max-width: 640px;
			height: 300px;
			position: static;
		}
	}
	.optgroup {
		display: inline-block;
		line-height: 22px;
		font-size: 10pt;
	}
	.optgroup .button {
		height: 25px;
		padding-top: 0;
		padding-bottom: 0;
	}
	.optgroup button.button {
		padding-left: 12px;
		padding-right: 12px;
	}
	.linklist {
		list-style: none;
		margin: 0.5em 0;
		padding: 0;
	}
	.linklist li {
		padding: 2px 0;
	}
	.sidebar {
		float: left;
		width: 320px;
	}
	.bar-wrapper {
		max-width: 1100px;
		margin: 0 auto;
	}
	.bar-wrapper.has-sidebar {
		max-width: 1430px;
	}
	.mainbar {
		margin: 0;
		padding-right: 1px;
	}
	.mainbar.has-sidebar {
		margin-left: 330px;
	}
	@media (min-width: 1511px) {
		.sidebar {
			width: 400px;
		}
		.bar-wrapper.has-sidebar {
			max-width: 1510px;
		}
		.mainbar.has-sidebar {
			margin-left: 410px;
		}
	}
	.section.first-section {
		margin-top: 9px;
	}
	.blocklink small {
		white-space: normal;
	}
	.button {
		vertical-align: middle;
	}
	.replay-controls {
		padding-top: 10px;
	}
	.replay-controls h1 {
		font-size: 16pt;
		font-weight: normal;
		color: #CCC;
	}
	.pagelink {
		text-align: center;
	}
	.pagelink a {
		width: 150px;
	}
	.textbox, .button {
		font-size: 11pt;
		vertical-align: middle;
	}
	@media (max-width: 450px) {
		.button {
			font-size: 9pt;
		}
	}
</style>

<div>

	<header>
		<div class="nav-wrapper"><ul class="nav">
			<li><a class="button nav-first" href="//pokemonshowdown.com/"><img src="//pokemonshowdown.com/images/pokemonshowdownbeta.png" srcset="//pokemonshowdown.com/images/pokemonshowdownbeta.png 1x, //pokemonshowdown.com/images/pokemonshowdownbeta@2x.png 2x" alt="Pok&eacute;mon Showdown" width="146" height="44" /> Home</a></li>
			<li><a class="button" href="//pokemonshowdown.com/dex/">Pok&eacute;dex</a></li>
			<li><a class="button cur" href="/">Replays</a></li>
			<li><a class="button" href="//pokemonshowdown.com/ladder/">Ladder</a></li>
			<li><a class="button nav-last" href="//pokemonshowdown.com/forums/">Forum</a></li>
			<li><a class="button greenbutton nav-first nav-last" href="//play.pokemonshowdown.com/">Play</a></li>
		</ul></div>
	</header>

	<div class="main" id="main">

		<noscript><section class="section">You need to enable JavaScript to use this page; sorry!</section></noscript>

	</div>

</div>

<script defer nomodule src="//play.pokemonshowdown.com/js/lib/ps-polyfill.js"></script>
<script defer src="//play.pokemonshowdown.com/js/lib/preact.min.js"></script>

<script defer src="//play.pokemonshowdown.com/config/config.js?2bddbc15"></script>
<script defer src="//play.pokemonshowdown.com/js/lib/jquery-1.11.0.min.js"></script>
<script defer src="//play.pokemonshowdown.com/js/lib/html-sanitizer-minified.js"></script>
<script defer src="//play.pokemonshowdown.com/js/battle-sound.js"></script>
<script defer src="//play.pokemonshowdown.com/js/battledata.js?0.7209276989879541"></script>
<script defer src="//play.pokemonshowdown.com/data/pokedex-mini.js?0.6111056340867951"></script>
<script defer src="//play.pokemonshowdown.com/data/pokedex-mini-bw.js?0.3532142036491459"></script>
<script defer src="//play.pokemonshowdown.com/data/graphics.js?0.24223875632456182"></script>
<script defer src="//play.pokemonshowdown.com/data/pokedex.js?0.38839984266356864"></script>
<script defer src="//play.pokemonshowdown.com/data/moves.js?0.21866028504024015"></script>
<script defer src="//play.pokemonshowdown.com/data/abilities.js?0.2005157953846628"></script>
<script defer src="//play.pokemonshowdown.com/data/items.js?0.9894211263848525"></script>
<script defer src="//play.pokemonshowdown.com/data/teambuilder-tables.js?0.6008791140282215"></script>
<script defer src="//play.pokemonshowdown.com/js/battle-tooltips.js?0.7580118955022959"></script>
<script defer src="//play.pokemonshowdown.com/js/battle.js?0.6057722274234274"></script>

<script defer src="js/utils.js?e31f9a17"></script>
<script defer src="js/replays-battle.js?7008c182"></script>

<!-- don't scrape this data! just add .json or .log after the URL!
Full API docs: https://github.com/smogon/pokemon-showdown-client/blob/master/WEB-API.md -->
<script type="text/plain" class="log" id="replaylog-smogtours-gen3ou-803057">
|inactive|Battle timer is ON: inactive players will automatically lose when time's up.
|t:|1730124405
|gametype|singles
|player|p1|Depres_ionCher_y|waitress-gen4|
|player|p2|Fakes|lucas|
|teamsize|p1|6
|teamsize|p2|6
|gen|3
|tier|[Gen 3] OU
|rule|Sleep Clause Mod: Limit one foe put to sleep
|rule|Switch Priority Clause Mod: Faster Pokémon switch first
|rule|Species Clause: Limit one of each Pokémon
|rule|OHKO Clause: OHKO moves are banned
|rule|Evasion Items Clause: Evasion items are banned
|rule|Evasion Moves Clause: Evasion moves are banned
|rule|Endless Battle Clause: Forcing endless battles is banned
|rule|HP Percentage Mod: HP is shown in percentages
|rule|One Boost Passer Clause: Limit one Baton Passer that has a way to boost its stats
|rule|Freeze Clause Mod: Limit one foe frozen
|
|t:|1730124405
|start
|switch|p1a: Metagross|Metagross|100/100
|switch|p2a: Zapdos|Zapdos|100/100
|turn|1
|c|☆Depres_ionCher_y|hf
|c|☆Fakes|hf
|
|t:|1730124416
|switch|p2a: Starmie|Starmie|100/100
|move|p1a: Metagross|Meteor Mash|p2a: Starmie|[miss]
|-miss|p1a: Metagross|p2a: Starmie
|
|upkeep
|turn|2
|
|t:|1730124422
|switch|p1a: Zapdos|Zapdos|100/100
|move|p2a: Starmie|Surf|p1a: Zapdos
|-damage|p1a: Zapdos|76/100
|
|-heal|p1a: Zapdos|82/100|[from] item: Leftovers
|upkeep
|turn|3
|
|t:|1730124433
|switch|p2a: Snorlax|Snorlax, M|100/100
|move|p1a: Zapdos|Toxic|p2a: Snorlax
|-immune|p2a: Snorlax|[from] ability: Immunity
|
|-heal|p1a: Zapdos|88/100|[from] item: Leftovers
|upkeep
|turn|4
|
|t:|1730124442
|switch|p1a: Tyranitar|Tyranitar, M|100/100
|-weather|Sandstorm|[from] ability: Sand Stream|[of] p1a: Tyranitar
|move|p2a: Snorlax|Body Slam|p1a: Tyranitar
|-resisted|p1a: Tyranitar
|-damage|p1a: Tyranitar|87/100
|
|-weather|Sandstorm|[upkeep]
|-damage|p2a: Snorlax|94/100|[from] Sandstorm
|-heal|p2a: Snorlax|100/100|[from] item: Leftovers
|upkeep
|turn|5
|
|t:|1730124452
|switch|p2a: Swampert|Swampert, M|100/100
|move|p1a: Tyranitar|Rock Slide|p2a: Swampert
|-resisted|p2a: Swampert
|-damage|p2a: Swampert|77/100
|
|-weather|Sandstorm|[upkeep]
|-heal|p2a: Swampert|83/100|[from] item: Leftovers
|upkeep
|turn|6
|
|t:|1730124458
|switch|p1a: Zapdos|Zapdos|88/100
|move|p2a: Swampert|Ice Beam|p1a: Zapdos
|-supereffective|p1a: Zapdos
|-damage|p1a: Zapdos|62/100
|
|-weather|Sandstorm|[upkeep]
|-damage|p1a: Zapdos|56/100|[from] Sandstorm
|-heal|p1a: Zapdos|62/100|[from] item: Leftovers
|-heal|p2a: Swampert|89/100|[from] item: Leftovers
|upkeep
|turn|7
|
|t:|1730124464
|move|p2a: Swampert|Protect|p2a: Swampert
|-singleturn|p2a: Swampert|Protect
|move|p1a: Zapdos|Thunderbolt|p2a: Swampert
|-activate|p2a: Swampert|Protect
|
|-weather|Sandstorm|[upkeep]
|-damage|p1a: Zapdos|56/100|[from] Sandstorm
|-heal|p1a: Zapdos|62/100|[from] item: Leftovers
|-heal|p2a: Swampert|95/100|[from] item: Leftovers
|upkeep
|turn|8
|
|t:|1730124477
|switch|p2a: Snorlax|Snorlax, M|100/100
|move|p1a: Zapdos|Hidden Power|p2a: Snorlax
|-damage|p2a: Snorlax|90/100
|
|-weather|Sandstorm|[upkeep]
|-damage|p1a: Zapdos|56/100|[from] Sandstorm
|-damage|p2a: Snorlax|84/100|[from] Sandstorm
|-heal|p1a: Zapdos|62/100|[from] item: Leftovers
|-heal|p2a: Snorlax|90/100|[from] item: Leftovers
|upkeep
|turn|9
|
|t:|1730124484
|switch|p1a: Metagross|Metagross|100/100
|move|p2a: Snorlax|Body Slam|p1a: Metagross
|-resisted|p1a: Metagross
|-damage|p1a: Metagross|88/100
|
|-weather|Sandstorm|[upkeep]
|-damage|p2a: Snorlax|84/100|[from] Sandstorm
|-heal|p2a: Snorlax|90/100|[from] item: Leftovers
|upkeep
|turn|10
|
|t:|1730124491
|switch|p2a: Starmie|Starmie|100/100
|move|p1a: Metagross|Meteor Mash|p2a: Starmie
|-resisted|p2a: Starmie
|-damage|p2a: Starmie|46/100
|
|-weather|Sandstorm|[upkeep]
|-damage|p2a: Starmie|40/100|[from] Sandstorm
|-heal|p2a: Starmie|46/100|[from] item: Leftovers
|upkeep
|turn|11
|
|t:|1730124495
|move|p2a: Starmie|Recover|p2a: Starmie
|-heal|p2a: Starmie|96/100
|move|p1a: Metagross|Meteor Mash|p2a: Starmie
|-resisted|p2a: Starmie
|-damage|p2a: Starmie|45/100
|
|-weather|Sandstorm|[upkeep]
|-damage|p2a: Starmie|39/100|[from] Sandstorm
|-heal|p2a: Starmie|45/100|[from] item: Leftovers
|upkeep
|turn|12
|
|t:|1730124498
|move|p2a: Starmie|Recover|p2a: Starmie
|-heal|p2a: Starmie|95/100
|move|p1a: Metagross|Meteor Mash|p2a: Starmie|[miss]
|-miss|p1a: Metagross|p2a: Starmie
|
|-weather|Sandstorm|[upkeep]
|-damage|p2a: Starmie|89/100|[from] Sandstorm
|-heal|p2a: Starmie|95/100|[from] item: Leftovers
|upkeep
|turn|13
|
|t:|1730124504
|move|p2a: Starmie|Surf|p1a: Metagross
|-damage|p1a: Metagross|47/100
|move|p1a: Metagross|Meteor Mash|p2a: Starmie
|-resisted|p2a: Starmie
|-damage|p2a: Starmie|40/100
|
|-weather|Sandstorm|[upkeep]
|-damage|p2a: Starmie|34/100|[from] Sandstorm
|-heal|p2a: Starmie|40/100|[from] item: Leftovers
|upkeep
|turn|14
|
|t:|1730124509
|move|p2a: Starmie|Recover|p2a: Starmie
|-heal|p2a: Starmie|90/100
|move|p1a: Metagross|Meteor Mash|p2a: Starmie
|-resisted|p2a: Starmie
|-damage|p2a: Starmie|39/100
|
|-weather|Sandstorm|[upkeep]
|-damage|p2a: Starmie|33/100|[from] Sandstorm
|-heal|p2a: Starmie|39/100|[from] item: Leftovers
|upkeep
|turn|15
|
|t:|1730124512
|move|p2a: Starmie|Recover|p2a: Starmie
|-heal|p2a: Starmie|89/100
|move|p1a: Metagross|Meteor Mash|p2a: Starmie|[miss]
|-miss|p1a: Metagross|p2a: Starmie
|
|-weather|Sandstorm|[upkeep]
|-damage|p2a: Starmie|83/100|[from] Sandstorm
|-heal|p2a: Starmie|89/100|[from] item: Leftovers
|upkeep
|turn|16
|
|t:|1730124515
|switch|p1a: Zapdos|Zapdos|62/100
|move|p2a: Starmie|Surf|p1a: Zapdos
|-damage|p1a: Zapdos|37/100
|
|-weather|Sandstorm|[upkeep]
|-damage|p2a: Starmie|83/100|[from] Sandstorm
|-damage|p1a: Zapdos|31/100|[from] Sandstorm
|-heal|p2a: Starmie|89/100|[from] item: Leftovers
|-heal|p1a: Zapdos|37/100|[from] item: Leftovers
|upkeep
|turn|17
|
|t:|1730124522
|switch|p2a: Snorlax|Snorlax, M|90/100
|move|p1a: Zapdos|Thunderbolt|p2a: Snorlax
|-damage|p2a: Snorlax|70/100
|
|-weather|Sandstorm|[upkeep]
|-damage|p1a: Zapdos|31/100|[from] Sandstorm
|-damage|p2a: Snorlax|64/100|[from] Sandstorm
|-heal|p1a: Zapdos|37/100|[from] item: Leftovers
|-heal|p2a: Snorlax|70/100|[from] item: Leftovers
|upkeep
|turn|18
|
|t:|1730124535
|switch|p1a: Metagross|Metagross|47/100
|switch|p2a: Dugtrio|Dugtrio, F|100/100
|
|-weather|Sandstorm|[upkeep]
|upkeep
|turn|19
|
|t:|1730124542
|move|p2a: Dugtrio|Earthquake|p1a: Metagross
|-supereffective|p1a: Metagross
|-damage|p1a: Metagross|0 fnt
|faint|p1a: Metagross
|
|t:|1730124550
|switch|p1a: Dugtrio|Dugtrio, F|100/100
|
|-weather|Sandstorm|[upkeep]
|upkeep
|turn|20
|
|t:|1730124554
|move|p1a: Dugtrio|Earthquake|p2a: Dugtrio
|-damage|p2a: Dugtrio|0 fnt
|faint|p2a: Dugtrio
|c|☆Fakes|lmao what a move
|
|t:|1730124563
|switch|p2a: Zapdos|Zapdos|100/100
|
|-weather|Sandstorm|[upkeep]
|-damage|p2a: Zapdos|94/100|[from] Sandstorm
|-heal|p2a: Zapdos|100/100|[from] item: Leftovers
|upkeep
|turn|21
|
|t:|1730124570
|switch|p1a: Swampert|Swampert, M|100/100
|move|p2a: Zapdos|Toxic|p1a: Swampert
|-status|p1a: Swampert|tox
|
|-weather|Sandstorm|[upkeep]
|-damage|p2a: Zapdos|94/100|[from] Sandstorm
|-heal|p2a: Zapdos|100/100|[from] item: Leftovers
|-damage|p1a: Swampert|94/100 tox|[from] psn
|upkeep
|turn|22
|
|t:|1730124576
|switch|p2a: Starmie|Starmie|89/100
|move|p1a: Swampert|Toxic|p2a: Starmie
|-status|p2a: Starmie|tox
|
|-weather|Sandstorm|[upkeep]
|-damage|p2a: Starmie|83/100 tox|[from] Sandstorm
|-heal|p2a: Starmie|89/100 tox|[from] item: Leftovers
|-damage|p2a: Starmie|83/100 tox|[from] psn
|-heal|p1a: Swampert|100/100 tox|[from] item: Leftovers
|-damage|p1a: Swampert|88/100 tox|[from] psn
|upkeep
|turn|23
|
|t:|1730124582
|-curestatus|p2a: Starmie|tox|[from] ability: Natural Cure
|switch|p2a: Snorlax|Snorlax, M|70/100
|move|p1a: Swampert|Refresh|p1a: Swampert
|-curestatus|p1a: Swampert|tox|[msg]
|
|-weather|Sandstorm|[upkeep]
|-damage|p2a: Snorlax|64/100|[from] Sandstorm
|-heal|p1a: Swampert|94/100|[from] item: Leftovers
|-heal|p2a: Snorlax|70/100|[from] item: Leftovers
|upkeep
|turn|24
|
|t:|1730124589
|move|p1a: Swampert|Surf|p2a: Snorlax
|-damage|p2a: Snorlax|55/100
|move|p2a: Snorlax|Body Slam|p1a: Swampert
|-crit|p1a: Swampert
|-damage|p1a: Swampert|51/100
|
|-weather|Sandstorm|[upkeep]
|-damage|p2a: Snorlax|48/100|[from] Sandstorm
|-heal|p1a: Swampert|57/100|[from] item: Leftovers
|-heal|p2a: Snorlax|55/100|[from] item: Leftovers
|upkeep
|turn|25
|
|t:|1730124594
|move|p1a: Swampert|Protect|p1a: Swampert
|-singleturn|p1a: Swampert|Protect
|move|p2a: Snorlax|Curse|p2a: Snorlax
|-unboost|p2a: Snorlax|spe|1
|-boost|p2a: Snorlax|atk|1
|-boost|p2a: Snorlax|def|1
|
|-weather|Sandstorm|[upkeep]
|-damage|p2a: Snorlax|48/100|[from] Sandstorm
|-heal|p1a: Swampert|63/100|[from] item: Leftovers
|-heal|p2a: Snorlax|55/100|[from] item: Leftovers
|upkeep
|turn|26
|
|t:|1730124604
|switch|p1a: Tyranitar|Tyranitar, M|87/100
|move|p2a: Snorlax|Body Slam|p1a: Tyranitar
|-resisted|p1a: Tyranitar
|-damage|p1a: Tyranitar|65/100
|-status|p1a: Tyranitar|par
|
|-weather|Sandstorm|[upkeep]
|-damage|p2a: Snorlax|48/100|[from] Sandstorm
|-heal|p2a: Snorlax|55/100|[from] item: Leftovers
|upkeep
|turn|27
|
|t:|1730124610
|move|p2a: Snorlax|Body Slam|p1a: Tyranitar
|-resisted|p1a: Tyranitar
|-damage|p1a: Tyranitar|45/100 par
|move|p1a: Tyranitar|Earthquake|p2a: Snorlax
|-damage|p2a: Snorlax|24/100
|
|-weather|Sandstorm|[upkeep]
|-damage|p2a: Snorlax|17/100|[from] Sandstorm
|-heal|p2a: Snorlax|24/100|[from] item: Leftovers
|upkeep
|turn|28
|
|t:|1730124623
|switch|p1a: Zapdos|Zapdos|37/100
|move|p2a: Snorlax|Rest|p2a: Snorlax
|-status|p2a: Snorlax|slp|[from] move: Rest
|-heal|p2a: Snorlax|100/100 slp|[silent]
|
|-weather|Sandstorm|[upkeep]
|-damage|p1a: Zapdos|31/100|[from] Sandstorm
|-damage|p2a: Snorlax|94/100 slp|[from] Sandstorm
|-heal|p1a: Zapdos|37/100|[from] item: Leftovers
|-heal|p2a: Snorlax|100/100 slp|[from] item: Leftovers
|upkeep
|turn|29
|
|t:|1730124631
|switch|p1a: Tyranitar|Tyranitar, M|45/100 par
|cant|p2a: Snorlax|slp
|
|-weather|Sandstorm|[upkeep]
|-damage|p2a: Snorlax|94/100 slp|[from] Sandstorm
|-heal|p2a: Snorlax|100/100 slp|[from] item: Leftovers
|upkeep
|turn|30
|inactive|Fakes has 270 seconds left.
|
|t:|1730124662
|switch|p2a: Celebi|Celebi|100/100
|cant|p1a: Tyranitar|par
|
|-weather|Sandstorm|[upkeep]
|-damage|p2a: Celebi|94/100|[from] Sandstorm
|-heal|p2a: Celebi|100/100|[from] item: Leftovers
|upkeep
|turn|31
|
|t:|1730124673
|switch|p2a: Swampert|Swampert, M|95/100
|move|p1a: Tyranitar|Hidden Power|p2a: Swampert
|-damage|p2a: Swampert|69/100
|
|-weather|Sandstorm|[upkeep]
|-heal|p2a: Swampert|75/100|[from] item: Leftovers
|upkeep
|turn|32
|
|t:|1730124684
|switch|p1a: Zapdos|Zapdos|37/100
|move|p2a: Swampert|Ice Beam|p1a: Zapdos
|-supereffective|p1a: Zapdos
|-damage|p1a: Zapdos|12/100
|-status|p1a: Zapdos|frz
|
|-weather|Sandstorm|[upkeep]
|-damage|p1a: Zapdos|6/100 frz|[from] Sandstorm
|-heal|p1a: Zapdos|12/100 frz|[from] item: Leftovers
|-heal|p2a: Swampert|81/100|[from] item: Leftovers
|upkeep
|turn|33
|
|t:|1730124693
|cant|p1a: Zapdos|frz
|move|p2a: Swampert|Ice Beam|p1a: Zapdos
|-supereffective|p1a: Zapdos
|-damage|p1a: Zapdos|0 fnt
|faint|p1a: Zapdos
|
|t:|1730124696
|switch|p1a: Swampert|Swampert, M|63/100
|
|-weather|Sandstorm|[upkeep]
|-heal|p1a: Swampert|69/100|[from] item: Leftovers
|-heal|p2a: Swampert|88/100|[from] item: Leftovers
|upkeep
|turn|34
|
|t:|1730124698
|move|p2a: Swampert|Protect|p2a: Swampert
|-singleturn|p2a: Swampert|Protect
|move|p1a: Swampert|Surf|p2a: Swampert
|-activate|p2a: Swampert|Protect
|
|-weather|Sandstorm|[upkeep]
|-heal|p1a: Swampert|75/100|[from] item: Leftovers
|-heal|p2a: Swampert|94/100|[from] item: Leftovers
|upkeep
|turn|35
|
|t:|1730124704
|switch|p2a: Zapdos|Zapdos|100/100
|move|p1a: Swampert|Surf|p2a: Zapdos
|-damage|p2a: Zapdos|82/100
|
|-weather|Sandstorm|[upkeep]
|-damage|p2a: Zapdos|75/100|[from] Sandstorm
|-heal|p2a: Zapdos|82/100|[from] item: Leftovers
|-heal|p1a: Swampert|82/100|[from] item: Leftovers
|upkeep
|turn|36
|
|t:|1730124709
|switch|p2a: Snorlax|Snorlax, M|100/100 slp
|move|p1a: Swampert|Toxic||[still]
|-fail|p1a: Swampert
|
|-weather|Sandstorm|[upkeep]
|-damage|p2a: Snorlax|94/100 slp|[from] Sandstorm
|-heal|p1a: Swampert|88/100|[from] item: Leftovers
|-heal|p2a: Snorlax|100/100 slp|[from] item: Leftovers
|upkeep
|turn|37
|
|t:|1730124715
|switch|p1a: Tyranitar|Tyranitar, M|45/100 par
|cant|p2a: Snorlax|slp
|
|-weather|Sandstorm|[upkeep]
|-damage|p2a: Snorlax|94/100 slp|[from] Sandstorm
|-heal|p2a: Snorlax|100/100 slp|[from] item: Leftovers
|upkeep
|turn|38
|
|t:|1730124724
|switch|p2a: Celebi|Celebi|100/100
|cant|p1a: Tyranitar|par
|
|-weather|Sandstorm|[upkeep]
|-damage|p2a: Celebi|94/100|[from] Sandstorm
|-heal|p2a: Celebi|100/100|[from] item: Leftovers
|upkeep
|turn|39
|
|t:|1730124733
|move|p2a: Celebi|Leech Seed|p1a: Tyranitar
|-start|p1a: Tyranitar|move: Leech Seed
|cant|p1a: Tyranitar|par
|
|-weather|Sandstorm|[upkeep]
|-damage|p2a: Celebi|94/100|[from] Sandstorm
|-heal|p2a: Celebi|100/100|[from] item: Leftovers
|-damage|p1a: Tyranitar|33/100 par|[from] Leech Seed|[of] p2a: Celebi
|upkeep
|turn|40
|
|t:|1730124737
|switch|p1a: Aerodactyl|Aerodactyl, F|100/100
|move|p2a: Celebi|Leech Seed|p1a: Aerodactyl
|-start|p1a: Aerodactyl|move: Leech Seed
|
|-weather|Sandstorm|[upkeep]
|-damage|p2a: Celebi|94/100|[from] Sandstorm
|-damage|p1a: Aerodactyl|88/100|[from] Leech Seed|[of] p2a: Celebi
|-heal|p2a: Celebi|100/100|[silent]
|upkeep
|turn|41
|
|t:|1730124743
|switch|p2a: Swampert|Swampert, M|94/100
|move|p1a: Aerodactyl|Double-Edge|p2a: Swampert
|-damage|p2a: Swampert|60/100
|
|-weather|Sandstorm|[upkeep]
|-damage|p1a: Aerodactyl|76/100|[from] Leech Seed|[of] p2a: Swampert
|-heal|p2a: Swampert|69/100|[silent]
|-heal|p2a: Swampert|75/100|[from] item: Leftovers
|upkeep
|turn|42
|
|t:|1730124752
|switch|p1a: Swampert|Swampert, M|88/100
|move|p2a: Swampert|Ice Beam|p1a: Swampert
|-damage|p1a: Swampert|69/100
|
|-weather|Sandstorm|[upkeep]
|-heal|p1a: Swampert|76/100|[from] item: Leftovers
|-heal|p2a: Swampert|82/100|[from] item: Leftovers
|upkeep
|turn|43
|
|t:|1730124761
|move|p2a: Swampert|Protect|p2a: Swampert
|-singleturn|p2a: Swampert|Protect
|move|p1a: Swampert|Surf|p2a: Swampert
|-activate|p2a: Swampert|Protect
|
|-weather|Sandstorm|[upkeep]
|-heal|p1a: Swampert|82/100|[from] item: Leftovers
|-heal|p2a: Swampert|88/100|[from] item: Leftovers
|upkeep
|turn|44
|
|t:|1730124766
|switch|p1a: Tyranitar|Tyranitar, M|33/100 par
|switch|p2a: Starmie|Starmie|83/100
|
|-weather|Sandstorm|[upkeep]
|-damage|p2a: Starmie|77/100|[from] Sandstorm
|-heal|p2a: Starmie|83/100|[from] item: Leftovers
|upkeep
|turn|45
|
|t:|1730124774
|switch|p1a: Swampert|Swampert, M|82/100
|move|p2a: Starmie|Surf|p1a: Swampert
|-damage|p1a: Swampert|53/100
|
|-weather|Sandstorm|[upkeep]
|-damage|p2a: Starmie|77/100|[from] Sandstorm
|-heal|p2a: Starmie|83/100|[from] item: Leftovers
|-heal|p1a: Swampert|59/100|[from] item: Leftovers
|upkeep
|turn|46
|
|t:|1730124779
|switch|p2a: Snorlax|Snorlax, M|100/100 slp
|move|p1a: Swampert|Toxic||[still]
|-fail|p1a: Swampert
|
|-weather|Sandstorm|[upkeep]
|-damage|p2a: Snorlax|94/100 slp|[from] Sandstorm
|-heal|p1a: Swampert|66/100|[from] item: Leftovers
|-heal|p2a: Snorlax|100/100 slp|[from] item: Leftovers
|upkeep
|turn|47
|
|t:|1730124782
|switch|p1a: Tyranitar|Tyranitar, M|33/100 par
|-curestatus|p2a: Snorlax|slp|[msg]
|move|p2a: Snorlax|Curse|p2a: Snorlax
|-unboost|p2a: Snorlax|spe|1
|-boost|p2a: Snorlax|atk|1
|-boost|p2a: Snorlax|def|1
|
|-weather|Sandstorm|[upkeep]
|-damage|p2a: Snorlax|94/100|[from] Sandstorm
|-heal|p2a: Snorlax|100/100|[from] item: Leftovers
|upkeep
|turn|48
|
|t:|1730124786
|move|p2a: Snorlax|Body Slam|p1a: Tyranitar
|-resisted|p1a: Tyranitar
|-damage|p1a: Tyranitar|11/100 par
|move|p1a: Tyranitar|Rock Slide|p2a: Snorlax
|-damage|p2a: Snorlax|66/100
|
|-weather|Sandstorm|[upkeep]
|-damage|p2a: Snorlax|59/100|[from] Sandstorm
|-heal|p2a: Snorlax|66/100|[from] item: Leftovers
|upkeep
|turn|49
|
|t:|1730124801
|move|p2a: Snorlax|Curse|p2a: Snorlax
|-unboost|p2a: Snorlax|spe|1
|-boost|p2a: Snorlax|atk|1
|-boost|p2a: Snorlax|def|1
|cant|p1a: Tyranitar|par
|
|-weather|Sandstorm|[upkeep]
|-damage|p2a: Snorlax|59/100|[from] Sandstorm
|-heal|p2a: Snorlax|66/100|[from] item: Leftovers
|upkeep
|turn|50
|
|t:|1730124806
|move|p1a: Tyranitar|Rock Slide|p2a: Snorlax
|-damage|p2a: Snorlax|41/100
|move|p2a: Snorlax|Body Slam|p1a: Tyranitar
|-resisted|p1a: Tyranitar
|-damage|p1a: Tyranitar|0 fnt
|faint|p1a: Tyranitar
|
|t:|1730124811
|switch|p1a: Aerodactyl|Aerodactyl, F|76/100
|
|-weather|Sandstorm|[upkeep]
|-damage|p2a: Snorlax|35/100|[from] Sandstorm
|-heal|p2a: Snorlax|41/100|[from] item: Leftovers
|upkeep
|turn|51
|
|t:|1730124813
|move|p1a: Aerodactyl|Rock Slide|p2a: Snorlax|[miss]
|-miss|p1a: Aerodactyl|p2a: Snorlax
|move|p2a: Snorlax|Rest|p2a: Snorlax
|-status|p2a: Snorlax|slp|[from] move: Rest
|-heal|p2a: Snorlax|100/100 slp|[silent]
|
|-weather|Sandstorm|[upkeep]
|-damage|p2a: Snorlax|94/100 slp|[from] Sandstorm
|-heal|p2a: Snorlax|100/100 slp|[from] item: Leftovers
|upkeep
|turn|52
|
|t:|1730124815
|move|p1a: Aerodactyl|Rock Slide|p2a: Snorlax
|-damage|p2a: Snorlax|81/100 slp
|cant|p2a: Snorlax|slp
|
|-weather|Sandstorm|[upkeep]
|-damage|p2a: Snorlax|74/100 slp|[from] Sandstorm
|-heal|p2a: Snorlax|81/100 slp|[from] item: Leftovers
|upkeep
|turn|53
|
|t:|1730124818
|move|p1a: Aerodactyl|Rock Slide|p2a: Snorlax
|-damage|p2a: Snorlax|61/100 slp
|cant|p2a: Snorlax|slp
|
|-weather|Sandstorm|[upkeep]
|-damage|p2a: Snorlax|55/100 slp|[from] Sandstorm
|-heal|p2a: Snorlax|61/100 slp|[from] item: Leftovers
|upkeep
|turn|54
|
|t:|1730124834
|switch|p2a: Swampert|Swampert, M|88/100
|move|p1a: Aerodactyl|Rock Slide|p2a: Swampert
|-resisted|p2a: Swampert
|-damage|p2a: Swampert|71/100
|
|-weather|Sandstorm|[upkeep]
|-heal|p2a: Swampert|77/100|[from] item: Leftovers
|upkeep
|turn|55
|
|t:|1730124839
|switch|p1a: Swampert|Swampert, M|66/100
|move|p2a: Swampert|Ice Beam|p1a: Swampert
|-crit|p1a: Swampert
|-damage|p1a: Swampert|31/100
|
|-weather|Sandstorm|[upkeep]
|-heal|p1a: Swampert|37/100|[from] item: Leftovers
|-heal|p2a: Swampert|83/100|[from] item: Leftovers
|upkeep
|turn|56
|
|t:|1730124844
|move|p2a: Swampert|Protect|p2a: Swampert
|-singleturn|p2a: Swampert|Protect
|move|p1a: Swampert|Toxic|p2a: Swampert|[miss]
|-miss|p1a: Swampert|p2a: Swampert
|
|-weather|Sandstorm|[upkeep]
|-heal|p1a: Swampert|43/100|[from] item: Leftovers
|-heal|p2a: Swampert|90/100|[from] item: Leftovers
|upkeep
|turn|57
|
|t:|1730124847
|switch|p2a: Zapdos|Zapdos|82/100
|move|p1a: Swampert|Toxic|p2a: Zapdos
|-status|p2a: Zapdos|tox
|
|-weather|Sandstorm|[upkeep]
|-damage|p2a: Zapdos|75/100 tox|[from] Sandstorm
|-heal|p2a: Zapdos|82/100 tox|[from] item: Leftovers
|-damage|p2a: Zapdos|75/100 tox|[from] psn
|-heal|p1a: Swampert|49/100|[from] item: Leftovers
|upkeep
|turn|58
|
|t:|1730124852
|move|p2a: Zapdos|Rain Dance|p2a: Zapdos
|-weather|RainDance
|move|p1a: Swampert|Toxic|p2a: Zapdos|[miss]
|-miss|p1a: Swampert|p2a: Zapdos
|
|-weather|RainDance|[upkeep]
|-heal|p2a: Zapdos|82/100 tox|[from] item: Leftovers
|-damage|p2a: Zapdos|69/100 tox|[from] psn
|-heal|p1a: Swampert|56/100|[from] item: Leftovers
|upkeep
|turn|59
|
|t:|1730124857
|switch|p2a: Starmie|Starmie|83/100
|move|p1a: Swampert|Toxic|p2a: Starmie
|-status|p2a: Starmie|tox
|
|-weather|RainDance|[upkeep]
|-heal|p2a: Starmie|89/100 tox|[from] item: Leftovers
|-damage|p2a: Starmie|83/100 tox|[from] psn
|-heal|p1a: Swampert|62/100|[from] item: Leftovers
|upkeep
|turn|60
|
|t:|1730124862
|-curestatus|p2a: Starmie|tox|[from] ability: Natural Cure
|switch|p2a: Zapdos|Zapdos|69/100 tox
|move|p1a: Swampert|Surf|p2a: Zapdos
|-damage|p2a: Zapdos|41/100 tox
|
|-weather|RainDance|[upkeep]
|-heal|p2a: Zapdos|47/100 tox|[from] item: Leftovers
|-damage|p2a: Zapdos|41/100 tox|[from] psn
|-heal|p1a: Swampert|68/100|[from] item: Leftovers
|upkeep
|turn|61
|
|t:|1730124866
|switch|p1a: Aerodactyl|Aerodactyl, F|76/100
|move|p2a: Zapdos|Rest|p2a: Zapdos
|-status|p2a: Zapdos|slp|[from] move: Rest
|-heal|p2a: Zapdos|100/100 slp|[silent]
|
|-weather|RainDance|[upkeep]
|upkeep
|turn|62
|
|t:|1730124872
|move|p1a: Aerodactyl|Double-Edge|p2a: Zapdos
|-damage|p2a: Zapdos|45/100 slp
|cant|p2a: Zapdos|slp
|
|-weather|none
|-heal|p2a: Zapdos|51/100 slp|[from] item: Leftovers
|upkeep
|turn|63
|
|t:|1730124876
|move|p1a: Aerodactyl|Double-Edge|p2a: Zapdos
|-damage|p2a: Zapdos|0 fnt
|faint|p2a: Zapdos
|
|t:|1730124878
|switch|p2a: Starmie|Starmie|83/100
|
|-heal|p2a: Starmie|89/100|[from] item: Leftovers
|upkeep
|turn|64
|
|t:|1730124898
|move|p1a: Aerodactyl|Double-Edge|p2a: Starmie
|-damage|p2a: Starmie|23/100
|move|p2a: Starmie|Surf|p1a: Aerodactyl
|-supereffective|p1a: Aerodactyl
|-damage|p1a: Aerodactyl|0 fnt
|faint|p1a: Aerodactyl
|
|t:|1730124903
|switch|p1a: Dugtrio|Dugtrio, F|100/100
|
|-heal|p2a: Starmie|30/100|[from] item: Leftovers
|upkeep
|turn|65
|
|t:|1730124906
|move|p1a: Dugtrio|Earthquake|p2a: Starmie
|-damage|p2a: Starmie|0 fnt
|faint|p2a: Starmie
|
|t:|1730124908
|switch|p2a: Celebi|Celebi|100/100
|
|upkeep
|turn|66
|
|t:|1730124914
|switch|p1a: Swampert|Swampert, M|68/100
|move|p2a: Celebi|Calm Mind|p2a: Celebi
|-boost|p2a: Celebi|spa|1
|-boost|p2a: Celebi|spd|1
|
|-heal|p1a: Swampert|74/100|[from] item: Leftovers
|upkeep
|turn|67
|
|t:|1730124918
|move|p1a: Swampert|Protect|p1a: Swampert
|-singleturn|p1a: Swampert|Protect
|move|p2a: Celebi|Psychic|p1a: Swampert
|-activate|p1a: Swampert|Protect
|
|-heal|p1a: Swampert|80/100|[from] item: Leftovers
|upkeep
|turn|68
|
|t:|1730124922
|move|p2a: Celebi|Psychic|p1a: Swampert
|-damage|p1a: Swampert|42/100
|move|p1a: Swampert|Toxic|p2a: Celebi
|-status|p2a: Celebi|tox
|
|-damage|p2a: Celebi|94/100 tox|[from] psn
|-heal|p1a: Swampert|48/100|[from] item: Leftovers
|upkeep
|turn|69
|
|t:|1730124928
|move|p2a: Celebi|Calm Mind|p2a: Celebi
|-boost|p2a: Celebi|spa|1
|-boost|p2a: Celebi|spd|1
|move|p1a: Swampert|Surf|p2a: Celebi
|-resisted|p2a: Celebi
|-damage|p2a: Celebi|88/100 tox
|
|-heal|p2a: Celebi|94/100 tox|[from] item: Leftovers
|-damage|p2a: Celebi|82/100 tox|[from] psn
|-heal|p1a: Swampert|54/100|[from] item: Leftovers
|upkeep
|turn|70
|
|t:|1730124933
|move|p1a: Swampert|Protect|p1a: Swampert
|-singleturn|p1a: Swampert|Protect
|move|p2a: Celebi|Psychic|p1a: Swampert
|-activate|p1a: Swampert|Protect
|
|-heal|p2a: Celebi|88/100 tox|[from] item: Leftovers
|-damage|p2a: Celebi|70/100 tox|[from] psn
|-heal|p1a: Swampert|60/100|[from] item: Leftovers
|upkeep
|turn|71
|
|t:|1730124935
|move|p1a: Swampert|Protect|p1a: Swampert
|-singleturn|p1a: Swampert|Protect
|move|p2a: Celebi|Psychic|p1a: Swampert
|-activate|p1a: Swampert|Protect
|
|-heal|p2a: Celebi|76/100 tox|[from] item: Leftovers
|-damage|p2a: Celebi|51/100 tox|[from] psn
|-heal|p1a: Swampert|67/100|[from] item: Leftovers
|upkeep
|turn|72
|
|t:|1730124940
|move|p2a: Celebi|Psychic|p1a: Swampert
|-damage|p1a: Swampert|9/100
|move|p1a: Swampert|Surf|p2a: Celebi
|-resisted|p2a: Celebi
|-damage|p2a: Celebi|42/100 tox
|
|-heal|p2a: Celebi|48/100 tox|[from] item: Leftovers
|-damage|p2a: Celebi|17/100 tox|[from] psn
|-heal|p1a: Swampert|16/100|[from] item: Leftovers
|upkeep
|turn|73
|
|t:|1730124946
|move|p1a: Swampert|Protect|p1a: Swampert
|-singleturn|p1a: Swampert|Protect
|move|p2a: Celebi|Psychic|p1a: Swampert
|-activate|p1a: Swampert|Protect
|
|-heal|p2a: Celebi|24/100 tox|[from] item: Leftovers
|-damage|p2a: Celebi|0 fnt|[from] psn
|faint|p2a: Celebi
|-heal|p1a: Swampert|22/100|[from] item: Leftovers
|upkeep
|
|t:|1730124948
|switch|p2a: Snorlax|Snorlax, M|61/100 slp
|turn|74
|
|t:|1730124954
|move|p1a: Swampert|Surf|p2a: Snorlax
|-damage|p2a: Snorlax|40/100 slp
|-curestatus|p2a: Snorlax|slp|[msg]
|move|p2a: Snorlax|Curse|p2a: Snorlax
|-unboost|p2a: Snorlax|spe|1
|-boost|p2a: Snorlax|atk|1
|-boost|p2a: Snorlax|def|1
|
|-heal|p1a: Swampert|28/100|[from] item: Leftovers
|-heal|p2a: Snorlax|46/100|[from] item: Leftovers
|upkeep
|turn|75
|
|t:|1730124968
|move|p1a: Swampert|Surf|p2a: Snorlax
|-damage|p2a: Snorlax|25/100
|move|p2a: Snorlax|Rest|p2a: Snorlax
|-status|p2a: Snorlax|slp|[from] move: Rest
|-heal|p2a: Snorlax|100/100 slp|[silent]
|
|-heal|p1a: Swampert|34/100|[from] item: Leftovers
|upkeep
|turn|76
|
|t:|1730124971
|switch|p1a: Dugtrio|Dugtrio, F|100/100
|cant|p2a: Snorlax|slp
|
|upkeep
|turn|77
|
|t:|1730124974
|move|p1a: Dugtrio|Earthquake|p2a: Snorlax
|-damage|p2a: Snorlax|74/100 slp
|cant|p2a: Snorlax|slp
|
|-heal|p2a: Snorlax|81/100 slp|[from] item: Leftovers
|upkeep
|turn|78
|
|t:|1730124977
|move|p1a: Dugtrio|Earthquake|p2a: Snorlax
|-damage|p2a: Snorlax|51/100 slp
|-curestatus|p2a: Snorlax|slp|[msg]
|move|p2a: Snorlax|Body Slam|p1a: Dugtrio
|-crit|p1a: Dugtrio
|-damage|p1a: Dugtrio|0 fnt
|faint|p1a: Dugtrio
|
|t:|1730124981
|switch|p1a: Swampert|Swampert, M|34/100
|
|-heal|p1a: Swampert|40/100|[from] item: Leftovers
|-heal|p2a: Snorlax|57/100|[from] item: Leftovers
|upkeep
|turn|79
|
|t:|1730124985
|move|p1a: Swampert|Surf|p2a: Snorlax
|-damage|p2a: Snorlax|41/100
|move|p2a: Snorlax|Rest|p2a: Snorlax
|-status|p2a: Snorlax|slp|[from] move: Rest
|-heal|p2a: Snorlax|100/100 slp|[silent]
|
|-heal|p1a: Swampert|47/100|[from] item: Leftovers
|upkeep
|turn|80
|c|☆Depres_ionCher_y|gg
|c|☆Fakes|ggs
|c|☆Fakes|ty
|-message|Depres_ionCher_y forfeited.
|
|win|Fakes

</script>
<script type="application/json" class="data" id="replaydata-smogtours-gen3ou-803057">
{"id":"smogtours-gen3ou-803057","format":"[Gen 3] OU","players":["Depres_ionCher_y","Fakes"],"uploadtime":1730124999,"views":138,"formatid":"gen3ou","rating":null,"private":1,"password":null}
</script>

<script defer src="js/replays.js?9d40a366"></script>
