<!DOCTYPE html>
<meta charset="utf-8" />
<meta name="viewport" content="width=device-width" />

<title>[Gen 3] OU: Hexmoonie vs. Yallen - Replays - Pok&eacute;mon Showdown!</title>

<meta name="description" content="Watch a replay of a Pok&eacute;mon battle between Hexmoonie and Yallen! Format: [Gen 3] OU; Date: Oct 3, 2024" />
<!--

Hey, you! Looking in the source for the replay log?

You can find them in JSON format, just add `.json` at the end of a replay URL.

https://replay.pokemonshowdown.com/gen7randomdoublesbattle-865046831.json

Or, if you only need the log itself, add `.log` instead:

https://replay.pokemonshowdown.com/gen7randomdoublesbattle-865046831.log

-->

<link rel="stylesheet" href="//pokemonshowdown.com/style/global.css?0.023195364461161105" />
<link rel="stylesheet" href="//play.pokemonshowdown.com/style/font-awesome.css?0.13261647063804238" />
<link rel="stylesheet" href="//play.pokemonshowdown.com/style/battle.css?0.8753245789963631" />
<link rel="stylesheet" href="//play.pokemonshowdown.com/style/utilichart.css?0.8627959624976733" />

<!-- Global site tag (gtag.js) - Google Analytics -->
<script async src="https://www.googletagmanager.com/gtag/js?id=UA-26211653-1"></script>
<script>
  window.dataLayer = window.dataLayer || [];
  function gtag(){dataLayer.push(arguments);}
  gtag('js', new Date());

  gtag('config', 'UA-26211653-1');
</script>
<!-- End Google Analytics -->
<!-- Venatus Ad Manager - Install in <HEAD> of page -->
	<script src="https://hb.vntsm.com/v3/live/ad-manager.min.js" type="text/javascript" data-site-id="642aba63ec9a7b11c3c9c1be" data-mode="scan" async></script>
<!-- / Venatus Ad Manager -->

<style>
	@media (max-width:820px) {
		.battle {
			margin: 0 auto;
		}
		.battle-log {
			margin: 7px auto 0;
			max-width: 640px;
			height: 300px;
			position: static;
		}
	}
	.optgroup {
		display: inline-block;
		line-height: 22px;
		font-size: 10pt;
	}
	.optgroup .button {
		height: 25px;
		padding-top: 0;
		padding-bottom: 0;
	}
	.optgroup button.button {
		padding-left: 12px;
		padding-right: 12px;
	}
	.linklist {
		list-style: none;
		margin: 0.5em 0;
		padding: 0;
	}
	.linklist li {
		padding: 2px 0;
	}
	.sidebar {
		float: left;
		width: 320px;
	}
	.bar-wrapper {
		max-width: 1100px;
		margin: 0 auto;
	}
	.bar-wrapper.has-sidebar {
		max-width: 1430px;
	}
	.mainbar {
		margin: 0;
		padding-right: 1px;
	}
	.mainbar.has-sidebar {
		margin-left: 330px;
	}
	@media (min-width: 1511px) {
		.sidebar {
			width: 400px;
		}
		.bar-wrapper.has-sidebar {
			max-width: 1510px;
		}
		.mainbar.has-sidebar {
			margin-left: 410px;
		}
	}
	.section.first-section {
		margin-top: 9px;
	}
	.blocklink small {
		white-space: normal;
	}
	.button {
		vertical-align: middle;
	}
	.replay-controls {
		padding-top: 10px;
	}
	.replay-controls h1 {
		font-size: 16pt;
		font-weight: normal;
		color: #CCC;
	}
	.pagelink {
		text-align: center;
	}
	.pagelink a {
		width: 150px;
	}
	.textbox, .button {
		font-size: 11pt;
		vertical-align: middle;
	}
	@media (max-width: 450px) {
		.button {
			font-size: 9pt;
		}
	}
</style>

<div>

	<header>
		<div class="nav-wrapper"><ul class="nav">
			<li><a class="button nav-first" href="//pokemonshowdown.com/"><img src="//pokemonshowdown.com/images/pokemonshowdownbeta.png" srcset="//pokemonshowdown.com/images/pokemonshowdownbeta.png 1x, //pokemonshowdown.com/images/pokemonshowdownbeta@2x.png 2x" alt="Pok&eacute;mon Showdown" width="146" height="44" /> Home</a></li>
			<li><a class="button" href="//pokemonshowdown.com/dex/">Pok&eacute;dex</a></li>
			<li><a class="button cur" href="/">Replays</a></li>
			<li><a class="button" href="//pokemonshowdown.com/ladder/">Ladder</a></li>
			<li><a class="button nav-last" href="//pokemonshowdown.com/forums/">Forum</a></li>
			<li><a class="button greenbutton nav-first nav-last" href="//play.pokemonshowdown.com/">Play</a></li>
		</ul></div>
	</header>

	<div class="main" id="main">

		<noscript><section class="section">You need to enable JavaScript to use this page; sorry!</section></noscript>

	</div>

</div>

<script defer nomodule src="//play.pokemonshowdown.com/js/lib/ps-polyfill.js"></script>
<script defer src="//play.pokemonshowdown.com/js/lib/preact.min.js"></script>

<script defer src="//play.pokemonshowdown.com/config/config.js?2bddbc15"></script>
<script defer src="//play.pokemonshowdown.com/js/lib/jquery-1.11.0.min.js"></script>
<script defer src="//play.pokemonshowdown.com/js/lib/html-sanitizer-minified.js"></script>
<script defer src="//play.pokemonshowdown.com/js/battle-sound.js"></script>
<script defer src="//play.pokemonshowdown.com/js/battledata.js?0.7209276989879541"></script>
<script defer src="//play.pokemonshowdown.com/data/pokedex-mini.js?0.6111056340867951"></script>
<script defer src="//play.pokemonshowdown.com/data/pokedex-mini-bw.js?0.3532142036491459"></script>
<script defer src="//play.pokemonshowdown.com/data/graphics.js?0.24223875632456182"></script>
<script defer src="//play.pokemonshowdown.com/data/pokedex.js?0.38839984266356864"></script>
<script defer src="//play.pokemonshowdown.com/data/moves.js?0.21866028504024015"></script>
<script defer src="//play.pokemonshowdown.com/data/abilities.js?0.2005157953846628"></script>
<script defer src="//play.pokemonshowdown.com/data/items.js?0.9894211263848525"></script>
<script defer src="//play.pokemonshowdown.com/data/teambuilder-tables.js?0.6008791140282215"></script>
<script defer src="//play.pokemonshowdown.com/js/battle-tooltips.js?0.7580118955022959"></script>
<script defer src="//play.pokemonshowdown.com/js/battle.js?0.6057722274234274"></script>

<script defer src="js/utils.js?e31f9a17"></script>
<script defer src="js/replays-battle.js?7008c182"></script>

<!-- don't scrape this data! just add .json or .log after the URL!
Full API docs: https://github.com/smogon/pokemon-showdown-client/blob/master/WEB-API.md -->
<script type="text/plain" class="log" id="replaylog-smogtours-gen3ou-794155">
|inactive|Battle timer is ON: inactive players will automatically lose when time's up.
|t:|1727919684
|gametype|singles
|player|p1|Hexmoonie|hexmaniac-gen6|
|player|p2|Yallen|265|
|teamsize|p1|6
|teamsize|p2|6
|gen|3
|tier|[Gen 3] OU
|rule|Sleep Clause Mod: Limit one foe put to sleep
|rule|Switch Priority Clause Mod: Faster Pokémon switch first
|rule|Species Clause: Limit one of each Pokémon
|rule|OHKO Clause: OHKO moves are banned
|rule|Evasion Items Clause: Evasion items are banned
|rule|Evasion Moves Clause: Evasion moves are banned
|rule|Endless Battle Clause: Forcing endless battles is banned
|rule|HP Percentage Mod: HP is shown in percentages
|rule|One Boost Passer Clause: Limit one Baton Passer that has a way to boost its stats
|rule|Freeze Clause Mod: Limit one foe frozen
|
|t:|1727919684
|start
|switch|p1a: Zapdos|Zapdos|100/100
|switch|p2a: Raikou|Raikou|100/100
|turn|1
|c|☆Hexmoonie|hf
|inactive|Hexmoonie has 270 seconds left.
|inactive|Yallen has 270 seconds left.
|
|t:|1727919723
|move|p2a: Raikou|Substitute|p2a: Raikou
|-start|p2a: Raikou|Substitute
|-damage|p2a: Raikou|76/100
|move|p1a: Zapdos|Substitute|p1a: Zapdos
|-start|p1a: Zapdos|Substitute
|-damage|p1a: Zapdos|76/100
|
|-heal|p1a: Zapdos|82/100|[from] item: Leftovers
|upkeep
|turn|2
|
|t:|1727919732
|move|p2a: Raikou|Thunderbolt|p1a: Zapdos
|-end|p1a: Zapdos|Substitute
|move|p1a: Zapdos|Thunderbolt|p2a: Raikou
|-resisted|p2a: Raikou
|-activate|p2a: Raikou|Substitute|[damage]
|
|-heal|p1a: Zapdos|88/100|[from] item: Leftovers
|upkeep
|turn|3
|
|t:|1727919747
|switch|p1a: Blissey|Blissey, F|100/100
|move|p2a: Raikou|Toxic|p1a: Blissey
|-status|p1a: Blissey|tox
|
|-damage|p1a: Blissey|94/100 tox|[from] psn
|upkeep
|turn|4
|
|t:|1727919767
|switch|p2a: Dugtrio|Dugtrio, M|100/100
|move|p1a: Blissey|Seismic Toss|p2a: Dugtrio
|-damage|p2a: Dugtrio|54/100
|
|-heal|p1a: Blissey|100/100 tox|[from] item: Leftovers
|-damage|p1a: Blissey|88/100 tox|[from] psn
|upkeep
|turn|5
|
|t:|1727919778
|move|p2a: Dugtrio|Earthquake|p1a: Blissey
|-damage|p1a: Blissey|38/100 tox
|move|p1a: Blissey|Ice Beam|p2a: Dugtrio
|-supereffective|p2a: Dugtrio
|-damage|p2a: Dugtrio|0 fnt
|faint|p2a: Dugtrio
|inactive|Yallen has 270 seconds left.
|
|t:|1727919804
|switch|p2a: Tyranitar|Tyranitar, F|100/100
|-weather|Sandstorm|[from] ability: Sand Stream|[of] p2a: Tyranitar
|
|-weather|Sandstorm|[upkeep]
|-damage|p1a: Blissey|32/100 tox|[from] Sandstorm
|-heal|p1a: Blissey|38/100 tox|[from] item: Leftovers
|-damage|p1a: Blissey|20/100 tox|[from] psn
|upkeep
|turn|6
|inactive|Yallen has 270 seconds left.
|
|t:|1727919826
|-curestatus|p1a: Blissey|tox|[from] ability: Natural Cure
|switch|p1a: Metagross|Metagross|100/100
|move|p2a: Tyranitar|Brick Break|p1a: Metagross
|-damage|p1a: Metagross|87/100
|
|-weather|Sandstorm|[upkeep]
|-heal|p1a: Metagross|93/100|[from] item: Leftovers
|upkeep
|turn|7
|inactive|Yallen has 240 seconds left.
|
|t:|1727919865
|switch|p2a: Zapdos|Zapdos|100/100
|move|p1a: Metagross|Earthquake|p2a: Zapdos
|-immune|p2a: Zapdos
|
|-weather|Sandstorm|[upkeep]
|-damage|p2a: Zapdos|94/100|[from] Sandstorm
|-heal|p2a: Zapdos|100/100|[from] item: Leftovers
|-heal|p1a: Metagross|99/100|[from] item: Leftovers
|upkeep
|turn|8
|inactive|Yallen has 240 seconds left.
|inactive|Hexmoonie has 270 seconds left.
|
|t:|1727919897
|move|p2a: Zapdos|Thunderbolt|p1a: Metagross
|-damage|p1a: Metagross|53/100
|move|p1a: Metagross|Meteor Mash|p2a: Zapdos
|-resisted|p2a: Zapdos
|-damage|p2a: Zapdos|76/100
|-boost|p1a: Metagross|atk|1
|
|-weather|Sandstorm|[upkeep]
|-damage|p2a: Zapdos|70/100|[from] Sandstorm
|-heal|p2a: Zapdos|76/100|[from] item: Leftovers
|-heal|p1a: Metagross|59/100|[from] item: Leftovers
|upkeep
|turn|9
|inactive|Yallen has 240 seconds left.
|
|t:|1727919917
|move|p1a: Metagross|Protect|p1a: Metagross
|-singleturn|p1a: Metagross|Protect
|move|p2a: Zapdos|Roar|p1a: Metagross
|-activate|p1a: Metagross|Protect
|
|-weather|Sandstorm|[upkeep]
|-damage|p2a: Zapdos|70/100|[from] Sandstorm
|-heal|p2a: Zapdos|76/100|[from] item: Leftovers
|-heal|p1a: Metagross|65/100|[from] item: Leftovers
|upkeep
|turn|10
|
|t:|1727919939
|move|p1a: Metagross|Explosion|p2a: Zapdos
|-damage|p2a: Zapdos|0 fnt
|faint|p1a: Metagross
|faint|p2a: Zapdos
|inactive|Yallen has 240 seconds left.
|
|t:|1727919965
|switch|p2a: Tyranitar|Tyranitar, F|100/100
|switch|p1a: Hariyama|Hariyama, F|100/100
|
|-weather|Sandstorm|[upkeep]
|-damage|p1a: Hariyama|94/100|[from] Sandstorm
|-heal|p1a: Hariyama|100/100|[from] item: Leftovers
|upkeep
|turn|11
|inactive|Yallen has 210 seconds left.
|
|t:|1727920009
|-singleturn|p1a: Hariyama|move: Focus Punch
|switch|p2a: Jirachi|Jirachi|100/100
|move|p1a: Hariyama|Focus Punch|p2a: Jirachi
|-damage|p2a: Jirachi|34/100
|
|-weather|Sandstorm|[upkeep]
|-damage|p1a: Hariyama|94/100|[from] Sandstorm
|-heal|p2a: Jirachi|40/100|[from] item: Leftovers
|-heal|p1a: Hariyama|100/100|[from] item: Leftovers
|upkeep
|turn|12
|inactive|Hexmoonie has 240 seconds left.
|inactive|Yallen has 180 seconds left.
|
|t:|1727920029
|move|p2a: Jirachi|Psychic|p1a: Hariyama
|-supereffective|p1a: Hariyama
|-damage|p1a: Hariyama|26/100
|move|p1a: Hariyama|Knock Off|p2a: Jirachi
|-damage|p2a: Jirachi|39/100
|-enditem|p2a: Jirachi|Leftovers|[from] move: Knock Off|[of] p1a: Hariyama
|-hint|In Gens 3-4, Knock Off only makes the target's item unusable; it cannot obtain a new item.
|
|-weather|Sandstorm|[upkeep]
|-damage|p1a: Hariyama|20/100|[from] Sandstorm
|-heal|p1a: Hariyama|26/100|[from] item: Leftovers
|upkeep
|turn|13
|inactive|Hexmoonie has 240 seconds left.
|inactive|Yallen has 180 seconds left.
|
|t:|1727920047
|switch|p1a: Starmie|Starmie|100/100
|move|p2a: Jirachi|Psychic|p1a: Starmie
|-resisted|p1a: Starmie
|-damage|p1a: Starmie|78/100
|
|-weather|Sandstorm|[upkeep]
|-damage|p1a: Starmie|71/100|[from] Sandstorm
|-heal|p1a: Starmie|78/100|[from] item: Leftovers
|upkeep
|turn|14
|
|t:|1727920056
|switch|p2a: Porygon2|Porygon2|100/100
|-ability|p2a: Porygon2|Natural Cure|[from] ability: Trace|[of] p1a: Starmie
|move|p1a: Starmie|Thunder Wave|p2a: Porygon2
|-status|p2a: Porygon2|par
|
|-weather|Sandstorm|[upkeep]
|-damage|p1a: Starmie|71/100|[from] Sandstorm
|-damage|p2a: Porygon2|94/100 par|[from] Sandstorm
|-heal|p1a: Starmie|78/100|[from] item: Leftovers
|-heal|p2a: Porygon2|100/100 par|[from] item: Leftovers
|upkeep
|turn|15
|inactive|Hexmoonie has 240 seconds left.
|inactive|Yallen has 180 seconds left.
|
|t:|1727920077
|switch|p1a: Zapdos|Zapdos|88/100
|move|p2a: Porygon2|Thunder Wave|p1a: Zapdos
|-status|p1a: Zapdos|par
|
|-weather|Sandstorm|[upkeep]
|-damage|p1a: Zapdos|82/100 par|[from] Sandstorm
|-damage|p2a: Porygon2|94/100 par|[from] Sandstorm
|-heal|p1a: Zapdos|88/100 par|[from] item: Leftovers
|-heal|p2a: Porygon2|100/100 par|[from] item: Leftovers
|upkeep
|turn|16
|inactive|Yallen has 180 seconds left.
|
|t:|1727920094
|move|p1a: Zapdos|Substitute|p1a: Zapdos
|-start|p1a: Zapdos|Substitute
|-damage|p1a: Zapdos|63/100 par
|move|p2a: Porygon2|Ice Beam|p1a: Zapdos
|-supereffective|p1a: Zapdos
|-end|p1a: Zapdos|Substitute
|
|-weather|Sandstorm|[upkeep]
|-damage|p1a: Zapdos|57/100 par|[from] Sandstorm
|-damage|p2a: Porygon2|94/100 par|[from] Sandstorm
|-heal|p1a: Zapdos|63/100 par|[from] item: Leftovers
|-heal|p2a: Porygon2|100/100 par|[from] item: Leftovers
|upkeep
|turn|17
|inactive|Yallen has 180 seconds left.
|inactive|Hexmoonie has 240 seconds left.
|
|t:|1727920121
|-curestatus|p2a: Porygon2|par|[from] ability: Natural Cure
|switch|p2a: Tyranitar|Tyranitar, F|100/100
|move|p1a: Zapdos|Thunderbolt|p2a: Tyranitar
|-damage|p2a: Tyranitar|53/100
|-status|p2a: Tyranitar|par
|-enditem|p2a: Tyranitar|Lum Berry|[eat]
|-curestatus|p2a: Tyranitar|par|[msg]
|
|-weather|Sandstorm|[upkeep]
|-damage|p1a: Zapdos|57/100 par|[from] Sandstorm
|-heal|p1a: Zapdos|63/100 par|[from] item: Leftovers
|upkeep
|turn|18
|inactive|Hexmoonie has 240 seconds left.
|
|t:|1727920143
|switch|p1a: Starmie|Starmie|78/100
|move|p2a: Tyranitar|Ice Beam|p1a: Starmie
|-resisted|p1a: Starmie
|-damage|p1a: Starmie|63/100
|
|-weather|Sandstorm|[upkeep]
|-damage|p1a: Starmie|57/100|[from] Sandstorm
|-heal|p1a: Starmie|63/100|[from] item: Leftovers
|upkeep
|turn|19
|
|t:|1727920154
|switch|p2a: Porygon2|Porygon2|100/100
|-ability|p2a: Porygon2|Natural Cure|[from] ability: Trace|[of] p1a: Starmie
|move|p1a: Starmie|Surf|p2a: Porygon2
|-damage|p2a: Porygon2|72/100
|
|-weather|Sandstorm|[upkeep]
|-damage|p1a: Starmie|57/100|[from] Sandstorm
|-damage|p2a: Porygon2|65/100|[from] Sandstorm
|-heal|p1a: Starmie|63/100|[from] item: Leftovers
|-heal|p2a: Porygon2|72/100|[from] item: Leftovers
|upkeep
|turn|20
|inactive|Hexmoonie has 210 seconds left.
|
|t:|1727920189
|switch|p1a: Zapdos|Zapdos|63/100 par
|move|p2a: Porygon2|Thunder Wave|p1a: Zapdos
|-fail|p1a: Zapdos|par
|
|-weather|Sandstorm|[upkeep]
|-damage|p2a: Porygon2|65/100|[from] Sandstorm
|-damage|p1a: Zapdos|57/100 par|[from] Sandstorm
|-heal|p2a: Porygon2|72/100|[from] item: Leftovers
|-heal|p1a: Zapdos|63/100 par|[from] item: Leftovers
|upkeep
|turn|21
|inactive|Hexmoonie has 210 seconds left.
|
|t:|1727920200
|move|p2a: Porygon2|Ice Beam|p1a: Zapdos
|-supereffective|p1a: Zapdos
|-damage|p1a: Zapdos|10/100 par
|move|p1a: Zapdos|Baton Pass|p1a: Zapdos
|inactive|Hexmoonie has 210 seconds left.
|
|t:|1727920205
|switch|p1a: Blissey|Blissey, F|20/100|[from] Baton Pass
|
|-weather|Sandstorm|[upkeep]
|-damage|p1a: Blissey|14/100|[from] Sandstorm
|-damage|p2a: Porygon2|65/100|[from] Sandstorm
|-heal|p1a: Blissey|20/100|[from] item: Leftovers
|-heal|p2a: Porygon2|72/100|[from] item: Leftovers
|upkeep
|turn|22
|inactive|Yallen has 150 seconds left.
|
|t:|1727920234
|move|p1a: Blissey|Soft-Boiled|p1a: Blissey
|-heal|p1a: Blissey|70/100
|move|p2a: Porygon2|Hidden Power|p1a: Blissey
|-supereffective|p1a: Blissey
|-damage|p1a: Blissey|45/100
|
|-weather|Sandstorm|[upkeep]
|-damage|p1a: Blissey|39/100|[from] Sandstorm
|-damage|p2a: Porygon2|65/100|[from] Sandstorm
|-heal|p1a: Blissey|45/100|[from] item: Leftovers
|-heal|p2a: Porygon2|72/100|[from] item: Leftovers
|upkeep
|turn|23
|inactive|Yallen has 150 seconds left.
|
|t:|1727920247
|move|p1a: Blissey|Soft-Boiled|p1a: Blissey
|-heal|p1a: Blissey|95/100
|move|p2a: Porygon2|Thunder Wave|p1a: Blissey
|-status|p1a: Blissey|par
|
|-weather|Sandstorm|[upkeep]
|-damage|p2a: Porygon2|65/100|[from] Sandstorm
|-damage|p1a: Blissey|89/100 par|[from] Sandstorm
|-heal|p2a: Porygon2|72/100|[from] item: Leftovers
|-heal|p1a: Blissey|95/100 par|[from] item: Leftovers
|upkeep
|turn|24
|inactive|Yallen has 150 seconds left.
|inactive|Yallen has 120 seconds left.
|
|t:|1727920288
|switch|p2a: Raikou|Raikou|76/100
|move|p1a: Blissey|Wish|p1a: Blissey
|
|-weather|Sandstorm|[upkeep]
|-damage|p2a: Raikou|69/100|[from] Sandstorm
|-damage|p1a: Blissey|89/100 par|[from] Sandstorm
|-heal|p1a: Blissey|95/100 par|[from] item: Leftovers
|upkeep
|turn|25
|inactive|Yallen has 120 seconds left.
|
|t:|1727920300
|-curestatus|p1a: Blissey|par|[from] ability: Natural Cure
|switch|p1a: Zapdos|Zapdos|10/100 par
|move|p2a: Raikou|Substitute|p2a: Raikou
|-start|p2a: Raikou|Substitute
|-damage|p2a: Raikou|45/100
|
|-heal|p1a: Zapdos|60/100 par|[from] move: Wish|[wisher] Blissey
|-weather|Sandstorm|[upkeep]
|-damage|p2a: Raikou|38/100|[from] Sandstorm
|-damage|p1a: Zapdos|54/100 par|[from] Sandstorm
|-heal|p1a: Zapdos|60/100 par|[from] item: Leftovers
|upkeep
|turn|26
|inactive|Yallen has 120 seconds left.
|
|t:|1727920317
|move|p2a: Raikou|Thunderbolt|p1a: Zapdos
|-damage|p1a: Zapdos|0 fnt
|faint|p1a: Zapdos
|
|t:|1727920322
|switch|p1a: Blissey|Blissey, F|95/100
|
|-weather|Sandstorm|[upkeep]
|-damage|p2a: Raikou|32/100|[from] Sandstorm
|-damage|p1a: Blissey|89/100|[from] Sandstorm
|-heal|p1a: Blissey|95/100|[from] item: Leftovers
|upkeep
|turn|27
|
|t:|1727920328
|move|p2a: Raikou|Toxic|p1a: Blissey
|-status|p1a: Blissey|tox
|move|p1a: Blissey|Seismic Toss|p2a: Raikou
|-end|p2a: Raikou|Substitute
|
|-weather|Sandstorm|[upkeep]
|-damage|p2a: Raikou|26/100|[from] Sandstorm
|-damage|p1a: Blissey|89/100 tox|[from] Sandstorm
|-heal|p1a: Blissey|95/100 tox|[from] item: Leftovers
|-damage|p1a: Blissey|89/100 tox|[from] psn
|upkeep
|turn|28
|
|t:|1727920345
|switch|p2a: Porygon2|Porygon2|72/100
|-ability|p2a: Porygon2|Natural Cure|[from] ability: Trace|[of] p1a: Blissey
|move|p1a: Blissey|Seismic Toss|p2a: Porygon2
|-damage|p2a: Porygon2|45/100
|
|-weather|Sandstorm|[upkeep]
|-damage|p1a: Blissey|83/100 tox|[from] Sandstorm
|-damage|p2a: Porygon2|39/100|[from] Sandstorm
|-heal|p1a: Blissey|89/100 tox|[from] item: Leftovers
|-damage|p1a: Blissey|77/100 tox|[from] psn
|-heal|p2a: Porygon2|45/100|[from] item: Leftovers
|upkeep
|turn|29
|
|t:|1727920359
|-curestatus|p1a: Blissey|tox|[from] ability: Natural Cure
|switch|p1a: Starmie|Starmie|63/100
|move|p2a: Porygon2|Recover|p2a: Porygon2
|-heal|p2a: Porygon2|95/100
|
|-weather|Sandstorm|[upkeep]
|-damage|p1a: Starmie|57/100|[from] Sandstorm
|-damage|p2a: Porygon2|89/100|[from] Sandstorm
|-heal|p1a: Starmie|63/100|[from] item: Leftovers
|-heal|p2a: Porygon2|95/100|[from] item: Leftovers
|upkeep
|turn|30
|
|t:|1727920370
|switch|p1a: Tyranitar|Tyranitar, M|100/100
|move|p2a: Porygon2|Thunder Wave|p1a: Tyranitar
|-status|p1a: Tyranitar|par
|
|-weather|Sandstorm|[upkeep]
|-damage|p2a: Porygon2|89/100|[from] Sandstorm
|-heal|p2a: Porygon2|95/100|[from] item: Leftovers
|upkeep
|turn|31
|
|t:|1727920386
|-singleturn|p1a: Tyranitar|move: Focus Punch
|move|p2a: Porygon2|Hidden Power|p1a: Tyranitar
|-supereffective|p1a: Tyranitar
|-damage|p1a: Tyranitar|43/100 par
|move|p1a: Tyranitar|Focus Punch||[still]
|cant|p1a: Tyranitar|Focus Punch|Focus Punch
|
|-weather|Sandstorm|[upkeep]
|-damage|p2a: Porygon2|89/100|[from] Sandstorm
|-heal|p2a: Porygon2|95/100|[from] item: Leftovers
|-heal|p1a: Tyranitar|49/100 par|[from] item: Leftovers
|upkeep
|turn|32
|inactive|Hexmoonie has 240 seconds left.
|
|t:|1727920398
|switch|p1a: Starmie|Starmie|63/100
|move|p2a: Porygon2|Hidden Power|p1a: Starmie
|-resisted|p1a: Starmie
|-damage|p1a: Starmie|55/100
|
|-weather|Sandstorm|[upkeep]
|-damage|p1a: Starmie|48/100|[from] Sandstorm
|-damage|p2a: Porygon2|89/100|[from] Sandstorm
|-heal|p1a: Starmie|55/100|[from] item: Leftovers
|-heal|p2a: Porygon2|95/100|[from] item: Leftovers
|upkeep
|turn|33
|
|t:|1727920408
|move|p1a: Starmie|Thunder Wave|p2a: Porygon2
|-status|p2a: Porygon2|par
|move|p2a: Porygon2|Thunder Wave|p1a: Starmie
|-status|p1a: Starmie|par
|
|-weather|Sandstorm|[upkeep]
|-damage|p1a: Starmie|48/100 par|[from] Sandstorm
|-damage|p2a: Porygon2|89/100 par|[from] Sandstorm
|-heal|p1a: Starmie|55/100 par|[from] item: Leftovers
|-heal|p2a: Porygon2|95/100 par|[from] item: Leftovers
|upkeep
|turn|34
|inactive|Yallen has 120 seconds left.
|
|t:|1727920446
|-curestatus|p1a: Starmie|par|[from] ability: Natural Cure
|switch|p1a: Blissey|Blissey, F|77/100
|-curestatus|p2a: Porygon2|par|[from] ability: Natural Cure
|switch|p2a: Raikou|Raikou|26/100
|
|-weather|Sandstorm|[upkeep]
|-damage|p2a: Raikou|20/100|[from] Sandstorm
|-damage|p1a: Blissey|70/100|[from] Sandstorm
|-heal|p1a: Blissey|77/100|[from] item: Leftovers
|upkeep
|turn|35
|inactive|Yallen has 90 seconds left.
|
|t:|1727920480
|move|p2a: Raikou|Toxic|p1a: Blissey
|-status|p1a: Blissey|tox
|move|p1a: Blissey|Wish|p1a: Blissey
|
|-weather|Sandstorm|[upkeep]
|-damage|p2a: Raikou|14/100|[from] Sandstorm
|-damage|p1a: Blissey|70/100 tox|[from] Sandstorm
|-heal|p1a: Blissey|77/100 tox|[from] item: Leftovers
|-damage|p1a: Blissey|70/100 tox|[from] psn
|upkeep
|turn|36
|inactive|Yallen has 90 seconds left.
|inactive|Yallen has 60 seconds left.
|
|t:|1727920515
|switch|p2a: Jirachi|Jirachi|39/100
|move|p1a: Blissey|Seismic Toss|p2a: Jirachi
|-damage|p2a: Jirachi|14/100
|
|-heal|p1a: Blissey|100/100 tox|[from] move: Wish|[wisher] Blissey
|-weather|Sandstorm|[upkeep]
|-damage|p1a: Blissey|94/100 tox|[from] Sandstorm
|-heal|p1a: Blissey|100/100 tox|[from] item: Leftovers
|-damage|p1a: Blissey|88/100 tox|[from] psn
|upkeep
|turn|37
|inactive|Yallen has 60 seconds left.
|
|t:|1727920529
|switch|p2a: Porygon2|Porygon2|95/100
|-ability|p2a: Porygon2|Natural Cure|[from] ability: Trace|[of] p1a: Blissey
|move|p1a: Blissey|Seismic Toss|p2a: Porygon2
|-damage|p2a: Porygon2|68/100
|
|-weather|Sandstorm|[upkeep]
|-damage|p1a: Blissey|82/100 tox|[from] Sandstorm
|-damage|p2a: Porygon2|62/100|[from] Sandstorm
|-heal|p1a: Blissey|88/100 tox|[from] item: Leftovers
|-damage|p1a: Blissey|70/100 tox|[from] psn
|-heal|p2a: Porygon2|68/100|[from] item: Leftovers
|upkeep
|turn|38
|inactive|Yallen has 60 seconds left.
|
|t:|1727920547
|-curestatus|p1a: Blissey|tox|[from] ability: Natural Cure
|switch|p1a: Tyranitar|Tyranitar, M|49/100 par
|move|p2a: Porygon2|Recover|p2a: Porygon2
|-heal|p2a: Porygon2|100/100
|
|-weather|Sandstorm|[upkeep]
|-damage|p2a: Porygon2|94/100|[from] Sandstorm
|-heal|p2a: Porygon2|100/100|[from] item: Leftovers
|-heal|p1a: Tyranitar|56/100 par|[from] item: Leftovers
|upkeep
|turn|39
|
|t:|1727920565
|switch|p1a: Starmie|Starmie|55/100
|move|p2a: Porygon2|Hidden Power|p1a: Starmie
|-resisted|p1a: Starmie
|-crit|p1a: Starmie
|-damage|p1a: Starmie|38/100
|
|-weather|Sandstorm|[upkeep]
|-damage|p1a: Starmie|31/100|[from] Sandstorm
|-damage|p2a: Porygon2|94/100|[from] Sandstorm
|-heal|p1a: Starmie|38/100|[from] item: Leftovers
|-heal|p2a: Porygon2|100/100|[from] item: Leftovers
|upkeep
|turn|40
|
|t:|1727920575
|move|p1a: Starmie|Recover|p1a: Starmie
|-heal|p1a: Starmie|88/100
|move|p2a: Porygon2|Thunder Wave|p1a: Starmie
|-status|p1a: Starmie|par
|
|-weather|Sandstorm|[upkeep]
|-damage|p2a: Porygon2|94/100|[from] Sandstorm
|-damage|p1a: Starmie|81/100 par|[from] Sandstorm
|-heal|p2a: Porygon2|100/100|[from] item: Leftovers
|-heal|p1a: Starmie|88/100 par|[from] item: Leftovers
|upkeep
|turn|41
|
|t:|1727920586
|move|p2a: Porygon2|Hidden Power|p1a: Starmie
|-resisted|p1a: Starmie
|-damage|p1a: Starmie|80/100 par
|move|p1a: Starmie|Thunder Wave|p2a: Porygon2
|-status|p2a: Porygon2|par
|
|-weather|Sandstorm|[upkeep]
|-damage|p1a: Starmie|73/100 par|[from] Sandstorm
|-damage|p2a: Porygon2|94/100 par|[from] Sandstorm
|-heal|p1a: Starmie|80/100 par|[from] item: Leftovers
|-heal|p2a: Porygon2|100/100 par|[from] item: Leftovers
|upkeep
|turn|42
|inactive|Hexmoonie has 270 seconds left.
|
|t:|1727920600
|-curestatus|p1a: Starmie|par|[from] ability: Natural Cure
|switch|p1a: Blissey|Blissey, F|70/100
|move|p2a: Porygon2|Hidden Power|p1a: Blissey
|-supereffective|p1a: Blissey
|-damage|p1a: Blissey|48/100
|
|-weather|Sandstorm|[upkeep]
|-damage|p1a: Blissey|41/100|[from] Sandstorm
|-damage|p2a: Porygon2|94/100 par|[from] Sandstorm
|-heal|p1a: Blissey|48/100|[from] item: Leftovers
|-heal|p2a: Porygon2|100/100 par|[from] item: Leftovers
|upkeep
|turn|43
|
|t:|1727920611
|move|p1a: Blissey|Soft-Boiled|p1a: Blissey
|-heal|p1a: Blissey|98/100
|move|p2a: Porygon2|Hidden Power|p1a: Blissey
|-supereffective|p1a: Blissey
|-damage|p1a: Blissey|75/100
|
|-weather|Sandstorm|[upkeep]
|-damage|p1a: Blissey|69/100|[from] Sandstorm
|-damage|p2a: Porygon2|94/100 par|[from] Sandstorm
|-heal|p1a: Blissey|75/100|[from] item: Leftovers
|-heal|p2a: Porygon2|100/100 par|[from] item: Leftovers
|upkeep
|turn|44
|
|t:|1727920621
|move|p1a: Blissey|Seismic Toss|p2a: Porygon2
|-damage|p2a: Porygon2|74/100 par
|move|p2a: Porygon2|Hidden Power|p1a: Blissey
|-supereffective|p1a: Blissey
|-damage|p1a: Blissey|54/100
|
|-weather|Sandstorm|[upkeep]
|-damage|p1a: Blissey|48/100|[from] Sandstorm
|-damage|p2a: Porygon2|68/100 par|[from] Sandstorm
|-heal|p1a: Blissey|54/100|[from] item: Leftovers
|-heal|p2a: Porygon2|74/100 par|[from] item: Leftovers
|upkeep
|turn|45
|
|t:|1727920631
|move|p1a: Blissey|Soft-Boiled|p1a: Blissey
|-heal|p1a: Blissey|100/100
|move|p2a: Porygon2|Hidden Power|p1a: Blissey
|-supereffective|p1a: Blissey
|-damage|p1a: Blissey|76/100
|
|-weather|Sandstorm|[upkeep]
|-damage|p1a: Blissey|70/100|[from] Sandstorm
|-damage|p2a: Porygon2|68/100 par|[from] Sandstorm
|-heal|p1a: Blissey|76/100|[from] item: Leftovers
|-heal|p2a: Porygon2|74/100 par|[from] item: Leftovers
|upkeep
|turn|46
|
|t:|1727920643
|move|p1a: Blissey|Wish|p1a: Blissey
|move|p2a: Porygon2|Hidden Power|p1a: Blissey
|-supereffective|p1a: Blissey
|-damage|p1a: Blissey|53/100
|
|-weather|Sandstorm|[upkeep]
|-damage|p1a: Blissey|47/100|[from] Sandstorm
|-damage|p2a: Porygon2|68/100 par|[from] Sandstorm
|-heal|p1a: Blissey|53/100|[from] item: Leftovers
|-heal|p2a: Porygon2|74/100 par|[from] item: Leftovers
|upkeep
|turn|47
|
|t:|1727920658
|switch|p1a: Hariyama|Hariyama, F|26/100
|move|p2a: Porygon2|Hidden Power|p1a: Hariyama
|-damage|p1a: Hariyama|13/100
|
|-heal|p1a: Hariyama|63/100|[from] move: Wish|[wisher] Blissey
|-weather|Sandstorm|[upkeep]
|-damage|p1a: Hariyama|57/100|[from] Sandstorm
|-damage|p2a: Porygon2|68/100 par|[from] Sandstorm
|-heal|p1a: Hariyama|63/100|[from] item: Leftovers
|-heal|p2a: Porygon2|74/100 par|[from] item: Leftovers
|upkeep
|turn|48
|
|t:|1727920675
|move|p1a: Hariyama|Brick Break|p2a: Porygon2
|-supereffective|p2a: Porygon2
|-damage|p2a: Porygon2|17/100 par
|move|p2a: Porygon2|Hidden Power|p1a: Hariyama
|-damage|p1a: Hariyama|48/100
|
|-weather|Sandstorm|[upkeep]
|-damage|p1a: Hariyama|42/100|[from] Sandstorm
|-damage|p2a: Porygon2|11/100 par|[from] Sandstorm
|-heal|p1a: Hariyama|48/100|[from] item: Leftovers
|-heal|p2a: Porygon2|17/100 par|[from] item: Leftovers
|upkeep
|turn|49
|inactive|Yallen has 60 seconds left.
|
|t:|1727920693
|-curestatus|p2a: Porygon2|par|[from] ability: Natural Cure
|switch|p2a: Raikou|Raikou|14/100
|move|p1a: Hariyama|Brick Break|p2a: Raikou
|-damage|p2a: Raikou|0 fnt
|faint|p2a: Raikou
|inactive|Yallen has 60 seconds left.
|
|t:|1727920702
|switch|p2a: Jirachi|Jirachi|14/100
|
|-weather|Sandstorm|[upkeep]
|-damage|p1a: Hariyama|42/100|[from] Sandstorm
|-heal|p1a: Hariyama|48/100|[from] item: Leftovers
|upkeep
|turn|50
|inactive|Yallen has 60 seconds left.
|
|t:|1727920720
|switch|p1a: Starmie|Starmie|80/100
|move|p2a: Jirachi|Psychic|p1a: Starmie
|-resisted|p1a: Starmie
|-crit|p1a: Starmie
|-damage|p1a: Starmie|36/100
|
|-weather|Sandstorm|[upkeep]
|-damage|p1a: Starmie|30/100|[from] Sandstorm
|-heal|p1a: Starmie|36/100|[from] item: Leftovers
|upkeep
|turn|51
|inactive|Yallen has 60 seconds left.
|
|t:|1727920736
|move|p1a: Starmie|Recover|p1a: Starmie
|-heal|p1a: Starmie|86/100
|move|p2a: Jirachi|Hidden Power|p1a: Starmie
|-supereffective|p1a: Starmie
|-damage|p1a: Starmie|36/100
|
|-weather|Sandstorm|[upkeep]
|-damage|p1a: Starmie|30/100|[from] Sandstorm
|-heal|p1a: Starmie|36/100|[from] item: Leftovers
|upkeep
|turn|52
|inactive|Yallen has 60 seconds left.
|
|t:|1727920747
|move|p1a: Starmie|Surf|p2a: Jirachi
|-damage|p2a: Jirachi|0 fnt
|faint|p2a: Jirachi
|
|t:|1727920753
|switch|p2a: Porygon2|Porygon2|17/100
|-ability|p2a: Porygon2|Natural Cure|[from] ability: Trace|[of] p1a: Starmie
|
|-weather|Sandstorm|[upkeep]
|-damage|p1a: Starmie|30/100|[from] Sandstorm
|-damage|p2a: Porygon2|11/100|[from] Sandstorm
|-heal|p1a: Starmie|36/100|[from] item: Leftovers
|-heal|p2a: Porygon2|17/100|[from] item: Leftovers
|upkeep
|turn|53
|inactive|Yallen has 60 seconds left.
|c|☆Yallen|gg
|
|t:|1727920762
|move|p1a: Starmie|Surf|p2a: Porygon2
|-damage|p2a: Porygon2|0 fnt
|faint|p2a: Porygon2
|
|t:|1727920766
|switch|p2a: Tyranitar|Tyranitar, F|53/100
|
|-weather|Sandstorm|[upkeep]
|-damage|p1a: Starmie|30/100|[from] Sandstorm
|-heal|p1a: Starmie|36/100|[from] item: Leftovers
|upkeep
|turn|54
|c|☆Hexmoonie|gg
|
|t:|1727920773
|move|p1a: Starmie|Surf|p2a: Tyranitar
|-supereffective|p2a: Tyranitar
|-damage|p2a: Tyranitar|0 fnt
|faint|p2a: Tyranitar
|
|win|Hexmoonie
|player|p1|
|player|p1|Hexmoonie|hexmaniac-gen6|

</script>
<script type="application/json" class="data" id="replaydata-smogtours-gen3ou-794155">
{"id":"smogtours-gen3ou-794155","format":"[Gen 3] OU","players":["Hexmoonie","Yallen"],"uploadtime":1727920773,"views":145,"formatid":"gen3ou","rating":null,"private":0,"password":null}
</script>

<script defer src="js/replays.js?9d40a366"></script>
