<!DOCTYPE html>
<meta charset="utf-8" />
<meta name="viewport" content="width=device-width" />

<title>[Gen 3] OU: ShellyYGO vs. Attalyn - Replays - Pok&eacute;mon Showdown!</title>

<meta name="description" content="Watch a replay of a Pok&eacute;mon battle between ShellyYGO and Attalyn! Format: [Gen 3] OU; Date: Oct 3, 2024" />
<!--

Hey, you! Looking in the source for the replay log?

You can find them in JSON format, just add `.json` at the end of a replay URL.

https://replay.pokemonshowdown.com/gen7randomdoublesbattle-865046831.json

Or, if you only need the log itself, add `.log` instead:

https://replay.pokemonshowdown.com/gen7randomdoublesbattle-865046831.log

-->

<link rel="stylesheet" href="//pokemonshowdown.com/style/global.css?0.767286132409787" />
<link rel="stylesheet" href="//play.pokemonshowdown.com/style/font-awesome.css?0.9266228007934947" />
<link rel="stylesheet" href="//play.pokemonshowdown.com/style/battle.css?0.7924700842790926" />
<link rel="stylesheet" href="//play.pokemonshowdown.com/style/utilichart.css?0.8777417872839479" />

<!-- Global site tag (gtag.js) - Google Analytics -->
<script async src="https://www.googletagmanager.com/gtag/js?id=UA-26211653-1"></script>
<script>
  window.dataLayer = window.dataLayer || [];
  function gtag(){dataLayer.push(arguments);}
  gtag('js', new Date());

  gtag('config', 'UA-26211653-1');
</script>
<!-- End Google Analytics -->
<!-- Venatus Ad Manager - Install in <HEAD> of page -->
	<script src="https://hb.vntsm.com/v3/live/ad-manager.min.js" type="text/javascript" data-site-id="642aba63ec9a7b11c3c9c1be" data-mode="scan" async></script>
<!-- / Venatus Ad Manager -->

<style>
	@media (max-width:820px) {
		.battle {
			margin: 0 auto;
		}
		.battle-log {
			margin: 7px auto 0;
			max-width: 640px;
			height: 300px;
			position: static;
		}
	}
	.optgroup {
		display: inline-block;
		line-height: 22px;
		font-size: 10pt;
	}
	.optgroup .button {
		height: 25px;
		padding-top: 0;
		padding-bottom: 0;
	}
	.optgroup button.button {
		padding-left: 12px;
		padding-right: 12px;
	}
	.linklist {
		list-style: none;
		margin: 0.5em 0;
		padding: 0;
	}
	.linklist li {
		padding: 2px 0;
	}
	.sidebar {
		float: left;
		width: 320px;
	}
	.bar-wrapper {
		max-width: 1100px;
		margin: 0 auto;
	}
	.bar-wrapper.has-sidebar {
		max-width: 1430px;
	}
	.mainbar {
		margin: 0;
		padding-right: 1px;
	}
	.mainbar.has-sidebar {
		margin-left: 330px;
	}
	@media (min-width: 1511px) {
		.sidebar {
			width: 400px;
		}
		.bar-wrapper.has-sidebar {
			max-width: 1510px;
		}
		.mainbar.has-sidebar {
			margin-left: 410px;
		}
	}
	.section.first-section {
		margin-top: 9px;
	}
	.blocklink small {
		white-space: normal;
	}
	.button {
		vertical-align: middle;
	}
	.replay-controls {
		padding-top: 10px;
	}
	.replay-controls h1 {
		font-size: 16pt;
		font-weight: normal;
		color: #CCC;
	}
	.pagelink {
		text-align: center;
	}
	.pagelink a {
		width: 150px;
	}
	.textbox, .button {
		font-size: 11pt;
		vertical-align: middle;
	}
	@media (max-width: 450px) {
		.button {
			font-size: 9pt;
		}
	}
</style>

<div>

	<header>
		<div class="nav-wrapper"><ul class="nav">
			<li><a class="button nav-first" href="//pokemonshowdown.com/"><img src="//pokemonshowdown.com/images/pokemonshowdownbeta.png" srcset="//pokemonshowdown.com/images/pokemonshowdownbeta.png 1x, //pokemonshowdown.com/images/pokemonshowdownbeta@2x.png 2x" alt="Pok&eacute;mon Showdown" width="146" height="44" /> Home</a></li>
			<li><a class="button" href="//pokemonshowdown.com/dex/">Pok&eacute;dex</a></li>
			<li><a class="button cur" href="/">Replays</a></li>
			<li><a class="button" href="//pokemonshowdown.com/ladder/">Ladder</a></li>
			<li><a class="button nav-last" href="//pokemonshowdown.com/forums/">Forum</a></li>
			<li><a class="button greenbutton nav-first nav-last" href="//play.pokemonshowdown.com/">Play</a></li>
		</ul></div>
	</header>

	<div class="main" id="main">

		<noscript><section class="section">You need to enable JavaScript to use this page; sorry!</section></noscript>

	</div>

</div>

<script defer nomodule src="//play.pokemonshowdown.com/js/lib/ps-polyfill.js"></script>
<script defer src="//play.pokemonshowdown.com/js/lib/preact.min.js"></script>

<script defer src="//play.pokemonshowdown.com/config/config.js?6dec07f6"></script>
<script defer src="//play.pokemonshowdown.com/js/lib/jquery-1.11.0.min.js"></script>
<script defer src="//play.pokemonshowdown.com/js/lib/html-sanitizer-minified.js"></script>
<script defer src="//play.pokemonshowdown.com/js/battle-sound.js"></script>
<script defer src="//play.pokemonshowdown.com/js/battledata.js?0.6315294753075389"></script>
<script defer src="//play.pokemonshowdown.com/data/pokedex-mini.js?0.7603743185311358"></script>
<script defer src="//play.pokemonshowdown.com/data/pokedex-mini-bw.js?0.030888842834281283"></script>
<script defer src="//play.pokemonshowdown.com/data/graphics.js?0.05593094747507488"></script>
<script defer src="//play.pokemonshowdown.com/data/pokedex.js?0.47064822249611904"></script>
<script defer src="//play.pokemonshowdown.com/data/moves.js?0.8583693120512459"></script>
<script defer src="//play.pokemonshowdown.com/data/abilities.js?0.16017181182386842"></script>
<script defer src="//play.pokemonshowdown.com/data/items.js?0.4163379185673943"></script>
<script defer src="//play.pokemonshowdown.com/data/teambuilder-tables.js?0.31075597372830477"></script>
<script defer src="//play.pokemonshowdown.com/js/battle-tooltips.js?0.6536193500708172"></script>
<script defer src="//play.pokemonshowdown.com/js/battle.js?0.1916591943277901"></script>

<script defer src="js/utils.js?e31f9a17"></script>
<script defer src="js/replays-battle.js?7008c182"></script>

<!-- don't scrape this data! just add .json or .log after the URL!
Full API docs: https://github.com/smogon/pokemon-showdown-client/blob/master/WEB-API.md -->
<script type="text/plain" class="log" id="replaylog-smogtours-gen3ou-794160">
|inactive|Battle timer is ON: inactive players will automatically lose when time's up.
|t:|1727921359
|gametype|singles
|player|p1|ShellyYGO|hugh|
|player|p2|Attalyn|1|
|teamsize|p1|6
|teamsize|p2|6
|gen|3
|tier|[Gen 3] OU
|rule|Sleep Clause Mod: Limit one foe put to sleep
|rule|Switch Priority Clause Mod: Faster Pokémon switch first
|rule|Species Clause: Limit one of each Pokémon
|rule|OHKO Clause: OHKO moves are banned
|rule|Evasion Items Clause: Evasion items are banned
|rule|Evasion Moves Clause: Evasion moves are banned
|rule|Endless Battle Clause: Forcing endless battles is banned
|rule|HP Percentage Mod: HP is shown in percentages
|rule|One Boost Passer Clause: Limit one Baton Passer that has a way to boost its stats
|rule|Freeze Clause Mod: Limit one foe frozen
|
|t:|1727921359
|start
|switch|p1a: NeverBackDown|Zapdos|100/100
|switch|p2a: Jolteon|Jolteon, M|100/100
|turn|1
|
|t:|1727921369
|switch|p1a: Pipe Cleaner|Forretress, M, shiny|100/100
|move|p2a: Jolteon|Thunder Wave|p1a: Pipe Cleaner
|-status|p1a: Pipe Cleaner|par
|
|upkeep
|turn|2
|
|t:|1727921390
|move|p2a: Jolteon|Thunderbolt|p1a: Pipe Cleaner
|-damage|p1a: Pipe Cleaner|61/100 par
|move|p1a: Pipe Cleaner|Earthquake|p2a: Jolteon
|-supereffective|p2a: Jolteon
|-damage|p2a: Jolteon|14/100
|
|-heal|p2a: Jolteon|20/100|[from] item: Leftovers
|-heal|p1a: Pipe Cleaner|67/100 par|[from] item: Leftovers
|upkeep
|turn|3
|
|t:|1727921401
|move|p2a: Jolteon|Baton Pass|p2a: Jolteon
|
|t:|1727921408
|switch|p2a: Celebi|Celebi|100/100|[from] Baton Pass
|move|p1a: Pipe Cleaner|Earthquake|p2a: Celebi
|-resisted|p2a: Celebi
|-damage|p2a: Celebi|92/100
|
|-heal|p2a: Celebi|98/100|[from] item: Leftovers
|-heal|p1a: Pipe Cleaner|74/100 par|[from] item: Leftovers
|upkeep
|turn|4
|inactive|Attalyn has 270 seconds left.
|
|t:|1727921451
|switch|p2a: Jirachi|Jirachi|100/100
|switch|p1a: The Tank|Blissey, F|100/100
|
|upkeep
|turn|5
|
|t:|1727921466
|switch|p2a: Metagross|Metagross|100/100
|move|p1a: The Tank|Seismic Toss|p2a: Metagross
|-damage|p2a: Metagross|73/100
|
|-heal|p2a: Metagross|79/100|[from] item: Leftovers
|upkeep
|turn|6
|
|t:|1727921483
|switch|p1a: Pipe Cleaner|Forretress, M, shiny|74/100 par
|move|p2a: Metagross|Hidden Power|p1a: Pipe Cleaner
|-resisted|p1a: Pipe Cleaner
|-damage|p1a: Pipe Cleaner|70/100 par
|
|-heal|p2a: Metagross|85/100|[from] item: Leftovers
|-heal|p1a: Pipe Cleaner|76/100 par|[from] item: Leftovers
|upkeep
|turn|7
|inactive|Attalyn has 240 seconds left.
|
|t:|1727921502
|move|p2a: Metagross|Meteor Mash|p1a: Pipe Cleaner
|-resisted|p1a: Pipe Cleaner
|-damage|p1a: Pipe Cleaner|57/100 par
|move|p1a: Pipe Cleaner|Hidden Power|p2a: Metagross
|-damage|p2a: Metagross|69/100
|
|-heal|p2a: Metagross|75/100|[from] item: Leftovers
|-heal|p1a: Pipe Cleaner|63/100 par|[from] item: Leftovers
|upkeep
|turn|8
|inactive|Attalyn has 240 seconds left.
|
|t:|1727921517
|switch|p2a: Jirachi|Jirachi|100/100
|move|p1a: Pipe Cleaner|Earthquake|p2a: Jirachi
|-supereffective|p2a: Jirachi
|-damage|p2a: Jirachi|70/100
|
|-heal|p2a: Jirachi|76/100|[from] item: Leftovers
|-heal|p1a: Pipe Cleaner|69/100 par|[from] item: Leftovers
|upkeep
|turn|9
|inactive|Attalyn has 240 seconds left.
|
|t:|1727921528
|switch|p1a: BoogieWoogie|Charizard, M|100/100
|move|p2a: Jirachi|Wish|p2a: Jirachi
|
|-heal|p2a: Jirachi|83/100|[from] item: Leftovers
|upkeep
|turn|10
|inactive|Attalyn has 240 seconds left.
|
|t:|1727921539
|move|p1a: BoogieWoogie|Substitute|p1a: BoogieWoogie
|-start|p1a: BoogieWoogie|Substitute
|-damage|p1a: BoogieWoogie|76/100
|move|p2a: Jirachi|Thunderbolt|p1a: BoogieWoogie
|-supereffective|p1a: BoogieWoogie
|-end|p1a: BoogieWoogie|Substitute
|
|-heal|p2a: Jirachi|100/100|[from] move: Wish|[wisher] Jirachi
|-heal|p1a: BoogieWoogie|82/100|[from] item: Leftovers
|upkeep
|turn|11
|inactive|Attalyn has 240 seconds left.
|
|t:|1727921551
|switch|p1a: The SwampMonster|Swampert, M|100/100
|move|p2a: Jirachi|Thunderbolt|p1a: The SwampMonster
|-immune|p1a: The SwampMonster
|
|upkeep
|turn|12
|
|t:|1727921561
|switch|p2a: Celebi|Celebi|98/100
|move|p1a: The SwampMonster|Protect||[still]
|-fail|p1a: The SwampMonster
|
|-heal|p2a: Celebi|100/100|[from] item: Leftovers
|upkeep
|turn|13
|
|t:|1727921571
|move|p2a: Celebi|Calm Mind|p2a: Celebi
|-boost|p2a: Celebi|spa|1
|-boost|p2a: Celebi|spd|1
|move|p1a: The SwampMonster|Ice Beam|p2a: Celebi
|-supereffective|p2a: Celebi
|-damage|p2a: Celebi|78/100
|
|-heal|p2a: Celebi|84/100|[from] item: Leftovers
|upkeep
|turn|14
|
|t:|1727921583
|move|p2a: Celebi|Giga Drain|p1a: The SwampMonster
|-supereffective|p1a: The SwampMonster
|-damage|p1a: The SwampMonster|0 fnt
|-heal|p2a: Celebi|100/100|[from] drain|[of] p1a: The SwampMonster
|faint|p1a: The SwampMonster
|
|t:|1727921595
|switch|p1a: Pipe Cleaner|Forretress, M, shiny|69/100 par
|
|-heal|p1a: Pipe Cleaner|75/100 par|[from] item: Leftovers
|upkeep
|turn|15
|
|t:|1727921599
|move|p2a: Celebi|Hidden Power|p1a: Pipe Cleaner
|-supereffective|p1a: Pipe Cleaner
|-crit|p1a: Pipe Cleaner
|-damage|p1a: Pipe Cleaner|0 fnt
|faint|p1a: Pipe Cleaner
|
|t:|1727921607
|switch|p1a: BoogieWoogie|Charizard, M|82/100
|
|-heal|p1a: BoogieWoogie|88/100|[from] item: Leftovers
|upkeep
|turn|16
|inactive|Attalyn has 270 seconds left.
|
|t:|1727921627
|move|p1a: BoogieWoogie|Substitute|p1a: BoogieWoogie
|-start|p1a: BoogieWoogie|Substitute
|-damage|p1a: BoogieWoogie|63/100
|move|p2a: Celebi|Baton Pass|p2a: Celebi
|
|t:|1727921631
|switch|p2a: Starmie|Starmie|100/100|[from] Baton Pass
|
|-heal|p1a: BoogieWoogie|69/100|[from] item: Leftovers
|upkeep
|turn|17
|inactive|Attalyn has 270 seconds left.
|
|t:|1727921637
|move|p2a: Starmie|Thunderbolt|p1a: BoogieWoogie
|-supereffective|p1a: BoogieWoogie
|-end|p1a: BoogieWoogie|Substitute
|move|p1a: BoogieWoogie|Hidden Power|p2a: Starmie
|-supereffective|p2a: Starmie
|-damage|p2a: Starmie|57/100
|
|-heal|p2a: Starmie|63/100|[from] item: Leftovers
|-heal|p1a: BoogieWoogie|75/100|[from] item: Leftovers
|upkeep
|turn|18
|inactive|Attalyn has 270 seconds left.
|
|t:|1727921647
|switch|p1a: Yuji|Sceptile, M|100/100
|move|p2a: Starmie|Thunderbolt|p1a: Yuji
|-resisted|p1a: Yuji
|-damage|p1a: Yuji|72/100
|
|-heal|p1a: Yuji|78/100|[from] item: Leftovers
|-heal|p2a: Starmie|69/100|[from] item: Leftovers
|upkeep
|turn|19
|inactive|Attalyn has 270 seconds left.
|
|t:|1727921668
|move|p1a: Yuji|Leaf Blade|p2a: Starmie
|-supereffective|p2a: Starmie
|-damage|p2a: Starmie|10/100
|move|p2a: Starmie|Ice Beam|p1a: Yuji
|-supereffective|p1a: Yuji
|-damage|p1a: Yuji|0 fnt
|faint|p1a: Yuji
|
|t:|1727921678
|switch|p1a: NeverBackDown|Zapdos|100/100
|
|-heal|p2a: Starmie|16/100|[from] item: Leftovers
|upkeep
|turn|20
|inactive|Attalyn has 270 seconds left.
|
|t:|1727921688
|switch|p2a: Jolteon|Jolteon, M|20/100
|move|p1a: NeverBackDown|Thunderbolt|p2a: Jolteon
|-heal|p2a: Jolteon|45/100|[from] ability: Volt Absorb|[of] p1a: NeverBackDown
|
|-heal|p2a: Jolteon|51/100|[from] item: Leftovers
|upkeep
|turn|21
|inactive|Attalyn has 270 seconds left.
|
|t:|1727921697
|switch|p1a: The Tank|Blissey, F|100/100
|move|p2a: Jolteon|Thunder Wave|p1a: The Tank
|-status|p1a: The Tank|par
|
|-heal|p2a: Jolteon|57/100|[from] item: Leftovers
|upkeep
|turn|22
|inactive|Attalyn has 270 seconds left.
|
|t:|1727921711
|move|p2a: Jolteon|Baton Pass|p2a: Jolteon
|
|t:|1727921713
|switch|p2a: Dugtrio|Dugtrio, M|100/100|[from] Baton Pass
|cant|p1a: The Tank|par
|
|upkeep
|turn|23
|
|t:|1727921718
|move|p2a: Dugtrio|Beat Up|p1a: The Tank
|-damage|p1a: The Tank|92/100 par
|-damage|p1a: The Tank|84/100 par
|-damage|p1a: The Tank|71/100 par
|-damage|p1a: The Tank|63/100 par
|-damage|p1a: The Tank|50/100 par
|-damage|p1a: The Tank|34/100 par
|-hitcount|p1a: The Tank|6
|move|p1a: The Tank|Ice Beam|p2a: Dugtrio
|-supereffective|p2a: Dugtrio
|-damage|p2a: Dugtrio|21/100
|
|-heal|p1a: The Tank|41/100 par|[from] item: Leftovers
|upkeep
|turn|24
|
|t:|1727921730
|move|p2a: Dugtrio|Beat Up|p1a: The Tank
|-damage|p1a: The Tank|31/100 par
|-damage|p1a: The Tank|23/100 par
|-damage|p1a: The Tank|11/100 par
|-damage|p1a: The Tank|2/100 par
|-damage|p1a: The Tank|0 fnt
|-hitcount|p1a: The Tank|5
|faint|p1a: The Tank
|
|t:|1727921733
|switch|p1a: NeverBackDown|Zapdos|100/100
|
|upkeep
|turn|25
|
|t:|1727921742
|move|p2a: Dugtrio|Beat Up|p1a: NeverBackDown
|-damage|p1a: NeverBackDown|98/100
|-damage|p1a: NeverBackDown|96/100
|-damage|p1a: NeverBackDown|93/100
|-damage|p1a: NeverBackDown|90/100
|-damage|p1a: NeverBackDown|87/100
|-damage|p1a: NeverBackDown|83/100
|-hitcount|p1a: NeverBackDown|6
|move|p1a: NeverBackDown|Hidden Power|p2a: Dugtrio
|-supereffective|p2a: Dugtrio
|-damage|p2a: Dugtrio|0 fnt
|faint|p2a: Dugtrio
|
|t:|1727921755
|switch|p2a: Celebi|Celebi|100/100
|
|-heal|p1a: NeverBackDown|89/100|[from] item: Leftovers
|upkeep
|turn|26
|
|t:|1727921760
|switch|p1a: BoogieWoogie|Charizard, M|75/100
|move|p2a: Celebi|Calm Mind|p2a: Celebi
|-boost|p2a: Celebi|spa|1
|-boost|p2a: Celebi|spd|1
|
|-heal|p1a: BoogieWoogie|81/100|[from] item: Leftovers
|upkeep
|turn|27
|
|t:|1727921775
|move|p1a: BoogieWoogie|Substitute|p1a: BoogieWoogie
|-start|p1a: BoogieWoogie|Substitute
|-damage|p1a: BoogieWoogie|56/100
|move|p2a: Celebi|Calm Mind|p2a: Celebi
|-boost|p2a: Celebi|spa|1
|-boost|p2a: Celebi|spd|1
|
|-heal|p1a: BoogieWoogie|62/100|[from] item: Leftovers
|upkeep
|turn|28
|
|t:|1727921781
|move|p1a: BoogieWoogie|Fire Blast|p2a: Celebi
|-supereffective|p2a: Celebi
|-damage|p2a: Celebi|56/100
|move|p2a: Celebi|Calm Mind|p2a: Celebi
|-boost|p2a: Celebi|spa|1
|-boost|p2a: Celebi|spd|1
|
|-heal|p1a: BoogieWoogie|68/100|[from] item: Leftovers
|-heal|p2a: Celebi|62/100|[from] item: Leftovers
|upkeep
|turn|29
|inactive|Attalyn has 270 seconds left.
|
|t:|1727921823
|move|p1a: BoogieWoogie|Fire Blast|p2a: Celebi
|-supereffective|p2a: Celebi
|-damage|p2a: Celebi|23/100
|move|p2a: Celebi|Baton Pass|p2a: Celebi
|
|t:|1727921833
|switch|p2a: Jirachi|Jirachi|100/100|[from] Baton Pass
|
|-heal|p1a: BoogieWoogie|74/100|[from] item: Leftovers
|upkeep
|turn|30
|
|t:|1727921838
|-singleturn|p1a: BoogieWoogie|move: Focus Punch
|move|p2a: Jirachi|Thunderbolt|p1a: BoogieWoogie
|-supereffective|p1a: BoogieWoogie
|-end|p1a: BoogieWoogie|Substitute
|move|p1a: BoogieWoogie|Focus Punch|p2a: Jirachi
|-damage|p2a: Jirachi|80/100
|
|-heal|p1a: BoogieWoogie|80/100|[from] item: Leftovers
|-heal|p2a: Jirachi|86/100|[from] item: Leftovers
|upkeep
|turn|31
|inactive|Attalyn has 270 seconds left.
|
|t:|1727921848
|move|p1a: BoogieWoogie|Fire Blast|p2a: Jirachi|[miss]
|-miss|p1a: BoogieWoogie|p2a: Jirachi
|move|p2a: Jirachi|Thunderbolt|p1a: BoogieWoogie
|-supereffective|p1a: BoogieWoogie
|-damage|p1a: BoogieWoogie|0 fnt
|faint|p1a: BoogieWoogie
|
|t:|1727921850
|switch|p1a: NeverBackDown|Zapdos|89/100
|
|-heal|p1a: NeverBackDown|96/100|[from] item: Leftovers
|-heal|p2a: Jirachi|93/100|[from] item: Leftovers
|upkeep
|turn|32
|
|t:|1727921858
|move|p2a: Jirachi|Ice Punch|p1a: NeverBackDown
|-supereffective|p1a: NeverBackDown
|-damage|p1a: NeverBackDown|4/100
|move|p1a: NeverBackDown|Roar|p2a: Jirachi
|drag|p2a: Celebi|Celebi|23/100
|
|-heal|p1a: NeverBackDown|10/100|[from] item: Leftovers
|-heal|p2a: Celebi|29/100|[from] item: Leftovers
|upkeep
|turn|33
|
|t:|1727921870
|move|p1a: NeverBackDown|Thunderbolt|p2a: Celebi
|-resisted|p2a: Celebi
|-crit|p2a: Celebi
|-damage|p2a: Celebi|0 fnt
|faint|p2a: Celebi
|
|t:|1727921874
|switch|p2a: Starmie|Starmie|16/100
|
|-heal|p2a: Starmie|22/100|[from] item: Leftovers
|-heal|p1a: NeverBackDown|16/100|[from] item: Leftovers
|upkeep
|turn|34
|
|t:|1727921881
|move|p2a: Starmie|Thunderbolt|p1a: NeverBackDown
|-damage|p1a: NeverBackDown|0 fnt
|faint|p1a: NeverBackDown
|
|win|Attalyn
|c|☆ShellyYGO|gg
|c|☆Attalyn|we have a series
|c|☆Attalyn|give me a minute brb
|c|☆Attalyn|alright, good to go for round 3
|c|☆ShellyYGO|Kk
|player|p1|

</script>
<script type="application/json" class="data" id="replaydata-smogtours-gen3ou-794160">
{"id":"smogtours-gen3ou-794160","format":"[Gen 3] OU","players":["ShellyYGO","Attalyn"],"uploadtime":1727921881,"views":95,"formatid":"gen3ou","rating":null,"private":0,"password":null}
</script>

<script defer src="js/replays.js?9d40a366"></script>
