<!DOCTYPE html>
<meta charset="utf-8" />
<meta name="viewport" content="width=device-width" />

<title>[Gen 3] OU: allmovingshadows vs. tyxerns - Replays - Pok&eacute;mon Showdown!</title>

<meta name="description" content="Watch a replay of a Pok&eacute;mon battle between allmovingshadows and tyxerns! Format: [Gen 3] OU; Date: Oct 24, 2024" />
<!--

Hey, you! Looking in the source for the replay log?

You can find them in JSON format, just add `.json` at the end of a replay URL.

https://replay.pokemonshowdown.com/gen7randomdoublesbattle-865046831.json

Or, if you only need the log itself, add `.log` instead:

https://replay.pokemonshowdown.com/gen7randomdoublesbattle-865046831.log

-->

<link rel="stylesheet" href="//pokemonshowdown.com/style/global.css?0.023195364461161105" />
<link rel="stylesheet" href="//play.pokemonshowdown.com/style/font-awesome.css?0.13261647063804238" />
<link rel="stylesheet" href="//play.pokemonshowdown.com/style/battle.css?0.8753245789963631" />
<link rel="stylesheet" href="//play.pokemonshowdown.com/style/utilichart.css?0.8627959624976733" />

<!-- Global site tag (gtag.js) - Google Analytics -->
<script async src="https://www.googletagmanager.com/gtag/js?id=UA-26211653-1"></script>
<script>
  window.dataLayer = window.dataLayer || [];
  function gtag(){dataLayer.push(arguments);}
  gtag('js', new Date());

  gtag('config', 'UA-26211653-1');
</script>
<!-- End Google Analytics -->
<!-- Venatus Ad Manager - Install in <HEAD> of page -->
	<script src="https://hb.vntsm.com/v3/live/ad-manager.min.js" type="text/javascript" data-site-id="642aba63ec9a7b11c3c9c1be" data-mode="scan" async></script>
<!-- / Venatus Ad Manager -->

<style>
	@media (max-width:820px) {
		.battle {
			margin: 0 auto;
		}
		.battle-log {
			margin: 7px auto 0;
			max-width: 640px;
			height: 300px;
			position: static;
		}
	}
	.optgroup {
		display: inline-block;
		line-height: 22px;
		font-size: 10pt;
	}
	.optgroup .button {
		height: 25px;
		padding-top: 0;
		padding-bottom: 0;
	}
	.optgroup button.button {
		padding-left: 12px;
		padding-right: 12px;
	}
	.linklist {
		list-style: none;
		margin: 0.5em 0;
		padding: 0;
	}
	.linklist li {
		padding: 2px 0;
	}
	.sidebar {
		float: left;
		width: 320px;
	}
	.bar-wrapper {
		max-width: 1100px;
		margin: 0 auto;
	}
	.bar-wrapper.has-sidebar {
		max-width: 1430px;
	}
	.mainbar {
		margin: 0;
		padding-right: 1px;
	}
	.mainbar.has-sidebar {
		margin-left: 330px;
	}
	@media (min-width: 1511px) {
		.sidebar {
			width: 400px;
		}
		.bar-wrapper.has-sidebar {
			max-width: 1510px;
		}
		.mainbar.has-sidebar {
			margin-left: 410px;
		}
	}
	.section.first-section {
		margin-top: 9px;
	}
	.blocklink small {
		white-space: normal;
	}
	.button {
		vertical-align: middle;
	}
	.replay-controls {
		padding-top: 10px;
	}
	.replay-controls h1 {
		font-size: 16pt;
		font-weight: normal;
		color: #CCC;
	}
	.pagelink {
		text-align: center;
	}
	.pagelink a {
		width: 150px;
	}
	.textbox, .button {
		font-size: 11pt;
		vertical-align: middle;
	}
	@media (max-width: 450px) {
		.button {
			font-size: 9pt;
		}
	}
</style>

<div>

	<header>
		<div class="nav-wrapper"><ul class="nav">
			<li><a class="button nav-first" href="//pokemonshowdown.com/"><img src="//pokemonshowdown.com/images/pokemonshowdownbeta.png" srcset="//pokemonshowdown.com/images/pokemonshowdownbeta.png 1x, //pokemonshowdown.com/images/pokemonshowdownbeta@2x.png 2x" alt="Pok&eacute;mon Showdown" width="146" height="44" /> Home</a></li>
			<li><a class="button" href="//pokemonshowdown.com/dex/">Pok&eacute;dex</a></li>
			<li><a class="button cur" href="/">Replays</a></li>
			<li><a class="button" href="//pokemonshowdown.com/ladder/">Ladder</a></li>
			<li><a class="button nav-last" href="//pokemonshowdown.com/forums/">Forum</a></li>
			<li><a class="button greenbutton nav-first nav-last" href="//play.pokemonshowdown.com/">Play</a></li>
		</ul></div>
	</header>

	<div class="main" id="main">

		<noscript><section class="section">You need to enable JavaScript to use this page; sorry!</section></noscript>

	</div>

</div>

<script defer nomodule src="//play.pokemonshowdown.com/js/lib/ps-polyfill.js"></script>
<script defer src="//play.pokemonshowdown.com/js/lib/preact.min.js"></script>

<script defer src="//play.pokemonshowdown.com/config/config.js?2bddbc15"></script>
<script defer src="//play.pokemonshowdown.com/js/lib/jquery-1.11.0.min.js"></script>
<script defer src="//play.pokemonshowdown.com/js/lib/html-sanitizer-minified.js"></script>
<script defer src="//play.pokemonshowdown.com/js/battle-sound.js"></script>
<script defer src="//play.pokemonshowdown.com/js/battledata.js?0.7209276989879541"></script>
<script defer src="//play.pokemonshowdown.com/data/pokedex-mini.js?0.6111056340867951"></script>
<script defer src="//play.pokemonshowdown.com/data/pokedex-mini-bw.js?0.3532142036491459"></script>
<script defer src="//play.pokemonshowdown.com/data/graphics.js?0.24223875632456182"></script>
<script defer src="//play.pokemonshowdown.com/data/pokedex.js?0.38839984266356864"></script>
<script defer src="//play.pokemonshowdown.com/data/moves.js?0.21866028504024015"></script>
<script defer src="//play.pokemonshowdown.com/data/abilities.js?0.2005157953846628"></script>
<script defer src="//play.pokemonshowdown.com/data/items.js?0.9894211263848525"></script>
<script defer src="//play.pokemonshowdown.com/data/teambuilder-tables.js?0.6008791140282215"></script>
<script defer src="//play.pokemonshowdown.com/js/battle-tooltips.js?0.7580118955022959"></script>
<script defer src="//play.pokemonshowdown.com/js/battle.js?0.6057722274234274"></script>

<script defer src="js/utils.js?e31f9a17"></script>
<script defer src="js/replays-battle.js?7008c182"></script>

<!-- don't scrape this data! just add .json or .log after the URL!
Full API docs: https://github.com/smogon/pokemon-showdown-client/blob/master/WEB-API.md -->
<script type="text/plain" class="log" id="replaylog-smogtours-gen3ou-801482">
|inactive|Battle timer is ON: inactive players will automatically lose when time's up.
|t:|1729728744
|gametype|singles
|player|p1|allmovingshadows|unknown|
|player|p2|tyxerns|iono|
|teamsize|p1|6
|teamsize|p2|6
|gen|3
|tier|[Gen 3] OU
|rule|Sleep Clause Mod: Limit one foe put to sleep
|rule|Switch Priority Clause Mod: Faster Pokémon switch first
|rule|Species Clause: Limit one of each Pokémon
|rule|OHKO Clause: OHKO moves are banned
|rule|Evasion Items Clause: Evasion items are banned
|rule|Evasion Moves Clause: Evasion moves are banned
|rule|Endless Battle Clause: Forcing endless battles is banned
|rule|HP Percentage Mod: HP is shown in percentages
|rule|One Boost Passer Clause: Limit one Baton Passer that has a way to boost its stats
|rule|Freeze Clause Mod: Limit one foe frozen
|
|t:|1729728744
|start
|switch|p1a: Salamence|Salamence, F|100/100
|switch|p2a: Rhydon|Rhydon, F|100/100
|-ability|p1a: Salamence|Intimidate|boost
|-unboost|p2a: Rhydon|atk|1
|turn|1
|inactive|allmovingshadows has 270 seconds left.
|c|☆allmovingshadows|glhf
|c|☆tyxerns|u2
|
|t:|1729728803
|move|p1a: Salamence|Dragon Claw|p2a: Rhydon
|-damage|p2a: Rhydon|39/100
|move|p2a: Rhydon|Rock Slide|p1a: Salamence
|-supereffective|p1a: Salamence
|-damage|p1a: Salamence|0 fnt
|faint|p1a: Salamence
|inactive|allmovingshadows has 270 seconds left.
|
|t:|1729728846
|switch|p1a: Magneton|Magneton|100/100
|
|upkeep
|turn|2
|
|t:|1729728863
|move|p1a: Magneton|Hidden Power|p2a: Rhydon
|-supereffective|p2a: Rhydon
|-damage|p2a: Rhydon|0 fnt
|faint|p2a: Rhydon
|
|t:|1729728871
|switch|p2a: Dugtrio|Dugtrio, M|100/100
|
|upkeep
|turn|3
|
|t:|1729728875
|move|p2a: Dugtrio|Earthquake|p1a: Magneton
|-supereffective|p1a: Magneton
|-damage|p1a: Magneton|0 fnt
|faint|p1a: Magneton
|
|t:|1729728893
|switch|p1a: Milotic|Milotic, M|100/100
|
|upkeep
|turn|4
|
|t:|1729728904
|switch|p2a: Skarmory|Skarmory, F, shiny|100/100
|move|p1a: Milotic|Toxic|p2a: Skarmory
|-immune|p2a: Skarmory
|
|upkeep
|turn|5
|
|t:|1729728915
|move|p1a: Milotic|Surf|p2a: Skarmory
|-damage|p2a: Skarmory|71/100
|move|p2a: Skarmory|Toxic|p1a: Milotic
|-status|p1a: Milotic|tox
|
|-damage|p1a: Milotic|94/100 tox|[from] psn
|-heal|p2a: Skarmory|77/100|[from] item: Leftovers
|upkeep
|turn|6
|
|t:|1729728924
|move|p1a: Milotic|Surf|p2a: Skarmory
|-damage|p2a: Skarmory|46/100
|move|p2a: Skarmory|Spikes|p1a: Milotic
|-sidestart|p1: allmovingshadows|Spikes
|
|-heal|p1a: Milotic|100/100 tox|[from] item: Leftovers
|-damage|p1a: Milotic|88/100 tox|[from] psn
|-heal|p2a: Skarmory|52/100|[from] item: Leftovers
|upkeep
|turn|7
|
|t:|1729728930
|move|p2a: Skarmory|Protect|p2a: Skarmory
|-singleturn|p2a: Skarmory|Protect
|move|p1a: Milotic|Surf|p2a: Skarmory
|-activate|p2a: Skarmory|Protect
|
|-heal|p1a: Milotic|94/100 tox|[from] item: Leftovers
|-damage|p1a: Milotic|76/100 tox|[from] psn
|-heal|p2a: Skarmory|58/100|[from] item: Leftovers
|upkeep
|turn|8
|
|t:|1729728934
|move|p1a: Milotic|Refresh|p1a: Milotic
|-curestatus|p1a: Milotic|tox|[msg]
|move|p2a: Skarmory|Spikes|p1a: Milotic
|-sidestart|p1: allmovingshadows|Spikes
|
|-heal|p1a: Milotic|82/100|[from] item: Leftovers
|-heal|p2a: Skarmory|64/100|[from] item: Leftovers
|upkeep
|turn|9
|
|t:|1729728939
|move|p1a: Milotic|Recover|p1a: Milotic
|-heal|p1a: Milotic|100/100
|move|p2a: Skarmory|Spikes|p1a: Milotic
|-sidestart|p1: allmovingshadows|Spikes
|
|-heal|p2a: Skarmory|70/100|[from] item: Leftovers
|upkeep
|turn|10
|
|t:|1729728948
|move|p1a: Milotic|Surf|p2a: Skarmory
|-damage|p2a: Skarmory|39/100
|move|p2a: Skarmory|Toxic|p1a: Milotic|[miss]
|-miss|p2a: Skarmory|p1a: Milotic
|
|-heal|p2a: Skarmory|45/100|[from] item: Leftovers
|upkeep
|turn|11
|
|t:|1729728952
|move|p2a: Skarmory|Protect|p2a: Skarmory
|-singleturn|p2a: Skarmory|Protect
|move|p1a: Milotic|Toxic|p2a: Skarmory
|-activate|p2a: Skarmory|Protect
|
|-heal|p2a: Skarmory|51/100|[from] item: Leftovers
|upkeep
|turn|12
|
|t:|1729728959
|move|p1a: Milotic|Surf|p2a: Skarmory
|-damage|p2a: Skarmory|21/100
|move|p2a: Skarmory|Toxic|p1a: Milotic
|-status|p1a: Milotic|tox
|
|-damage|p1a: Milotic|94/100 tox|[from] psn
|-heal|p2a: Skarmory|27/100|[from] item: Leftovers
|upkeep
|turn|13
|
|t:|1729728974
|switch|p1a: Forretress|Forretress, F|100/100
|-damage|p1a: Forretress|76/100|[from] Spikes
|move|p2a: Skarmory|Roar|p1a: Forretress
|drag|p1a: Milotic|Milotic, M|94/100 tox
|-damage|p1a: Milotic|70/100 tox|[from] Spikes
|
|-heal|p1a: Milotic|76/100 tox|[from] item: Leftovers
|-damage|p1a: Milotic|70/100 tox|[from] psn
|-heal|p2a: Skarmory|33/100|[from] item: Leftovers
|upkeep
|turn|14
|
|t:|1729728997
|move|p2a: Skarmory|Protect|p2a: Skarmory
|-singleturn|p2a: Skarmory|Protect
|move|p1a: Milotic|Refresh|p1a: Milotic
|-curestatus|p1a: Milotic|tox|[msg]
|
|-heal|p1a: Milotic|76/100|[from] item: Leftovers
|-heal|p2a: Skarmory|39/100|[from] item: Leftovers
|upkeep
|turn|15
|
|t:|1729729005
|move|p1a: Milotic|Surf|p2a: Skarmory
|-damage|p2a: Skarmory|11/100
|move|p2a: Skarmory|Roar|p1a: Milotic
|drag|p1a: Tyranitar|Tyranitar, M|100/100
|-damage|p1a: Tyranitar|75/100|[from] Spikes
|-weather|Sandstorm|[from] ability: Sand Stream|[of] p1a: Tyranitar
|
|-weather|Sandstorm|[upkeep]
|-heal|p2a: Skarmory|17/100|[from] item: Leftovers
|-heal|p1a: Tyranitar|82/100|[from] item: Leftovers
|upkeep
|turn|16
|inactive|allmovingshadows has 270 seconds left.
|
|t:|1729729039
|switch|p2a: Breloom|Breloom, F|100/100
|move|p1a: Tyranitar|Ice Beam|p2a: Breloom
|-supereffective|p2a: Breloom
|-damage|p2a: Breloom|0 fnt
|faint|p2a: Breloom
|
|t:|1729729054
|switch|p2a: Dugtrio|Dugtrio, M|100/100
|
|-weather|Sandstorm|[upkeep]
|-heal|p1a: Tyranitar|88/100|[from] item: Leftovers
|upkeep
|turn|17
|
|t:|1729729061
|move|p2a: Dugtrio|Earthquake|p1a: Tyranitar
|-supereffective|p1a: Tyranitar
|-damage|p1a: Tyranitar|0 fnt
|faint|p1a: Tyranitar
|
|t:|1729729067
|switch|p1a: Forretress|Forretress, F|76/100
|-damage|p1a: Forretress|51/100|[from] Spikes
|
|-weather|Sandstorm|[upkeep]
|-heal|p1a: Forretress|57/100|[from] item: Leftovers
|upkeep
|turn|18
|
|t:|1729729081
|move|p2a: Dugtrio|Earthquake|p1a: Forretress
|-damage|p1a: Forretress|18/100
|move|p1a: Forretress|Rapid Spin|p2a: Dugtrio
|-damage|p2a: Dugtrio|88/100
|-sideend|p1: allmovingshadows|Spikes|[from] move: Rapid Spin|[of] p1a: Forretress
|
|-weather|Sandstorm|[upkeep]
|-heal|p1a: Forretress|25/100|[from] item: Leftovers
|upkeep
|turn|19
|
|t:|1729729087
|move|p2a: Dugtrio|Earthquake|p1a: Forretress
|-damage|p1a: Forretress|0 fnt
|faint|p1a: Forretress
|
|t:|1729729091
|switch|p1a: Milotic|Milotic, M|76/100
|
|-weather|Sandstorm|[upkeep]
|-damage|p1a: Milotic|70/100|[from] Sandstorm
|-heal|p1a: Milotic|76/100|[from] item: Leftovers
|upkeep
|turn|20
|
|t:|1729729096
|switch|p2a: Skarmory|Skarmory, F, shiny|17/100
|move|p1a: Milotic|Surf|p2a: Skarmory
|-damage|p2a: Skarmory|0 fnt
|faint|p2a: Skarmory
|
|t:|1729729124
|switch|p2a: Regice|Regice|100/100
|
|-weather|Sandstorm|[upkeep]
|-damage|p1a: Milotic|70/100|[from] Sandstorm
|-damage|p2a: Regice|94/100|[from] Sandstorm
|-heal|p1a: Milotic|76/100|[from] item: Leftovers
|-heal|p2a: Regice|100/100|[from] item: Leftovers
|upkeep
|turn|21
|inactive|allmovingshadows has 270 seconds left.
|
|t:|1729729162
|move|p1a: Milotic|Recover|p1a: Milotic
|-heal|p1a: Milotic|100/100
|move|p2a: Regice|Thunder Wave|p1a: Milotic
|-status|p1a: Milotic|par
|
|-weather|Sandstorm|[upkeep]
|-damage|p2a: Regice|94/100|[from] Sandstorm
|-damage|p1a: Milotic|94/100 par|[from] Sandstorm
|-heal|p2a: Regice|100/100|[from] item: Leftovers
|-heal|p1a: Milotic|100/100 par|[from] item: Leftovers
|upkeep
|turn|22
|
|t:|1729729174
|move|p2a: Regice|Thunderbolt|p1a: Milotic
|-supereffective|p1a: Milotic
|-damage|p1a: Milotic|59/100 par
|cant|p1a: Milotic|par
|
|-weather|Sandstorm|[upkeep]
|-damage|p2a: Regice|94/100|[from] Sandstorm
|-damage|p1a: Milotic|53/100 par|[from] Sandstorm
|-heal|p2a: Regice|100/100|[from] item: Leftovers
|-heal|p1a: Milotic|59/100 par|[from] item: Leftovers
|upkeep
|turn|23
|
|t:|1729729179
|move|p2a: Regice|Thunderbolt|p1a: Milotic
|-supereffective|p1a: Milotic
|-damage|p1a: Milotic|20/100 par
|move|p1a: Milotic|Toxic|p2a: Regice
|-status|p2a: Regice|tox
|
|-weather|Sandstorm|[upkeep]
|-damage|p2a: Regice|94/100 tox|[from] Sandstorm
|-damage|p1a: Milotic|14/100 par|[from] Sandstorm
|-heal|p2a: Regice|100/100 tox|[from] item: Leftovers
|-damage|p2a: Regice|94/100 tox|[from] psn
|-heal|p1a: Milotic|20/100 par|[from] item: Leftovers
|upkeep
|turn|24
|
|t:|1729729186
|move|p2a: Regice|Thunderbolt|p1a: Milotic
|-supereffective|p1a: Milotic
|-damage|p1a: Milotic|0 fnt
|faint|p1a: Milotic
|inactive|allmovingshadows has 270 seconds left.
|
|t:|1729729227
|switch|p1a: Metagross|Metagross|100/100
|
|-weather|Sandstorm|[upkeep]
|-damage|p2a: Regice|88/100 tox|[from] Sandstorm
|-heal|p2a: Regice|94/100 tox|[from] item: Leftovers
|-damage|p2a: Regice|82/100 tox|[from] psn
|upkeep
|turn|25
|
|t:|1729729239
|move|p1a: Metagross|Meteor Mash|p2a: Regice
|-supereffective|p2a: Regice
|-damage|p2a: Regice|0 fnt
|-boost|p1a: Metagross|atk|1
|faint|p2a: Regice
|
|t:|1729729249
|switch|p2a: Blissey|Blissey, F|100/100
|
|-weather|Sandstorm|[upkeep]
|-damage|p2a: Blissey|94/100|[from] Sandstorm
|-heal|p2a: Blissey|100/100|[from] item: Leftovers
|upkeep
|turn|26
|inactive|allmovingshadows has 270 seconds left.
|
|t:|1729729270
|move|p1a: Metagross|Meteor Mash|p2a: Blissey
|-damage|p2a: Blissey|10/100
|move|p2a: Blissey|Thunder Wave|p1a: Metagross
|-status|p1a: Metagross|par
|
|-weather|Sandstorm|[upkeep]
|-damage|p2a: Blissey|4/100|[from] Sandstorm
|-heal|p2a: Blissey|10/100|[from] item: Leftovers
|upkeep
|turn|27
|
|t:|1729729286
|move|p2a: Blissey|Soft-Boiled|p2a: Blissey
|-heal|p2a: Blissey|60/100
|move|p1a: Metagross|Earthquake|p2a: Blissey
|-damage|p2a: Blissey|3/100
|
|-weather|Sandstorm|[upkeep]
|-damage|p2a: Blissey|0 fnt|[from] Sandstorm
|faint|p2a: Blissey
|upkeep
|
|t:|1729729291
|switch|p2a: Dugtrio|Dugtrio, M|88/100
|turn|28
|inactive|allmovingshadows has 270 seconds left.
|
|t:|1729729306
|move|p2a: Dugtrio|Earthquake|p1a: Metagross
|-supereffective|p1a: Metagross
|-damage|p1a: Metagross|13/100 par
|move|p1a: Metagross|Earthquake|p2a: Dugtrio
|-damage|p2a: Dugtrio|0 fnt
|faint|p2a: Dugtrio
|
|win|allmovingshadows
|c|☆allmovingshadows|wow
|player|p2|
|c|☆allmovingshadows|gg

</script>
<script type="application/json" class="data" id="replaydata-smogtours-gen3ou-801482">
{"id":"smogtours-gen3ou-801482","format":"[Gen 3] OU","players":["allmovingshadows","tyxerns"],"uploadtime":1729729306,"views":66,"formatid":"gen3ou","rating":null,"private":1,"password":null}
</script>

<script defer src="js/replays.js?9d40a366"></script>
