<!DOCTYPE html>
<meta charset="utf-8" />
<meta name="viewport" content="width=device-width" />

<title>[Gen 3] OU: leng loi vs. crustaceus - Replays - Pok&eacute;mon Showdown!</title>

<meta name="description" content="Watch a replay of a Pok&eacute;mon battle between leng loi and crustaceus! Format: [Gen 3] OU; Date: Oct 2, 2024" />
<!--

Hey, you! Looking in the source for the replay log?

You can find them in JSON format, just add `.json` at the end of a replay URL.

https://replay.pokemonshowdown.com/gen7randomdoublesbattle-865046831.json

Or, if you only need the log itself, add `.log` instead:

https://replay.pokemonshowdown.com/gen7randomdoublesbattle-865046831.log

-->

<link rel="stylesheet" href="//pokemonshowdown.com/style/global.css?0.023195364461161105" />
<link rel="stylesheet" href="//play.pokemonshowdown.com/style/font-awesome.css?0.13261647063804238" />
<link rel="stylesheet" href="//play.pokemonshowdown.com/style/battle.css?0.8753245789963631" />
<link rel="stylesheet" href="//play.pokemonshowdown.com/style/utilichart.css?0.8627959624976733" />

<!-- Global site tag (gtag.js) - Google Analytics -->
<script async src="https://www.googletagmanager.com/gtag/js?id=UA-26211653-1"></script>
<script>
  window.dataLayer = window.dataLayer || [];
  function gtag(){dataLayer.push(arguments);}
  gtag('js', new Date());

  gtag('config', 'UA-26211653-1');
</script>
<!-- End Google Analytics -->
<!-- Venatus Ad Manager - Install in <HEAD> of page -->
	<script src="https://hb.vntsm.com/v3/live/ad-manager.min.js" type="text/javascript" data-site-id="642aba63ec9a7b11c3c9c1be" data-mode="scan" async></script>
<!-- / Venatus Ad Manager -->

<style>
	@media (max-width:820px) {
		.battle {
			margin: 0 auto;
		}
		.battle-log {
			margin: 7px auto 0;
			max-width: 640px;
			height: 300px;
			position: static;
		}
	}
	.optgroup {
		display: inline-block;
		line-height: 22px;
		font-size: 10pt;
	}
	.optgroup .button {
		height: 25px;
		padding-top: 0;
		padding-bottom: 0;
	}
	.optgroup button.button {
		padding-left: 12px;
		padding-right: 12px;
	}
	.linklist {
		list-style: none;
		margin: 0.5em 0;
		padding: 0;
	}
	.linklist li {
		padding: 2px 0;
	}
	.sidebar {
		float: left;
		width: 320px;
	}
	.bar-wrapper {
		max-width: 1100px;
		margin: 0 auto;
	}
	.bar-wrapper.has-sidebar {
		max-width: 1430px;
	}
	.mainbar {
		margin: 0;
		padding-right: 1px;
	}
	.mainbar.has-sidebar {
		margin-left: 330px;
	}
	@media (min-width: 1511px) {
		.sidebar {
			width: 400px;
		}
		.bar-wrapper.has-sidebar {
			max-width: 1510px;
		}
		.mainbar.has-sidebar {
			margin-left: 410px;
		}
	}
	.section.first-section {
		margin-top: 9px;
	}
	.blocklink small {
		white-space: normal;
	}
	.button {
		vertical-align: middle;
	}
	.replay-controls {
		padding-top: 10px;
	}
	.replay-controls h1 {
		font-size: 16pt;
		font-weight: normal;
		color: #CCC;
	}
	.pagelink {
		text-align: center;
	}
	.pagelink a {
		width: 150px;
	}
	.textbox, .button {
		font-size: 11pt;
		vertical-align: middle;
	}
	@media (max-width: 450px) {
		.button {
			font-size: 9pt;
		}
	}
</style>

<div>

	<header>
		<div class="nav-wrapper"><ul class="nav">
			<li><a class="button nav-first" href="//pokemonshowdown.com/"><img src="//pokemonshowdown.com/images/pokemonshowdownbeta.png" srcset="//pokemonshowdown.com/images/pokemonshowdownbeta.png 1x, //pokemonshowdown.com/images/pokemonshowdownbeta@2x.png 2x" alt="Pok&eacute;mon Showdown" width="146" height="44" /> Home</a></li>
			<li><a class="button" href="//pokemonshowdown.com/dex/">Pok&eacute;dex</a></li>
			<li><a class="button cur" href="/">Replays</a></li>
			<li><a class="button" href="//pokemonshowdown.com/ladder/">Ladder</a></li>
			<li><a class="button nav-last" href="//pokemonshowdown.com/forums/">Forum</a></li>
			<li><a class="button greenbutton nav-first nav-last" href="//play.pokemonshowdown.com/">Play</a></li>
		</ul></div>
	</header>

	<div class="main" id="main">

		<noscript><section class="section">You need to enable JavaScript to use this page; sorry!</section></noscript>

	</div>

</div>

<script defer nomodule src="//play.pokemonshowdown.com/js/lib/ps-polyfill.js"></script>
<script defer src="//play.pokemonshowdown.com/js/lib/preact.min.js"></script>

<script defer src="//play.pokemonshowdown.com/config/config.js?2bddbc15"></script>
<script defer src="//play.pokemonshowdown.com/js/lib/jquery-1.11.0.min.js"></script>
<script defer src="//play.pokemonshowdown.com/js/lib/html-sanitizer-minified.js"></script>
<script defer src="//play.pokemonshowdown.com/js/battle-sound.js"></script>
<script defer src="//play.pokemonshowdown.com/js/battledata.js?0.7209276989879541"></script>
<script defer src="//play.pokemonshowdown.com/data/pokedex-mini.js?0.6111056340867951"></script>
<script defer src="//play.pokemonshowdown.com/data/pokedex-mini-bw.js?0.3532142036491459"></script>
<script defer src="//play.pokemonshowdown.com/data/graphics.js?0.24223875632456182"></script>
<script defer src="//play.pokemonshowdown.com/data/pokedex.js?0.38839984266356864"></script>
<script defer src="//play.pokemonshowdown.com/data/moves.js?0.21866028504024015"></script>
<script defer src="//play.pokemonshowdown.com/data/abilities.js?0.2005157953846628"></script>
<script defer src="//play.pokemonshowdown.com/data/items.js?0.9894211263848525"></script>
<script defer src="//play.pokemonshowdown.com/data/teambuilder-tables.js?0.6008791140282215"></script>
<script defer src="//play.pokemonshowdown.com/js/battle-tooltips.js?0.7580118955022959"></script>
<script defer src="//play.pokemonshowdown.com/js/battle.js?0.6057722274234274"></script>

<script defer src="js/utils.js?e31f9a17"></script>
<script defer src="js/replays-battle.js?7008c182"></script>

<!-- don't scrape this data! just add .json or .log after the URL!
Full API docs: https://github.com/smogon/pokemon-showdown-client/blob/master/WEB-API.md -->
<script type="text/plain" class="log" id="replaylog-smogtours-gen3ou-794057">
|inactive|Battle timer is ON: inactive players will automatically lose when time's up.
|t:|1727903046
|gametype|singles
|player|p1|leng loi|#scl4machines2|
|player|p2|crustaceus|169|
|teamsize|p1|6
|teamsize|p2|6
|gen|3
|tier|[Gen 3] OU
|rule|Sleep Clause Mod: Limit one foe put to sleep
|rule|Switch Priority Clause Mod: Faster Pokémon switch first
|rule|Species Clause: Limit one of each Pokémon
|rule|OHKO Clause: OHKO moves are banned
|rule|Evasion Items Clause: Evasion items are banned
|rule|Evasion Moves Clause: Evasion moves are banned
|rule|Endless Battle Clause: Forcing endless battles is banned
|rule|HP Percentage Mod: HP is shown in percentages
|rule|One Boost Passer Clause: Limit one Baton Passer that has a way to boost its stats
|rule|Freeze Clause Mod: Limit one foe frozen
|
|t:|1727903046
|start
|switch|p1a: One More Time|Tyranitar, M|100/100
|switch|p2a: Perkons|Zapdos|100/100
|-weather|Sandstorm|[from] ability: Sand Stream|[of] p1a: One More Time
|turn|1
|c|☆leng loi|glhf
|inactive|leng loi has 270 seconds left.
|inactive|crustaceus has 270 seconds left.
|c|☆crustaceus|glhf
|inactive|leng loi has 240 seconds left.
|
|t:|1727903108
|move|p2a: Perkons|Baton Pass|p2a: Perkons
|
|t:|1727903129
|switch|p2a: Spridits|Celebi|100/100|[from] Baton Pass
|move|p1a: One More Time|Rock Slide|p2a: Spridits
|-damage|p2a: Spridits|71/100
|
|-weather|Sandstorm|[upkeep]
|-damage|p2a: Spridits|65/100|[from] Sandstorm
|-heal|p2a: Spridits|71/100|[from] item: Leftovers
|upkeep
|turn|2
|
|t:|1727903146
|move|p2a: Spridits|Giga Drain|p1a: One More Time
|-supereffective|p1a: One More Time
|-damage|p1a: One More Time|57/100
|-heal|p2a: Spridits|92/100|[from] drain|[of] p1a: One More Time
|move|p1a: One More Time|Hidden Power|p2a: Spridits
|-supereffective|p2a: Spridits
|-damage|p2a: Spridits|18/100
|
|-weather|Sandstorm|[upkeep]
|-damage|p2a: Spridits|12/100|[from] Sandstorm
|-heal|p2a: Spridits|18/100|[from] item: Leftovers
|-heal|p1a: One More Time|63/100|[from] item: Leftovers
|upkeep
|turn|3
|
|t:|1727903156
|switch|p1a: Aerodynamic|Skarmory, M|100/100
|move|p2a: Spridits|Giga Drain|p1a: Aerodynamic
|-resisted|p1a: Aerodynamic
|-crit|p1a: Aerodynamic
|-damage|p1a: Aerodynamic|89/100
|-heal|p2a: Spridits|23/100|[from] drain|[of] p1a: Aerodynamic
|
|-weather|Sandstorm|[upkeep]
|-damage|p2a: Spridits|16/100|[from] Sandstorm
|-heal|p2a: Spridits|23/100|[from] item: Leftovers
|-heal|p1a: Aerodynamic|95/100|[from] item: Leftovers
|upkeep
|turn|4
|
|t:|1727903178
|move|p2a: Spridits|Calm Mind|p2a: Spridits
|-boost|p2a: Spridits|spa|1
|-boost|p2a: Spridits|spd|1
|move|p1a: Aerodynamic|Spikes|p2a: Spridits
|-sidestart|p2: crustaceus|Spikes
|
|-weather|Sandstorm|[upkeep]
|-damage|p2a: Spridits|16/100|[from] Sandstorm
|-heal|p2a: Spridits|23/100|[from] item: Leftovers
|-heal|p1a: Aerodynamic|100/100|[from] item: Leftovers
|upkeep
|turn|5
|
|t:|1727903183
|move|p2a: Spridits|Hidden Power|p1a: Aerodynamic
|-supereffective|p1a: Aerodynamic
|-damage|p1a: Aerodynamic|50/100
|move|p1a: Aerodynamic|Drill Peck|p2a: Spridits
|-supereffective|p2a: Spridits
|-damage|p2a: Spridits|0 fnt
|faint|p2a: Spridits
|
|t:|1727903192
|switch|p2a: Perkons|Zapdos|100/100
|
|-weather|Sandstorm|[upkeep]
|-damage|p2a: Perkons|94/100|[from] Sandstorm
|-heal|p2a: Perkons|100/100|[from] item: Leftovers
|-heal|p1a: Aerodynamic|56/100|[from] item: Leftovers
|upkeep
|turn|6
|
|t:|1727903199
|move|p1a: Aerodynamic|Protect|p1a: Aerodynamic
|-singleturn|p1a: Aerodynamic|Protect
|move|p2a: Perkons|Hidden Power|p1a: Aerodynamic
|-activate|p1a: Aerodynamic|Protect
|
|-weather|Sandstorm|[upkeep]
|-damage|p2a: Perkons|94/100|[from] Sandstorm
|-heal|p2a: Perkons|100/100|[from] item: Leftovers
|-heal|p1a: Aerodynamic|62/100|[from] item: Leftovers
|upkeep
|turn|7
|
|t:|1727903225
|switch|p1a: Short Circuit|Zapdos|100/100
|move|p2a: Perkons|Thunderbolt|p1a: Short Circuit
|-damage|p1a: Short Circuit|58/100
|
|-weather|Sandstorm|[upkeep]
|-damage|p1a: Short Circuit|52/100|[from] Sandstorm
|-damage|p2a: Perkons|94/100|[from] Sandstorm
|-heal|p1a: Short Circuit|58/100|[from] item: Leftovers
|-heal|p2a: Perkons|100/100|[from] item: Leftovers
|upkeep
|turn|8
|inactive|leng loi has 270 seconds left.
|
|t:|1727903246
|move|p1a: Short Circuit|Thunderbolt|p2a: Perkons
|-damage|p2a: Perkons|60/100
|move|p2a: Perkons|Thunderbolt|p1a: Short Circuit
|-damage|p1a: Short Circuit|16/100
|
|-weather|Sandstorm|[upkeep]
|-damage|p1a: Short Circuit|10/100|[from] Sandstorm
|-damage|p2a: Perkons|54/100|[from] Sandstorm
|-heal|p1a: Short Circuit|16/100|[from] item: Leftovers
|-heal|p2a: Perkons|60/100|[from] item: Leftovers
|upkeep
|turn|9
|inactive|leng loi has 270 seconds left.
|
|t:|1727903253
|move|p1a: Short Circuit|Thunderbolt|p2a: Perkons
|-damage|p2a: Perkons|18/100
|move|p2a: Perkons|Thunderbolt|p1a: Short Circuit
|-damage|p1a: Short Circuit|0 fnt
|faint|p1a: Short Circuit
|
|t:|1727903257
|switch|p1a: Face to Face|Gengar, F|100/100
|
|-weather|Sandstorm|[upkeep]
|-damage|p1a: Face to Face|94/100|[from] Sandstorm
|-damage|p2a: Perkons|12/100|[from] Sandstorm
|-heal|p1a: Face to Face|100/100|[from] item: Leftovers
|-heal|p2a: Perkons|18/100|[from] item: Leftovers
|upkeep
|turn|10
|
|t:|1727903283
|move|p1a: Face to Face|Thunderbolt|p2a: Perkons
|-damage|p2a: Perkons|0 fnt
|faint|p2a: Perkons
|
|t:|1727903292
|switch|p2a: Spoks|Gengar, M|100/100
|
|-weather|Sandstorm|[upkeep]
|-damage|p2a: Spoks|94/100|[from] Sandstorm
|-damage|p1a: Face to Face|94/100|[from] Sandstorm
|-heal|p2a: Spoks|100/100|[from] item: Leftovers
|-heal|p1a: Face to Face|100/100|[from] item: Leftovers
|upkeep
|turn|11
|
|t:|1727903305
|move|p2a: Spoks|Will-O-Wisp|p1a: Face to Face
|-status|p1a: Face to Face|brn
|move|p1a: Face to Face|Will-O-Wisp|p2a: Spoks
|-status|p2a: Spoks|brn
|
|-weather|Sandstorm|[upkeep]
|-damage|p2a: Spoks|94/100 brn|[from] Sandstorm
|-damage|p1a: Face to Face|94/100 brn|[from] Sandstorm
|-heal|p2a: Spoks|100/100 brn|[from] item: Leftovers
|-damage|p2a: Spoks|88/100 brn|[from] brn
|-heal|p1a: Face to Face|100/100 brn|[from] item: Leftovers
|-damage|p1a: Face to Face|88/100 brn|[from] brn
|upkeep
|turn|12
|
|t:|1727903313
|switch|p1a: Superheroes|Swampert, M|100/100
|move|p2a: Spoks|Thunderbolt|p1a: Superheroes
|-immune|p1a: Superheroes
|
|-weather|Sandstorm|[upkeep]
|-damage|p2a: Spoks|82/100 brn|[from] Sandstorm
|-heal|p2a: Spoks|88/100 brn|[from] item: Leftovers
|-damage|p2a: Spoks|76/100 brn|[from] brn
|upkeep
|turn|13
|
|t:|1727903319
|switch|p2a: Daugava|Suicune|100/100
|-damage|p2a: Daugava|88/100|[from] Spikes
|move|p1a: Superheroes|Protect||[still]
|-fail|p1a: Superheroes
|
|-weather|Sandstorm|[upkeep]
|-damage|p2a: Daugava|82/100|[from] Sandstorm
|-heal|p2a: Daugava|88/100|[from] item: Leftovers
|upkeep
|turn|14
|
|t:|1727903344
|switch|p1a: Face to Face|Gengar, F|88/100 brn
|move|p2a: Daugava|Calm Mind|p2a: Daugava
|-boost|p2a: Daugava|spa|1
|-boost|p2a: Daugava|spd|1
|
|-weather|Sandstorm|[upkeep]
|-damage|p1a: Face to Face|82/100 brn|[from] Sandstorm
|-damage|p2a: Daugava|82/100|[from] Sandstorm
|-heal|p1a: Face to Face|88/100 brn|[from] item: Leftovers
|-damage|p1a: Face to Face|76/100 brn|[from] brn
|-heal|p2a: Daugava|88/100|[from] item: Leftovers
|upkeep
|turn|15
|
|t:|1727903350
|move|p1a: Face to Face|Thunderbolt|p2a: Daugava
|-supereffective|p2a: Daugava
|-damage|p2a: Daugava|56/100
|move|p2a: Daugava|Surf|p1a: Face to Face
|-damage|p1a: Face to Face|7/100 brn
|
|-weather|Sandstorm|[upkeep]
|-damage|p1a: Face to Face|1/100 brn|[from] Sandstorm
|-damage|p2a: Daugava|50/100|[from] Sandstorm
|-heal|p1a: Face to Face|7/100 brn|[from] item: Leftovers
|-damage|p1a: Face to Face|0 fnt|[from] brn
|faint|p1a: Face to Face
|-heal|p2a: Daugava|56/100|[from] item: Leftovers
|upkeep
|
|t:|1727903358
|switch|p1a: Aerodynamic|Skarmory, M|62/100
|turn|16
|
|t:|1727903366
|move|p2a: Daugava|Surf|p1a: Aerodynamic
|-damage|p1a: Aerodynamic|1/100
|move|p1a: Aerodynamic|Roar|p2a: Daugava
|drag|p2a: Saule|Jirachi|100/100
|-damage|p2a: Saule|88/100|[from] Spikes
|
|-weather|Sandstorm|[upkeep]
|-heal|p2a: Saule|94/100|[from] item: Leftovers
|-heal|p1a: Aerodynamic|7/100|[from] item: Leftovers
|upkeep
|turn|17
|
|t:|1727903384
|move|p2a: Saule|Hidden Power|p1a: Aerodynamic
|-resisted|p1a: Aerodynamic
|-damage|p1a: Aerodynamic|2/100
|move|p1a: Aerodynamic|Roar|p2a: Saule
|drag|p2a: Zemene|Dugtrio, M|100/100
|-damage|p2a: Zemene|88/100|[from] Spikes
|
|-weather|Sandstorm|[upkeep]
|-heal|p1a: Aerodynamic|8/100|[from] item: Leftovers
|upkeep
|turn|18
|
|t:|1727903395
|switch|p2a: Spoks|Gengar, M|76/100 brn
|move|p1a: Aerodynamic|Protect||[still]
|-fail|p1a: Aerodynamic
|
|-weather|Sandstorm|[upkeep]
|-damage|p2a: Spoks|70/100 brn|[from] Sandstorm
|-heal|p2a: Spoks|76/100 brn|[from] item: Leftovers
|-damage|p2a: Spoks|63/100 brn|[from] brn
|-heal|p1a: Aerodynamic|14/100|[from] item: Leftovers
|upkeep
|turn|19
|
|t:|1727903411
|move|p1a: Aerodynamic|Protect|p1a: Aerodynamic
|-singleturn|p1a: Aerodynamic|Protect
|move|p2a: Spoks|Ice Punch|p1a: Aerodynamic
|-activate|p1a: Aerodynamic|Protect
|
|-weather|Sandstorm|[upkeep]
|-damage|p2a: Spoks|57/100 brn|[from] Sandstorm
|-heal|p2a: Spoks|63/100 brn|[from] item: Leftovers
|-damage|p2a: Spoks|51/100 brn|[from] brn
|-heal|p1a: Aerodynamic|20/100|[from] item: Leftovers
|upkeep
|turn|20
|
|t:|1727903417
|switch|p1a: Superheroes|Swampert, M|100/100
|move|p2a: Spoks|Thunderbolt|p1a: Superheroes
|-immune|p1a: Superheroes
|
|-weather|Sandstorm|[upkeep]
|-damage|p2a: Spoks|45/100 brn|[from] Sandstorm
|-heal|p2a: Spoks|51/100 brn|[from] item: Leftovers
|-damage|p2a: Spoks|39/100 brn|[from] brn
|upkeep
|turn|21
|
|t:|1727903425
|move|p2a: Spoks|Will-O-Wisp|p1a: Superheroes
|-status|p1a: Superheroes|brn
|move|p1a: Superheroes|Toxic||[still]
|-fail|p1a: Superheroes
|
|-weather|Sandstorm|[upkeep]
|-damage|p2a: Spoks|33/100 brn|[from] Sandstorm
|-heal|p2a: Spoks|39/100 brn|[from] item: Leftovers
|-damage|p2a: Spoks|26/100 brn|[from] brn
|-damage|p1a: Superheroes|88/100 brn|[from] brn
|upkeep
|turn|22
|
|t:|1727903435
|move|p2a: Spoks|Ice Punch|p1a: Superheroes
|-damage|p1a: Superheroes|69/100 brn
|move|p1a: Superheroes|Surf|p2a: Spoks
|-damage|p2a: Spoks|0 fnt
|faint|p2a: Spoks
|
|t:|1727903442
|switch|p2a: Daugava|Suicune|56/100
|-damage|p2a: Daugava|44/100|[from] Spikes
|
|-weather|Sandstorm|[upkeep]
|-damage|p2a: Daugava|38/100|[from] Sandstorm
|-heal|p2a: Daugava|44/100|[from] item: Leftovers
|-heal|p1a: Superheroes|75/100 brn|[from] item: Leftovers
|-damage|p1a: Superheroes|63/100 brn|[from] brn
|upkeep
|turn|23
|
|t:|1727903461
|move|p2a: Daugava|Surf|p1a: Superheroes
|-damage|p1a: Superheroes|26/100 brn
|move|p1a: Superheroes|Toxic|p2a: Daugava|[miss]
|-miss|p1a: Superheroes|p2a: Daugava
|
|-weather|Sandstorm|[upkeep]
|-damage|p2a: Daugava|38/100|[from] Sandstorm
|-heal|p2a: Daugava|44/100|[from] item: Leftovers
|-heal|p1a: Superheroes|33/100 brn|[from] item: Leftovers
|-damage|p1a: Superheroes|20/100 brn|[from] brn
|upkeep
|turn|24
|
|t:|1727903470
|move|p2a: Daugava|Surf|p1a: Superheroes
|-damage|p1a: Superheroes|0 fnt
|faint|p1a: Superheroes
|inactive|leng loi has 270 seconds left.
|
|t:|1727903520
|switch|p1a: Voyager|Aerodactyl, M|100/100
|
|-weather|Sandstorm|[upkeep]
|-damage|p2a: Daugava|38/100|[from] Sandstorm
|-heal|p2a: Daugava|44/100|[from] item: Leftovers
|upkeep
|turn|25
|inactive|crustaceus has 270 seconds left.
|inactive|leng loi has 240 seconds left.
|
|t:|1727903576
|move|p1a: Voyager|Double-Edge|p2a: Daugava
|-damage|p2a: Daugava|2/100
|move|p2a: Daugava|Surf|p1a: Voyager
|-supereffective|p1a: Voyager
|-damage|p1a: Voyager|0 fnt
|faint|p1a: Voyager
|inactive|leng loi has 240 seconds left.
|c|☆leng loi|wow
|
|t:|1727903590
|switch|p1a: One More Time|Tyranitar, M|63/100
|
|-weather|Sandstorm|[upkeep]
|-damage|p2a: Daugava|0 fnt|[from] Sandstorm
|faint|p2a: Daugava
|-heal|p1a: One More Time|69/100|[from] item: Leftovers
|upkeep
|
|t:|1727903594
|switch|p2a: Zemene|Dugtrio, M|88/100
|-damage|p2a: Zemene|76/100|[from] Spikes
|turn|26
|
|t:|1727903601
|move|p2a: Zemene|Earthquake|p1a: One More Time
|-supereffective|p1a: One More Time
|-damage|p1a: One More Time|0 fnt
|faint|p1a: One More Time
|
|t:|1727903603
|switch|p1a: Aerodynamic|Skarmory, M|20/100
|
|-weather|Sandstorm|[upkeep]
|-heal|p1a: Aerodynamic|26/100|[from] item: Leftovers
|upkeep
|turn|27
|c|☆leng loi|gg
|-message|leng loi forfeited.
|
|win|crustaceus
|c|☆crustaceus|gg
|player|p2|

</script>
<script type="application/json" class="data" id="replaydata-smogtours-gen3ou-794057">
{"id":"smogtours-gen3ou-794057","format":"[Gen 3] OU","players":["leng loi","crustaceus"],"uploadtime":1727903606,"views":133,"formatid":"gen3ou","rating":null,"private":0,"password":null}
</script>

<script defer src="js/replays.js?9d40a366"></script>
