<!DOCTYPE html>
<meta charset="utf-8" />
<meta name="viewport" content="width=device-width" />

<title>[Gen 3] OU: butter dk vs. Sheik - Replays - Pok&eacute;mon Showdown!</title>

<meta name="description" content="Watch a replay of a Pok&eacute;mon battle between butter dk and Sheik! Format: [Gen 3] OU; Date: Oct 22, 2024" />
<!--

Hey, you! Looking in the source for the replay log?

You can find them in JSON format, just add `.json` at the end of a replay URL.

https://replay.pokemonshowdown.com/gen7randomdoublesbattle-865046831.json

Or, if you only need the log itself, add `.log` instead:

https://replay.pokemonshowdown.com/gen7randomdoublesbattle-865046831.log

-->

<link rel="stylesheet" href="//pokemonshowdown.com/style/global.css?0.767286132409787" />
<link rel="stylesheet" href="//play.pokemonshowdown.com/style/font-awesome.css?0.9266228007934947" />
<link rel="stylesheet" href="//play.pokemonshowdown.com/style/battle.css?0.7924700842790926" />
<link rel="stylesheet" href="//play.pokemonshowdown.com/style/utilichart.css?0.8777417872839479" />

<!-- Global site tag (gtag.js) - Google Analytics -->
<script async src="https://www.googletagmanager.com/gtag/js?id=UA-26211653-1"></script>
<script>
  window.dataLayer = window.dataLayer || [];
  function gtag(){dataLayer.push(arguments);}
  gtag('js', new Date());

  gtag('config', 'UA-26211653-1');
</script>
<!-- End Google Analytics -->
<!-- Venatus Ad Manager - Install in <HEAD> of page -->
	<script src="https://hb.vntsm.com/v3/live/ad-manager.min.js" type="text/javascript" data-site-id="642aba63ec9a7b11c3c9c1be" data-mode="scan" async></script>
<!-- / Venatus Ad Manager -->

<style>
	@media (max-width:820px) {
		.battle {
			margin: 0 auto;
		}
		.battle-log {
			margin: 7px auto 0;
			max-width: 640px;
			height: 300px;
			position: static;
		}
	}
	.optgroup {
		display: inline-block;
		line-height: 22px;
		font-size: 10pt;
	}
	.optgroup .button {
		height: 25px;
		padding-top: 0;
		padding-bottom: 0;
	}
	.optgroup button.button {
		padding-left: 12px;
		padding-right: 12px;
	}
	.linklist {
		list-style: none;
		margin: 0.5em 0;
		padding: 0;
	}
	.linklist li {
		padding: 2px 0;
	}
	.sidebar {
		float: left;
		width: 320px;
	}
	.bar-wrapper {
		max-width: 1100px;
		margin: 0 auto;
	}
	.bar-wrapper.has-sidebar {
		max-width: 1430px;
	}
	.mainbar {
		margin: 0;
		padding-right: 1px;
	}
	.mainbar.has-sidebar {
		margin-left: 330px;
	}
	@media (min-width: 1511px) {
		.sidebar {
			width: 400px;
		}
		.bar-wrapper.has-sidebar {
			max-width: 1510px;
		}
		.mainbar.has-sidebar {
			margin-left: 410px;
		}
	}
	.section.first-section {
		margin-top: 9px;
	}
	.blocklink small {
		white-space: normal;
	}
	.button {
		vertical-align: middle;
	}
	.replay-controls {
		padding-top: 10px;
	}
	.replay-controls h1 {
		font-size: 16pt;
		font-weight: normal;
		color: #CCC;
	}
	.pagelink {
		text-align: center;
	}
	.pagelink a {
		width: 150px;
	}
	.textbox, .button {
		font-size: 11pt;
		vertical-align: middle;
	}
	@media (max-width: 450px) {
		.button {
			font-size: 9pt;
		}
	}
</style>

<div>

	<header>
		<div class="nav-wrapper"><ul class="nav">
			<li><a class="button nav-first" href="//pokemonshowdown.com/"><img src="//pokemonshowdown.com/images/pokemonshowdownbeta.png" srcset="//pokemonshowdown.com/images/pokemonshowdownbeta.png 1x, //pokemonshowdown.com/images/pokemonshowdownbeta@2x.png 2x" alt="Pok&eacute;mon Showdown" width="146" height="44" /> Home</a></li>
			<li><a class="button" href="//pokemonshowdown.com/dex/">Pok&eacute;dex</a></li>
			<li><a class="button cur" href="/">Replays</a></li>
			<li><a class="button" href="//pokemonshowdown.com/ladder/">Ladder</a></li>
			<li><a class="button nav-last" href="//pokemonshowdown.com/forums/">Forum</a></li>
			<li><a class="button greenbutton nav-first nav-last" href="//play.pokemonshowdown.com/">Play</a></li>
		</ul></div>
	</header>

	<div class="main" id="main">

		<noscript><section class="section">You need to enable JavaScript to use this page; sorry!</section></noscript>

	</div>

</div>

<script defer nomodule src="//play.pokemonshowdown.com/js/lib/ps-polyfill.js"></script>
<script defer src="//play.pokemonshowdown.com/js/lib/preact.min.js"></script>

<script defer src="//play.pokemonshowdown.com/config/config.js?6dec07f6"></script>
<script defer src="//play.pokemonshowdown.com/js/lib/jquery-1.11.0.min.js"></script>
<script defer src="//play.pokemonshowdown.com/js/lib/html-sanitizer-minified.js"></script>
<script defer src="//play.pokemonshowdown.com/js/battle-sound.js"></script>
<script defer src="//play.pokemonshowdown.com/js/battledata.js?0.6315294753075389"></script>
<script defer src="//play.pokemonshowdown.com/data/pokedex-mini.js?0.7603743185311358"></script>
<script defer src="//play.pokemonshowdown.com/data/pokedex-mini-bw.js?0.030888842834281283"></script>
<script defer src="//play.pokemonshowdown.com/data/graphics.js?0.05593094747507488"></script>
<script defer src="//play.pokemonshowdown.com/data/pokedex.js?0.47064822249611904"></script>
<script defer src="//play.pokemonshowdown.com/data/moves.js?0.8583693120512459"></script>
<script defer src="//play.pokemonshowdown.com/data/abilities.js?0.16017181182386842"></script>
<script defer src="//play.pokemonshowdown.com/data/items.js?0.4163379185673943"></script>
<script defer src="//play.pokemonshowdown.com/data/teambuilder-tables.js?0.31075597372830477"></script>
<script defer src="//play.pokemonshowdown.com/js/battle-tooltips.js?0.6536193500708172"></script>
<script defer src="//play.pokemonshowdown.com/js/battle.js?0.1916591943277901"></script>

<script defer src="js/utils.js?e31f9a17"></script>
<script defer src="js/replays-battle.js?7008c182"></script>

<!-- don't scrape this data! just add .json or .log after the URL!
Full API docs: https://github.com/smogon/pokemon-showdown-client/blob/master/WEB-API.md -->
<script type="text/plain" class="log" id="replaylog-smogtours-gen3ou-801231">
|inactive|Battle timer is ON: inactive players will automatically lose when time's up.
|t:|1729621772
|gametype|singles
|player|p1|butter dk|proton|
|player|p2|Sheik|#roaplxyorknewyanma|
|teamsize|p1|6
|teamsize|p2|6
|gen|3
|tier|[Gen 3] OU
|rule|Sleep Clause Mod: Limit one foe put to sleep
|rule|Switch Priority Clause Mod: Faster Pokémon switch first
|rule|Species Clause: Limit one of each Pokémon
|rule|OHKO Clause: OHKO moves are banned
|rule|Evasion Items Clause: Evasion items are banned
|rule|Evasion Moves Clause: Evasion moves are banned
|rule|Endless Battle Clause: Forcing endless battles is banned
|rule|HP Percentage Mod: HP is shown in percentages
|rule|One Boost Passer Clause: Limit one Baton Passer that has a way to boost its stats
|rule|Freeze Clause Mod: Limit one foe frozen
|
|t:|1729621772
|start
|switch|p1a: Tyranitar|Tyranitar, M|100/100
|switch|p2a: Vaporeon|Vaporeon, M|100/100
|-weather|Sandstorm|[from] ability: Sand Stream|[of] p1a: Tyranitar
|turn|1
|c|☆Sheik|/log Sheik made the replay of this battle unlisted.
|
|t:|1729621797
|switch|p1a: Skarmory|Skarmory, M|100/100
|move|p2a: Vaporeon|Substitute|p2a: Vaporeon
|-start|p2a: Vaporeon|Substitute
|-damage|p2a: Vaporeon|76/100
|
|-weather|Sandstorm|[upkeep]
|-damage|p2a: Vaporeon|69/100|[from] Sandstorm
|-heal|p2a: Vaporeon|76/100|[from] item: Leftovers
|upkeep
|turn|2
|
|t:|1729621801
|move|p2a: Vaporeon|Hydro Pump|p1a: Skarmory|[miss]
|-miss|p2a: Vaporeon|p1a: Skarmory
|move|p1a: Skarmory|Roar|p2a: Vaporeon
|drag|p2a: Charizard|Charizard, M|100/100
|
|-weather|Sandstorm|[upkeep]
|-damage|p2a: Charizard|94/100|[from] Sandstorm
|upkeep
|turn|3
|
|t:|1729621821
|move|p1a: Skarmory|Protect|p1a: Skarmory
|-singleturn|p1a: Skarmory|Protect
|move|p2a: Charizard|Substitute|p2a: Charizard
|-start|p2a: Charizard|Substitute
|-damage|p2a: Charizard|69/100
|
|-weather|Sandstorm|[upkeep]
|-damage|p2a: Charizard|63/100|[from] Sandstorm
|upkeep
|turn|4
|
|t:|1729621825
|move|p2a: Charizard|Fire Blast|p1a: Skarmory
|-supereffective|p1a: Skarmory
|-damage|p1a: Skarmory|3/100
|move|p1a: Skarmory|Roar|p2a: Charizard
|drag|p2a: Metagross|Metagross|100/100
|
|-weather|Sandstorm|[upkeep]
|-heal|p1a: Skarmory|9/100|[from] item: Leftovers
|upkeep
|turn|5
|
|t:|1729621837
|switch|p1a: Metagross|Metagross|100/100
|move|p2a: Metagross|Meteor Mash|p1a: Metagross
|-resisted|p1a: Metagross
|-damage|p1a: Metagross|79/100
|
|-weather|Sandstorm|[upkeep]
|-heal|p1a: Metagross|85/100|[from] item: Leftovers
|upkeep
|turn|6
|
|t:|1729621854
|move|p1a: Metagross|Protect|p1a: Metagross
|-singleturn|p1a: Metagross|Protect
|move|p2a: Metagross|Earthquake|p1a: Metagross
|-activate|p1a: Metagross|Protect
|
|-weather|Sandstorm|[upkeep]
|-heal|p1a: Metagross|91/100|[from] item: Leftovers
|upkeep
|turn|7
|
|t:|1729621869
|move|p1a: Metagross|Earthquake|p2a: Metagross
|-supereffective|p2a: Metagross
|-damage|p2a: Metagross|50/100
|move|p2a: Metagross|Earthquake|p1a: Metagross
|-supereffective|p1a: Metagross
|-damage|p1a: Metagross|38/100
|
|-weather|Sandstorm|[upkeep]
|-heal|p1a: Metagross|44/100|[from] item: Leftovers
|-heal|p2a: Metagross|56/100|[from] item: Leftovers
|upkeep
|turn|8
|
|t:|1729621878
|switch|p1a: Skarmory|Skarmory, M|9/100
|move|p2a: Metagross|Earthquake|p1a: Skarmory
|-immune|p1a: Skarmory
|
|-weather|Sandstorm|[upkeep]
|-heal|p2a: Metagross|62/100|[from] item: Leftovers
|-heal|p1a: Skarmory|15/100|[from] item: Leftovers
|upkeep
|turn|9
|
|t:|1729621884
|move|p1a: Skarmory|Protect|p1a: Skarmory
|-singleturn|p1a: Skarmory|Protect
|move|p2a: Metagross|Agility|p2a: Metagross
|-boost|p2a: Metagross|spe|2
|
|-weather|Sandstorm|[upkeep]
|-heal|p2a: Metagross|68/100|[from] item: Leftovers
|-heal|p1a: Skarmory|21/100|[from] item: Leftovers
|upkeep
|turn|10
|
|t:|1729621888
|switch|p1a: Charizard|Charizard, F|100/100
|move|p2a: Metagross|Meteor Mash|p1a: Charizard
|-resisted|p1a: Charizard
|-damage|p1a: Charizard|61/100
|
|-weather|Sandstorm|[upkeep]
|-damage|p1a: Charizard|55/100|[from] Sandstorm
|-heal|p2a: Metagross|74/100|[from] item: Leftovers
|-heal|p1a: Charizard|61/100|[from] item: Leftovers
|upkeep
|turn|11
|
|t:|1729621898
|move|p2a: Metagross|Explosion|p1a: Charizard
|-damage|p1a: Charizard|0 fnt
|faint|p2a: Metagross
|faint|p1a: Charizard
|
|t:|1729621908
|switch|p1a: Tyranitar|Tyranitar, M|100/100
|switch|p2a: Vaporeon|Vaporeon, M|76/100
|
|-weather|Sandstorm|[upkeep]
|-damage|p2a: Vaporeon|69/100|[from] Sandstorm
|-heal|p2a: Vaporeon|76/100|[from] item: Leftovers
|upkeep
|turn|12
|
|t:|1729621923
|switch|p1a: Blissey|Blissey, F|100/100
|move|p2a: Vaporeon|Substitute|p2a: Vaporeon
|-start|p2a: Vaporeon|Substitute
|-damage|p2a: Vaporeon|51/100
|
|-weather|Sandstorm|[upkeep]
|-damage|p2a: Vaporeon|45/100|[from] Sandstorm
|-damage|p1a: Blissey|94/100|[from] Sandstorm
|-heal|p2a: Vaporeon|51/100|[from] item: Leftovers
|-heal|p1a: Blissey|100/100|[from] item: Leftovers
|upkeep
|turn|13
|
|t:|1729621927
|move|p2a: Vaporeon|Baton Pass|p2a: Vaporeon
|
|t:|1729621941
|switch|p2a: Salamence|Salamence, F|100/100|[from] Baton Pass
|-ability|p2a: Salamence|Intimidate|boost
|-unboost|p1a: Blissey|atk|1
|move|p1a: Blissey|Thunderbolt|p2a: Salamence
|-activate|p2a: Salamence|Substitute|[damage]
|
|-weather|Sandstorm|[upkeep]
|-damage|p2a: Salamence|94/100|[from] Sandstorm
|-damage|p1a: Blissey|94/100|[from] Sandstorm
|-heal|p2a: Salamence|100/100|[from] item: Leftovers
|-heal|p1a: Blissey|100/100|[from] item: Leftovers
|upkeep
|turn|14
|
|t:|1729621948
|move|p2a: Salamence|Brick Break|p1a: Blissey
|-supereffective|p1a: Blissey
|-damage|p1a: Blissey|46/100
|move|p1a: Blissey|Ice Beam|p2a: Salamence
|-supereffective|p2a: Salamence
|-end|p2a: Salamence|Substitute
|
|-weather|Sandstorm|[upkeep]
|-damage|p2a: Salamence|94/100|[from] Sandstorm
|-damage|p1a: Blissey|40/100|[from] Sandstorm
|-heal|p2a: Salamence|100/100|[from] item: Leftovers
|-heal|p1a: Blissey|46/100|[from] item: Leftovers
|upkeep
|turn|15
|
|t:|1729621964
|switch|p1a: IAmTheOneWhoRocks|Aerodactyl, F|100/100
|move|p2a: Salamence|Brick Break|p1a: IAmTheOneWhoRocks
|-damage|p1a: IAmTheOneWhoRocks|56/100
|
|-weather|Sandstorm|[upkeep]
|-damage|p2a: Salamence|94/100|[from] Sandstorm
|-heal|p2a: Salamence|100/100|[from] item: Leftovers
|upkeep
|turn|16
|
|t:|1729621987
|switch|p2a: Camerupt|Camerupt, M|100/100
|move|p1a: IAmTheOneWhoRocks|Rock Slide|p2a: Camerupt
|-damage|p2a: Camerupt|11/100
|
|-weather|Sandstorm|[upkeep]
|-heal|p2a: Camerupt|17/100|[from] item: Leftovers
|upkeep
|turn|17
|
|t:|1729621992
|move|p1a: IAmTheOneWhoRocks|Rock Slide|p2a: Camerupt
|-damage|p2a: Camerupt|0 fnt
|faint|p2a: Camerupt
|
|t:|1729621996
|switch|p2a: Vaporeon|Vaporeon, M|51/100
|
|-weather|Sandstorm|[upkeep]
|-damage|p2a: Vaporeon|45/100|[from] Sandstorm
|-heal|p2a: Vaporeon|51/100|[from] item: Leftovers
|upkeep
|turn|18
|
|t:|1729622013
|switch|p1a: Blissey|Blissey, F|46/100
|move|p2a: Vaporeon|Substitute|p2a: Vaporeon
|-start|p2a: Vaporeon|Substitute
|-damage|p2a: Vaporeon|26/100
|
|-weather|Sandstorm|[upkeep]
|-damage|p2a: Vaporeon|20/100|[from] Sandstorm
|-damage|p1a: Blissey|40/100|[from] Sandstorm
|-heal|p2a: Vaporeon|26/100|[from] item: Leftovers
|-heal|p1a: Blissey|46/100|[from] item: Leftovers
|upkeep
|turn|19
|
|t:|1729622018
|move|p2a: Vaporeon|Baton Pass|p2a: Vaporeon
|
|t:|1729622020
|switch|p2a: Salamence|Salamence, F|100/100|[from] Baton Pass
|-ability|p2a: Salamence|Intimidate|boost
|-unboost|p1a: Blissey|atk|1
|move|p1a: Blissey|Soft-Boiled|p1a: Blissey
|-heal|p1a: Blissey|96/100
|
|-weather|Sandstorm|[upkeep]
|-damage|p2a: Salamence|94/100|[from] Sandstorm
|-damage|p1a: Blissey|90/100|[from] Sandstorm
|-heal|p2a: Salamence|100/100|[from] item: Leftovers
|-heal|p1a: Blissey|96/100|[from] item: Leftovers
|upkeep
|turn|20
|inactive|Sheik has 270 seconds left.
|inactive|Sheik has 240 seconds left.
|inactive|Sheik has 210 seconds left.
|
|t:|1729622110
|move|p2a: Salamence|Brick Break|p1a: Blissey
|-supereffective|p1a: Blissey
|-crit|p1a: Blissey
|-damage|p1a: Blissey|0 fnt
|faint|p1a: Blissey
|
|t:|1729622128
|switch|p1a: Metagross|Metagross|44/100
|
|-weather|Sandstorm|[upkeep]
|-damage|p2a: Salamence|94/100|[from] Sandstorm
|-heal|p2a: Salamence|100/100|[from] item: Leftovers
|-heal|p1a: Metagross|50/100|[from] item: Leftovers
|upkeep
|turn|21
|
|t:|1729622139
|move|p2a: Salamence|Brick Break|p1a: Metagross
|-damage|p1a: Metagross|30/100
|move|p1a: Metagross|Meteor Mash|p2a: Salamence
|-end|p2a: Salamence|Substitute
|-boost|p1a: Metagross|atk|1
|
|-weather|Sandstorm|[upkeep]
|-damage|p2a: Salamence|94/100|[from] Sandstorm
|-heal|p2a: Salamence|100/100|[from] item: Leftovers
|-heal|p1a: Metagross|36/100|[from] item: Leftovers
|upkeep
|turn|22
|
|t:|1729622148
|switch|p2a: Vaporeon|Vaporeon, M|26/100
|move|p1a: Metagross|Meteor Mash|p2a: Vaporeon|[miss]
|-miss|p1a: Metagross|p2a: Vaporeon
|
|-weather|Sandstorm|[upkeep]
|-damage|p2a: Vaporeon|20/100|[from] Sandstorm
|-heal|p1a: Metagross|42/100|[from] item: Leftovers
|-heal|p2a: Vaporeon|26/100|[from] item: Leftovers
|upkeep
|turn|23
|inactive|Sheik has 240 seconds left.
|
|t:|1729622154
|move|p1a: Metagross|Earthquake|p2a: Vaporeon
|-damage|p2a: Vaporeon|0 fnt
|faint|p2a: Vaporeon
|
|t:|1729622156
|switch|p2a: Charizard|Charizard, M|63/100
|
|-weather|Sandstorm|[upkeep]
|-damage|p2a: Charizard|57/100|[from] Sandstorm
|-heal|p1a: Metagross|48/100|[from] item: Leftovers
|upkeep
|turn|24
|
|t:|1729622165
|move|p2a: Charizard|Substitute|p2a: Charizard
|-start|p2a: Charizard|Substitute
|-damage|p2a: Charizard|32/100
|move|p1a: Metagross|Explosion|p2a: Charizard
|-end|p2a: Charizard|Substitute
|faint|p1a: Metagross
|
|t:|1729622167
|switch|p1a: IAmTheOneWhoRocks|Aerodactyl, F|56/100
|
|-weather|Sandstorm|[upkeep]
|-damage|p2a: Charizard|26/100|[from] Sandstorm
|upkeep
|turn|25
|
|t:|1729622174
|-singleturn|p2a: Charizard|move: Focus Punch
|move|p1a: IAmTheOneWhoRocks|Rock Slide|p2a: Charizard
|-supereffective|p2a: Charizard
|-damage|p2a: Charizard|0 fnt
|faint|p2a: Charizard
|
|t:|1729622188
|switch|p2a: Salamence|Salamence, F|100/100
|-ability|p2a: Salamence|Intimidate|boost
|-unboost|p1a: IAmTheOneWhoRocks|atk|1
|
|-weather|Sandstorm|[upkeep]
|-damage|p2a: Salamence|94/100|[from] Sandstorm
|-heal|p2a: Salamence|100/100|[from] item: Leftovers
|upkeep
|turn|26
|
|t:|1729622209
|switch|p1a: Skarmory|Skarmory, M|21/100
|move|p2a: Salamence|Dragon Dance|p2a: Salamence
|-boost|p2a: Salamence|atk|1
|-boost|p2a: Salamence|spe|1
|
|-weather|Sandstorm|[upkeep]
|-damage|p2a: Salamence|94/100|[from] Sandstorm
|-heal|p2a: Salamence|100/100|[from] item: Leftovers
|-heal|p1a: Skarmory|27/100|[from] item: Leftovers
|upkeep
|turn|27
|
|t:|1729622216
|move|p2a: Salamence|Brick Break|p1a: Skarmory
|-damage|p1a: Skarmory|0 fnt
|faint|p1a: Skarmory
|
|t:|1729622221
|switch|p1a: IAmTheOneWhoRocks|Aerodactyl, F|56/100
|
|-weather|Sandstorm|[upkeep]
|-damage|p2a: Salamence|94/100|[from] Sandstorm
|-heal|p2a: Salamence|100/100|[from] item: Leftovers
|upkeep
|turn|28
|inactive|Sheik has 270 seconds left.
|
|t:|1729622253
|move|p2a: Salamence|Brick Break|p1a: IAmTheOneWhoRocks
|-damage|p1a: IAmTheOneWhoRocks|0 fnt
|faint|p1a: IAmTheOneWhoRocks
|
|t:|1729622256
|switch|p1a: Tyranitar|Tyranitar, M|100/100
|
|-weather|Sandstorm|[upkeep]
|-damage|p2a: Salamence|94/100|[from] Sandstorm
|-heal|p2a: Salamence|100/100|[from] item: Leftovers
|upkeep
|turn|29
|c|☆Sheik|ggs
|
|t:|1729622260
|move|p2a: Salamence|Brick Break|p1a: Tyranitar
|-supereffective|p1a: Tyranitar
|-damage|p1a: Tyranitar|0 fnt
|faint|p1a: Tyranitar
|
|win|Sheik
|c|☆butter dk|gg
|player|p2|

</script>
<script type="application/json" class="data" id="replaydata-smogtours-gen3ou-801231">
{"id":"smogtours-gen3ou-801231","format":"[Gen 3] OU","players":["butter dk","Sheik"],"uploadtime":1729622260,"views":100,"formatid":"gen3ou","rating":null,"private":1,"password":null}
</script>

<script defer src="js/replays.js?9d40a366"></script>
