<!DOCTYPE html>
<meta charset="utf-8" />
<meta name="viewport" content="width=device-width" />

<title>[Gen 3] OU: nicole7735 vs. Jeem16 - Replays - Pok&eacute;mon Showdown!</title>

<meta name="description" content="Watch a replay of a Pok&eacute;mon battle between nicole7735 and Jeem16! Format: [Gen 3] OU; Date: Oct 18, 2024" />
<!--

Hey, you! Looking in the source for the replay log?

You can find them in JSON format, just add `.json` at the end of a replay URL.

https://replay.pokemonshowdown.com/gen7randomdoublesbattle-865046831.json

Or, if you only need the log itself, add `.log` instead:

https://replay.pokemonshowdown.com/gen7randomdoublesbattle-865046831.log

-->

<link rel="stylesheet" href="//pokemonshowdown.com/style/global.css?0.023195364461161105" />
<link rel="stylesheet" href="//play.pokemonshowdown.com/style/font-awesome.css?0.13261647063804238" />
<link rel="stylesheet" href="//play.pokemonshowdown.com/style/battle.css?0.8753245789963631" />
<link rel="stylesheet" href="//play.pokemonshowdown.com/style/utilichart.css?0.8627959624976733" />

<!-- Global site tag (gtag.js) - Google Analytics -->
<script async src="https://www.googletagmanager.com/gtag/js?id=UA-26211653-1"></script>
<script>
  window.dataLayer = window.dataLayer || [];
  function gtag(){dataLayer.push(arguments);}
  gtag('js', new Date());

  gtag('config', 'UA-26211653-1');
</script>
<!-- End Google Analytics -->
<!-- Venatus Ad Manager - Install in <HEAD> of page -->
	<script src="https://hb.vntsm.com/v3/live/ad-manager.min.js" type="text/javascript" data-site-id="642aba63ec9a7b11c3c9c1be" data-mode="scan" async></script>
<!-- / Venatus Ad Manager -->

<style>
	@media (max-width:820px) {
		.battle {
			margin: 0 auto;
		}
		.battle-log {
			margin: 7px auto 0;
			max-width: 640px;
			height: 300px;
			position: static;
		}
	}
	.optgroup {
		display: inline-block;
		line-height: 22px;
		font-size: 10pt;
	}
	.optgroup .button {
		height: 25px;
		padding-top: 0;
		padding-bottom: 0;
	}
	.optgroup button.button {
		padding-left: 12px;
		padding-right: 12px;
	}
	.linklist {
		list-style: none;
		margin: 0.5em 0;
		padding: 0;
	}
	.linklist li {
		padding: 2px 0;
	}
	.sidebar {
		float: left;
		width: 320px;
	}
	.bar-wrapper {
		max-width: 1100px;
		margin: 0 auto;
	}
	.bar-wrapper.has-sidebar {
		max-width: 1430px;
	}
	.mainbar {
		margin: 0;
		padding-right: 1px;
	}
	.mainbar.has-sidebar {
		margin-left: 330px;
	}
	@media (min-width: 1511px) {
		.sidebar {
			width: 400px;
		}
		.bar-wrapper.has-sidebar {
			max-width: 1510px;
		}
		.mainbar.has-sidebar {
			margin-left: 410px;
		}
	}
	.section.first-section {
		margin-top: 9px;
	}
	.blocklink small {
		white-space: normal;
	}
	.button {
		vertical-align: middle;
	}
	.replay-controls {
		padding-top: 10px;
	}
	.replay-controls h1 {
		font-size: 16pt;
		font-weight: normal;
		color: #CCC;
	}
	.pagelink {
		text-align: center;
	}
	.pagelink a {
		width: 150px;
	}
	.textbox, .button {
		font-size: 11pt;
		vertical-align: middle;
	}
	@media (max-width: 450px) {
		.button {
			font-size: 9pt;
		}
	}
</style>

<div>

	<header>
		<div class="nav-wrapper"><ul class="nav">
			<li><a class="button nav-first" href="//pokemonshowdown.com/"><img src="//pokemonshowdown.com/images/pokemonshowdownbeta.png" srcset="//pokemonshowdown.com/images/pokemonshowdownbeta.png 1x, //pokemonshowdown.com/images/pokemonshowdownbeta@2x.png 2x" alt="Pok&eacute;mon Showdown" width="146" height="44" /> Home</a></li>
			<li><a class="button" href="//pokemonshowdown.com/dex/">Pok&eacute;dex</a></li>
			<li><a class="button cur" href="/">Replays</a></li>
			<li><a class="button" href="//pokemonshowdown.com/ladder/">Ladder</a></li>
			<li><a class="button nav-last" href="//pokemonshowdown.com/forums/">Forum</a></li>
			<li><a class="button greenbutton nav-first nav-last" href="//play.pokemonshowdown.com/">Play</a></li>
		</ul></div>
	</header>

	<div class="main" id="main">

		<noscript><section class="section">You need to enable JavaScript to use this page; sorry!</section></noscript>

	</div>

</div>

<script defer nomodule src="//play.pokemonshowdown.com/js/lib/ps-polyfill.js"></script>
<script defer src="//play.pokemonshowdown.com/js/lib/preact.min.js"></script>

<script defer src="//play.pokemonshowdown.com/config/config.js?2bddbc15"></script>
<script defer src="//play.pokemonshowdown.com/js/lib/jquery-1.11.0.min.js"></script>
<script defer src="//play.pokemonshowdown.com/js/lib/html-sanitizer-minified.js"></script>
<script defer src="//play.pokemonshowdown.com/js/battle-sound.js"></script>
<script defer src="//play.pokemonshowdown.com/js/battledata.js?0.7209276989879541"></script>
<script defer src="//play.pokemonshowdown.com/data/pokedex-mini.js?0.6111056340867951"></script>
<script defer src="//play.pokemonshowdown.com/data/pokedex-mini-bw.js?0.3532142036491459"></script>
<script defer src="//play.pokemonshowdown.com/data/graphics.js?0.24223875632456182"></script>
<script defer src="//play.pokemonshowdown.com/data/pokedex.js?0.38839984266356864"></script>
<script defer src="//play.pokemonshowdown.com/data/moves.js?0.21866028504024015"></script>
<script defer src="//play.pokemonshowdown.com/data/abilities.js?0.2005157953846628"></script>
<script defer src="//play.pokemonshowdown.com/data/items.js?0.9894211263848525"></script>
<script defer src="//play.pokemonshowdown.com/data/teambuilder-tables.js?0.6008791140282215"></script>
<script defer src="//play.pokemonshowdown.com/js/battle-tooltips.js?0.7580118955022959"></script>
<script defer src="//play.pokemonshowdown.com/js/battle.js?0.6057722274234274"></script>

<script defer src="js/utils.js?e31f9a17"></script>
<script defer src="js/replays-battle.js?7008c182"></script>

<!-- don't scrape this data! just add .json or .log after the URL!
Full API docs: https://github.com/smogon/pokemon-showdown-client/blob/master/WEB-API.md -->
<script type="text/plain" class="log" id="replaylog-smogtours-gen3ou-799713">
|inactive|Battle timer is ON: inactive players will automatically lose when time's up.
|t:|1729286637
|gametype|singles
|player|p1|nicole7735|lady-gen4|
|player|p2|Jeem16|alder|
|teamsize|p1|6
|teamsize|p2|6
|gen|3
|tier|[Gen 3] OU
|rule|Sleep Clause Mod: Limit one foe put to sleep
|rule|Switch Priority Clause Mod: Faster Pokémon switch first
|rule|Species Clause: Limit one of each Pokémon
|rule|OHKO Clause: OHKO moves are banned
|rule|Evasion Items Clause: Evasion items are banned
|rule|Evasion Moves Clause: Evasion moves are banned
|rule|Endless Battle Clause: Forcing endless battles is banned
|rule|HP Percentage Mod: HP is shown in percentages
|rule|One Boost Passer Clause: Limit one Baton Passer that has a way to boost its stats
|rule|Freeze Clause Mod: Limit one foe frozen
|
|t:|1729286637
|start
|switch|p1a: Tyranitar|Tyranitar, M|100/100
|switch|p2a: Quicc|Salamence, M|100/100
|-ability|p2a: Quicc|Intimidate|boost
|-unboost|p1a: Tyranitar|atk|1
|-weather|Sandstorm|[from] ability: Sand Stream|[of] p1a: Tyranitar
|turn|1
|c|☆nicole7735|hf
|
|t:|1729286655
|switch|p2a: Happin|Blissey, F|100/100
|switch|p1a: Skarmory|Skarmory, M|100/100
|
|-weather|Sandstorm|[upkeep]
|-damage|p2a: Happin|94/100|[from] Sandstorm
|-heal|p2a: Happin|100/100|[from] item: Leftovers
|upkeep
|turn|2
|
|t:|1729286663
|switch|p2a: Ohm my god|Magneton|100/100
|move|p1a: Skarmory|Spikes|p2a: Ohm my god
|-sidestart|p2: Jeem16|Spikes
|
|-weather|Sandstorm|[upkeep]
|upkeep
|turn|3
|
|t:|1729286668
|move|p1a: Skarmory|Protect|p1a: Skarmory
|-singleturn|p1a: Skarmory|Protect
|move|p2a: Ohm my god|Thunderbolt|p1a: Skarmory
|-activate|p1a: Skarmory|Protect
|
|-weather|Sandstorm|[upkeep]
|upkeep
|turn|4
|
|t:|1729286671
|move|p2a: Ohm my god|Thunderbolt|p1a: Skarmory
|-supereffective|p1a: Skarmory
|-damage|p1a: Skarmory|10/100
|move|p1a: Skarmory|Roar|p2a: Ohm my god
|drag|p2a: Happin|Blissey, F|100/100
|-damage|p2a: Happin|88/100|[from] Spikes
|
|-weather|Sandstorm|[upkeep]
|-damage|p2a: Happin|82/100|[from] Sandstorm
|-heal|p1a: Skarmory|16/100|[from] item: Leftovers
|-heal|p2a: Happin|88/100|[from] item: Leftovers
|upkeep
|turn|5
|
|t:|1729286696
|switch|p1a: Tyranitar|Tyranitar, M|100/100
|move|p2a: Happin|Thunderbolt|p1a: Tyranitar
|-damage|p1a: Tyranitar|82/100
|
|-weather|Sandstorm|[upkeep]
|-damage|p2a: Happin|82/100|[from] Sandstorm
|-heal|p2a: Happin|88/100|[from] item: Leftovers
|upkeep
|turn|6
|
|t:|1729286721
|move|p1a: Tyranitar|Brick Break|p2a: Happin
|-supereffective|p2a: Happin
|-damage|p2a: Happin|48/100
|move|p2a: Happin|Wish|p2a: Happin
|
|-weather|Sandstorm|[upkeep]
|-damage|p2a: Happin|42/100|[from] Sandstorm
|-heal|p2a: Happin|48/100|[from] item: Leftovers
|upkeep
|turn|7
|inactive|nicole7735 has 270 seconds left.
|
|t:|1729286752
|move|p1a: Tyranitar|Brick Break|p2a: Happin
|-supereffective|p2a: Happin
|-damage|p2a: Happin|11/100
|move|p2a: Happin|Soft-Boiled|p2a: Happin
|-heal|p2a: Happin|61/100
|
|-heal|p2a: Happin|100/100|[from] move: Wish|[wisher] Happin
|-weather|Sandstorm|[upkeep]
|-damage|p2a: Happin|94/100|[from] Sandstorm
|-heal|p2a: Happin|100/100|[from] item: Leftovers
|upkeep
|turn|8
|
|t:|1729286772
|switch|p1a: Swampert|Swampert, M|100/100
|move|p2a: Happin|Ice Beam|p1a: Swampert
|-damage|p1a: Swampert|83/100
|
|-weather|Sandstorm|[upkeep]
|-damage|p2a: Happin|94/100|[from] Sandstorm
|-heal|p1a: Swampert|89/100|[from] item: Leftovers
|-heal|p2a: Happin|100/100|[from] item: Leftovers
|upkeep
|turn|9
|
|t:|1729286783
|move|p1a: Swampert|Earthquake|p2a: Happin
|-damage|p2a: Happin|70/100
|move|p2a: Happin|Wish|p2a: Happin
|
|-weather|Sandstorm|[upkeep]
|-damage|p2a: Happin|64/100|[from] Sandstorm
|-heal|p1a: Swampert|95/100|[from] item: Leftovers
|-heal|p2a: Happin|70/100|[from] item: Leftovers
|upkeep
|turn|10
|
|t:|1729286797
|switch|p2a: Alarmory|Skarmory, F|100/100
|move|p1a: Swampert|Earthquake|p2a: Alarmory
|-immune|p2a: Alarmory
|
|-weather|Sandstorm|[upkeep]
|-heal|p1a: Swampert|100/100|[from] item: Leftovers
|upkeep
|turn|11
|
|t:|1729286812
|switch|p1a: Tyranitar|Tyranitar, M|82/100
|move|p2a: Alarmory|Toxic|p1a: Tyranitar
|-status|p1a: Tyranitar|tox
|-enditem|p1a: Tyranitar|Lum Berry|[eat]
|-curestatus|p1a: Tyranitar|tox|[msg]
|
|-weather|Sandstorm|[upkeep]
|upkeep
|turn|12
|
|t:|1729286826
|move|p2a: Alarmory|Protect|p2a: Alarmory
|-singleturn|p2a: Alarmory|Protect
|move|p1a: Tyranitar|Fire Blast|p2a: Alarmory
|-activate|p2a: Alarmory|Protect
|
|-weather|Sandstorm|[upkeep]
|upkeep
|turn|13
|
|t:|1729286834
|move|p1a: Tyranitar|Fire Blast|p2a: Alarmory
|-supereffective|p2a: Alarmory
|-damage|p2a: Alarmory|25/100
|move|p2a: Alarmory|Toxic|p1a: Tyranitar
|-status|p1a: Tyranitar|tox
|
|-weather|Sandstorm|[upkeep]
|-damage|p1a: Tyranitar|76/100 tox|[from] psn
|-heal|p2a: Alarmory|31/100|[from] item: Leftovers
|upkeep
|turn|14
|
|t:|1729286842
|move|p2a: Alarmory|Protect|p2a: Alarmory
|-singleturn|p2a: Alarmory|Protect
|move|p1a: Tyranitar|Fire Blast|p2a: Alarmory
|-activate|p2a: Alarmory|Protect
|
|-weather|Sandstorm|[upkeep]
|-damage|p1a: Tyranitar|63/100 tox|[from] psn
|-heal|p2a: Alarmory|37/100|[from] item: Leftovers
|upkeep
|turn|15
|
|t:|1729286857
|switch|p2a: Gangnamgar|Gengar, F|100/100
|move|p1a: Tyranitar|Ice Beam|p2a: Gangnamgar
|-damage|p2a: Gangnamgar|70/100
|
|-weather|Sandstorm|[upkeep]
|-damage|p2a: Gangnamgar|64/100|[from] Sandstorm
|-heal|p2a: Gangnamgar|70/100|[from] item: Leftovers
|-damage|p1a: Tyranitar|45/100 tox|[from] psn
|upkeep
|turn|16
|inactive|nicole7735 has 270 seconds left.
|
|t:|1729286888
|switch|p1a: Skarmory|Skarmory, M|16/100
|move|p2a: Gangnamgar|Giga Drain|p1a: Skarmory
|-resisted|p1a: Skarmory
|-crit|p1a: Skarmory
|-damage|p1a: Skarmory|7/100
|-heal|p2a: Gangnamgar|75/100|[from] drain|[of] p1a: Skarmory
|
|-weather|Sandstorm|[upkeep]
|-damage|p2a: Gangnamgar|69/100|[from] Sandstorm
|-heal|p2a: Gangnamgar|75/100|[from] item: Leftovers
|-heal|p1a: Skarmory|13/100|[from] item: Leftovers
|upkeep
|turn|17
|
|t:|1729286895
|move|p1a: Skarmory|Protect|p1a: Skarmory
|-singleturn|p1a: Skarmory|Protect
|move|p2a: Gangnamgar|Thunderbolt|p1a: Skarmory
|-activate|p1a: Skarmory|Protect
|
|-weather|Sandstorm|[upkeep]
|-damage|p2a: Gangnamgar|69/100|[from] Sandstorm
|-heal|p2a: Gangnamgar|75/100|[from] item: Leftovers
|-heal|p1a: Skarmory|19/100|[from] item: Leftovers
|upkeep
|turn|18
|
|t:|1729286903
|switch|p1a: Celebi|Celebi|100/100
|move|p2a: Gangnamgar|Thunderbolt|p1a: Celebi
|-resisted|p1a: Celebi
|-damage|p1a: Celebi|86/100
|
|-weather|Sandstorm|[upkeep]
|-damage|p1a: Celebi|80/100|[from] Sandstorm
|-damage|p2a: Gangnamgar|69/100|[from] Sandstorm
|-heal|p1a: Celebi|86/100|[from] item: Leftovers
|-heal|p2a: Gangnamgar|75/100|[from] item: Leftovers
|upkeep
|turn|19
|inactive|nicole7735 has 270 seconds left.
|inactive|Jeem16 has 270 seconds left.
|
|t:|1729286955
|switch|p2a: Alarmory|Skarmory, F|37/100
|switch|p1a: Tyranitar|Tyranitar, M|45/100 tox
|
|-weather|Sandstorm|[upkeep]
|-damage|p1a: Tyranitar|39/100 tox|[from] psn
|-heal|p2a: Alarmory|43/100|[from] item: Leftovers
|upkeep
|turn|20
|
|t:|1729286960
|move|p2a: Alarmory|Protect|p2a: Alarmory
|-singleturn|p2a: Alarmory|Protect
|move|p1a: Tyranitar|Brick Break|p2a: Alarmory
|-activate|p2a: Alarmory|Protect
|
|-weather|Sandstorm|[upkeep]
|-damage|p1a: Tyranitar|26/100 tox|[from] psn
|-heal|p2a: Alarmory|49/100|[from] item: Leftovers
|upkeep
|turn|21
|
|t:|1729286979
|switch|p2a: Quicc|Salamence, M|100/100
|-ability|p2a: Quicc|Intimidate|boost
|-unboost|p1a: Tyranitar|atk|1
|move|p1a: Tyranitar|Fire Blast|p2a: Quicc|[miss]
|-miss|p1a: Tyranitar|p2a: Quicc
|
|-weather|Sandstorm|[upkeep]
|-damage|p2a: Quicc|94/100|[from] Sandstorm
|-heal|p2a: Quicc|100/100|[from] item: Leftovers
|-damage|p1a: Tyranitar|8/100 tox|[from] psn
|upkeep
|turn|22
|inactive|nicole7735 has 270 seconds left.
|
|t:|1729286993
|move|p2a: Quicc|Dragon Claw|p1a: Tyranitar
|-damage|p1a: Tyranitar|0 fnt
|faint|p1a: Tyranitar
|
|t:|1729287005
|switch|p1a: Aerodactyl|Aerodactyl, F|100/100
|
|-weather|Sandstorm|[upkeep]
|-damage|p2a: Quicc|94/100|[from] Sandstorm
|-heal|p2a: Quicc|100/100|[from] item: Leftovers
|upkeep
|turn|23
|inactive|Jeem16 has 270 seconds left.
|
|t:|1729287034
|switch|p2a: Ohm my god|Magneton|100/100
|-damage|p2a: Ohm my god|88/100|[from] Spikes
|move|p1a: Aerodactyl|Rock Slide|p2a: Ohm my god
|-resisted|p2a: Ohm my god
|-damage|p2a: Ohm my god|48/100
|
|-weather|Sandstorm|[upkeep]
|upkeep
|turn|24
|inactive|nicole7735 has 270 seconds left.
|inactive|Jeem16 has 270 seconds left.
|
|t:|1729287044
|switch|p1a: Skarmory|Skarmory, M|19/100
|move|p2a: Ohm my god|Thunder Wave|p1a: Skarmory
|-status|p1a: Skarmory|par
|
|-weather|Sandstorm|[upkeep]
|-heal|p1a: Skarmory|25/100 par|[from] item: Leftovers
|upkeep
|turn|25
|inactive|Jeem16 has 270 seconds left.
|
|t:|1729287060
|move|p2a: Ohm my god|Thunderbolt|p1a: Skarmory
|-supereffective|p1a: Skarmory
|-damage|p1a: Skarmory|0 fnt
|faint|p1a: Skarmory
|
|t:|1729287066
|switch|p1a: Gengar|Gengar, M|100/100
|
|-weather|Sandstorm|[upkeep]
|-damage|p1a: Gengar|95/100|[from] Sandstorm
|-heal|p1a: Gengar|100/100|[from] item: Leftovers
|upkeep
|turn|26
|inactive|Jeem16 has 270 seconds left.
|
|t:|1729287077
|move|p2a: Ohm my god|Endure|p2a: Ohm my god
|-singleturn|p2a: Ohm my god|move: Endure
|move|p1a: Gengar|Fire Punch|p2a: Ohm my god
|-supereffective|p2a: Ohm my god
|-activate|p2a: Ohm my god|move: Endure
|-damage|p2a: Ohm my god|1/100
|-status|p2a: Ohm my god|brn
|
|-weather|Sandstorm|[upkeep]
|-damage|p1a: Gengar|95/100|[from] Sandstorm
|-heal|p1a: Gengar|100/100|[from] item: Leftovers
|-enditem|p2a: Ohm my god|Salac Berry|[eat]
|-boost|p2a: Ohm my god|spe|1|[from] item: Salac Berry
|-damage|p2a: Ohm my god|0 fnt|[from] brn
|faint|p2a: Ohm my god
|upkeep
|inactive|Jeem16 has 270 seconds left.
|c|☆nicole7735|damn
|c|☆nicole7735|mb
|c|☆Jeem16|damn
|c|☆Jeem16|np lol
|
|t:|1729287103
|switch|p2a: Happin|Blissey, F|70/100
|-damage|p2a: Happin|58/100|[from] Spikes
|turn|27
|
|t:|1729287109
|switch|p2a: Gangnamgar|Gengar, F|75/100
|move|p1a: Gengar|Explosion|p2a: Gangnamgar
|-immune|p2a: Gangnamgar
|faint|p1a: Gengar
|
|t:|1729287117
|switch|p1a: Celebi|Celebi|86/100
|
|-weather|Sandstorm|[upkeep]
|-damage|p1a: Celebi|80/100|[from] Sandstorm
|-damage|p2a: Gangnamgar|69/100|[from] Sandstorm
|-heal|p1a: Celebi|86/100|[from] item: Leftovers
|-heal|p2a: Gangnamgar|75/100|[from] item: Leftovers
|upkeep
|turn|28
|inactive|Jeem16 has 270 seconds left.
|inactive|Jeem16 has 240 seconds left.
|
|t:|1729287160
|switch|p1a: Aerodactyl|Aerodactyl, F|100/100
|switch|p2a: Happin|Blissey, F|58/100
|-damage|p2a: Happin|45/100|[from] Spikes
|
|-weather|Sandstorm|[upkeep]
|-damage|p2a: Happin|39/100|[from] Sandstorm
|-heal|p2a: Happin|45/100|[from] item: Leftovers
|upkeep
|turn|29
|inactive|Jeem16 has 240 seconds left.
|inactive|Jeem16 has 210 seconds left.
|
|t:|1729287205
|switch|p2a: Alarmory|Skarmory, F|49/100
|move|p1a: Aerodactyl|Rock Slide|p2a: Alarmory
|-damage|p2a: Alarmory|17/100
|
|-weather|Sandstorm|[upkeep]
|-heal|p2a: Alarmory|23/100|[from] item: Leftovers
|upkeep
|turn|30
|
|t:|1729287211
|move|p2a: Alarmory|Protect|p2a: Alarmory
|-singleturn|p2a: Alarmory|Protect
|move|p1a: Aerodactyl|Rock Slide|p2a: Alarmory
|-activate|p2a: Alarmory|Protect
|
|-weather|Sandstorm|[upkeep]
|-heal|p2a: Alarmory|29/100|[from] item: Leftovers
|upkeep
|turn|31
|inactive|Jeem16 has 210 seconds left.
|
|t:|1729287243
|move|p2a: Alarmory|Protect||[still]
|-fail|p2a: Alarmory
|move|p1a: Aerodactyl|Rock Slide|p2a: Alarmory
|-crit|p2a: Alarmory
|-damage|p2a: Alarmory|0 fnt
|faint|p2a: Alarmory
|
|t:|1729287246
|switch|p2a: Quicc|Salamence, M|100/100
|-ability|p2a: Quicc|Intimidate|boost
|-unboost|p1a: Aerodactyl|atk|1
|
|-weather|Sandstorm|[upkeep]
|-damage|p2a: Quicc|94/100|[from] Sandstorm
|-heal|p2a: Quicc|100/100|[from] item: Leftovers
|upkeep
|turn|32
|
|t:|1729287272
|switch|p2a: Mix|Tyranitar, F|100/100
|-damage|p2a: Mix|88/100|[from] Spikes
|move|p1a: Aerodactyl|Rock Slide|p2a: Mix|[miss]
|-miss|p1a: Aerodactyl|p2a: Mix
|
|-weather|Sandstorm|[upkeep]
|upkeep
|turn|33
|
|t:|1729287285
|switch|p1a: Swampert|Swampert, M|100/100
|move|p2a: Mix|Rock Slide|p1a: Swampert
|-resisted|p1a: Swampert
|-damage|p1a: Swampert|82/100
|
|-weather|Sandstorm|[upkeep]
|-heal|p1a: Swampert|89/100|[from] item: Leftovers
|upkeep
|turn|34
|inactive|Jeem16 has 180 seconds left.
|
|t:|1729287308
|switch|p2a: Happin|Blissey, F|45/100
|-damage|p2a: Happin|33/100|[from] Spikes
|move|p1a: Swampert|Hydro Pump|p2a: Happin
|-damage|p2a: Happin|16/100
|
|-weather|Sandstorm|[upkeep]
|-damage|p2a: Happin|10/100|[from] Sandstorm
|-heal|p1a: Swampert|95/100|[from] item: Leftovers
|-heal|p2a: Happin|16/100|[from] item: Leftovers
|upkeep
|turn|35
|inactive|Jeem16 has 180 seconds left.
|inactive|nicole7735 has 270 seconds left.
|
|t:|1729287334
|switch|p1a: Aerodactyl|Aerodactyl, F|100/100
|move|p2a: Happin|Soft-Boiled|p2a: Happin
|-heal|p2a: Happin|66/100
|
|-weather|Sandstorm|[upkeep]
|-damage|p2a: Happin|60/100|[from] Sandstorm
|-heal|p2a: Happin|66/100|[from] item: Leftovers
|upkeep
|turn|36
|inactive|Jeem16 has 180 seconds left.
|
|t:|1729287348
|move|p1a: Aerodactyl|Rock Slide|p2a: Happin
|-crit|p2a: Happin
|-damage|p2a: Happin|0 fnt
|faint|p2a: Happin
|inactive|Jeem16 has 180 seconds left.
|c|☆Jeem16|X.X
|inactive|Jeem16 has 150 seconds left.
|
|t:|1729287403
|switch|p2a: Quicc|Salamence, M|100/100
|-ability|p2a: Quicc|Intimidate|boost
|-unboost|p1a: Aerodactyl|atk|1
|
|-weather|Sandstorm|[upkeep]
|-damage|p2a: Quicc|94/100|[from] Sandstorm
|-heal|p2a: Quicc|100/100|[from] item: Leftovers
|upkeep
|turn|37
|
|t:|1729287412
|move|p1a: Aerodactyl|Rock Slide|p2a: Quicc
|-supereffective|p2a: Quicc
|-damage|p2a: Quicc|4/100
|move|p2a: Quicc|Dragon Claw|p1a: Aerodactyl
|-damage|p1a: Aerodactyl|43/100
|
|-weather|Sandstorm|[upkeep]
|-damage|p2a: Quicc|0 fnt|[from] Sandstorm
|faint|p2a: Quicc
|upkeep
|
|t:|1729287416
|switch|p2a: Gangnamgar|Gengar, F|75/100
|turn|38
|inactive|Jeem16 has 150 seconds left.
|inactive|nicole7735 has 270 seconds left.
|
|t:|1729287476
|switch|p1a: Celebi|Celebi|86/100
|move|p2a: Gangnamgar|Ice Punch|p1a: Celebi
|-supereffective|p1a: Celebi
|-damage|p1a: Celebi|46/100
|
|-weather|Sandstorm|[upkeep]
|-damage|p1a: Celebi|40/100|[from] Sandstorm
|-damage|p2a: Gangnamgar|69/100|[from] Sandstorm
|-heal|p2a: Gangnamgar|75/100|[from] item: Leftovers
|-heal|p1a: Celebi|46/100|[from] item: Leftovers
|upkeep
|turn|39
|
|t:|1729287483
|move|p1a: Celebi|Psychic|p2a: Gangnamgar
|-supereffective|p2a: Gangnamgar
|-damage|p2a: Gangnamgar|0 fnt
|faint|p2a: Gangnamgar
|
|t:|1729287485
|switch|p2a: Mix|Tyranitar, F|88/100
|-damage|p2a: Mix|76/100|[from] Spikes
|
|-weather|Sandstorm|[upkeep]
|-damage|p1a: Celebi|40/100|[from] Sandstorm
|-heal|p1a: Celebi|46/100|[from] item: Leftovers
|upkeep
|turn|40
|
|t:|1729287490
|move|p1a: Celebi|Giga Drain|p2a: Mix
|-supereffective|p2a: Mix
|-damage|p2a: Mix|22/100
|-heal|p1a: Celebi|73/100|[from] drain|[of] p2a: Mix
|move|p2a: Mix|Dragon Dance|p2a: Mix
|-boost|p2a: Mix|atk|1
|-boost|p2a: Mix|spe|1
|
|-weather|Sandstorm|[upkeep]
|-damage|p1a: Celebi|67/100|[from] Sandstorm
|-heal|p1a: Celebi|73/100|[from] item: Leftovers
|upkeep
|turn|41
|
|t:|1729287494
|move|p2a: Mix|Rock Slide|p1a: Celebi
|-damage|p1a: Celebi|14/100
|move|p1a: Celebi|Giga Drain|p2a: Mix
|-supereffective|p2a: Mix
|-damage|p2a: Mix|0 fnt
|-heal|p1a: Celebi|25/100|[from] drain|[of] p2a: Mix
|faint|p2a: Mix
|
|win|nicole7735
|c|☆Jeem16|ggwp
|c|☆nicole7735|gg

</script>
<script type="application/json" class="data" id="replaydata-smogtours-gen3ou-799713">
{"id":"smogtours-gen3ou-799713","format":"[Gen 3] OU","players":["nicole7735","Jeem16"],"uploadtime":1729287494,"views":98,"formatid":"gen3ou","rating":null,"private":0,"password":null}
</script>

<script defer src="js/replays.js?9d40a366"></script>
