<!DOCTYPE html>
<meta charset="utf-8" />
<meta name="viewport" content="width=device-width" />

<title>[Gen 3] OU: dicerat8 vs. kaboom64 - Replays - Pok&eacute;mon Showdown!</title>

<meta name="description" content="Watch a replay of a Pok&eacute;mon battle between dicerat8 and kaboom64! Format: [Gen 3] OU; Date: Oct 16, 2024" />
<!--

Hey, you! Looking in the source for the replay log?

You can find them in JSON format, just add `.json` at the end of a replay URL.

https://replay.pokemonshowdown.com/gen7randomdoublesbattle-865046831.json

Or, if you only need the log itself, add `.log` instead:

https://replay.pokemonshowdown.com/gen7randomdoublesbattle-865046831.log

-->

<link rel="stylesheet" href="//pokemonshowdown.com/style/global.css?0.767286132409787" />
<link rel="stylesheet" href="//play.pokemonshowdown.com/style/font-awesome.css?0.9266228007934947" />
<link rel="stylesheet" href="//play.pokemonshowdown.com/style/battle.css?0.7924700842790926" />
<link rel="stylesheet" href="//play.pokemonshowdown.com/style/utilichart.css?0.8777417872839479" />

<!-- Global site tag (gtag.js) - Google Analytics -->
<script async src="https://www.googletagmanager.com/gtag/js?id=UA-26211653-1"></script>
<script>
  window.dataLayer = window.dataLayer || [];
  function gtag(){dataLayer.push(arguments);}
  gtag('js', new Date());

  gtag('config', 'UA-26211653-1');
</script>
<!-- End Google Analytics -->
<!-- Venatus Ad Manager - Install in <HEAD> of page -->
	<script src="https://hb.vntsm.com/v3/live/ad-manager.min.js" type="text/javascript" data-site-id="642aba63ec9a7b11c3c9c1be" data-mode="scan" async></script>
<!-- / Venatus Ad Manager -->

<style>
	@media (max-width:820px) {
		.battle {
			margin: 0 auto;
		}
		.battle-log {
			margin: 7px auto 0;
			max-width: 640px;
			height: 300px;
			position: static;
		}
	}
	.optgroup {
		display: inline-block;
		line-height: 22px;
		font-size: 10pt;
	}
	.optgroup .button {
		height: 25px;
		padding-top: 0;
		padding-bottom: 0;
	}
	.optgroup button.button {
		padding-left: 12px;
		padding-right: 12px;
	}
	.linklist {
		list-style: none;
		margin: 0.5em 0;
		padding: 0;
	}
	.linklist li {
		padding: 2px 0;
	}
	.sidebar {
		float: left;
		width: 320px;
	}
	.bar-wrapper {
		max-width: 1100px;
		margin: 0 auto;
	}
	.bar-wrapper.has-sidebar {
		max-width: 1430px;
	}
	.mainbar {
		margin: 0;
		padding-right: 1px;
	}
	.mainbar.has-sidebar {
		margin-left: 330px;
	}
	@media (min-width: 1511px) {
		.sidebar {
			width: 400px;
		}
		.bar-wrapper.has-sidebar {
			max-width: 1510px;
		}
		.mainbar.has-sidebar {
			margin-left: 410px;
		}
	}
	.section.first-section {
		margin-top: 9px;
	}
	.blocklink small {
		white-space: normal;
	}
	.button {
		vertical-align: middle;
	}
	.replay-controls {
		padding-top: 10px;
	}
	.replay-controls h1 {
		font-size: 16pt;
		font-weight: normal;
		color: #CCC;
	}
	.pagelink {
		text-align: center;
	}
	.pagelink a {
		width: 150px;
	}
	.textbox, .button {
		font-size: 11pt;
		vertical-align: middle;
	}
	@media (max-width: 450px) {
		.button {
			font-size: 9pt;
		}
	}
</style>

<div>

	<header>
		<div class="nav-wrapper"><ul class="nav">
			<li><a class="button nav-first" href="//pokemonshowdown.com/"><img src="//pokemonshowdown.com/images/pokemonshowdownbeta.png" srcset="//pokemonshowdown.com/images/pokemonshowdownbeta.png 1x, //pokemonshowdown.com/images/pokemonshowdownbeta@2x.png 2x" alt="Pok&eacute;mon Showdown" width="146" height="44" /> Home</a></li>
			<li><a class="button" href="//pokemonshowdown.com/dex/">Pok&eacute;dex</a></li>
			<li><a class="button cur" href="/">Replays</a></li>
			<li><a class="button" href="//pokemonshowdown.com/ladder/">Ladder</a></li>
			<li><a class="button nav-last" href="//pokemonshowdown.com/forums/">Forum</a></li>
			<li><a class="button greenbutton nav-first nav-last" href="//play.pokemonshowdown.com/">Play</a></li>
		</ul></div>
	</header>

	<div class="main" id="main">

		<noscript><section class="section">You need to enable JavaScript to use this page; sorry!</section></noscript>

	</div>

</div>

<script defer nomodule src="//play.pokemonshowdown.com/js/lib/ps-polyfill.js"></script>
<script defer src="//play.pokemonshowdown.com/js/lib/preact.min.js"></script>

<script defer src="//play.pokemonshowdown.com/config/config.js?6dec07f6"></script>
<script defer src="//play.pokemonshowdown.com/js/lib/jquery-1.11.0.min.js"></script>
<script defer src="//play.pokemonshowdown.com/js/lib/html-sanitizer-minified.js"></script>
<script defer src="//play.pokemonshowdown.com/js/battle-sound.js"></script>
<script defer src="//play.pokemonshowdown.com/js/battledata.js?0.6315294753075389"></script>
<script defer src="//play.pokemonshowdown.com/data/pokedex-mini.js?0.7603743185311358"></script>
<script defer src="//play.pokemonshowdown.com/data/pokedex-mini-bw.js?0.030888842834281283"></script>
<script defer src="//play.pokemonshowdown.com/data/graphics.js?0.05593094747507488"></script>
<script defer src="//play.pokemonshowdown.com/data/pokedex.js?0.47064822249611904"></script>
<script defer src="//play.pokemonshowdown.com/data/moves.js?0.8583693120512459"></script>
<script defer src="//play.pokemonshowdown.com/data/abilities.js?0.16017181182386842"></script>
<script defer src="//play.pokemonshowdown.com/data/items.js?0.4163379185673943"></script>
<script defer src="//play.pokemonshowdown.com/data/teambuilder-tables.js?0.31075597372830477"></script>
<script defer src="//play.pokemonshowdown.com/js/battle-tooltips.js?0.6536193500708172"></script>
<script defer src="//play.pokemonshowdown.com/js/battle.js?0.1916591943277901"></script>

<script defer src="js/utils.js?e31f9a17"></script>
<script defer src="js/replays-battle.js?7008c182"></script>

<!-- don't scrape this data! just add .json or .log after the URL!
Full API docs: https://github.com/smogon/pokemon-showdown-client/blob/master/WEB-API.md -->
<script type="text/plain" class="log" id="replaylog-smogtours-gen3ou-799122">
|inactive|Battle timer is ON: inactive players will automatically lose when time's up.
|badge|p2|bronze|gen9lc|100-3
|uhtml|medal-msg|<div class="broadcast-blue">Curious what those medals under the avatar are? PS now has Ladder Seasons! For more information, check out the <a href="https://www.smogon.com/forums/threads/3740067/">thread on Smogon.<\/a><\/div>
|t:|1729100166
|gametype|singles
|player|p1|dicerat8|eusine|
|player|p2|kaboom64|#lcplxiiipipluppatrol|
|teamsize|p1|6
|teamsize|p2|6
|gen|3
|tier|[Gen 3] OU
|rule|Sleep Clause Mod: Limit one foe put to sleep
|rule|Switch Priority Clause Mod: Faster Pokémon switch first
|rule|Species Clause: Limit one of each Pokémon
|rule|OHKO Clause: OHKO moves are banned
|rule|Evasion Items Clause: Evasion items are banned
|rule|Evasion Moves Clause: Evasion moves are banned
|rule|Endless Battle Clause: Forcing endless battles is banned
|rule|HP Percentage Mod: HP is shown in percentages
|rule|One Boost Passer Clause: Limit one Baton Passer that has a way to boost its stats
|rule|Freeze Clause Mod: Limit one foe frozen
|
|t:|1729100166
|start
|switch|p1a: 56 Miles|Gengar, F|100/100
|switch|p2a: Tyranitar|Tyranitar, M|100/100
|-weather|Sandstorm|[from] ability: Sand Stream|[of] p2a: Tyranitar
|turn|1
|c|☆dicerat8|gl
|
|t:|1729100190
|move|p1a: 56 Miles|Substitute|p1a: 56 Miles
|-start|p1a: 56 Miles|Substitute
|-damage|p1a: 56 Miles|76/100
|move|p2a: Tyranitar|Rock Slide|p1a: 56 Miles
|-end|p1a: 56 Miles|Substitute
|
|-weather|Sandstorm|[upkeep]
|-damage|p1a: 56 Miles|70/100|[from] Sandstorm
|-heal|p1a: 56 Miles|76/100|[from] item: Leftovers
|upkeep
|turn|2
|
|t:|1729100197
|switch|p1a: Skarmory|Skarmory, F|100/100
|move|p2a: Tyranitar|Rock Slide|p1a: Skarmory
|-damage|p1a: Skarmory|68/100
|
|-weather|Sandstorm|[upkeep]
|-heal|p1a: Skarmory|74/100|[from] item: Leftovers
|upkeep
|turn|3
|
|t:|1729100214
|-singleturn|p2a: Tyranitar|move: Focus Punch
|move|p1a: Skarmory|Spikes|p2a: Tyranitar
|-sidestart|p2: kaboom64|Spikes
|move|p2a: Tyranitar|Focus Punch|p1a: Skarmory
|-damage|p1a: Skarmory|26/100
|
|-weather|Sandstorm|[upkeep]
|-heal|p1a: Skarmory|32/100|[from] item: Leftovers
|upkeep
|turn|4
|inactive|kaboom64 has 270 seconds left.
|
|t:|1729100249
|move|p1a: Skarmory|Protect|p1a: Skarmory
|-singleturn|p1a: Skarmory|Protect
|move|p2a: Tyranitar|Rock Slide|p1a: Skarmory|[miss]
|-miss|p2a: Tyranitar|p1a: Skarmory
|
|-weather|Sandstorm|[upkeep]
|-heal|p1a: Skarmory|38/100|[from] item: Leftovers
|upkeep
|turn|5
|inactive|kaboom64 has 270 seconds left.
|
|t:|1729100262
|-singleturn|p2a: Tyranitar|move: Focus Punch
|move|p1a: Skarmory|Toxic|p2a: Tyranitar
|-status|p2a: Tyranitar|tox
|move|p2a: Tyranitar|Focus Punch|p1a: Skarmory
|-crit|p1a: Skarmory
|-damage|p1a: Skarmory|0 fnt
|faint|p1a: Skarmory
|
|t:|1729100279
|switch|p1a: Aerodactyl|Aerodactyl, M|100/100
|
|-weather|Sandstorm|[upkeep]
|-damage|p2a: Tyranitar|94/100 tox|[from] psn
|upkeep
|turn|6
|inactive|kaboom64 has 270 seconds left.
|
|t:|1729100296
|switch|p1a: Swampert|Swampert, M|100/100
|move|p2a: Tyranitar|Rock Slide|p1a: Swampert
|-resisted|p1a: Swampert
|-damage|p1a: Swampert|75/100
|
|-weather|Sandstorm|[upkeep]
|-heal|p1a: Swampert|81/100|[from] item: Leftovers
|-heal|p2a: Tyranitar|100/100 tox|[from] item: Leftovers
|-damage|p2a: Tyranitar|88/100 tox|[from] psn
|upkeep
|turn|7
|inactive|kaboom64 has 270 seconds left.
|
|t:|1729100317
|switch|p2a: Skarmory|Skarmory, M|100/100
|move|p1a: Swampert|Hydro Pump|p2a: Skarmory
|-damage|p2a: Skarmory|54/100
|
|-weather|Sandstorm|[upkeep]
|-heal|p2a: Skarmory|60/100|[from] item: Leftovers
|-heal|p1a: Swampert|87/100|[from] item: Leftovers
|upkeep
|turn|8
|inactive|kaboom64 has 240 seconds left.
|
|t:|1729100349
|switch|p1a: 56 Miles|Gengar, F|76/100
|move|p2a: Skarmory|Spikes|p1a: 56 Miles
|-sidestart|p1: dicerat8|Spikes
|
|-weather|Sandstorm|[upkeep]
|-damage|p1a: 56 Miles|70/100|[from] Sandstorm
|-heal|p1a: 56 Miles|76/100|[from] item: Leftovers
|-heal|p2a: Skarmory|66/100|[from] item: Leftovers
|upkeep
|turn|9
|
|t:|1729100355
|move|p1a: 56 Miles|Will-O-Wisp|p2a: Skarmory
|-status|p2a: Skarmory|brn
|move|p2a: Skarmory|Roar|p1a: 56 Miles
|drag|p1a: Celebi|Celebi|100/100
|-damage|p1a: Celebi|88/100|[from] Spikes
|
|-weather|Sandstorm|[upkeep]
|-damage|p1a: Celebi|82/100|[from] Sandstorm
|-heal|p1a: Celebi|88/100|[from] item: Leftovers
|-heal|p2a: Skarmory|72/100 brn|[from] item: Leftovers
|-damage|p2a: Skarmory|60/100 brn|[from] brn
|upkeep
|turn|10
|inactive|kaboom64 has 240 seconds left.
|
|t:|1729100374
|switch|p2a: Blissey|Blissey, F|100/100
|-damage|p2a: Blissey|88/100|[from] Spikes
|move|p1a: Celebi|Leech Seed|p2a: Blissey
|-start|p2a: Blissey|move: Leech Seed
|
|-weather|Sandstorm|[upkeep]
|-damage|p1a: Celebi|82/100|[from] Sandstorm
|-damage|p2a: Blissey|82/100|[from] Sandstorm
|-heal|p1a: Celebi|88/100|[from] item: Leftovers
|-heal|p2a: Blissey|88/100|[from] item: Leftovers
|-damage|p2a: Blissey|76/100|[from] Leech Seed|[of] p1a: Celebi
|-heal|p1a: Celebi|100/100|[silent]
|upkeep
|turn|11
|inactive|kaboom64 has 240 seconds left.
|
|t:|1729100396
|switch|p2a: Jirachi|Jirachi|100/100
|-damage|p2a: Jirachi|88/100|[from] Spikes
|move|p1a: Celebi|Psychic|p2a: Jirachi
|-resisted|p2a: Jirachi
|-damage|p2a: Jirachi|78/100
|
|-weather|Sandstorm|[upkeep]
|-damage|p1a: Celebi|94/100|[from] Sandstorm
|-heal|p1a: Celebi|100/100|[from] item: Leftovers
|-heal|p2a: Jirachi|84/100|[from] item: Leftovers
|upkeep
|turn|12
|
|t:|1729100403
|move|p1a: Celebi|Leech Seed|p2a: Jirachi|[miss]
|-miss|p1a: Celebi|p2a: Jirachi
|move|p2a: Jirachi|Fire Punch|p1a: Celebi
|-supereffective|p1a: Celebi
|-damage|p1a: Celebi|55/100
|
|-weather|Sandstorm|[upkeep]
|-damage|p1a: Celebi|49/100|[from] Sandstorm
|-heal|p1a: Celebi|55/100|[from] item: Leftovers
|-heal|p2a: Jirachi|90/100|[from] item: Leftovers
|upkeep
|turn|13
|inactive|kaboom64 has 240 seconds left.
|
|t:|1729100411
|move|p1a: Celebi|Leech Seed|p2a: Jirachi
|-start|p2a: Jirachi|move: Leech Seed
|move|p2a: Jirachi|Fire Punch|p1a: Celebi
|-supereffective|p1a: Celebi
|-crit|p1a: Celebi
|-damage|p1a: Celebi|0 fnt
|faint|p1a: Celebi
|
|t:|1729100414
|switch|p1a: 56 Miles|Gengar, F|76/100
|
|-weather|Sandstorm|[upkeep]
|-damage|p1a: 56 Miles|70/100|[from] Sandstorm
|-heal|p1a: 56 Miles|76/100|[from] item: Leftovers
|-heal|p2a: Jirachi|96/100|[from] item: Leftovers
|-damage|p2a: Jirachi|84/100|[from] Leech Seed|[of] p1a: 56 Miles
|-heal|p1a: 56 Miles|95/100|[silent]
|upkeep
|turn|14
|inactive|kaboom64 has 240 seconds left.
|
|t:|1729100435
|switch|p2a: Blissey|Blissey, F|76/100
|-damage|p2a: Blissey|63/100|[from] Spikes
|move|p1a: 56 Miles|Substitute|p1a: 56 Miles
|-start|p1a: 56 Miles|Substitute
|-damage|p1a: 56 Miles|70/100
|
|-weather|Sandstorm|[upkeep]
|-damage|p1a: 56 Miles|64/100|[from] Sandstorm
|-damage|p2a: Blissey|57/100|[from] Sandstorm
|-heal|p1a: 56 Miles|70/100|[from] item: Leftovers
|-heal|p2a: Blissey|63/100|[from] item: Leftovers
|upkeep
|turn|15
|inactive|kaboom64 has 240 seconds left.
|
|t:|1729100446
|-singleturn|p1a: 56 Miles|move: Focus Punch
|move|p2a: Blissey|Ice Beam|p1a: 56 Miles
|-crit|p1a: 56 Miles
|-end|p1a: 56 Miles|Substitute
|move|p1a: 56 Miles|Focus Punch|p2a: Blissey
|-supereffective|p2a: Blissey
|-damage|p2a: Blissey|0 fnt
|faint|p2a: Blissey
|
|t:|1729100463
|switch|p2a: Zapdos|Zapdos|100/100
|
|-weather|Sandstorm|[upkeep]
|-damage|p1a: 56 Miles|64/100|[from] Sandstorm
|-damage|p2a: Zapdos|94/100|[from] Sandstorm
|-heal|p1a: 56 Miles|70/100|[from] item: Leftovers
|-heal|p2a: Zapdos|100/100|[from] item: Leftovers
|upkeep
|turn|16
|
|t:|1729100481
|switch|p1a: Tyranitar|Tyranitar, F|100/100
|-damage|p1a: Tyranitar|88/100|[from] Spikes
|move|p2a: Zapdos|Thunderbolt|p1a: Tyranitar
|-damage|p1a: Tyranitar|42/100
|
|-weather|Sandstorm|[upkeep]
|-damage|p2a: Zapdos|94/100|[from] Sandstorm
|-heal|p2a: Zapdos|100/100|[from] item: Leftovers
|-heal|p1a: Tyranitar|48/100|[from] item: Leftovers
|upkeep
|turn|17
|
|t:|1729100494
|move|p2a: Zapdos|Thunderbolt|p1a: Tyranitar
|-damage|p1a: Tyranitar|6/100
|move|p1a: Tyranitar|Rock Slide|p2a: Zapdos
|-supereffective|p2a: Zapdos
|-damage|p2a: Zapdos|5/100
|
|-weather|Sandstorm|[upkeep]
|-damage|p2a: Zapdos|0 fnt|[from] Sandstorm
|faint|p2a: Zapdos
|-heal|p1a: Tyranitar|12/100|[from] item: Leftovers
|upkeep
|inactive|kaboom64 has 210 seconds left.
|
|t:|1729100509
|switch|p2a: Jirachi|Jirachi|84/100
|-damage|p2a: Jirachi|72/100|[from] Spikes
|turn|18
|
|t:|1729100514
|-singleturn|p1a: Tyranitar|move: Focus Punch
|move|p2a: Jirachi|Hidden Power|p1a: Tyranitar
|-supereffective|p1a: Tyranitar
|-damage|p1a: Tyranitar|0 fnt
|faint|p1a: Tyranitar
|
|t:|1729100526
|switch|p1a: Aerodactyl|Aerodactyl, M|100/100
|
|-weather|Sandstorm|[upkeep]
|-heal|p2a: Jirachi|78/100|[from] item: Leftovers
|upkeep
|turn|19
|
|t:|1729100536
|switch|p2a: Skarmory|Skarmory, M|60/100 brn
|move|p1a: Aerodactyl|Earthquake|p2a: Skarmory
|-immune|p2a: Skarmory
|
|-weather|Sandstorm|[upkeep]
|-heal|p2a: Skarmory|66/100 brn|[from] item: Leftovers
|-damage|p2a: Skarmory|54/100 brn|[from] brn
|upkeep
|turn|20
|
|t:|1729100544
|switch|p1a: 56 Miles|Gengar, F|70/100
|move|p2a: Skarmory|Spikes|p1a: 56 Miles
|-sidestart|p1: dicerat8|Spikes
|
|-weather|Sandstorm|[upkeep]
|-damage|p1a: 56 Miles|64/100|[from] Sandstorm
|-heal|p1a: 56 Miles|70/100|[from] item: Leftovers
|-heal|p2a: Skarmory|60/100 brn|[from] item: Leftovers
|-damage|p2a: Skarmory|48/100 brn|[from] brn
|upkeep
|turn|21
|
|t:|1729100550
|-singleturn|p1a: 56 Miles|move: Focus Punch
|move|p2a: Skarmory|Spikes|p1a: 56 Miles
|-sidestart|p1: dicerat8|Spikes
|move|p1a: 56 Miles|Focus Punch|p2a: Skarmory
|-damage|p2a: Skarmory|23/100 brn
|
|-weather|Sandstorm|[upkeep]
|-damage|p1a: 56 Miles|64/100|[from] Sandstorm
|-heal|p1a: 56 Miles|70/100|[from] item: Leftovers
|-heal|p2a: Skarmory|29/100 brn|[from] item: Leftovers
|-damage|p2a: Skarmory|16/100 brn|[from] brn
|upkeep
|turn|22
|
|t:|1729100557
|-singleturn|p1a: 56 Miles|move: Focus Punch
|move|p1a: 56 Miles|Focus Punch|p2a: Skarmory
|-damage|p2a: Skarmory|0 fnt
|faint|p2a: Skarmory
|inactive|kaboom64 has 240 seconds left.
|
|t:|1729100566
|switch|p2a: Tyranitar|Tyranitar, M|88/100 tox
|-damage|p2a: Tyranitar|76/100 tox|[from] Spikes
|
|-weather|Sandstorm|[upkeep]
|-damage|p1a: 56 Miles|64/100|[from] Sandstorm
|-heal|p1a: 56 Miles|70/100|[from] item: Leftovers
|-heal|p2a: Tyranitar|82/100 tox|[from] item: Leftovers
|-damage|p2a: Tyranitar|76/100 tox|[from] psn
|upkeep
|turn|23
|inactive|kaboom64 has 240 seconds left.
|
|t:|1729100584
|move|p1a: 56 Miles|Substitute|p1a: 56 Miles
|-start|p1a: 56 Miles|Substitute
|-damage|p1a: 56 Miles|45/100
|move|p2a: Tyranitar|Rock Slide|p1a: 56 Miles|[miss]
|-miss|p2a: Tyranitar|p1a: 56 Miles
|
|-weather|Sandstorm|[upkeep]
|-damage|p1a: 56 Miles|39/100|[from] Sandstorm
|-heal|p1a: 56 Miles|45/100|[from] item: Leftovers
|-heal|p2a: Tyranitar|82/100 tox|[from] item: Leftovers
|-damage|p2a: Tyranitar|70/100 tox|[from] psn
|upkeep
|turn|24
|
|t:|1729100589
|-singleturn|p1a: 56 Miles|move: Focus Punch
|move|p2a: Tyranitar|Rock Slide|p1a: 56 Miles
|-end|p1a: 56 Miles|Substitute
|move|p1a: 56 Miles|Focus Punch|p2a: Tyranitar
|-supereffective|p2a: Tyranitar
|-damage|p2a: Tyranitar|0 fnt
|faint|p2a: Tyranitar
|
|t:|1729100598
|switch|p2a: Swampert|Swampert, M|100/100
|-damage|p2a: Swampert|88/100|[from] Spikes
|
|-weather|Sandstorm|[upkeep]
|-damage|p1a: 56 Miles|39/100|[from] Sandstorm
|-heal|p1a: 56 Miles|45/100|[from] item: Leftovers
|-heal|p2a: Swampert|94/100|[from] item: Leftovers
|upkeep
|turn|25
|inactive|kaboom64 has 240 seconds left.
|
|t:|1729100622
|move|p1a: 56 Miles|Will-O-Wisp|p2a: Swampert|[miss]
|-miss|p1a: 56 Miles|p2a: Swampert
|move|p2a: Swampert|Hydro Pump|p1a: 56 Miles
|-crit|p1a: 56 Miles
|-damage|p1a: 56 Miles|0 fnt
|faint|p1a: 56 Miles
|
|t:|1729100626
|switch|p1a: Swampert|Swampert, M|87/100
|-damage|p1a: Swampert|62/100|[from] Spikes
|
|-weather|Sandstorm|[upkeep]
|-heal|p1a: Swampert|68/100|[from] item: Leftovers
|-heal|p2a: Swampert|100/100|[from] item: Leftovers
|upkeep
|turn|26
|inactive|kaboom64 has 240 seconds left.
|inactive|kaboom64 has 210 seconds left.
|
|t:|1729100673
|move|p1a: Swampert|Hydro Pump|p2a: Swampert
|-crit|p2a: Swampert
|-damage|p2a: Swampert|22/100
|move|p2a: Swampert|Ice Beam|p1a: Swampert
|-damage|p1a: Swampert|39/100
|
|-weather|Sandstorm|[upkeep]
|-heal|p1a: Swampert|45/100|[from] item: Leftovers
|-heal|p2a: Swampert|28/100|[from] item: Leftovers
|upkeep
|turn|27
|c|☆kaboom64|lmao
|inactive|kaboom64 has 210 seconds left.
|
|t:|1729100683
|switch|p2a: Jirachi|Jirachi|78/100
|-damage|p2a: Jirachi|65/100|[from] Spikes
|move|p1a: Swampert|Earthquake|p2a: Jirachi
|-supereffective|p2a: Jirachi
|-damage|p2a: Jirachi|0 fnt
|faint|p2a: Jirachi
|-message|kaboom64 forfeited.
|
|win|dicerat8
|player|p2|
|c|☆dicerat8|wp

</script>
<script type="application/json" class="data" id="replaydata-smogtours-gen3ou-799122">
{"id":"smogtours-gen3ou-799122","format":"[Gen 3] OU","players":["dicerat8","kaboom64"],"uploadtime":1729100686,"views":102,"formatid":"gen3ou","rating":null,"private":0,"password":null}
</script>

<script defer src="js/replays.js?9d40a366"></script>
