<!DOCTYPE html>
<meta charset="utf-8" />
<meta name="viewport" content="width=device-width" />

<title>[Gen 3] OU: Dridri457 vs. OzEngine - Replays - Pok&eacute;mon Showdown!</title>

<meta name="description" content="Watch a replay of a Pok&eacute;mon battle between Dridri457 and OzEngine! Format: [Gen 3] OU; Date: Oct 12, 2024" />
<!--

Hey, you! Looking in the source for the replay log?

You can find them in JSON format, just add `.json` at the end of a replay URL.

https://replay.pokemonshowdown.com/gen7randomdoublesbattle-865046831.json

Or, if you only need the log itself, add `.log` instead:

https://replay.pokemonshowdown.com/gen7randomdoublesbattle-865046831.log

-->

<link rel="stylesheet" href="//pokemonshowdown.com/style/global.css?0.767286132409787" />
<link rel="stylesheet" href="//play.pokemonshowdown.com/style/font-awesome.css?0.9266228007934947" />
<link rel="stylesheet" href="//play.pokemonshowdown.com/style/battle.css?0.7924700842790926" />
<link rel="stylesheet" href="//play.pokemonshowdown.com/style/utilichart.css?0.8777417872839479" />

<!-- Global site tag (gtag.js) - Google Analytics -->
<script async src="https://www.googletagmanager.com/gtag/js?id=UA-26211653-1"></script>
<script>
  window.dataLayer = window.dataLayer || [];
  function gtag(){dataLayer.push(arguments);}
  gtag('js', new Date());

  gtag('config', 'UA-26211653-1');
</script>
<!-- End Google Analytics -->
<!-- Venatus Ad Manager - Install in <HEAD> of page -->
	<script src="https://hb.vntsm.com/v3/live/ad-manager.min.js" type="text/javascript" data-site-id="642aba63ec9a7b11c3c9c1be" data-mode="scan" async></script>
<!-- / Venatus Ad Manager -->

<style>
	@media (max-width:820px) {
		.battle {
			margin: 0 auto;
		}
		.battle-log {
			margin: 7px auto 0;
			max-width: 640px;
			height: 300px;
			position: static;
		}
	}
	.optgroup {
		display: inline-block;
		line-height: 22px;
		font-size: 10pt;
	}
	.optgroup .button {
		height: 25px;
		padding-top: 0;
		padding-bottom: 0;
	}
	.optgroup button.button {
		padding-left: 12px;
		padding-right: 12px;
	}
	.linklist {
		list-style: none;
		margin: 0.5em 0;
		padding: 0;
	}
	.linklist li {
		padding: 2px 0;
	}
	.sidebar {
		float: left;
		width: 320px;
	}
	.bar-wrapper {
		max-width: 1100px;
		margin: 0 auto;
	}
	.bar-wrapper.has-sidebar {
		max-width: 1430px;
	}
	.mainbar {
		margin: 0;
		padding-right: 1px;
	}
	.mainbar.has-sidebar {
		margin-left: 330px;
	}
	@media (min-width: 1511px) {
		.sidebar {
			width: 400px;
		}
		.bar-wrapper.has-sidebar {
			max-width: 1510px;
		}
		.mainbar.has-sidebar {
			margin-left: 410px;
		}
	}
	.section.first-section {
		margin-top: 9px;
	}
	.blocklink small {
		white-space: normal;
	}
	.button {
		vertical-align: middle;
	}
	.replay-controls {
		padding-top: 10px;
	}
	.replay-controls h1 {
		font-size: 16pt;
		font-weight: normal;
		color: #CCC;
	}
	.pagelink {
		text-align: center;
	}
	.pagelink a {
		width: 150px;
	}
	.textbox, .button {
		font-size: 11pt;
		vertical-align: middle;
	}
	@media (max-width: 450px) {
		.button {
			font-size: 9pt;
		}
	}
</style>

<div>

	<header>
		<div class="nav-wrapper"><ul class="nav">
			<li><a class="button nav-first" href="//pokemonshowdown.com/"><img src="//pokemonshowdown.com/images/pokemonshowdownbeta.png" srcset="//pokemonshowdown.com/images/pokemonshowdownbeta.png 1x, //pokemonshowdown.com/images/pokemonshowdownbeta@2x.png 2x" alt="Pok&eacute;mon Showdown" width="146" height="44" /> Home</a></li>
			<li><a class="button" href="//pokemonshowdown.com/dex/">Pok&eacute;dex</a></li>
			<li><a class="button cur" href="/">Replays</a></li>
			<li><a class="button" href="//pokemonshowdown.com/ladder/">Ladder</a></li>
			<li><a class="button nav-last" href="//pokemonshowdown.com/forums/">Forum</a></li>
			<li><a class="button greenbutton nav-first nav-last" href="//play.pokemonshowdown.com/">Play</a></li>
		</ul></div>
	</header>

	<div class="main" id="main">

		<noscript><section class="section">You need to enable JavaScript to use this page; sorry!</section></noscript>

	</div>

</div>

<script defer nomodule src="//play.pokemonshowdown.com/js/lib/ps-polyfill.js"></script>
<script defer src="//play.pokemonshowdown.com/js/lib/preact.min.js"></script>

<script defer src="//play.pokemonshowdown.com/config/config.js?6dec07f6"></script>
<script defer src="//play.pokemonshowdown.com/js/lib/jquery-1.11.0.min.js"></script>
<script defer src="//play.pokemonshowdown.com/js/lib/html-sanitizer-minified.js"></script>
<script defer src="//play.pokemonshowdown.com/js/battle-sound.js"></script>
<script defer src="//play.pokemonshowdown.com/js/battledata.js?0.6315294753075389"></script>
<script defer src="//play.pokemonshowdown.com/data/pokedex-mini.js?0.7603743185311358"></script>
<script defer src="//play.pokemonshowdown.com/data/pokedex-mini-bw.js?0.030888842834281283"></script>
<script defer src="//play.pokemonshowdown.com/data/graphics.js?0.05593094747507488"></script>
<script defer src="//play.pokemonshowdown.com/data/pokedex.js?0.47064822249611904"></script>
<script defer src="//play.pokemonshowdown.com/data/moves.js?0.8583693120512459"></script>
<script defer src="//play.pokemonshowdown.com/data/abilities.js?0.16017181182386842"></script>
<script defer src="//play.pokemonshowdown.com/data/items.js?0.4163379185673943"></script>
<script defer src="//play.pokemonshowdown.com/data/teambuilder-tables.js?0.31075597372830477"></script>
<script defer src="//play.pokemonshowdown.com/js/battle-tooltips.js?0.6536193500708172"></script>
<script defer src="//play.pokemonshowdown.com/js/battle.js?0.1916591943277901"></script>

<script defer src="js/utils.js?e31f9a17"></script>
<script defer src="js/replays-battle.js?7008c182"></script>

<!-- don't scrape this data! just add .json or .log after the URL!
Full API docs: https://github.com/smogon/pokemon-showdown-client/blob/master/WEB-API.md -->
<script type="text/plain" class="log" id="replaylog-smogtours-gen3ou-797376">
|inactive|Battle timer is ON: inactive players will automatically lose when time's up.
|t:|1728725063
|gametype|singles
|player|p1|Dridri457|#dridri457|
|player|p2|OzEngine|1|
|teamsize|p1|6
|teamsize|p2|6
|gen|3
|tier|[Gen 3] OU
|rule|Sleep Clause Mod: Limit one foe put to sleep
|rule|Switch Priority Clause Mod: Faster Pokémon switch first
|rule|Species Clause: Limit one of each Pokémon
|rule|OHKO Clause: OHKO moves are banned
|rule|Evasion Items Clause: Evasion items are banned
|rule|Evasion Moves Clause: Evasion moves are banned
|rule|Endless Battle Clause: Forcing endless battles is banned
|rule|HP Percentage Mod: HP is shown in percentages
|rule|One Boost Passer Clause: Limit one Baton Passer that has a way to boost its stats
|rule|Freeze Clause Mod: Limit one foe frozen
|
|t:|1728725063
|start
|switch|p1a: Tyranitar|Tyranitar, M|100/100
|switch|p2a: Salamence|Salamence, M|100/100
|-ability|p2a: Salamence|Intimidate|boost
|-unboost|p1a: Tyranitar|atk|1
|-weather|Sandstorm|[from] ability: Sand Stream|[of] p1a: Tyranitar
|turn|1
|
|t:|1728725081
|switch|p1a: Milotic|Milotic, F|100/100
|move|p2a: Salamence|Brick Break|p1a: Milotic
|-damage|p1a: Milotic|71/100
|
|-weather|Sandstorm|[upkeep]
|-damage|p2a: Salamence|94/100|[from] Sandstorm
|-damage|p1a: Milotic|65/100|[from] Sandstorm
|-heal|p1a: Milotic|71/100|[from] item: Leftovers
|upkeep
|turn|2
|
|t:|1728725109
|switch|p2a: Milotic|Milotic, M|100/100
|move|p1a: Milotic|Recover|p1a: Milotic
|-heal|p1a: Milotic|100/100
|
|-weather|Sandstorm|[upkeep]
|-damage|p1a: Milotic|94/100|[from] Sandstorm
|-damage|p2a: Milotic|94/100|[from] Sandstorm
|-heal|p1a: Milotic|100/100|[from] item: Leftovers
|-heal|p2a: Milotic|100/100|[from] item: Leftovers
|upkeep
|turn|3
|
|t:|1728725117
|switch|p1a: Breloom|Breloom, M|100/100
|move|p2a: Milotic|Hypnosis|p1a: Breloom|[miss]
|-miss|p2a: Milotic|p1a: Breloom
|
|-weather|Sandstorm|[upkeep]
|-damage|p1a: Breloom|94/100|[from] Sandstorm
|-damage|p2a: Milotic|94/100|[from] Sandstorm
|-heal|p1a: Breloom|100/100|[from] item: Leftovers
|-heal|p2a: Milotic|100/100|[from] item: Leftovers
|upkeep
|turn|4
|
|t:|1728725134
|switch|p2a: Magneton|Magneton|100/100
|move|p1a: Breloom|Substitute|p1a: Breloom
|-start|p1a: Breloom|Substitute
|-damage|p1a: Breloom|76/100
|
|-weather|Sandstorm|[upkeep]
|-damage|p1a: Breloom|70/100|[from] Sandstorm
|-heal|p1a: Breloom|76/100|[from] item: Leftovers
|upkeep
|turn|5
|
|t:|1728725144
|-singleturn|p1a: Breloom|move: Focus Punch
|move|p2a: Magneton|Hidden Power|p1a: Breloom
|-supereffective|p1a: Breloom
|-end|p1a: Breloom|Substitute
|move|p1a: Breloom|Focus Punch|p2a: Magneton
|-supereffective|p2a: Magneton
|-damage|p2a: Magneton|0 fnt
|faint|p2a: Magneton
|
|t:|1728725146
|switch|p2a: Salamence|Salamence, M|94/100
|-ability|p2a: Salamence|Intimidate|boost
|-unboost|p1a: Breloom|atk|1
|
|-weather|Sandstorm|[upkeep]
|-damage|p2a: Salamence|88/100|[from] Sandstorm
|-damage|p1a: Breloom|70/100|[from] Sandstorm
|-heal|p1a: Breloom|76/100|[from] item: Leftovers
|upkeep
|turn|6
|
|t:|1728725167
|switch|p2a: Skarmory|Skarmory, M|100/100
|switch|p1a: Forretress|Forretress, F|100/100
|
|-weather|Sandstorm|[upkeep]
|upkeep
|turn|7
|c|☆Dridri457|rare to see cb mence happy to see it
|c|☆OzEngine|im cooked
|
|t:|1728725191
|move|p2a: Skarmory|Spikes|p1a: Forretress
|-sidestart|p1: Dridri457|Spikes
|move|p1a: Forretress|Zap Cannon|p2a: Skarmory|[miss]
|-miss|p1a: Forretress|p2a: Skarmory
|
|-weather|Sandstorm|[upkeep]
|upkeep
|turn|8
|
|t:|1728725202
|move|p2a: Skarmory|Protect|p2a: Skarmory
|-singleturn|p2a: Skarmory|Protect
|move|p1a: Forretress|Spikes|p2a: Skarmory
|-sidestart|p2: OzEngine|Spikes
|
|-weather|Sandstorm|[upkeep]
|upkeep
|turn|9
|
|t:|1728725211
|switch|p2a: Milotic|Milotic, M|100/100
|-damage|p2a: Milotic|88/100|[from] Spikes
|move|p1a: Forretress|Zap Cannon|p2a: Milotic
|-supereffective|p2a: Milotic
|-damage|p2a: Milotic|65/100
|-status|p2a: Milotic|par
|
|-weather|Sandstorm|[upkeep]
|-damage|p2a: Milotic|59/100 par|[from] Sandstorm
|-heal|p2a: Milotic|65/100 par|[from] item: Leftovers
|upkeep
|turn|10
|
|t:|1728725233
|move|p1a: Forretress|Spikes|p2a: Milotic
|-sidestart|p2: OzEngine|Spikes
|cant|p2a: Milotic|par
|
|-weather|Sandstorm|[upkeep]
|-damage|p2a: Milotic|59/100 par|[from] Sandstorm
|-heal|p2a: Milotic|65/100 par|[from] item: Leftovers
|upkeep
|turn|11
|
|t:|1728725237
|move|p1a: Forretress|Spikes|p2a: Milotic
|-sidestart|p2: OzEngine|Spikes
|move|p2a: Milotic|Refresh|p2a: Milotic
|-curestatus|p2a: Milotic|par|[msg]
|
|-weather|Sandstorm|[upkeep]
|-damage|p2a: Milotic|59/100|[from] Sandstorm
|-heal|p2a: Milotic|65/100|[from] item: Leftovers
|upkeep
|turn|12
|
|t:|1728725247
|move|p2a: Milotic|Hypnosis|p1a: Forretress|[miss]
|-miss|p2a: Milotic|p1a: Forretress
|move|p1a: Forretress|Zap Cannon|p2a: Milotic
|-supereffective|p2a: Milotic
|-damage|p2a: Milotic|42/100
|-status|p2a: Milotic|par
|
|-weather|Sandstorm|[upkeep]
|-damage|p2a: Milotic|36/100 par|[from] Sandstorm
|-heal|p2a: Milotic|42/100 par|[from] item: Leftovers
|upkeep
|turn|13
|c|☆Dridri457|battle of 50 50^^
|inactive|OzEngine has 270 seconds left.
|c|☆OzEngine|i shouldve played safer b4 
|
|t:|1728725295
|switch|p1a: Breloom|Breloom, M|76/100
|-damage|p1a: Breloom|64/100|[from] Spikes
|move|p2a: Milotic|Refresh|p2a: Milotic
|-curestatus|p2a: Milotic|par|[msg]
|
|-weather|Sandstorm|[upkeep]
|-damage|p1a: Breloom|57/100|[from] Sandstorm
|-damage|p2a: Milotic|36/100|[from] Sandstorm
|-heal|p1a: Breloom|64/100|[from] item: Leftovers
|-heal|p2a: Milotic|42/100|[from] item: Leftovers
|upkeep
|turn|14
|
|t:|1728725310
|move|p1a: Breloom|Spore|p2a: Milotic
|-status|p2a: Milotic|slp|[from] move: Spore
|cant|p2a: Milotic|slp
|
|-weather|Sandstorm|[upkeep]
|-damage|p1a: Breloom|57/100|[from] Sandstorm
|-damage|p2a: Milotic|36/100 slp|[from] Sandstorm
|-heal|p1a: Breloom|64/100|[from] item: Leftovers
|-heal|p2a: Milotic|42/100 slp|[from] item: Leftovers
|upkeep
|turn|15
|
|t:|1728725320
|switch|p2a: Salamence|Salamence, M|88/100
|-ability|p2a: Salamence|Intimidate|boost
|-unboost|p1a: Breloom|atk|1
|move|p1a: Breloom|Leech Seed|p2a: Salamence|[miss]
|-miss|p1a: Breloom|p2a: Salamence
|
|-weather|Sandstorm|[upkeep]
|-damage|p2a: Salamence|82/100|[from] Sandstorm
|-damage|p1a: Breloom|57/100|[from] Sandstorm
|-heal|p1a: Breloom|64/100|[from] item: Leftovers
|upkeep
|turn|16
|
|t:|1728725344
|switch|p1a: Forretress|Forretress, F|100/100
|-damage|p1a: Forretress|88/100|[from] Spikes
|move|p2a: Salamence|Hidden Power|p1a: Forretress
|-damage|p1a: Forretress|49/100
|
|-weather|Sandstorm|[upkeep]
|-damage|p2a: Salamence|76/100|[from] Sandstorm
|-heal|p1a: Forretress|55/100|[from] item: Leftovers
|upkeep
|turn|17
|
|t:|1728725355
|move|p2a: Salamence|Hidden Power|p1a: Forretress
|-damage|p1a: Forretress|16/100
|move|p1a: Forretress|Zap Cannon|p2a: Salamence
|-damage|p2a: Salamence|57/100
|-status|p2a: Salamence|par
|
|-weather|Sandstorm|[upkeep]
|-damage|p2a: Salamence|51/100 par|[from] Sandstorm
|-heal|p1a: Forretress|22/100|[from] item: Leftovers
|upkeep
|turn|18
|
|t:|1728725361
|move|p1a: Forretress|Explosion|p2a: Salamence
|-crit|p2a: Salamence
|-damage|p2a: Salamence|0 fnt
|faint|p1a: Forretress
|faint|p2a: Salamence
|c|☆Dridri457|shoulad have exploed immediately thought u'd go skarm
|inactive|Dridri457 has 270 seconds left.
|
|t:|1728725391
|switch|p2a: Metagross|Metagross|100/100
|switch|p1a: Tyranitar|Tyranitar, M|100/100
|-damage|p1a: Tyranitar|88/100|[from] Spikes
|-damage|p2a: Metagross|76/100|[from] Spikes
|
|-weather|Sandstorm|[upkeep]
|-heal|p1a: Tyranitar|94/100|[from] item: Leftovers
|-heal|p2a: Metagross|82/100|[from] item: Leftovers
|upkeep
|turn|19
|
|t:|1728725396
|switch|p1a: Milotic|Milotic, F|100/100
|-damage|p1a: Milotic|88/100|[from] Spikes
|move|p2a: Metagross|Meteor Mash|p1a: Milotic
|-resisted|p1a: Milotic
|-damage|p1a: Milotic|67/100
|
|-weather|Sandstorm|[upkeep]
|-damage|p1a: Milotic|61/100|[from] Sandstorm
|-heal|p1a: Milotic|67/100|[from] item: Leftovers
|-heal|p2a: Metagross|88/100|[from] item: Leftovers
|upkeep
|turn|20
|
|t:|1728725400
|move|p1a: Milotic|Recover|p1a: Milotic
|-heal|p1a: Milotic|100/100
|move|p2a: Metagross|Meteor Mash|p1a: Milotic
|-resisted|p1a: Milotic
|-damage|p1a: Milotic|80/100
|
|-weather|Sandstorm|[upkeep]
|-damage|p1a: Milotic|74/100|[from] Sandstorm
|-heal|p1a: Milotic|80/100|[from] item: Leftovers
|-heal|p2a: Metagross|94/100|[from] item: Leftovers
|upkeep
|turn|21
|
|t:|1728725404
|move|p1a: Milotic|Surf|p2a: Metagross
|-damage|p2a: Metagross|62/100
|move|p2a: Metagross|Meteor Mash|p1a: Milotic
|-resisted|p1a: Milotic
|-crit|p1a: Milotic
|-damage|p1a: Milotic|39/100
|
|-weather|Sandstorm|[upkeep]
|-damage|p1a: Milotic|33/100|[from] Sandstorm
|-heal|p1a: Milotic|39/100|[from] item: Leftovers
|-heal|p2a: Metagross|68/100|[from] item: Leftovers
|upkeep
|turn|22
|
|t:|1728725409
|move|p1a: Milotic|Recover|p1a: Milotic
|-heal|p1a: Milotic|89/100
|move|p2a: Metagross|Meteor Mash|p1a: Milotic
|-resisted|p1a: Milotic
|-damage|p1a: Milotic|66/100
|
|-weather|Sandstorm|[upkeep]
|-damage|p1a: Milotic|60/100|[from] Sandstorm
|-heal|p1a: Milotic|66/100|[from] item: Leftovers
|-heal|p2a: Metagross|74/100|[from] item: Leftovers
|upkeep
|turn|23
|
|t:|1728725411
|move|p1a: Milotic|Surf|p2a: Metagross
|-damage|p2a: Metagross|43/100
|move|p2a: Metagross|Meteor Mash|p1a: Milotic
|-resisted|p1a: Milotic
|-damage|p1a: Milotic|45/100
|
|-weather|Sandstorm|[upkeep]
|-damage|p1a: Milotic|39/100|[from] Sandstorm
|-heal|p1a: Milotic|45/100|[from] item: Leftovers
|-heal|p2a: Metagross|49/100|[from] item: Leftovers
|upkeep
|turn|24
|
|t:|1728725415
|move|p1a: Milotic|Recover|p1a: Milotic
|-heal|p1a: Milotic|95/100
|move|p2a: Metagross|Meteor Mash|p1a: Milotic
|-resisted|p1a: Milotic
|-damage|p1a: Milotic|72/100
|-boost|p2a: Metagross|atk|1
|
|-weather|Sandstorm|[upkeep]
|-damage|p1a: Milotic|66/100|[from] Sandstorm
|-heal|p1a: Milotic|72/100|[from] item: Leftovers
|-heal|p2a: Metagross|55/100|[from] item: Leftovers
|upkeep
|turn|25
|
|t:|1728725418
|move|p1a: Milotic|Surf|p2a: Metagross
|-damage|p2a: Metagross|24/100
|move|p2a: Metagross|Meteor Mash|p1a: Milotic
|-resisted|p1a: Milotic
|-damage|p1a: Milotic|39/100
|
|-weather|Sandstorm|[upkeep]
|-damage|p1a: Milotic|33/100|[from] Sandstorm
|-heal|p1a: Milotic|39/100|[from] item: Leftovers
|-heal|p2a: Metagross|30/100|[from] item: Leftovers
|upkeep
|turn|26
|
|t:|1728725422
|move|p1a: Milotic|Surf|p2a: Metagross
|-damage|p2a: Metagross|0 fnt
|faint|p2a: Metagross
|c|☆OzEngine|gg
|-message|OzEngine forfeited.
|
|win|Dridri457
|c|☆Dridri457|gg sry for luck
|c|☆OzEngine|nah allg i shouldve picked a team im more familiar with
|c|☆OzEngine|jynx stays undefeated tho lol
|c|☆Dridri457|^^
|c|☆Dridri457|yeah it's a fire mon as a lead
|c|☆OzEngine|ggs gl with rest of tourney
|c|☆Dridri457|thks

</script>
<script type="application/json" class="data" id="replaydata-smogtours-gen3ou-797376">
{"id":"smogtours-gen3ou-797376","format":"[Gen 3] OU","players":["Dridri457","OzEngine"],"uploadtime":1728725429,"views":101,"formatid":"gen3ou","rating":null,"private":0,"password":null}
</script>

<script defer src="js/replays.js?9d40a366"></script>
