<!DOCTYPE html>
<meta charset="utf-8" />
<meta name="viewport" content="width=device-width" />

<title>[Gen 3] OU: xurkiyee vs. thestonewallsmith - Replays - Pok&eacute;mon Showdown!</title>

<meta name="description" content="Watch a replay of a Pok&eacute;mon battle between xurkiyee and thestonewallsmith! Format: [Gen 3] OU; Date: Oct 30, 2024" />
<!--

Hey, you! Looking in the source for the replay log?

You can find them in JSON format, just add `.json` at the end of a replay URL.

https://replay.pokemonshowdown.com/gen7randomdoublesbattle-865046831.json

Or, if you only need the log itself, add `.log` instead:

https://replay.pokemonshowdown.com/gen7randomdoublesbattle-865046831.log

-->

<link rel="stylesheet" href="//pokemonshowdown.com/style/global.css?0.023195364461161105" />
<link rel="stylesheet" href="//play.pokemonshowdown.com/style/font-awesome.css?0.13261647063804238" />
<link rel="stylesheet" href="//play.pokemonshowdown.com/style/battle.css?0.8753245789963631" />
<link rel="stylesheet" href="//play.pokemonshowdown.com/style/utilichart.css?0.8627959624976733" />

<!-- Global site tag (gtag.js) - Google Analytics -->
<script async src="https://www.googletagmanager.com/gtag/js?id=UA-26211653-1"></script>
<script>
  window.dataLayer = window.dataLayer || [];
  function gtag(){dataLayer.push(arguments);}
  gtag('js', new Date());

  gtag('config', 'UA-26211653-1');
</script>
<!-- End Google Analytics -->
<!-- Venatus Ad Manager - Install in <HEAD> of page -->
	<script src="https://hb.vntsm.com/v3/live/ad-manager.min.js" type="text/javascript" data-site-id="642aba63ec9a7b11c3c9c1be" data-mode="scan" async></script>
<!-- / Venatus Ad Manager -->

<style>
	@media (max-width:820px) {
		.battle {
			margin: 0 auto;
		}
		.battle-log {
			margin: 7px auto 0;
			max-width: 640px;
			height: 300px;
			position: static;
		}
	}
	.optgroup {
		display: inline-block;
		line-height: 22px;
		font-size: 10pt;
	}
	.optgroup .button {
		height: 25px;
		padding-top: 0;
		padding-bottom: 0;
	}
	.optgroup button.button {
		padding-left: 12px;
		padding-right: 12px;
	}
	.linklist {
		list-style: none;
		margin: 0.5em 0;
		padding: 0;
	}
	.linklist li {
		padding: 2px 0;
	}
	.sidebar {
		float: left;
		width: 320px;
	}
	.bar-wrapper {
		max-width: 1100px;
		margin: 0 auto;
	}
	.bar-wrapper.has-sidebar {
		max-width: 1430px;
	}
	.mainbar {
		margin: 0;
		padding-right: 1px;
	}
	.mainbar.has-sidebar {
		margin-left: 330px;
	}
	@media (min-width: 1511px) {
		.sidebar {
			width: 400px;
		}
		.bar-wrapper.has-sidebar {
			max-width: 1510px;
		}
		.mainbar.has-sidebar {
			margin-left: 410px;
		}
	}
	.section.first-section {
		margin-top: 9px;
	}
	.blocklink small {
		white-space: normal;
	}
	.button {
		vertical-align: middle;
	}
	.replay-controls {
		padding-top: 10px;
	}
	.replay-controls h1 {
		font-size: 16pt;
		font-weight: normal;
		color: #CCC;
	}
	.pagelink {
		text-align: center;
	}
	.pagelink a {
		width: 150px;
	}
	.textbox, .button {
		font-size: 11pt;
		vertical-align: middle;
	}
	@media (max-width: 450px) {
		.button {
			font-size: 9pt;
		}
	}
</style>

<div>

	<header>
		<div class="nav-wrapper"><ul class="nav">
			<li><a class="button nav-first" href="//pokemonshowdown.com/"><img src="//pokemonshowdown.com/images/pokemonshowdownbeta.png" srcset="//pokemonshowdown.com/images/pokemonshowdownbeta.png 1x, //pokemonshowdown.com/images/pokemonshowdownbeta@2x.png 2x" alt="Pok&eacute;mon Showdown" width="146" height="44" /> Home</a></li>
			<li><a class="button" href="//pokemonshowdown.com/dex/">Pok&eacute;dex</a></li>
			<li><a class="button cur" href="/">Replays</a></li>
			<li><a class="button" href="//pokemonshowdown.com/ladder/">Ladder</a></li>
			<li><a class="button nav-last" href="//pokemonshowdown.com/forums/">Forum</a></li>
			<li><a class="button greenbutton nav-first nav-last" href="//play.pokemonshowdown.com/">Play</a></li>
		</ul></div>
	</header>

	<div class="main" id="main">

		<noscript><section class="section">You need to enable JavaScript to use this page; sorry!</section></noscript>

	</div>

</div>

<script defer nomodule src="//play.pokemonshowdown.com/js/lib/ps-polyfill.js"></script>
<script defer src="//play.pokemonshowdown.com/js/lib/preact.min.js"></script>

<script defer src="//play.pokemonshowdown.com/config/config.js?2bddbc15"></script>
<script defer src="//play.pokemonshowdown.com/js/lib/jquery-1.11.0.min.js"></script>
<script defer src="//play.pokemonshowdown.com/js/lib/html-sanitizer-minified.js"></script>
<script defer src="//play.pokemonshowdown.com/js/battle-sound.js"></script>
<script defer src="//play.pokemonshowdown.com/js/battledata.js?0.7209276989879541"></script>
<script defer src="//play.pokemonshowdown.com/data/pokedex-mini.js?0.6111056340867951"></script>
<script defer src="//play.pokemonshowdown.com/data/pokedex-mini-bw.js?0.3532142036491459"></script>
<script defer src="//play.pokemonshowdown.com/data/graphics.js?0.24223875632456182"></script>
<script defer src="//play.pokemonshowdown.com/data/pokedex.js?0.38839984266356864"></script>
<script defer src="//play.pokemonshowdown.com/data/moves.js?0.21866028504024015"></script>
<script defer src="//play.pokemonshowdown.com/data/abilities.js?0.2005157953846628"></script>
<script defer src="//play.pokemonshowdown.com/data/items.js?0.9894211263848525"></script>
<script defer src="//play.pokemonshowdown.com/data/teambuilder-tables.js?0.6008791140282215"></script>
<script defer src="//play.pokemonshowdown.com/js/battle-tooltips.js?0.7580118955022959"></script>
<script defer src="//play.pokemonshowdown.com/js/battle.js?0.6057722274234274"></script>

<script defer src="js/utils.js?e31f9a17"></script>
<script defer src="js/replays-battle.js?7008c182"></script>

<!-- don't scrape this data! just add .json or .log after the URL!
Full API docs: https://github.com/smogon/pokemon-showdown-client/blob/master/WEB-API.md -->
<script type="text/plain" class="log" id="replaylog-smogtours-gen3ou-803506">
|inactive|Battle timer is ON: inactive players will automatically lose when time's up.
|t:|1730329893
|gametype|singles
|player|p1|xurkiyee|1|
|player|p2|thestonewallsmith|artist|
|teamsize|p1|6
|teamsize|p2|6
|gen|3
|tier|[Gen 3] OU
|rule|Sleep Clause Mod: Limit one foe put to sleep
|rule|Switch Priority Clause Mod: Faster Pokémon switch first
|rule|Species Clause: Limit one of each Pokémon
|rule|OHKO Clause: OHKO moves are banned
|rule|Evasion Items Clause: Evasion items are banned
|rule|Evasion Moves Clause: Evasion moves are banned
|rule|Endless Battle Clause: Forcing endless battles is banned
|rule|HP Percentage Mod: HP is shown in percentages
|rule|One Boost Passer Clause: Limit one Baton Passer that has a way to boost its stats
|rule|Freeze Clause Mod: Limit one foe frozen
|
|t:|1730329893
|start
|switch|p1a: Zapdos|Zapdos|100/100
|switch|p2a: Tyranitar|Tyranitar, F|100/100
|-weather|Sandstorm|[from] ability: Sand Stream|[of] p2a: Tyranitar
|turn|1
|c|☆thestonewallsmith|gl hf
|c|☆xurkiyee|glhf
|
|t:|1730329916
|move|p1a: Zapdos|Baton Pass|p1a: Zapdos
|
|t:|1730329918
|switch|p1a: Metagross|Metagross|100/100|[from] Baton Pass
|move|p2a: Tyranitar|Rock Slide|p1a: Metagross
|-resisted|p1a: Metagross
|-damage|p1a: Metagross|82/100
|
|-weather|Sandstorm|[upkeep]
|upkeep
|turn|2
|
|t:|1730329946
|switch|p2a: Charizard|Charizard, F|100/100
|move|p1a: Metagross|Meteor Mash|p2a: Charizard
|-resisted|p2a: Charizard
|-damage|p2a: Charizard|34/100
|
|-weather|Sandstorm|[upkeep]
|-damage|p2a: Charizard|28/100|[from] Sandstorm
|-heal|p2a: Charizard|34/100|[from] item: Leftovers
|upkeep
|turn|3
|inactive|xurkiyee has 270 seconds left.
|inactive|xurkiyee has 240 seconds left.
|
|t:|1730330010
|switch|p1a: Magneton|Magneton|100/100
|move|p2a: Charizard|Fire Blast|p1a: Magneton
|-supereffective|p1a: Magneton
|-damage|p1a: Magneton|0 fnt
|faint|p1a: Magneton
|
|t:|1730330015
|switch|p1a: Gengar|Gengar, M|100/100
|
|-weather|Sandstorm|[upkeep]
|-damage|p2a: Charizard|28/100|[from] Sandstorm
|-damage|p1a: Gengar|94/100|[from] Sandstorm
|-heal|p2a: Charizard|34/100|[from] item: Leftovers
|-heal|p1a: Gengar|100/100|[from] item: Leftovers
|upkeep
|turn|4
|
|t:|1730330022
|switch|p2a: Tyranitar|Tyranitar, F|100/100
|move|p1a: Gengar|Thunderbolt|p2a: Tyranitar
|-damage|p2a: Tyranitar|78/100
|
|-weather|Sandstorm|[upkeep]
|-damage|p1a: Gengar|94/100|[from] Sandstorm
|-heal|p1a: Gengar|100/100|[from] item: Leftovers
|upkeep
|turn|5
|inactive|xurkiyee has 240 seconds left.
|
|t:|1730330028
|switch|p1a: Celebi|Celebi|100/100
|move|p2a: Tyranitar|Thunder Wave|p1a: Celebi
|-status|p1a: Celebi|par
|
|-weather|Sandstorm|[upkeep]
|-damage|p1a: Celebi|94/100 par|[from] Sandstorm
|-heal|p1a: Celebi|100/100 par|[from] item: Leftovers
|upkeep
|turn|6
|inactive|xurkiyee has 240 seconds left.
|inactive|thestonewallsmith has 270 seconds left.
|inactive|xurkiyee has 210 seconds left.
|
|t:|1730330086
|switch|p2a: Celebi|Celebi|100/100
|move|p1a: Celebi|Leech Seed|p2a: Celebi
|-immune|p2a: Celebi
|
|-weather|Sandstorm|[upkeep]
|-damage|p2a: Celebi|94/100|[from] Sandstorm
|-damage|p1a: Celebi|94/100 par|[from] Sandstorm
|-heal|p2a: Celebi|100/100|[from] item: Leftovers
|-heal|p1a: Celebi|100/100 par|[from] item: Leftovers
|upkeep
|turn|7
|inactive|xurkiyee has 210 seconds left.
|
|t:|1730330095
|move|p2a: Celebi|Calm Mind|p2a: Celebi
|-boost|p2a: Celebi|spa|1
|-boost|p2a: Celebi|spd|1
|cant|p1a: Celebi|par
|
|-weather|Sandstorm|[upkeep]
|-damage|p2a: Celebi|94/100|[from] Sandstorm
|-damage|p1a: Celebi|94/100 par|[from] Sandstorm
|-heal|p2a: Celebi|100/100|[from] item: Leftovers
|-heal|p1a: Celebi|100/100 par|[from] item: Leftovers
|upkeep
|turn|8
|
|t:|1730330101
|move|p2a: Celebi|Calm Mind|p2a: Celebi
|-boost|p2a: Celebi|spa|1
|-boost|p2a: Celebi|spd|1
|move|p1a: Celebi|Light Screen|p1a: Celebi
|-sidestart|p1: xurkiyee|Light Screen
|
|-weather|Sandstorm|[upkeep]
|-damage|p2a: Celebi|94/100|[from] Sandstorm
|-damage|p1a: Celebi|94/100 par|[from] Sandstorm
|-heal|p2a: Celebi|100/100|[from] item: Leftovers
|-heal|p1a: Celebi|100/100 par|[from] item: Leftovers
|upkeep
|turn|9
|
|t:|1730330107
|-curestatus|p1a: Celebi|par|[from] ability: Natural Cure
|switch|p1a: Zapdos|Zapdos|100/100
|move|p2a: Celebi|Calm Mind|p2a: Celebi
|-boost|p2a: Celebi|spa|1
|-boost|p2a: Celebi|spd|1
|
|-weather|Sandstorm|[upkeep]
|-damage|p1a: Zapdos|94/100|[from] Sandstorm
|-damage|p2a: Celebi|94/100|[from] Sandstorm
|-heal|p1a: Zapdos|100/100|[from] item: Leftovers
|-heal|p2a: Celebi|100/100|[from] item: Leftovers
|upkeep
|turn|10
|
|t:|1730330115
|move|p1a: Zapdos|Baton Pass|p1a: Zapdos
|
|t:|1730330119
|switch|p1a: Metagross|Metagross|82/100|[from] Baton Pass
|move|p2a: Celebi|Psychic|p1a: Metagross
|-resisted|p1a: Metagross
|-damage|p1a: Metagross|67/100
|
|-weather|Sandstorm|[upkeep]
|-damage|p2a: Celebi|94/100|[from] Sandstorm
|-heal|p2a: Celebi|100/100|[from] item: Leftovers
|upkeep
|turn|11
|inactive|xurkiyee has 240 seconds left.
|
|t:|1730330134
|move|p2a: Celebi|Hidden Power|p1a: Metagross
|-supereffective|p1a: Metagross
|-damage|p1a: Metagross|0 fnt
|faint|p1a: Metagross
|inactive|xurkiyee has 240 seconds left.
|
|t:|1730330163
|switch|p1a: Gengar|Gengar, M|100/100
|
|-weather|Sandstorm|[upkeep]
|-damage|p1a: Gengar|94/100|[from] Sandstorm
|-damage|p2a: Celebi|94/100|[from] Sandstorm
|-heal|p1a: Gengar|100/100|[from] item: Leftovers
|-heal|p2a: Celebi|100/100|[from] item: Leftovers
|upkeep
|turn|12
|
|t:|1730330176
|move|p1a: Gengar|Destiny Bond|p1a: Gengar
|-singlemove|p1a: Gengar|Destiny Bond
|move|p2a: Celebi|Psychic|p1a: Gengar
|-supereffective|p1a: Gengar
|-damage|p1a: Gengar|0 fnt
|faint|p1a: Gengar
|-activate|p1a: Gengar|move: Destiny Bond
|faint|p2a: Celebi
|
|t:|1730330191
|switch|p1a: Celebi|Celebi|100/100
|switch|p2a: Metagross|Metagross|100/100
|
|-sideend|p1: xurkiyee|Light Screen
|-weather|Sandstorm|[upkeep]
|-damage|p1a: Celebi|94/100|[from] Sandstorm
|-heal|p1a: Celebi|100/100|[from] item: Leftovers
|upkeep
|turn|13
|
|t:|1730330200
|move|p1a: Celebi|Light Screen|p1a: Celebi
|-sidestart|p1: xurkiyee|Light Screen
|move|p2a: Metagross|Meteor Mash|p1a: Celebi
|-damage|p1a: Celebi|57/100
|
|-weather|Sandstorm|[upkeep]
|-damage|p1a: Celebi|50/100|[from] Sandstorm
|-heal|p1a: Celebi|57/100|[from] item: Leftovers
|upkeep
|turn|14
|
|t:|1730330205
|move|p1a: Celebi|Leech Seed|p2a: Metagross|[miss]
|-miss|p1a: Celebi|p2a: Metagross
|move|p2a: Metagross|Agility|p2a: Metagross
|-boost|p2a: Metagross|spe|2
|
|-weather|Sandstorm|[upkeep]
|-damage|p1a: Celebi|50/100|[from] Sandstorm
|-heal|p1a: Celebi|57/100|[from] item: Leftovers
|upkeep
|turn|15
|
|t:|1730330208
|move|p2a: Metagross|Meteor Mash|p1a: Celebi
|-damage|p1a: Celebi|15/100
|move|p1a: Celebi|Recover|p1a: Celebi
|-heal|p1a: Celebi|65/100
|
|-weather|Sandstorm|[upkeep]
|-damage|p1a: Celebi|59/100|[from] Sandstorm
|-heal|p1a: Celebi|65/100|[from] item: Leftovers
|upkeep
|turn|16
|
|t:|1730330212
|move|p2a: Metagross|Meteor Mash|p1a: Celebi
|-damage|p1a: Celebi|25/100
|move|p1a: Celebi|Recover|p1a: Celebi
|-heal|p1a: Celebi|75/100
|
|-weather|Sandstorm|[upkeep]
|-damage|p1a: Celebi|69/100|[from] Sandstorm
|-heal|p1a: Celebi|75/100|[from] item: Leftovers
|upkeep
|turn|17
|
|t:|1730330215
|move|p2a: Metagross|Meteor Mash|p1a: Celebi
|-damage|p1a: Celebi|36/100
|move|p1a: Celebi|Recover|p1a: Celebi
|-heal|p1a: Celebi|86/100
|
|-sideend|p1: xurkiyee|Light Screen
|-weather|Sandstorm|[upkeep]
|-damage|p1a: Celebi|79/100|[from] Sandstorm
|-heal|p1a: Celebi|86/100|[from] item: Leftovers
|upkeep
|turn|18
|
|t:|1730330219
|move|p2a: Metagross|Meteor Mash|p1a: Celebi
|-damage|p1a: Celebi|48/100
|move|p1a: Celebi|Leech Seed|p2a: Metagross
|-start|p2a: Metagross|move: Leech Seed
|
|-weather|Sandstorm|[upkeep]
|-damage|p1a: Celebi|42/100|[from] Sandstorm
|-damage|p2a: Metagross|88/100|[from] Leech Seed|[of] p1a: Celebi
|-heal|p1a: Celebi|52/100|[silent]
|-heal|p1a: Celebi|58/100|[from] item: Leftovers
|upkeep
|turn|19
|
|t:|1730330236
|switch|p2a: Gengar|Gengar, M|100/100
|move|p1a: Celebi|Light Screen|p1a: Celebi
|-sidestart|p1: xurkiyee|Light Screen
|
|-weather|Sandstorm|[upkeep]
|-damage|p2a: Gengar|95/100|[from] Sandstorm
|-damage|p1a: Celebi|52/100|[from] Sandstorm
|-heal|p2a: Gengar|100/100|[from] item: Leftovers
|-heal|p1a: Celebi|58/100|[from] item: Leftovers
|upkeep
|turn|20
|
|t:|1730330246
|move|p2a: Gengar|Ice Punch|p1a: Celebi
|-supereffective|p1a: Celebi
|-damage|p1a: Celebi|40/100
|move|p1a: Celebi|Leech Seed|p2a: Gengar|[miss]
|-miss|p1a: Celebi|p2a: Gengar
|
|-weather|Sandstorm|[upkeep]
|-damage|p2a: Gengar|95/100|[from] Sandstorm
|-damage|p1a: Celebi|34/100|[from] Sandstorm
|-heal|p2a: Gengar|100/100|[from] item: Leftovers
|-heal|p1a: Celebi|40/100|[from] item: Leftovers
|upkeep
|turn|21
|
|t:|1730330258
|switch|p2a: Tyranitar|Tyranitar, F|78/100
|move|p1a: Celebi|Recover|p1a: Celebi
|-heal|p1a: Celebi|90/100
|
|-weather|Sandstorm|[upkeep]
|-damage|p1a: Celebi|84/100|[from] Sandstorm
|-heal|p1a: Celebi|90/100|[from] item: Leftovers
|upkeep
|turn|22
|
|t:|1730330261
|move|p1a: Celebi|Hidden Power|p2a: Tyranitar
|-supereffective|p2a: Tyranitar
|-damage|p2a: Tyranitar|39/100
|move|p2a: Tyranitar|Thunder Wave|p1a: Celebi
|-status|p1a: Celebi|par
|
|-weather|Sandstorm|[upkeep]
|-damage|p1a: Celebi|84/100 par|[from] Sandstorm
|-heal|p1a: Celebi|90/100 par|[from] item: Leftovers
|upkeep
|turn|23
|
|t:|1730330274
|switch|p2a: Charizard|Charizard, F|34/100
|-curestatus|p1a: Celebi|par|[from] ability: Natural Cure
|switch|p1a: Machamp|Machamp, M|100/100
|
|-sideend|p1: xurkiyee|Light Screen
|-weather|Sandstorm|[upkeep]
|-damage|p2a: Charizard|28/100|[from] Sandstorm
|-damage|p1a: Machamp|94/100|[from] Sandstorm
|-heal|p2a: Charizard|34/100|[from] item: Leftovers
|-heal|p1a: Machamp|100/100|[from] item: Leftovers
|upkeep
|turn|24
|
|t:|1730330284
|move|p2a: Charizard|Fire Blast|p1a: Machamp
|-damage|p1a: Machamp|0 fnt
|faint|p1a: Machamp
|
|t:|1730330287
|switch|p1a: Zapdos|Zapdos|100/100
|
|-weather|Sandstorm|[upkeep]
|-damage|p2a: Charizard|28/100|[from] Sandstorm
|-damage|p1a: Zapdos|94/100|[from] Sandstorm
|-heal|p2a: Charizard|34/100|[from] item: Leftovers
|-heal|p1a: Zapdos|100/100|[from] item: Leftovers
|upkeep
|turn|25
|
|t:|1730330298
|switch|p2a: Swampert|Swampert, F|100/100
|move|p1a: Zapdos|Thunderbolt|p2a: Swampert
|-immune|p2a: Swampert
|
|-weather|Sandstorm|[upkeep]
|-damage|p1a: Zapdos|94/100|[from] Sandstorm
|-heal|p1a: Zapdos|100/100|[from] item: Leftovers
|upkeep
|turn|26
|
|t:|1730330301
|move|p1a: Zapdos|Baton Pass|p1a: Zapdos
|
|t:|1730330302
|switch|p1a: Celebi|Celebi|90/100|[from] Baton Pass
|move|p2a: Swampert|Ice Beam|p1a: Celebi
|-supereffective|p1a: Celebi
|-damage|p1a: Celebi|61/100
|
|-weather|Sandstorm|[upkeep]
|-damage|p1a: Celebi|55/100|[from] Sandstorm
|-heal|p1a: Celebi|61/100|[from] item: Leftovers
|upkeep
|turn|27
|
|t:|1730330312
|switch|p2a: Metagross|Metagross|88/100
|move|p1a: Celebi|Light Screen|p1a: Celebi
|-sidestart|p1: xurkiyee|Light Screen
|
|-weather|Sandstorm|[upkeep]
|-damage|p1a: Celebi|55/100|[from] Sandstorm
|-heal|p1a: Celebi|61/100|[from] item: Leftovers
|-heal|p2a: Metagross|94/100|[from] item: Leftovers
|upkeep
|turn|28
|
|t:|1730330314
|move|p1a: Celebi|Leech Seed|p2a: Metagross
|-start|p2a: Metagross|move: Leech Seed
|move|p2a: Metagross|Meteor Mash|p1a: Celebi
|-damage|p1a: Celebi|24/100
|
|-weather|Sandstorm|[upkeep]
|-damage|p1a: Celebi|18/100|[from] Sandstorm
|-heal|p1a: Celebi|24/100|[from] item: Leftovers
|-heal|p2a: Metagross|100/100|[from] item: Leftovers
|-damage|p2a: Metagross|88/100|[from] Leech Seed|[of] p1a: Celebi
|-heal|p1a: Celebi|35/100|[silent]
|upkeep
|turn|29
|
|t:|1730330318
|switch|p2a: Charizard|Charizard, F|34/100
|move|p1a: Celebi|Recover|p1a: Celebi
|-heal|p1a: Celebi|85/100
|
|-weather|Sandstorm|[upkeep]
|-damage|p2a: Charizard|28/100|[from] Sandstorm
|-damage|p1a: Celebi|78/100|[from] Sandstorm
|-heal|p2a: Charizard|34/100|[from] item: Leftovers
|-heal|p1a: Celebi|85/100|[from] item: Leftovers
|upkeep
|turn|30
|
|t:|1730330322
|move|p2a: Charizard|Fire Blast|p1a: Celebi
|-supereffective|p1a: Celebi
|-damage|p1a: Celebi|21/100
|move|p1a: Celebi|Leech Seed|p2a: Charizard
|-start|p2a: Charizard|move: Leech Seed
|
|-weather|Sandstorm|[upkeep]
|-damage|p2a: Charizard|28/100|[from] Sandstorm
|-damage|p1a: Celebi|15/100|[from] Sandstorm
|-heal|p2a: Charizard|34/100|[from] item: Leftovers
|-damage|p2a: Charizard|21/100|[from] Leech Seed|[of] p1a: Celebi
|-heal|p1a: Celebi|24/100|[silent]
|-heal|p1a: Celebi|30/100|[from] item: Leftovers
|upkeep
|turn|31
|
|t:|1730330330
|move|p2a: Charizard|Fire Blast|p1a: Celebi
|-supereffective|p1a: Celebi
|-damage|p1a: Celebi|0 fnt
|faint|p1a: Celebi
|
|t:|1730330332
|switch|p1a: Zapdos|Zapdos|100/100
|
|-sideend|p1: xurkiyee|Light Screen
|-weather|Sandstorm|[upkeep]
|-damage|p2a: Charizard|15/100|[from] Sandstorm
|-damage|p1a: Zapdos|94/100|[from] Sandstorm
|-heal|p2a: Charizard|21/100|[from] item: Leftovers
|-damage|p2a: Charizard|9/100|[from] Leech Seed|[of] p1a: Zapdos
|-heal|p1a: Zapdos|100/100|[silent]
|upkeep
|turn|32
|
|t:|1730330334
|switch|p2a: Swampert|Swampert, F|100/100
|move|p1a: Zapdos|Agility|p1a: Zapdos
|-boost|p1a: Zapdos|spe|2
|
|-weather|Sandstorm|[upkeep]
|-damage|p1a: Zapdos|94/100|[from] Sandstorm
|-heal|p1a: Zapdos|100/100|[from] item: Leftovers
|upkeep
|turn|33
|
|t:|1730330337
|move|p1a: Zapdos|Hidden Power|p2a: Swampert
|-supereffective|p2a: Swampert
|-crit|p2a: Swampert
|-damage|p2a: Swampert|0 fnt
|faint|p2a: Swampert
|
|t:|1730330343
|switch|p2a: Metagross|Metagross|88/100
|
|-weather|Sandstorm|[upkeep]
|-damage|p1a: Zapdos|94/100|[from] Sandstorm
|-heal|p1a: Zapdos|100/100|[from] item: Leftovers
|-heal|p2a: Metagross|94/100|[from] item: Leftovers
|upkeep
|turn|34
|c|☆xurkiyee|Mb
|
|t:|1730330347
|move|p1a: Zapdos|Thunderbolt|p2a: Metagross
|-crit|p2a: Metagross
|-damage|p2a: Metagross|0 fnt
|faint|p2a: Metagross
|c|☆thestonewallsmith|o no
|
|t:|1730330359
|switch|p2a: Gengar|Gengar, M|100/100
|
|-weather|Sandstorm|[upkeep]
|-damage|p1a: Zapdos|94/100|[from] Sandstorm
|-damage|p2a: Gengar|95/100|[from] Sandstorm
|-heal|p1a: Zapdos|100/100|[from] item: Leftovers
|-heal|p2a: Gengar|100/100|[from] item: Leftovers
|upkeep
|turn|35
|
|t:|1730330364
|move|p1a: Zapdos|Thunderbolt|p2a: Gengar
|-damage|p2a: Gengar|36/100
|-status|p2a: Gengar|par
|cant|p2a: Gengar|par
|
|-weather|Sandstorm|[upkeep]
|-damage|p1a: Zapdos|94/100|[from] Sandstorm
|-damage|p2a: Gengar|30/100 par|[from] Sandstorm
|-heal|p1a: Zapdos|100/100|[from] item: Leftovers
|-heal|p2a: Gengar|36/100 par|[from] item: Leftovers
|upkeep
|turn|36
|c|☆xurkiyee|Bro
|c|☆thestonewallsmith|lmfao
|c|☆xurkiyee|im sorry
|
|t:|1730330382
|move|p1a: Zapdos|Thunderbolt|p2a: Gengar
|-damage|p2a: Gengar|0 fnt
|faint|p2a: Gengar
|
|t:|1730330386
|switch|p2a: Tyranitar|Tyranitar, F|39/100
|
|-weather|Sandstorm|[upkeep]
|-damage|p1a: Zapdos|94/100|[from] Sandstorm
|-heal|p1a: Zapdos|100/100|[from] item: Leftovers
|upkeep
|turn|37
|
|t:|1730330391
|move|p1a: Zapdos|Hidden Power|p2a: Tyranitar
|-supereffective|p2a: Tyranitar
|-damage|p2a: Tyranitar|0 fnt
|faint|p2a: Tyranitar
|
|t:|1730330395
|switch|p2a: Charizard|Charizard, F|9/100
|
|-weather|Sandstorm|[upkeep]
|-damage|p1a: Zapdos|94/100|[from] Sandstorm
|-damage|p2a: Charizard|3/100|[from] Sandstorm
|-heal|p1a: Zapdos|100/100|[from] item: Leftovers
|-heal|p2a: Charizard|9/100|[from] item: Leftovers
|upkeep
|turn|38
|c|☆thestonewallsmith|gg thats the game we play
|
|t:|1730330404
|move|p1a: Zapdos|Thunderbolt|p2a: Charizard
|-supereffective|p2a: Charizard
|-crit|p2a: Charizard
|-damage|p2a: Charizard|0 fnt
|faint|p2a: Charizard
|
|win|xurkiyee
|c|☆xurkiyee|gg
|player|p2|

</script>
<script type="application/json" class="data" id="replaydata-smogtours-gen3ou-803506">
{"id":"smogtours-gen3ou-803506","format":"[Gen 3] OU","players":["xurkiyee","thestonewallsmith"],"uploadtime":1730330404,"views":88,"formatid":"gen3ou","rating":null,"private":0,"password":null}
</script>

<script defer src="js/replays.js?9d40a366"></script>
