<!DOCTYPE html>
<meta charset="utf-8" />
<meta name="viewport" content="width=device-width" />

<title>[Gen 3] OU: xGangg vs. GShed - Replays - Pok&eacute;mon Showdown!</title>

<meta name="description" content="Watch a replay of a Pok&eacute;mon battle between xGangg and GShed! Format: [Gen 3] OU; Date: Oct 27, 2024" />
<!--

Hey, you! Looking in the source for the replay log?

You can find them in JSON format, just add `.json` at the end of a replay URL.

https://replay.pokemonshowdown.com/gen7randomdoublesbattle-865046831.json

Or, if you only need the log itself, add `.log` instead:

https://replay.pokemonshowdown.com/gen7randomdoublesbattle-865046831.log

-->

<link rel="stylesheet" href="//pokemonshowdown.com/style/global.css?0.023195364461161105" />
<link rel="stylesheet" href="//play.pokemonshowdown.com/style/font-awesome.css?0.13261647063804238" />
<link rel="stylesheet" href="//play.pokemonshowdown.com/style/battle.css?0.8753245789963631" />
<link rel="stylesheet" href="//play.pokemonshowdown.com/style/utilichart.css?0.8627959624976733" />

<!-- Global site tag (gtag.js) - Google Analytics -->
<script async src="https://www.googletagmanager.com/gtag/js?id=UA-26211653-1"></script>
<script>
  window.dataLayer = window.dataLayer || [];
  function gtag(){dataLayer.push(arguments);}
  gtag('js', new Date());

  gtag('config', 'UA-26211653-1');
</script>
<!-- End Google Analytics -->
<!-- Venatus Ad Manager - Install in <HEAD> of page -->
	<script src="https://hb.vntsm.com/v3/live/ad-manager.min.js" type="text/javascript" data-site-id="642aba63ec9a7b11c3c9c1be" data-mode="scan" async></script>
<!-- / Venatus Ad Manager -->

<style>
	@media (max-width:820px) {
		.battle {
			margin: 0 auto;
		}
		.battle-log {
			margin: 7px auto 0;
			max-width: 640px;
			height: 300px;
			position: static;
		}
	}
	.optgroup {
		display: inline-block;
		line-height: 22px;
		font-size: 10pt;
	}
	.optgroup .button {
		height: 25px;
		padding-top: 0;
		padding-bottom: 0;
	}
	.optgroup button.button {
		padding-left: 12px;
		padding-right: 12px;
	}
	.linklist {
		list-style: none;
		margin: 0.5em 0;
		padding: 0;
	}
	.linklist li {
		padding: 2px 0;
	}
	.sidebar {
		float: left;
		width: 320px;
	}
	.bar-wrapper {
		max-width: 1100px;
		margin: 0 auto;
	}
	.bar-wrapper.has-sidebar {
		max-width: 1430px;
	}
	.mainbar {
		margin: 0;
		padding-right: 1px;
	}
	.mainbar.has-sidebar {
		margin-left: 330px;
	}
	@media (min-width: 1511px) {
		.sidebar {
			width: 400px;
		}
		.bar-wrapper.has-sidebar {
			max-width: 1510px;
		}
		.mainbar.has-sidebar {
			margin-left: 410px;
		}
	}
	.section.first-section {
		margin-top: 9px;
	}
	.blocklink small {
		white-space: normal;
	}
	.button {
		vertical-align: middle;
	}
	.replay-controls {
		padding-top: 10px;
	}
	.replay-controls h1 {
		font-size: 16pt;
		font-weight: normal;
		color: #CCC;
	}
	.pagelink {
		text-align: center;
	}
	.pagelink a {
		width: 150px;
	}
	.textbox, .button {
		font-size: 11pt;
		vertical-align: middle;
	}
	@media (max-width: 450px) {
		.button {
			font-size: 9pt;
		}
	}
</style>

<div>

	<header>
		<div class="nav-wrapper"><ul class="nav">
			<li><a class="button nav-first" href="//pokemonshowdown.com/"><img src="//pokemonshowdown.com/images/pokemonshowdownbeta.png" srcset="//pokemonshowdown.com/images/pokemonshowdownbeta.png 1x, //pokemonshowdown.com/images/pokemonshowdownbeta@2x.png 2x" alt="Pok&eacute;mon Showdown" width="146" height="44" /> Home</a></li>
			<li><a class="button" href="//pokemonshowdown.com/dex/">Pok&eacute;dex</a></li>
			<li><a class="button cur" href="/">Replays</a></li>
			<li><a class="button" href="//pokemonshowdown.com/ladder/">Ladder</a></li>
			<li><a class="button nav-last" href="//pokemonshowdown.com/forums/">Forum</a></li>
			<li><a class="button greenbutton nav-first nav-last" href="//play.pokemonshowdown.com/">Play</a></li>
		</ul></div>
	</header>

	<div class="main" id="main">

		<noscript><section class="section">You need to enable JavaScript to use this page; sorry!</section></noscript>

	</div>

</div>

<script defer nomodule src="//play.pokemonshowdown.com/js/lib/ps-polyfill.js"></script>
<script defer src="//play.pokemonshowdown.com/js/lib/preact.min.js"></script>

<script defer src="//play.pokemonshowdown.com/config/config.js?2bddbc15"></script>
<script defer src="//play.pokemonshowdown.com/js/lib/jquery-1.11.0.min.js"></script>
<script defer src="//play.pokemonshowdown.com/js/lib/html-sanitizer-minified.js"></script>
<script defer src="//play.pokemonshowdown.com/js/battle-sound.js"></script>
<script defer src="//play.pokemonshowdown.com/js/battledata.js?0.7209276989879541"></script>
<script defer src="//play.pokemonshowdown.com/data/pokedex-mini.js?0.6111056340867951"></script>
<script defer src="//play.pokemonshowdown.com/data/pokedex-mini-bw.js?0.3532142036491459"></script>
<script defer src="//play.pokemonshowdown.com/data/graphics.js?0.24223875632456182"></script>
<script defer src="//play.pokemonshowdown.com/data/pokedex.js?0.38839984266356864"></script>
<script defer src="//play.pokemonshowdown.com/data/moves.js?0.21866028504024015"></script>
<script defer src="//play.pokemonshowdown.com/data/abilities.js?0.2005157953846628"></script>
<script defer src="//play.pokemonshowdown.com/data/items.js?0.9894211263848525"></script>
<script defer src="//play.pokemonshowdown.com/data/teambuilder-tables.js?0.6008791140282215"></script>
<script defer src="//play.pokemonshowdown.com/js/battle-tooltips.js?0.7580118955022959"></script>
<script defer src="//play.pokemonshowdown.com/js/battle.js?0.6057722274234274"></script>

<script defer src="js/utils.js?e31f9a17"></script>
<script defer src="js/replays-battle.js?7008c182"></script>

<!-- don't scrape this data! just add .json or .log after the URL!
Full API docs: https://github.com/smogon/pokemon-showdown-client/blob/master/WEB-API.md -->
<script type="text/plain" class="log" id="replaylog-smogtours-gen3ou-802495">
|inactive|Battle timer is ON: inactive players will automatically lose when time's up.
|t:|1730042216
|gametype|singles
|player|p1|xGangg|#teamvictini|
|player|p2|GShed|102|
|teamsize|p1|6
|teamsize|p2|6
|gen|3
|tier|[Gen 3] OU
|rule|Sleep Clause Mod: Limit one foe put to sleep
|rule|Switch Priority Clause Mod: Faster Pokémon switch first
|rule|Species Clause: Limit one of each Pokémon
|rule|OHKO Clause: OHKO moves are banned
|rule|Evasion Items Clause: Evasion items are banned
|rule|Evasion Moves Clause: Evasion moves are banned
|rule|Endless Battle Clause: Forcing endless battles is banned
|rule|HP Percentage Mod: HP is shown in percentages
|rule|One Boost Passer Clause: Limit one Baton Passer that has a way to boost its stats
|rule|Freeze Clause Mod: Limit one foe frozen
|
|t:|1730042216
|start
|switch|p1a: Tyranitar|Tyranitar, F|100/100
|switch|p2a: Salamence|Salamence, M|100/100
|-ability|p2a: Salamence|Intimidate|boost
|-unboost|p1a: Tyranitar|atk|1
|-weather|Sandstorm|[from] ability: Sand Stream|[of] p1a: Tyranitar
|turn|1
|c|☆GShed|glhf
|c|☆xGangg|glhf
|
|t:|1730042237
|switch|p2a: Jirachi|Jirachi|100/100
|switch|p1a: Swampert|Swampert, M|100/100
|
|-weather|Sandstorm|[upkeep]
|upkeep
|turn|2
|
|t:|1730042255
|switch|p1a: Jirachi|Jirachi|100/100
|move|p2a: Jirachi|Toxic|p1a: Jirachi
|-immune|p1a: Jirachi
|
|-weather|Sandstorm|[upkeep]
|upkeep
|turn|3
|inactive|GShed has 270 seconds left.
|
|t:|1730042286
|switch|p2a: Tyranitar|Tyranitar, F|100/100
|move|p1a: Jirachi|Fire Punch|p2a: Tyranitar
|-resisted|p2a: Tyranitar
|-damage|p2a: Tyranitar|94/100
|
|-weather|Sandstorm|[upkeep]
|-heal|p2a: Tyranitar|99/100|[from] item: Leftovers
|upkeep
|turn|4
|
|t:|1730042300
|switch|p1a: Salamence|Salamence, F|100/100
|-ability|p1a: Salamence|Intimidate|boost
|-unboost|p2a: Tyranitar|atk|1
|move|p2a: Tyranitar|Fire Blast|p1a: Salamence|[miss]
|-miss|p2a: Tyranitar|p1a: Salamence
|
|-weather|Sandstorm|[upkeep]
|-damage|p1a: Salamence|94/100|[from] Sandstorm
|-heal|p1a: Salamence|100/100|[from] item: Leftovers
|-heal|p2a: Tyranitar|100/100|[from] item: Leftovers
|upkeep
|turn|5
|inactive|GShed has 270 seconds left.
|inactive|xGangg has 270 seconds left.
|
|t:|1730042333
|switch|p2a: Blissey|Blissey, F|100/100
|move|p1a: Salamence|Dragon Claw|p2a: Blissey
|-damage|p2a: Blissey|86/100
|
|-weather|Sandstorm|[upkeep]
|-damage|p1a: Salamence|94/100|[from] Sandstorm
|-damage|p2a: Blissey|80/100|[from] Sandstorm
|-heal|p1a: Salamence|100/100|[from] item: Leftovers
|-heal|p2a: Blissey|86/100|[from] item: Leftovers
|upkeep
|turn|6
|inactive|xGangg has 270 seconds left.
|inactive|GShed has 270 seconds left.
|
|t:|1730042347
|switch|p1a: Forretress|Forretress, F|100/100
|move|p2a: Blissey|Thunder Wave|p1a: Forretress
|-status|p1a: Forretress|par
|
|-weather|Sandstorm|[upkeep]
|-damage|p2a: Blissey|80/100|[from] Sandstorm
|-heal|p2a: Blissey|86/100|[from] item: Leftovers
|upkeep
|turn|7
|inactive|GShed has 270 seconds left.
|
|t:|1730042363
|switch|p2a: Tyranitar|Tyranitar, F|100/100
|move|p1a: Forretress|Spikes|p2a: Tyranitar
|-sidestart|p2: GShed|Spikes
|
|-weather|Sandstorm|[upkeep]
|upkeep
|turn|8
|inactive|GShed has 270 seconds left.
|
|t:|1730042369
|switch|p1a: Blissey|Blissey, F|100/100
|move|p2a: Tyranitar|Crunch|p1a: Blissey
|-damage|p1a: Blissey|86/100
|
|-weather|Sandstorm|[upkeep]
|-damage|p1a: Blissey|80/100|[from] Sandstorm
|-heal|p1a: Blissey|86/100|[from] item: Leftovers
|upkeep
|turn|9
|inactive|GShed has 270 seconds left.
|
|t:|1730042401
|switch|p2a: Forretress|Forretress, F|100/100
|-damage|p2a: Forretress|88/100|[from] Spikes
|move|p1a: Blissey|Ice Beam|p2a: Forretress
|-resisted|p2a: Forretress
|-damage|p2a: Forretress|78/100
|
|-weather|Sandstorm|[upkeep]
|-damage|p1a: Blissey|80/100|[from] Sandstorm
|-heal|p1a: Blissey|86/100|[from] item: Leftovers
|-heal|p2a: Forretress|84/100|[from] item: Leftovers
|upkeep
|turn|10
|
|t:|1730042417
|switch|p1a: Salamence|Salamence, F|100/100
|-ability|p1a: Salamence|Intimidate|boost
|-unboost|p2a: Forretress|atk|1
|move|p2a: Forretress|Rapid Spin|p1a: Salamence
|-damage|p1a: Salamence|97/100
|-sideend|p2: GShed|Spikes|[from] move: Rapid Spin|[of] p2a: Forretress
|
|-weather|Sandstorm|[upkeep]
|-damage|p1a: Salamence|91/100|[from] Sandstorm
|-heal|p1a: Salamence|97/100|[from] item: Leftovers
|-heal|p2a: Forretress|91/100|[from] item: Leftovers
|upkeep
|turn|11
|inactive|GShed has 240 seconds left.
|
|t:|1730042447
|switch|p2a: Blissey|Blissey, F|86/100
|move|p1a: Salamence|Dragon Claw|p2a: Blissey
|-damage|p2a: Blissey|71/100
|
|-weather|Sandstorm|[upkeep]
|-damage|p1a: Salamence|91/100|[from] Sandstorm
|-damage|p2a: Blissey|65/100|[from] Sandstorm
|-heal|p1a: Salamence|97/100|[from] item: Leftovers
|-heal|p2a: Blissey|71/100|[from] item: Leftovers
|upkeep
|turn|12
|
|t:|1730042456
|switch|p1a: Blissey|Blissey, F|86/100
|move|p2a: Blissey|Soft-Boiled|p2a: Blissey
|-heal|p2a: Blissey|100/100
|
|-weather|Sandstorm|[upkeep]
|-damage|p1a: Blissey|80/100|[from] Sandstorm
|-damage|p2a: Blissey|94/100|[from] Sandstorm
|-heal|p1a: Blissey|86/100|[from] item: Leftovers
|-heal|p2a: Blissey|100/100|[from] item: Leftovers
|upkeep
|turn|13
|inactive|GShed has 240 seconds left.
|
|t:|1730042477
|switch|p1a: Forretress|Forretress, F|100/100 par
|switch|p2a: Jirachi|Jirachi|100/100
|
|-weather|Sandstorm|[upkeep]
|upkeep
|turn|14
|
|t:|1730042483
|switch|p1a: Blissey|Blissey, F|86/100
|move|p2a: Jirachi|Fire Punch|p1a: Blissey
|-damage|p1a: Blissey|79/100
|
|-weather|Sandstorm|[upkeep]
|-damage|p1a: Blissey|73/100|[from] Sandstorm
|-heal|p1a: Blissey|79/100|[from] item: Leftovers
|upkeep
|turn|15
|inactive|GShed has 240 seconds left.
|
|t:|1730042491
|move|p2a: Jirachi|Toxic|p1a: Blissey
|-status|p1a: Blissey|tox
|move|p1a: Blissey|Thunderbolt|p2a: Jirachi
|-damage|p2a: Jirachi|81/100
|
|-weather|Sandstorm|[upkeep]
|-damage|p1a: Blissey|73/100 tox|[from] Sandstorm
|-heal|p2a: Jirachi|87/100|[from] item: Leftovers
|-heal|p1a: Blissey|79/100 tox|[from] item: Leftovers
|-damage|p1a: Blissey|73/100 tox|[from] psn
|upkeep
|turn|16
|inactive|GShed has 240 seconds left.
|
|t:|1730042528
|switch|p2a: Forretress|Forretress, F|91/100
|-curestatus|p1a: Blissey|tox|[from] ability: Natural Cure
|switch|p1a: Swampert|Swampert, M|100/100
|
|-weather|Sandstorm|[upkeep]
|-heal|p2a: Forretress|97/100|[from] item: Leftovers
|upkeep
|turn|17
|
|t:|1730042538
|move|p1a: Swampert|Ice Beam|p2a: Forretress
|-resisted|p2a: Forretress
|-damage|p2a: Forretress|84/100
|move|p2a: Forretress|Spikes|p1a: Swampert
|-sidestart|p1: xGangg|Spikes
|
|-weather|Sandstorm|[upkeep]
|-heal|p2a: Forretress|91/100|[from] item: Leftovers
|upkeep
|turn|18
|inactive|GShed has 210 seconds left.
|
|t:|1730042566
|switch|p1a: Forretress|Forretress, F|100/100 par
|-damage|p1a: Forretress|88/100 par|[from] Spikes
|switch|p2a: Jirachi|Jirachi|87/100
|
|-weather|Sandstorm|[upkeep]
|-heal|p2a: Jirachi|93/100|[from] item: Leftovers
|-heal|p1a: Forretress|94/100 par|[from] item: Leftovers
|upkeep
|turn|19
|inactive|GShed has 210 seconds left.
|
|t:|1730042576
|switch|p1a: Swampert|Swampert, M|100/100
|-damage|p1a: Swampert|88/100|[from] Spikes
|move|p2a: Jirachi|Fire Punch|p1a: Swampert
|-resisted|p1a: Swampert
|-damage|p1a: Swampert|81/100
|
|-weather|Sandstorm|[upkeep]
|-heal|p2a: Jirachi|99/100|[from] item: Leftovers
|-heal|p1a: Swampert|87/100|[from] item: Leftovers
|upkeep
|turn|20
|
|t:|1730042586
|move|p2a: Jirachi|Toxic|p1a: Swampert
|-status|p1a: Swampert|tox
|move|p1a: Swampert|Ice Beam|p2a: Jirachi
|-resisted|p2a: Jirachi
|-damage|p2a: Jirachi|90/100
|
|-weather|Sandstorm|[upkeep]
|-heal|p2a: Jirachi|96/100|[from] item: Leftovers
|-heal|p1a: Swampert|93/100 tox|[from] item: Leftovers
|-damage|p1a: Swampert|87/100 tox|[from] psn
|upkeep
|turn|21
|
|t:|1730042597
|switch|p2a: Forretress|Forretress, F|91/100
|move|p1a: Swampert|Refresh|p1a: Swampert
|-curestatus|p1a: Swampert|tox|[msg]
|
|-weather|Sandstorm|[upkeep]
|-heal|p1a: Swampert|93/100|[from] item: Leftovers
|-heal|p2a: Forretress|97/100|[from] item: Leftovers
|upkeep
|turn|22
|inactive|GShed has 210 seconds left.
|
|t:|1730042613
|switch|p1a: Forretress|Forretress, F|94/100 par
|-damage|p1a: Forretress|82/100 par|[from] Spikes
|move|p2a: Forretress|Spikes|p1a: Forretress
|-sidestart|p1: xGangg|Spikes
|
|-weather|Sandstorm|[upkeep]
|-heal|p2a: Forretress|100/100|[from] item: Leftovers
|-heal|p1a: Forretress|88/100 par|[from] item: Leftovers
|upkeep
|turn|23
|inactive|GShed has 210 seconds left.
|
|t:|1730042627
|switch|p2a: Tyranitar|Tyranitar, F|100/100
|cant|p1a: Forretress|par
|
|-weather|Sandstorm|[upkeep]
|-heal|p1a: Forretress|94/100 par|[from] item: Leftovers
|upkeep
|turn|24
|inactive|GShed has 210 seconds left.
|
|t:|1730042652
|switch|p2a: Salamence|Salamence, M|100/100
|-ability|p2a: Salamence|Intimidate|boost
|-unboost|p1a: Forretress|atk|1
|switch|p1a: Blissey|Blissey, F|73/100
|-damage|p1a: Blissey|56/100|[from] Spikes
|
|-weather|Sandstorm|[upkeep]
|-damage|p2a: Salamence|95/100|[from] Sandstorm
|-damage|p1a: Blissey|50/100|[from] Sandstorm
|-heal|p2a: Salamence|100/100|[from] item: Leftovers
|-heal|p1a: Blissey|56/100|[from] item: Leftovers
|upkeep
|turn|25
|inactive|GShed has 180 seconds left.
|inactive|GShed has 150 seconds left.
|
|t:|1730042722
|switch|p2a: Forretress|Forretress, F|100/100
|move|p1a: Blissey|Soft-Boiled|p1a: Blissey
|-heal|p1a: Blissey|100/100
|
|-weather|Sandstorm|[upkeep]
|-damage|p1a: Blissey|94/100|[from] Sandstorm
|-heal|p1a: Blissey|100/100|[from] item: Leftovers
|upkeep
|turn|26
|inactive|GShed has 150 seconds left.
|
|t:|1730042753
|switch|p1a: Forretress|Forretress, F|94/100 par
|-damage|p1a: Forretress|78/100 par|[from] Spikes
|move|p2a: Forretress|Spikes|p1a: Forretress
|-sidestart|p1: xGangg|Spikes
|
|-weather|Sandstorm|[upkeep]
|-heal|p1a: Forretress|84/100 par|[from] item: Leftovers
|upkeep
|turn|27
|
|t:|1730042764
|switch|p2a: Salamence|Salamence, M|100/100
|-ability|p2a: Salamence|Intimidate|boost
|-unboost|p1a: Forretress|atk|1
|move|p1a: Forretress|Rapid Spin|p2a: Salamence
|-crit|p2a: Salamence
|-damage|p2a: Salamence|90/100
|-sideend|p1: xGangg|Spikes|[from] move: Rapid Spin|[of] p1a: Forretress
|
|-weather|Sandstorm|[upkeep]
|-damage|p2a: Salamence|84/100|[from] Sandstorm
|-heal|p2a: Salamence|90/100|[from] item: Leftovers
|-heal|p1a: Forretress|90/100 par|[from] item: Leftovers
|upkeep
|turn|28
|
|t:|1730042788
|switch|p1a: Swampert|Swampert, M|93/100
|move|p2a: Salamence|Fire Blast|p1a: Swampert
|-resisted|p1a: Swampert
|-damage|p1a: Swampert|76/100
|
|-weather|Sandstorm|[upkeep]
|-damage|p2a: Salamence|84/100|[from] Sandstorm
|-heal|p2a: Salamence|90/100|[from] item: Leftovers
|-heal|p1a: Swampert|82/100|[from] item: Leftovers
|upkeep
|turn|29
|
|t:|1730042798
|switch|p1a: Blissey|Blissey, F|100/100
|move|p2a: Salamence|Hidden Power|p1a: Blissey
|-damage|p1a: Blissey|90/100
|
|-weather|Sandstorm|[upkeep]
|-damage|p2a: Salamence|84/100|[from] Sandstorm
|-damage|p1a: Blissey|84/100|[from] Sandstorm
|-heal|p2a: Salamence|90/100|[from] item: Leftovers
|-heal|p1a: Blissey|90/100|[from] item: Leftovers
|upkeep
|turn|30
|inactive|GShed has 120 seconds left.
|
|t:|1730042819
|switch|p2a: Jirachi|Jirachi|96/100
|move|p1a: Blissey|Ice Beam|p2a: Jirachi
|-resisted|p2a: Jirachi
|-damage|p2a: Jirachi|87/100
|-status|p2a: Jirachi|frz
|
|-weather|Sandstorm|[upkeep]
|-damage|p1a: Blissey|84/100|[from] Sandstorm
|-heal|p2a: Jirachi|93/100 frz|[from] item: Leftovers
|-heal|p1a: Blissey|90/100|[from] item: Leftovers
|upkeep
|turn|31
|inactive|GShed has 120 seconds left.
|
|t:|1730042844
|switch|p1a: Salamence|Salamence, F|97/100
|-ability|p1a: Salamence|Intimidate|boost
|-unboost|p2a: Jirachi|atk|1
|cant|p2a: Jirachi|frz
|
|-weather|Sandstorm|[upkeep]
|-damage|p1a: Salamence|91/100|[from] Sandstorm
|-heal|p1a: Salamence|97/100|[from] item: Leftovers
|-heal|p2a: Jirachi|99/100 frz|[from] item: Leftovers
|upkeep
|turn|32
|inactive|GShed has 120 seconds left.
|inactive|xGangg has 270 seconds left.
|
|t:|1730042882
|switch|p1a: Tyranitar|Tyranitar, F|100/100
|cant|p2a: Jirachi|frz
|
|-weather|Sandstorm|[upkeep]
|-heal|p2a: Jirachi|100/100 frz|[from] item: Leftovers
|upkeep
|turn|33
|inactive|GShed has 120 seconds left.
|
|t:|1730042905
|switch|p2a: Salamence|Salamence, M|90/100
|-ability|p2a: Salamence|Intimidate|boost
|-unboost|p1a: Tyranitar|atk|1
|move|p1a: Tyranitar|Crunch|p2a: Salamence
|-damage|p2a: Salamence|38/100
|
|-weather|Sandstorm|[upkeep]
|-damage|p2a: Salamence|32/100|[from] Sandstorm
|-heal|p2a: Salamence|38/100|[from] item: Leftovers
|upkeep
|turn|34
|
|t:|1730042924
|switch|p2a: Blissey|Blissey, F|100/100
|move|p1a: Tyranitar|Crunch|p2a: Blissey
|-damage|p2a: Blissey|87/100
|
|-weather|Sandstorm|[upkeep]
|-damage|p2a: Blissey|81/100|[from] Sandstorm
|-heal|p2a: Blissey|87/100|[from] item: Leftovers
|upkeep
|turn|35
|
|t:|1730042941
|switch|p1a: Blissey|Blissey, F|90/100
|move|p2a: Blissey|Seismic Toss|p1a: Blissey
|-damage|p1a: Blissey|75/100
|
|-weather|Sandstorm|[upkeep]
|-damage|p1a: Blissey|69/100|[from] Sandstorm
|-damage|p2a: Blissey|81/100|[from] Sandstorm
|-heal|p1a: Blissey|75/100|[from] item: Leftovers
|-heal|p2a: Blissey|87/100|[from] item: Leftovers
|upkeep
|turn|36
|
|t:|1730042952
|switch|p1a: Forretress|Forretress, F|90/100 par
|move|p2a: Blissey|Thunder Wave|p1a: Forretress
|-fail|p1a: Forretress|par
|
|-weather|Sandstorm|[upkeep]
|-damage|p2a: Blissey|81/100|[from] Sandstorm
|-heal|p2a: Blissey|87/100|[from] item: Leftovers
|-heal|p1a: Forretress|96/100 par|[from] item: Leftovers
|upkeep
|turn|37
|
|t:|1730042966
|switch|p2a: Tyranitar|Tyranitar, F|100/100
|move|p1a: Forretress|Spikes|p2a: Tyranitar
|-sidestart|p2: GShed|Spikes
|
|-weather|Sandstorm|[upkeep]
|-heal|p1a: Forretress|100/100 par|[from] item: Leftovers
|upkeep
|turn|38
|
|t:|1730042979
|switch|p2a: Forretress|Forretress, F|100/100
|-damage|p2a: Forretress|88/100|[from] Spikes
|switch|p1a: Blissey|Blissey, F|75/100
|
|-weather|Sandstorm|[upkeep]
|-damage|p1a: Blissey|69/100|[from] Sandstorm
|-heal|p1a: Blissey|75/100|[from] item: Leftovers
|-heal|p2a: Forretress|94/100|[from] item: Leftovers
|upkeep
|turn|39
|
|t:|1730042993
|switch|p1a: Salamence|Salamence, F|97/100
|-ability|p1a: Salamence|Intimidate|boost
|-unboost|p2a: Forretress|atk|1
|move|p2a: Forretress|Rapid Spin|p1a: Salamence
|-damage|p1a: Salamence|93/100
|-sideend|p2: GShed|Spikes|[from] move: Rapid Spin|[of] p2a: Forretress
|
|-weather|Sandstorm|[upkeep]
|-damage|p1a: Salamence|87/100|[from] Sandstorm
|-heal|p1a: Salamence|93/100|[from] item: Leftovers
|-heal|p2a: Forretress|100/100|[from] item: Leftovers
|upkeep
|turn|40
|inactive|xGangg has 270 seconds left.
|inactive|GShed has 90 seconds left.
|
|t:|1730043021
|switch|p2a: Blissey|Blissey, F|87/100
|move|p1a: Salamence|Brick Break|p2a: Blissey
|-supereffective|p2a: Blissey
|-damage|p2a: Blissey|50/100
|
|-weather|Sandstorm|[upkeep]
|-damage|p1a: Salamence|87/100|[from] Sandstorm
|-damage|p2a: Blissey|44/100|[from] Sandstorm
|-heal|p1a: Salamence|93/100|[from] item: Leftovers
|-heal|p2a: Blissey|50/100|[from] item: Leftovers
|upkeep
|turn|41
|inactive|xGangg has 270 seconds left.
|inactive|GShed has 90 seconds left.
|
|t:|1730043032
|move|p1a: Salamence|Brick Break|p2a: Blissey
|-supereffective|p2a: Blissey
|-damage|p2a: Blissey|10/100
|move|p2a: Blissey|Soft-Boiled|p2a: Blissey
|-heal|p2a: Blissey|60/100
|
|-weather|Sandstorm|[upkeep]
|-damage|p1a: Salamence|87/100|[from] Sandstorm
|-damage|p2a: Blissey|54/100|[from] Sandstorm
|-heal|p1a: Salamence|93/100|[from] item: Leftovers
|-heal|p2a: Blissey|60/100|[from] item: Leftovers
|upkeep
|turn|42
|inactive|GShed has 90 seconds left.
|
|t:|1730043044
|switch|p1a: Forretress|Forretress, F|100/100 par
|move|p2a: Blissey|Soft-Boiled|p2a: Blissey
|-heal|p2a: Blissey|100/100
|
|-weather|Sandstorm|[upkeep]
|-damage|p2a: Blissey|94/100|[from] Sandstorm
|-heal|p2a: Blissey|100/100|[from] item: Leftovers
|upkeep
|turn|43
|inactive|GShed has 90 seconds left.
|
|t:|1730043068
|switch|p2a: Jirachi|Jirachi|100/100 frz
|move|p1a: Forretress|Spikes|p2a: Jirachi
|-sidestart|p2: GShed|Spikes
|
|-weather|Sandstorm|[upkeep]
|upkeep
|turn|44
|
|t:|1730043072
|cant|p2a: Jirachi|frz
|move|p1a: Forretress|Earthquake|p2a: Jirachi
|-supereffective|p2a: Jirachi
|-damage|p2a: Jirachi|74/100 frz
|
|-weather|Sandstorm|[upkeep]
|-heal|p2a: Jirachi|80/100 frz|[from] item: Leftovers
|upkeep
|turn|45
|
|t:|1730043091
|cant|p2a: Jirachi|frz
|cant|p1a: Forretress|par
|
|-weather|Sandstorm|[upkeep]
|-heal|p2a: Jirachi|86/100 frz|[from] item: Leftovers
|upkeep
|turn|46
|
|t:|1730043098
|switch|p1a: Tyranitar|Tyranitar, F|100/100
|cant|p2a: Jirachi|frz
|
|-weather|Sandstorm|[upkeep]
|-heal|p2a: Jirachi|93/100 frz|[from] item: Leftovers
|upkeep
|turn|47
|
|t:|1730043112
|cant|p2a: Jirachi|frz
|move|p1a: Tyranitar|Pursuit|p2a: Jirachi
|-damage|p2a: Jirachi|78/100 frz
|
|-weather|Sandstorm|[upkeep]
|-heal|p2a: Jirachi|84/100 frz|[from] item: Leftovers
|upkeep
|turn|48
|
|t:|1730043123
|cant|p2a: Jirachi|frz
|move|p1a: Tyranitar|Pursuit|p2a: Jirachi
|-damage|p2a: Jirachi|68/100 frz
|
|-weather|Sandstorm|[upkeep]
|-heal|p2a: Jirachi|74/100 frz|[from] item: Leftovers
|upkeep
|turn|49
|
|t:|1730043130
|cant|p2a: Jirachi|frz
|move|p1a: Tyranitar|Crunch|p2a: Jirachi
|-damage|p2a: Jirachi|42/100 frz
|
|-weather|Sandstorm|[upkeep]
|-heal|p2a: Jirachi|48/100 frz|[from] item: Leftovers
|upkeep
|turn|50
|
|t:|1730043137
|cant|p2a: Jirachi|frz
|move|p1a: Tyranitar|Pursuit|p2a: Jirachi
|-damage|p2a: Jirachi|31/100 frz
|
|-weather|Sandstorm|[upkeep]
|-heal|p2a: Jirachi|37/100 frz|[from] item: Leftovers
|upkeep
|turn|51
|
|t:|1730043143
|cant|p2a: Jirachi|frz
|move|p1a: Tyranitar|Fire Blast|p2a: Jirachi
|-supereffective|p2a: Jirachi
|-damage|p2a: Jirachi|0 fnt
|faint|p2a: Jirachi
|c|☆xGangg|sry
|
|t:|1730043172
|switch|p2a: Blissey|Blissey, F|100/100
|-damage|p2a: Blissey|88/100|[from] Spikes
|
|-weather|Sandstorm|[upkeep]
|-damage|p2a: Blissey|82/100|[from] Sandstorm
|-heal|p2a: Blissey|88/100|[from] item: Leftovers
|upkeep
|turn|52
|
|t:|1730043184
|switch|p1a: Blissey|Blissey, F|75/100
|move|p2a: Blissey|Seismic Toss|p1a: Blissey
|-damage|p1a: Blissey|60/100
|
|-weather|Sandstorm|[upkeep]
|-damage|p1a: Blissey|53/100|[from] Sandstorm
|-damage|p2a: Blissey|82/100|[from] Sandstorm
|-heal|p1a: Blissey|60/100|[from] item: Leftovers
|-heal|p2a: Blissey|88/100|[from] item: Leftovers
|upkeep
|turn|53
|
|t:|1730043198
|switch|p2a: Forretress|Forretress, F|100/100
|-damage|p2a: Forretress|88/100|[from] Spikes
|move|p1a: Blissey|Soft-Boiled|p1a: Blissey
|-heal|p1a: Blissey|100/100
|
|-weather|Sandstorm|[upkeep]
|-damage|p1a: Blissey|94/100|[from] Sandstorm
|-heal|p1a: Blissey|100/100|[from] item: Leftovers
|-heal|p2a: Forretress|94/100|[from] item: Leftovers
|upkeep
|turn|54
|inactive|GShed has 90 seconds left.
|
|t:|1730043215
|switch|p1a: Salamence|Salamence, F|93/100
|-ability|p1a: Salamence|Intimidate|boost
|-unboost|p2a: Forretress|atk|1
|move|p2a: Forretress|Rapid Spin|p1a: Salamence
|-damage|p1a: Salamence|90/100
|-sideend|p2: GShed|Spikes|[from] move: Rapid Spin|[of] p2a: Forretress
|
|-weather|Sandstorm|[upkeep]
|-damage|p1a: Salamence|84/100|[from] Sandstorm
|-heal|p1a: Salamence|90/100|[from] item: Leftovers
|-heal|p2a: Forretress|100/100|[from] item: Leftovers
|upkeep
|turn|55
|inactive|GShed has 90 seconds left.
|
|t:|1730043226
|switch|p2a: Blissey|Blissey, F|88/100
|move|p1a: Salamence|Brick Break|p2a: Blissey
|-supereffective|p2a: Blissey
|-damage|p2a: Blissey|48/100
|
|-weather|Sandstorm|[upkeep]
|-damage|p1a: Salamence|84/100|[from] Sandstorm
|-damage|p2a: Blissey|42/100|[from] Sandstorm
|-heal|p1a: Salamence|90/100|[from] item: Leftovers
|-heal|p2a: Blissey|48/100|[from] item: Leftovers
|upkeep
|turn|56
|inactive|GShed has 90 seconds left.
|
|t:|1730043254
|move|p1a: Salamence|Brick Break|p2a: Blissey
|-supereffective|p2a: Blissey
|-damage|p2a: Blissey|8/100
|move|p2a: Blissey|Soft-Boiled|p2a: Blissey
|-heal|p2a: Blissey|58/100
|
|-weather|Sandstorm|[upkeep]
|-damage|p1a: Salamence|84/100|[from] Sandstorm
|-damage|p2a: Blissey|52/100|[from] Sandstorm
|-heal|p1a: Salamence|90/100|[from] item: Leftovers
|-heal|p2a: Blissey|58/100|[from] item: Leftovers
|upkeep
|turn|57
|inactive|GShed has 90 seconds left.
|
|t:|1730043270
|switch|p1a: Forretress|Forretress, F|100/100 par
|move|p2a: Blissey|Thunder Wave|p1a: Forretress
|-fail|p1a: Forretress|par
|
|-weather|Sandstorm|[upkeep]
|-damage|p2a: Blissey|52/100|[from] Sandstorm
|-heal|p2a: Blissey|58/100|[from] item: Leftovers
|upkeep
|turn|58
|inactive|GShed has 90 seconds left.
|
|t:|1730043280
|switch|p2a: Salamence|Salamence, M|38/100
|-ability|p2a: Salamence|Intimidate|boost
|-unboost|p1a: Forretress|atk|1
|cant|p1a: Forretress|par
|
|-weather|Sandstorm|[upkeep]
|-damage|p2a: Salamence|32/100|[from] Sandstorm
|-heal|p2a: Salamence|38/100|[from] item: Leftovers
|upkeep
|turn|59
|
|t:|1730043293
|switch|p1a: Blissey|Blissey, F|100/100
|move|p2a: Salamence|Brick Break|p1a: Blissey
|-supereffective|p1a: Blissey
|-damage|p1a: Blissey|55/100
|
|-weather|Sandstorm|[upkeep]
|-damage|p2a: Salamence|32/100|[from] Sandstorm
|-damage|p1a: Blissey|49/100|[from] Sandstorm
|-heal|p2a: Salamence|38/100|[from] item: Leftovers
|-heal|p1a: Blissey|55/100|[from] item: Leftovers
|upkeep
|turn|60
|inactive|GShed has 90 seconds left.
|
|t:|1730043319
|move|p2a: Salamence|Brick Break|p1a: Blissey
|-supereffective|p1a: Blissey
|-damage|p1a: Blissey|9/100
|move|p1a: Blissey|Ice Beam|p2a: Salamence
|-supereffective|p2a: Salamence
|-damage|p2a: Salamence|0 fnt
|faint|p2a: Salamence
|inactive|GShed has 60 seconds left.
|
|t:|1730043348
|switch|p2a: Aerodactyl|Aerodactyl, F|100/100
|
|-weather|Sandstorm|[upkeep]
|-damage|p1a: Blissey|3/100|[from] Sandstorm
|-heal|p1a: Blissey|9/100|[from] item: Leftovers
|upkeep
|turn|61
|
|t:|1730043358
|switch|p1a: Salamence|Salamence, F|90/100
|-ability|p1a: Salamence|Intimidate|boost
|-unboost|p2a: Aerodactyl|atk|1
|move|p2a: Aerodactyl|Earthquake|p1a: Salamence
|-immune|p1a: Salamence
|
|-weather|Sandstorm|[upkeep]
|-damage|p1a: Salamence|84/100|[from] Sandstorm
|-heal|p1a: Salamence|90/100|[from] item: Leftovers
|upkeep
|turn|62
|
|t:|1730043373
|switch|p2a: Forretress|Forretress, F|100/100
|move|p1a: Salamence|Brick Break|p2a: Forretress
|-damage|p2a: Forretress|85/100
|
|-weather|Sandstorm|[upkeep]
|-damage|p1a: Salamence|84/100|[from] Sandstorm
|-heal|p1a: Salamence|90/100|[from] item: Leftovers
|-heal|p2a: Forretress|91/100|[from] item: Leftovers
|upkeep
|turn|63
|
|t:|1730043382
|switch|p2a: Blissey|Blissey, F|58/100
|move|p1a: Salamence|Brick Break|p2a: Blissey
|-supereffective|p2a: Blissey
|-damage|p2a: Blissey|21/100
|
|-weather|Sandstorm|[upkeep]
|-damage|p1a: Salamence|84/100|[from] Sandstorm
|-damage|p2a: Blissey|15/100|[from] Sandstorm
|-heal|p1a: Salamence|90/100|[from] item: Leftovers
|-heal|p2a: Blissey|21/100|[from] item: Leftovers
|upkeep
|turn|64
|c|☆GShed|gg
|-message|GShed forfeited.
|
|win|xGangg
|player|p2|
|c|☆xGangg|gg

</script>
<script type="application/json" class="data" id="replaydata-smogtours-gen3ou-802495">
{"id":"smogtours-gen3ou-802495","format":"[Gen 3] OU","players":["xGangg","GShed"],"uploadtime":1730043398,"views":86,"formatid":"gen3ou","rating":null,"private":0,"password":null}
</script>

<script defer src="js/replays.js?9d40a366"></script>
