<!DOCTYPE html>
<meta charset="utf-8" />
<meta name="viewport" content="width=device-width" />

<title>[Gen 3] OU: Koentjelub vs. DunsparceGamer - Replays - Pok&eacute;mon Showdown!</title>

<meta name="description" content="Watch a replay of a Pok&eacute;mon battle between Koentjelub and DunsparceGamer! Format: [Gen 3] OU; Date: Oct 12, 2024" />
<!--

Hey, you! Looking in the source for the replay log?

You can find them in JSON format, just add `.json` at the end of a replay URL.

https://replay.pokemonshowdown.com/gen7randomdoublesbattle-865046831.json

Or, if you only need the log itself, add `.log` instead:

https://replay.pokemonshowdown.com/gen7randomdoublesbattle-865046831.log

-->

<link rel="stylesheet" href="//pokemonshowdown.com/style/global.css?0.023195364461161105" />
<link rel="stylesheet" href="//play.pokemonshowdown.com/style/font-awesome.css?0.13261647063804238" />
<link rel="stylesheet" href="//play.pokemonshowdown.com/style/battle.css?0.8753245789963631" />
<link rel="stylesheet" href="//play.pokemonshowdown.com/style/utilichart.css?0.8627959624976733" />

<!-- Global site tag (gtag.js) - Google Analytics -->
<script async src="https://www.googletagmanager.com/gtag/js?id=UA-26211653-1"></script>
<script>
  window.dataLayer = window.dataLayer || [];
  function gtag(){dataLayer.push(arguments);}
  gtag('js', new Date());

  gtag('config', 'UA-26211653-1');
</script>
<!-- End Google Analytics -->
<!-- Venatus Ad Manager - Install in <HEAD> of page -->
	<script src="https://hb.vntsm.com/v3/live/ad-manager.min.js" type="text/javascript" data-site-id="642aba63ec9a7b11c3c9c1be" data-mode="scan" async></script>
<!-- / Venatus Ad Manager -->

<style>
	@media (max-width:820px) {
		.battle {
			margin: 0 auto;
		}
		.battle-log {
			margin: 7px auto 0;
			max-width: 640px;
			height: 300px;
			position: static;
		}
	}
	.optgroup {
		display: inline-block;
		line-height: 22px;
		font-size: 10pt;
	}
	.optgroup .button {
		height: 25px;
		padding-top: 0;
		padding-bottom: 0;
	}
	.optgroup button.button {
		padding-left: 12px;
		padding-right: 12px;
	}
	.linklist {
		list-style: none;
		margin: 0.5em 0;
		padding: 0;
	}
	.linklist li {
		padding: 2px 0;
	}
	.sidebar {
		float: left;
		width: 320px;
	}
	.bar-wrapper {
		max-width: 1100px;
		margin: 0 auto;
	}
	.bar-wrapper.has-sidebar {
		max-width: 1430px;
	}
	.mainbar {
		margin: 0;
		padding-right: 1px;
	}
	.mainbar.has-sidebar {
		margin-left: 330px;
	}
	@media (min-width: 1511px) {
		.sidebar {
			width: 400px;
		}
		.bar-wrapper.has-sidebar {
			max-width: 1510px;
		}
		.mainbar.has-sidebar {
			margin-left: 410px;
		}
	}
	.section.first-section {
		margin-top: 9px;
	}
	.blocklink small {
		white-space: normal;
	}
	.button {
		vertical-align: middle;
	}
	.replay-controls {
		padding-top: 10px;
	}
	.replay-controls h1 {
		font-size: 16pt;
		font-weight: normal;
		color: #CCC;
	}
	.pagelink {
		text-align: center;
	}
	.pagelink a {
		width: 150px;
	}
	.textbox, .button {
		font-size: 11pt;
		vertical-align: middle;
	}
	@media (max-width: 450px) {
		.button {
			font-size: 9pt;
		}
	}
</style>

<div>

	<header>
		<div class="nav-wrapper"><ul class="nav">
			<li><a class="button nav-first" href="//pokemonshowdown.com/"><img src="//pokemonshowdown.com/images/pokemonshowdownbeta.png" srcset="//pokemonshowdown.com/images/pokemonshowdownbeta.png 1x, //pokemonshowdown.com/images/pokemonshowdownbeta@2x.png 2x" alt="Pok&eacute;mon Showdown" width="146" height="44" /> Home</a></li>
			<li><a class="button" href="//pokemonshowdown.com/dex/">Pok&eacute;dex</a></li>
			<li><a class="button cur" href="/">Replays</a></li>
			<li><a class="button" href="//pokemonshowdown.com/ladder/">Ladder</a></li>
			<li><a class="button nav-last" href="//pokemonshowdown.com/forums/">Forum</a></li>
			<li><a class="button greenbutton nav-first nav-last" href="//play.pokemonshowdown.com/">Play</a></li>
		</ul></div>
	</header>

	<div class="main" id="main">

		<noscript><section class="section">You need to enable JavaScript to use this page; sorry!</section></noscript>

	</div>

</div>

<script defer nomodule src="//play.pokemonshowdown.com/js/lib/ps-polyfill.js"></script>
<script defer src="//play.pokemonshowdown.com/js/lib/preact.min.js"></script>

<script defer src="//play.pokemonshowdown.com/config/config.js?2bddbc15"></script>
<script defer src="//play.pokemonshowdown.com/js/lib/jquery-1.11.0.min.js"></script>
<script defer src="//play.pokemonshowdown.com/js/lib/html-sanitizer-minified.js"></script>
<script defer src="//play.pokemonshowdown.com/js/battle-sound.js"></script>
<script defer src="//play.pokemonshowdown.com/js/battledata.js?0.7209276989879541"></script>
<script defer src="//play.pokemonshowdown.com/data/pokedex-mini.js?0.6111056340867951"></script>
<script defer src="//play.pokemonshowdown.com/data/pokedex-mini-bw.js?0.3532142036491459"></script>
<script defer src="//play.pokemonshowdown.com/data/graphics.js?0.24223875632456182"></script>
<script defer src="//play.pokemonshowdown.com/data/pokedex.js?0.38839984266356864"></script>
<script defer src="//play.pokemonshowdown.com/data/moves.js?0.21866028504024015"></script>
<script defer src="//play.pokemonshowdown.com/data/abilities.js?0.2005157953846628"></script>
<script defer src="//play.pokemonshowdown.com/data/items.js?0.9894211263848525"></script>
<script defer src="//play.pokemonshowdown.com/data/teambuilder-tables.js?0.6008791140282215"></script>
<script defer src="//play.pokemonshowdown.com/js/battle-tooltips.js?0.7580118955022959"></script>
<script defer src="//play.pokemonshowdown.com/js/battle.js?0.6057722274234274"></script>

<script defer src="js/utils.js?e31f9a17"></script>
<script defer src="js/replays-battle.js?7008c182"></script>

<!-- don't scrape this data! just add .json or .log after the URL!
Full API docs: https://github.com/smogon/pokemon-showdown-client/blob/master/WEB-API.md -->
<script type="text/plain" class="log" id="replaylog-smogtours-gen3ou-797793">
|inactive|Battle timer is ON: inactive players will automatically lose when time's up.
|t:|1728765911
|gametype|singles
|player|p1|Koentjelub|170|
|player|p2|DunsparceGamer|265|
|teamsize|p1|6
|teamsize|p2|6
|gen|3
|tier|[Gen 3] OU
|rule|Sleep Clause Mod: Limit one foe put to sleep
|rule|Switch Priority Clause Mod: Faster Pokémon switch first
|rule|Species Clause: Limit one of each Pokémon
|rule|OHKO Clause: OHKO moves are banned
|rule|Evasion Items Clause: Evasion items are banned
|rule|Evasion Moves Clause: Evasion moves are banned
|rule|Endless Battle Clause: Forcing endless battles is banned
|rule|HP Percentage Mod: HP is shown in percentages
|rule|One Boost Passer Clause: Limit one Baton Passer that has a way to boost its stats
|rule|Freeze Clause Mod: Limit one foe frozen
|
|t:|1728765911
|start
|switch|p1a: Tyranitar|Tyranitar, M|100/100
|switch|p2a: Jolteon|Jolteon, M|100/100
|-weather|Sandstorm|[from] ability: Sand Stream|[of] p1a: Tyranitar
|turn|1
|
|t:|1728765933
|switch|p2a: Cloyster|Cloyster, F, shiny|100/100
|move|p1a: Tyranitar|Substitute|p1a: Tyranitar
|-start|p1a: Tyranitar|Substitute
|-damage|p1a: Tyranitar|75/100
|
|-weather|Sandstorm|[upkeep]
|-damage|p2a: Cloyster|94/100|[from] Sandstorm
|-heal|p1a: Tyranitar|82/100|[from] item: Leftovers
|upkeep
|turn|2
|
|t:|1728765946
|-singleturn|p1a: Tyranitar|move: Focus Punch
|move|p2a: Cloyster|Surf|p1a: Tyranitar
|-supereffective|p1a: Tyranitar
|-end|p1a: Tyranitar|Substitute
|move|p1a: Tyranitar|Focus Punch|p2a: Cloyster
|-supereffective|p2a: Cloyster
|-damage|p2a: Cloyster|14/100
|
|-weather|Sandstorm|[upkeep]
|-damage|p2a: Cloyster|7/100|[from] Sandstorm
|-enditem|p2a: Cloyster|Petaya Berry|[eat]
|-boost|p2a: Cloyster|spa|1|[from] item: Petaya Berry
|-heal|p1a: Tyranitar|88/100|[from] item: Leftovers
|upkeep
|turn|3
|
|t:|1728765953
|switch|p1a: Blissey|Blissey, F|100/100
|move|p2a: Cloyster|Surf|p1a: Blissey
|-crit|p1a: Blissey
|-damage|p1a: Blissey|70/100
|
|-weather|Sandstorm|[upkeep]
|-damage|p2a: Cloyster|1/100|[from] Sandstorm
|-damage|p1a: Blissey|64/100|[from] Sandstorm
|-heal|p1a: Blissey|70/100|[from] item: Leftovers
|upkeep
|turn|4
|
|t:|1728765956
|move|p2a: Cloyster|Spikes|p1a: Blissey
|-sidestart|p1: Koentjelub|Spikes
|move|p1a: Blissey|Soft-Boiled|p1a: Blissey
|-heal|p1a: Blissey|100/100
|
|-weather|Sandstorm|[upkeep]
|-damage|p2a: Cloyster|0 fnt|[from] Sandstorm
|-damage|p1a: Blissey|94/100|[from] Sandstorm
|faint|p2a: Cloyster
|-heal|p1a: Blissey|100/100|[from] item: Leftovers
|upkeep
|
|t:|1728765973
|switch|p2a: Metagross|Metagross|100/100
|turn|5
|
|t:|1728765981
|switch|p1a: Skarmory|Skarmory, M|100/100
|move|p2a: Metagross|Meteor Mash|p1a: Skarmory|[miss]
|-miss|p2a: Metagross|p1a: Skarmory
|
|-weather|Sandstorm|[upkeep]
|upkeep
|turn|6
|
|t:|1728765994
|switch|p2a: Jolteon|Jolteon, M|100/100
|move|p1a: Skarmory|Spikes|p2a: Jolteon
|-sidestart|p2: DunsparceGamer|Spikes
|
|-weather|Sandstorm|[upkeep]
|-damage|p2a: Jolteon|95/100|[from] Sandstorm
|-heal|p2a: Jolteon|100/100|[from] item: Leftovers
|upkeep
|turn|7
|
|t:|1728766001
|switch|p1a: Blissey|Blissey, F|100/100
|-damage|p1a: Blissey|88/100|[from] Spikes
|move|p2a: Jolteon|Thunder Wave|p1a: Blissey
|-status|p1a: Blissey|par
|
|-weather|Sandstorm|[upkeep]
|-damage|p2a: Jolteon|95/100|[from] Sandstorm
|-damage|p1a: Blissey|82/100 par|[from] Sandstorm
|-heal|p2a: Jolteon|100/100|[from] item: Leftovers
|-heal|p1a: Blissey|88/100 par|[from] item: Leftovers
|upkeep
|turn|8
|
|t:|1728766012
|cant|p1a: Blissey|par
|move|p2a: Jolteon|Roar|p1a: Blissey
|-curestatus|p1a: Blissey|par|[from] ability: Natural Cure
|drag|p1a: Skarmory|Skarmory, M|100/100
|
|-weather|Sandstorm|[upkeep]
|-damage|p2a: Jolteon|95/100|[from] Sandstorm
|-heal|p2a: Jolteon|100/100|[from] item: Leftovers
|upkeep
|turn|9
|
|t:|1728766022
|move|p1a: Skarmory|Toxic|p2a: Jolteon|[miss]
|-miss|p1a: Skarmory|p2a: Jolteon
|move|p2a: Jolteon|Roar|p1a: Skarmory
|drag|p1a: Moltres|Moltres|100/100
|
|-weather|Sandstorm|[upkeep]
|-damage|p2a: Jolteon|95/100|[from] Sandstorm
|-damage|p1a: Moltres|94/100|[from] Sandstorm
|-heal|p2a: Jolteon|100/100|[from] item: Leftovers
|-heal|p1a: Moltres|100/100|[from] item: Leftovers
|upkeep
|turn|10
|
|t:|1728766027
|switch|p1a: Blissey|Blissey, F|88/100
|-damage|p1a: Blissey|76/100|[from] Spikes
|move|p2a: Jolteon|Thunderbolt|p1a: Blissey
|-crit|p1a: Blissey
|-damage|p1a: Blissey|46/100
|
|-weather|Sandstorm|[upkeep]
|-damage|p2a: Jolteon|95/100|[from] Sandstorm
|-damage|p1a: Blissey|40/100|[from] Sandstorm
|-heal|p2a: Jolteon|100/100|[from] item: Leftovers
|-heal|p1a: Blissey|46/100|[from] item: Leftovers
|upkeep
|turn|11
|inactive|DunsparceGamer has 270 seconds left.
|
|t:|1728766059
|switch|p2a: Gengar|Gengar, M|100/100
|move|p1a: Blissey|Soft-Boiled|p1a: Blissey
|-heal|p1a: Blissey|96/100
|
|-weather|Sandstorm|[upkeep]
|-damage|p2a: Gengar|94/100|[from] Sandstorm
|-damage|p1a: Blissey|89/100|[from] Sandstorm
|-heal|p2a: Gengar|100/100|[from] item: Leftovers
|-heal|p1a: Blissey|96/100|[from] item: Leftovers
|upkeep
|turn|12
|
|t:|1728766067
|move|p2a: Gengar|Will-O-Wisp|p1a: Blissey|[miss]
|-miss|p2a: Gengar|p1a: Blissey
|move|p1a: Blissey|Wish|p1a: Blissey
|
|-weather|Sandstorm|[upkeep]
|-damage|p2a: Gengar|94/100|[from] Sandstorm
|-damage|p1a: Blissey|89/100|[from] Sandstorm
|-heal|p2a: Gengar|100/100|[from] item: Leftovers
|-heal|p1a: Blissey|96/100|[from] item: Leftovers
|upkeep
|turn|13
|
|t:|1728766086
|switch|p1a: Moltres|Moltres|100/100
|move|p2a: Gengar|Thunderbolt|p1a: Moltres
|-supereffective|p1a: Moltres
|-damage|p1a: Moltres|41/100
|
|-heal|p1a: Moltres|91/100|[from] move: Wish|[wisher] Blissey
|-weather|Sandstorm|[upkeep]
|-damage|p2a: Gengar|94/100|[from] Sandstorm
|-damage|p1a: Moltres|85/100|[from] Sandstorm
|-heal|p2a: Gengar|100/100|[from] item: Leftovers
|-heal|p1a: Moltres|91/100|[from] item: Leftovers
|upkeep
|turn|14
|
|t:|1728766095
|move|p2a: Gengar|Thunderbolt|p1a: Moltres
|-supereffective|p1a: Moltres
|-damage|p1a: Moltres|26/100
|move|p1a: Moltres|Will-O-Wisp|p2a: Gengar|[miss]
|-miss|p1a: Moltres|p2a: Gengar
|
|-weather|Sandstorm|[upkeep]
|-damage|p2a: Gengar|94/100|[from] Sandstorm
|-damage|p1a: Moltres|20/100|[from] Sandstorm
|-heal|p2a: Gengar|100/100|[from] item: Leftovers
|-heal|p1a: Moltres|26/100|[from] item: Leftovers
|upkeep
|turn|15
|
|t:|1728766104
|switch|p1a: Blissey|Blissey, F|96/100
|-damage|p1a: Blissey|83/100|[from] Spikes
|move|p2a: Gengar|Thunderbolt|p1a: Blissey
|-damage|p1a: Blissey|74/100
|
|-weather|Sandstorm|[upkeep]
|-damage|p2a: Gengar|94/100|[from] Sandstorm
|-damage|p1a: Blissey|68/100|[from] Sandstorm
|-heal|p2a: Gengar|100/100|[from] item: Leftovers
|-heal|p1a: Blissey|74/100|[from] item: Leftovers
|upkeep
|turn|16
|
|t:|1728766116
|move|p2a: Gengar|Explosion|p1a: Blissey
|-damage|p1a: Blissey|10/100
|faint|p2a: Gengar
|
|t:|1728766124
|switch|p2a: Aerodactyl|Aerodactyl, M|100/100
|
|-weather|Sandstorm|[upkeep]
|-damage|p1a: Blissey|4/100|[from] Sandstorm
|-heal|p1a: Blissey|10/100|[from] item: Leftovers
|upkeep
|turn|17
|
|t:|1728766131
|switch|p1a: Swampert|Swampert, F|100/100
|-damage|p1a: Swampert|88/100|[from] Spikes
|move|p2a: Aerodactyl|Rock Slide|p1a: Swampert
|-resisted|p1a: Swampert
|-damage|p1a: Swampert|71/100
|
|-weather|Sandstorm|[upkeep]
|-heal|p1a: Swampert|77/100|[from] item: Leftovers
|upkeep
|turn|18
|
|t:|1728766140
|switch|p2a: Swampert|Swampert, F|100/100
|-damage|p2a: Swampert|88/100|[from] Spikes
|move|p1a: Swampert|Hydro Pump|p2a: Swampert
|-damage|p2a: Swampert|44/100
|
|-weather|Sandstorm|[upkeep]
|-heal|p2a: Swampert|51/100|[from] item: Leftovers
|-heal|p1a: Swampert|83/100|[from] item: Leftovers
|upkeep
|turn|19
|
|t:|1728766155
|switch|p1a: Skarmory|Skarmory, M|100/100
|move|p2a: Swampert|Hydro Pump|p1a: Skarmory
|-damage|p1a: Skarmory|55/100
|
|-weather|Sandstorm|[upkeep]
|-heal|p2a: Swampert|57/100|[from] item: Leftovers
|-heal|p1a: Skarmory|61/100|[from] item: Leftovers
|upkeep
|turn|20
|
|t:|1728766176
|-singleturn|p2a: Swampert|move: Focus Punch
|move|p1a: Skarmory|Toxic|p2a: Swampert|[miss]
|-miss|p1a: Skarmory|p2a: Swampert
|move|p2a: Swampert|Focus Punch|p1a: Skarmory
|-damage|p1a: Skarmory|34/100
|
|-weather|Sandstorm|[upkeep]
|-heal|p2a: Swampert|63/100|[from] item: Leftovers
|-heal|p1a: Skarmory|40/100|[from] item: Leftovers
|upkeep
|turn|21
|
|t:|1728766186
|move|p2a: Swampert|Hydro Pump|p1a: Skarmory
|-damage|p1a: Skarmory|0 fnt
|faint|p1a: Skarmory
|
|t:|1728766189
|switch|p1a: Moltres|Moltres|26/100
|
|-weather|Sandstorm|[upkeep]
|-damage|p1a: Moltres|20/100|[from] Sandstorm
|-heal|p1a: Moltres|26/100|[from] item: Leftovers
|-heal|p2a: Swampert|69/100|[from] item: Leftovers
|upkeep
|turn|22
|
|t:|1728766199
|switch|p2a: Jolteon|Jolteon, M|100/100
|-damage|p2a: Jolteon|88/100|[from] Spikes
|move|p1a: Moltres|Will-O-Wisp|p2a: Jolteon
|-status|p2a: Jolteon|brn
|
|-weather|Sandstorm|[upkeep]
|-damage|p2a: Jolteon|82/100 brn|[from] Sandstorm
|-damage|p1a: Moltres|20/100|[from] Sandstorm
|-heal|p2a: Jolteon|88/100 brn|[from] item: Leftovers
|-damage|p2a: Jolteon|76/100 brn|[from] brn
|-heal|p1a: Moltres|26/100|[from] item: Leftovers
|upkeep
|turn|23
|
|t:|1728766220
|switch|p1a: Blissey|Blissey, F|10/100
|-damage|p1a: Blissey|0 fnt|[from] Spikes
|faint|p1a: Blissey
|
|t:|1728766224
|switch|p1a: Swampert|Swampert, F|83/100
|-damage|p1a: Swampert|71/100|[from] Spikes
|
|-weather|Sandstorm|[upkeep]
|-damage|p2a: Jolteon|70/100 brn|[from] Sandstorm
|-heal|p2a: Jolteon|76/100 brn|[from] item: Leftovers
|-damage|p2a: Jolteon|64/100 brn|[from] brn
|-heal|p1a: Swampert|77/100|[from] item: Leftovers
|upkeep
|turn|24
|inactive|DunsparceGamer has 270 seconds left.
|
|t:|1728766247
|move|p1a: Swampert|Protect|p1a: Swampert
|-singleturn|p1a: Swampert|Protect
|move|p2a: Jolteon|Hidden Power|p1a: Swampert
|-activate|p1a: Swampert|Protect
|
|-weather|Sandstorm|[upkeep]
|-damage|p2a: Jolteon|58/100 brn|[from] Sandstorm
|-heal|p2a: Jolteon|64/100 brn|[from] item: Leftovers
|-damage|p2a: Jolteon|52/100 brn|[from] brn
|-heal|p1a: Swampert|83/100|[from] item: Leftovers
|upkeep
|turn|25
|
|t:|1728766256
|switch|p1a: Gengar|Gengar, M|100/100
|move|p2a: Jolteon|Hidden Power|p1a: Gengar
|-resisted|p1a: Gengar
|-damage|p1a: Gengar|87/100
|
|-weather|Sandstorm|[upkeep]
|-damage|p2a: Jolteon|46/100 brn|[from] Sandstorm
|-damage|p1a: Gengar|80/100|[from] Sandstorm
|-heal|p2a: Jolteon|52/100 brn|[from] item: Leftovers
|-damage|p2a: Jolteon|40/100 brn|[from] brn
|-heal|p1a: Gengar|87/100|[from] item: Leftovers
|upkeep
|turn|26
|
|t:|1728766261
|switch|p2a: Metagross|Metagross|100/100
|-damage|p2a: Metagross|88/100|[from] Spikes
|move|p1a: Gengar|Ice Punch|p2a: Metagross
|-resisted|p2a: Metagross
|-damage|p2a: Metagross|76/100
|
|-weather|Sandstorm|[upkeep]
|-damage|p1a: Gengar|80/100|[from] Sandstorm
|-heal|p1a: Gengar|87/100|[from] item: Leftovers
|upkeep
|turn|27
|
|t:|1728766280
|move|p1a: Gengar|Destiny Bond|p1a: Gengar
|-singlemove|p1a: Gengar|Destiny Bond
|move|p2a: Metagross|Meteor Mash|p1a: Gengar
|-damage|p1a: Gengar|0 fnt
|faint|p1a: Gengar
|-activate|p1a: Gengar|move: Destiny Bond
|faint|p2a: Metagross
|
|t:|1728766293
|switch|p1a: Tyranitar|Tyranitar, M|88/100
|switch|p2a: Swampert|Swampert, F|69/100
|-damage|p2a: Swampert|57/100|[from] Spikes
|-damage|p1a: Tyranitar|75/100|[from] Spikes
|
|-weather|Sandstorm|[upkeep]
|-heal|p2a: Swampert|63/100|[from] item: Leftovers
|-heal|p1a: Tyranitar|82/100|[from] item: Leftovers
|upkeep
|turn|28
|
|t:|1728766297
|switch|p1a: Swampert|Swampert, F|83/100
|-damage|p1a: Swampert|71/100|[from] Spikes
|move|p2a: Swampert|Hydro Pump|p1a: Swampert
|-damage|p1a: Swampert|27/100
|
|-weather|Sandstorm|[upkeep]
|-heal|p2a: Swampert|69/100|[from] item: Leftovers
|-heal|p1a: Swampert|33/100|[from] item: Leftovers
|upkeep
|turn|29
|
|t:|1728766304
|move|p1a: Swampert|Protect|p1a: Swampert
|-singleturn|p1a: Swampert|Protect
|move|p2a: Swampert|Hydro Pump|p1a: Swampert
|-activate|p1a: Swampert|Protect
|
|-weather|Sandstorm|[upkeep]
|-heal|p2a: Swampert|75/100|[from] item: Leftovers
|-heal|p1a: Swampert|39/100|[from] item: Leftovers
|upkeep
|turn|30
|
|t:|1728766310
|move|p2a: Swampert|Hydro Pump|p1a: Swampert
|-damage|p1a: Swampert|0 fnt
|faint|p1a: Swampert
|
|t:|1728766312
|switch|p1a: Moltres|Moltres|26/100
|
|-weather|Sandstorm|[upkeep]
|-damage|p1a: Moltres|20/100|[from] Sandstorm
|-heal|p1a: Moltres|26/100|[from] item: Leftovers
|-heal|p2a: Swampert|81/100|[from] item: Leftovers
|upkeep
|turn|31
|
|t:|1728766317
|move|p1a: Moltres|Hidden Power|p2a: Swampert
|-supereffective|p2a: Swampert
|-damage|p2a: Swampert|0 fnt
|faint|p2a: Swampert
|
|t:|1728766320
|switch|p2a: Jolteon|Jolteon, M|40/100 brn
|-damage|p2a: Jolteon|27/100 brn|[from] Spikes
|
|-weather|Sandstorm|[upkeep]
|-damage|p2a: Jolteon|22/100 brn|[from] Sandstorm
|-damage|p1a: Moltres|20/100|[from] Sandstorm
|-heal|p2a: Jolteon|27/100 brn|[from] item: Leftovers
|-damage|p2a: Jolteon|15/100 brn|[from] brn
|-heal|p1a: Moltres|26/100|[from] item: Leftovers
|upkeep
|turn|32
|
|t:|1728766328
|switch|p1a: Tyranitar|Tyranitar, M|82/100
|-damage|p1a: Tyranitar|69/100|[from] Spikes
|move|p2a: Jolteon|Thunderbolt|p1a: Tyranitar
|-damage|p1a: Tyranitar|29/100
|
|-weather|Sandstorm|[upkeep]
|-damage|p2a: Jolteon|9/100 brn|[from] Sandstorm
|-heal|p2a: Jolteon|15/100 brn|[from] item: Leftovers
|-damage|p2a: Jolteon|3/100 brn|[from] brn
|-heal|p1a: Tyranitar|36/100|[from] item: Leftovers
|upkeep
|turn|33
|
|t:|1728766336
|move|p2a: Jolteon|Thunderbolt|p1a: Tyranitar
|-damage|p1a: Tyranitar|1/100
|move|p1a: Tyranitar|Substitute|p1a: Tyranitar
|-fail|p1a: Tyranitar|move: Substitute|[weak]
|
|-weather|Sandstorm|[upkeep]
|-damage|p2a: Jolteon|0 fnt|[from] Sandstorm
|faint|p2a: Jolteon
|-heal|p1a: Tyranitar|7/100|[from] item: Leftovers
|upkeep
|
|t:|1728766343
|switch|p2a: Aerodactyl|Aerodactyl, M|100/100
|turn|34
|
|t:|1728766365
|move|p2a: Aerodactyl|Double-Edge|p1a: Tyranitar
|-resisted|p1a: Tyranitar
|-damage|p1a: Tyranitar|0 fnt
|faint|p1a: Tyranitar
|
|t:|1728766368
|switch|p1a: Moltres|Moltres|26/100
|
|-weather|Sandstorm|[upkeep]
|-damage|p1a: Moltres|20/100|[from] Sandstorm
|-heal|p1a: Moltres|26/100|[from] item: Leftovers
|upkeep
|turn|35
|
|t:|1728766372
|move|p2a: Aerodactyl|Double-Edge|p1a: Moltres
|-damage|p1a: Moltres|0 fnt
|faint|p1a: Moltres
|
|win|DunsparceGamer

</script>
<script type="application/json" class="data" id="replaydata-smogtours-gen3ou-797793">
{"id":"smogtours-gen3ou-797793","format":"[Gen 3] OU","players":["Koentjelub","DunsparceGamer"],"uploadtime":1728766372,"views":74,"formatid":"gen3ou","rating":null,"private":0,"password":null}
</script>

<script defer src="js/replays.js?9d40a366"></script>
