<!DOCTYPE html>
<meta charset="utf-8" />
<meta name="viewport" content="width=device-width" />

<title>[Gen 3] OU: WalterFartwelWhite vs. BongMoodeus - Replays - Pok&eacute;mon Showdown!</title>

<meta name="description" content="Watch a replay of a Pok&eacute;mon battle between WalterFartwelWhite and BongMoodeus! Format: [Gen 3] OU; Date: Oct 29, 2024" />
<!--

Hey, you! Looking in the source for the replay log?

You can find them in JSON format, just add `.json` at the end of a replay URL.

https://replay.pokemonshowdown.com/gen7randomdoublesbattle-865046831.json

Or, if you only need the log itself, add `.log` instead:

https://replay.pokemonshowdown.com/gen7randomdoublesbattle-865046831.log

-->

<link rel="stylesheet" href="//pokemonshowdown.com/style/global.css?0.023195364461161105" />
<link rel="stylesheet" href="//play.pokemonshowdown.com/style/font-awesome.css?0.13261647063804238" />
<link rel="stylesheet" href="//play.pokemonshowdown.com/style/battle.css?0.8753245789963631" />
<link rel="stylesheet" href="//play.pokemonshowdown.com/style/utilichart.css?0.8627959624976733" />

<!-- Global site tag (gtag.js) - Google Analytics -->
<script async src="https://www.googletagmanager.com/gtag/js?id=UA-26211653-1"></script>
<script>
  window.dataLayer = window.dataLayer || [];
  function gtag(){dataLayer.push(arguments);}
  gtag('js', new Date());

  gtag('config', 'UA-26211653-1');
</script>
<!-- End Google Analytics -->
<!-- Venatus Ad Manager - Install in <HEAD> of page -->
	<script src="https://hb.vntsm.com/v3/live/ad-manager.min.js" type="text/javascript" data-site-id="642aba63ec9a7b11c3c9c1be" data-mode="scan" async></script>
<!-- / Venatus Ad Manager -->

<style>
	@media (max-width:820px) {
		.battle {
			margin: 0 auto;
		}
		.battle-log {
			margin: 7px auto 0;
			max-width: 640px;
			height: 300px;
			position: static;
		}
	}
	.optgroup {
		display: inline-block;
		line-height: 22px;
		font-size: 10pt;
	}
	.optgroup .button {
		height: 25px;
		padding-top: 0;
		padding-bottom: 0;
	}
	.optgroup button.button {
		padding-left: 12px;
		padding-right: 12px;
	}
	.linklist {
		list-style: none;
		margin: 0.5em 0;
		padding: 0;
	}
	.linklist li {
		padding: 2px 0;
	}
	.sidebar {
		float: left;
		width: 320px;
	}
	.bar-wrapper {
		max-width: 1100px;
		margin: 0 auto;
	}
	.bar-wrapper.has-sidebar {
		max-width: 1430px;
	}
	.mainbar {
		margin: 0;
		padding-right: 1px;
	}
	.mainbar.has-sidebar {
		margin-left: 330px;
	}
	@media (min-width: 1511px) {
		.sidebar {
			width: 400px;
		}
		.bar-wrapper.has-sidebar {
			max-width: 1510px;
		}
		.mainbar.has-sidebar {
			margin-left: 410px;
		}
	}
	.section.first-section {
		margin-top: 9px;
	}
	.blocklink small {
		white-space: normal;
	}
	.button {
		vertical-align: middle;
	}
	.replay-controls {
		padding-top: 10px;
	}
	.replay-controls h1 {
		font-size: 16pt;
		font-weight: normal;
		color: #CCC;
	}
	.pagelink {
		text-align: center;
	}
	.pagelink a {
		width: 150px;
	}
	.textbox, .button {
		font-size: 11pt;
		vertical-align: middle;
	}
	@media (max-width: 450px) {
		.button {
			font-size: 9pt;
		}
	}
</style>

<div>

	<header>
		<div class="nav-wrapper"><ul class="nav">
			<li><a class="button nav-first" href="//pokemonshowdown.com/"><img src="//pokemonshowdown.com/images/pokemonshowdownbeta.png" srcset="//pokemonshowdown.com/images/pokemonshowdownbeta.png 1x, //pokemonshowdown.com/images/pokemonshowdownbeta@2x.png 2x" alt="Pok&eacute;mon Showdown" width="146" height="44" /> Home</a></li>
			<li><a class="button" href="//pokemonshowdown.com/dex/">Pok&eacute;dex</a></li>
			<li><a class="button cur" href="/">Replays</a></li>
			<li><a class="button" href="//pokemonshowdown.com/ladder/">Ladder</a></li>
			<li><a class="button nav-last" href="//pokemonshowdown.com/forums/">Forum</a></li>
			<li><a class="button greenbutton nav-first nav-last" href="//play.pokemonshowdown.com/">Play</a></li>
		</ul></div>
	</header>

	<div class="main" id="main">

		<noscript><section class="section">You need to enable JavaScript to use this page; sorry!</section></noscript>

	</div>

</div>

<script defer nomodule src="//play.pokemonshowdown.com/js/lib/ps-polyfill.js"></script>
<script defer src="//play.pokemonshowdown.com/js/lib/preact.min.js"></script>

<script defer src="//play.pokemonshowdown.com/config/config.js?2bddbc15"></script>
<script defer src="//play.pokemonshowdown.com/js/lib/jquery-1.11.0.min.js"></script>
<script defer src="//play.pokemonshowdown.com/js/lib/html-sanitizer-minified.js"></script>
<script defer src="//play.pokemonshowdown.com/js/battle-sound.js"></script>
<script defer src="//play.pokemonshowdown.com/js/battledata.js?0.7209276989879541"></script>
<script defer src="//play.pokemonshowdown.com/data/pokedex-mini.js?0.6111056340867951"></script>
<script defer src="//play.pokemonshowdown.com/data/pokedex-mini-bw.js?0.3532142036491459"></script>
<script defer src="//play.pokemonshowdown.com/data/graphics.js?0.24223875632456182"></script>
<script defer src="//play.pokemonshowdown.com/data/pokedex.js?0.38839984266356864"></script>
<script defer src="//play.pokemonshowdown.com/data/moves.js?0.21866028504024015"></script>
<script defer src="//play.pokemonshowdown.com/data/abilities.js?0.2005157953846628"></script>
<script defer src="//play.pokemonshowdown.com/data/items.js?0.9894211263848525"></script>
<script defer src="//play.pokemonshowdown.com/data/teambuilder-tables.js?0.6008791140282215"></script>
<script defer src="//play.pokemonshowdown.com/js/battle-tooltips.js?0.7580118955022959"></script>
<script defer src="//play.pokemonshowdown.com/js/battle.js?0.6057722274234274"></script>

<script defer src="js/utils.js?e31f9a17"></script>
<script defer src="js/replays-battle.js?7008c182"></script>

<!-- don't scrape this data! just add .json or .log after the URL!
Full API docs: https://github.com/smogon/pokemon-showdown-client/blob/master/WEB-API.md -->
<script type="text/plain" class="log" id="replaylog-smogtours-gen3ou-803227">
|inactive|Battle timer is ON: inactive players will automatically lose when time's up.
|t:|1730180601
|gametype|singles
|player|p1|WalterFartwelWhite|blaine|
|player|p2|BongMoodeus|169|
|teamsize|p1|6
|teamsize|p2|6
|gen|3
|tier|[Gen 3] OU
|rule|Sleep Clause Mod: Limit one foe put to sleep
|rule|Switch Priority Clause Mod: Faster Pokémon switch first
|rule|Species Clause: Limit one of each Pokémon
|rule|OHKO Clause: OHKO moves are banned
|rule|Evasion Items Clause: Evasion items are banned
|rule|Evasion Moves Clause: Evasion moves are banned
|rule|Endless Battle Clause: Forcing endless battles is banned
|rule|HP Percentage Mod: HP is shown in percentages
|rule|One Boost Passer Clause: Limit one Baton Passer that has a way to boost its stats
|rule|Freeze Clause Mod: Limit one foe frozen
|
|t:|1730180601
|start
|switch|p1a: Tyranitar|Tyranitar, F|100/100
|switch|p2a: Blaziken|Blaziken, F|100/100
|-weather|Sandstorm|[from] ability: Sand Stream|[of] p1a: Tyranitar
|turn|1
|c|☆BongMoodeus|gl hf
|
|t:|1730180614
|switch|p1a: Gyarados|Gyarados, F|100/100
|-ability|p1a: Gyarados|Intimidate|boost
|-unboost|p2a: Blaziken|atk|1
|move|p2a: Blaziken|Sky Uppercut|p1a: Gyarados
|-resisted|p1a: Gyarados
|-damage|p1a: Gyarados|88/100
|
|-weather|Sandstorm|[upkeep]
|-damage|p2a: Blaziken|94/100|[from] Sandstorm
|-damage|p1a: Gyarados|82/100|[from] Sandstorm
|-heal|p1a: Gyarados|88/100|[from] item: Leftovers
|-heal|p2a: Blaziken|100/100|[from] item: Leftovers
|upkeep
|turn|2
|c|☆WalterFartwelWhite|gl
|
|t:|1730180628
|switch|p2a: Porygon2|Porygon2|100/100
|-ability|p2a: Porygon2|Intimidate|[from] ability: Trace|[of] p1a: Gyarados
|switch|p1a: Celebi|Celebi|100/100
|
|-weather|Sandstorm|[upkeep]
|-damage|p1a: Celebi|94/100|[from] Sandstorm
|-damage|p2a: Porygon2|94/100|[from] Sandstorm
|-heal|p1a: Celebi|100/100|[from] item: Leftovers
|-heal|p2a: Porygon2|100/100|[from] item: Leftovers
|upkeep
|turn|3
|
|t:|1730180634
|move|p1a: Celebi|Leech Seed|p2a: Porygon2
|-start|p2a: Porygon2|move: Leech Seed
|move|p2a: Porygon2|Thunder Wave|p1a: Celebi
|-status|p1a: Celebi|par
|
|-weather|Sandstorm|[upkeep]
|-damage|p2a: Porygon2|94/100|[from] Sandstorm
|-damage|p1a: Celebi|94/100 par|[from] Sandstorm
|-heal|p2a: Porygon2|100/100|[from] item: Leftovers
|-damage|p2a: Porygon2|88/100|[from] Leech Seed|[of] p1a: Celebi
|-heal|p1a: Celebi|100/100 par|[silent]
|upkeep
|turn|4
|inactive|WalterFartwelWhite has 270 seconds left.
|
|t:|1730180665
|switch|p2a: Celebi|Celebi|100/100
|move|p1a: Celebi|Baton Pass|p1a: Celebi
|inactive|WalterFartwelWhite has 270 seconds left.
|inactive|WalterFartwelWhite has 240 seconds left.
|
|t:|1730180714
|-curestatus|p1a: Celebi|par|[from] ability: Natural Cure
|switch|p1a: Tyranitar|Tyranitar, F|100/100|[from] Baton Pass
|
|-weather|Sandstorm|[upkeep]
|-damage|p2a: Celebi|94/100|[from] Sandstorm
|-heal|p2a: Celebi|100/100|[from] item: Leftovers
|upkeep
|turn|5
|
|t:|1730180724
|move|p2a: Celebi|Baton Pass|p2a: Celebi
|
|t:|1730180725
|switch|p2a: Suicune|Suicune|100/100|[from] Baton Pass
|move|p1a: Tyranitar|Dragon Dance|p1a: Tyranitar
|-boost|p1a: Tyranitar|atk|1
|-boost|p1a: Tyranitar|spe|1
|
|-weather|Sandstorm|[upkeep]
|-damage|p2a: Suicune|94/100|[from] Sandstorm
|-heal|p2a: Suicune|100/100|[from] item: Leftovers
|upkeep
|turn|6
|inactive|WalterFartwelWhite has 240 seconds left.
|
|t:|1730180751
|move|p1a: Tyranitar|Rock Slide|p2a: Suicune
|-damage|p2a: Suicune|45/100
|move|p2a: Suicune|Hydro Pump|p1a: Tyranitar
|-supereffective|p1a: Tyranitar
|-damage|p1a: Tyranitar|0 fnt
|faint|p1a: Tyranitar
|
|t:|1730180762
|switch|p1a: Magneton|Magneton|100/100
|
|-weather|Sandstorm|[upkeep]
|-damage|p2a: Suicune|39/100|[from] Sandstorm
|-heal|p2a: Suicune|45/100|[from] item: Leftovers
|upkeep
|turn|7
|
|t:|1730180772
|move|p2a: Suicune|Hydro Pump|p1a: Magneton
|-damage|p1a: Magneton|6/100
|move|p1a: Magneton|Substitute|p1a: Magneton
|-fail|p1a: Magneton|move: Substitute|[weak]
|
|-weather|Sandstorm|[upkeep]
|-damage|p2a: Suicune|39/100|[from] Sandstorm
|-heal|p2a: Suicune|45/100|[from] item: Leftovers
|-enditem|p1a: Magneton|Salac Berry|[eat]
|-boost|p1a: Magneton|spe|1|[from] item: Salac Berry
|upkeep
|turn|8
|
|t:|1730180779
|switch|p2a: Celebi|Celebi|100/100
|move|p1a: Magneton|Thunderbolt|p2a: Celebi
|-resisted|p2a: Celebi
|-damage|p2a: Celebi|82/100
|
|-weather|Sandstorm|[upkeep]
|-damage|p2a: Celebi|75/100|[from] Sandstorm
|-heal|p2a: Celebi|82/100|[from] item: Leftovers
|upkeep
|turn|9
|inactive|WalterFartwelWhite has 240 seconds left.
|
|t:|1730180786
|move|p1a: Magneton|Thunderbolt|p2a: Celebi
|-resisted|p2a: Celebi
|-damage|p2a: Celebi|62/100
|move|p2a: Celebi|Recover|p2a: Celebi
|-heal|p2a: Celebi|100/100
|
|-weather|Sandstorm|[upkeep]
|-damage|p2a: Celebi|94/100|[from] Sandstorm
|-heal|p2a: Celebi|100/100|[from] item: Leftovers
|upkeep
|turn|10
|
|t:|1730180793
|switch|p1a: Celebi|Celebi|100/100
|move|p2a: Celebi|Psychic|p1a: Celebi
|-resisted|p1a: Celebi
|-damage|p1a: Celebi|87/100
|
|-weather|Sandstorm|[upkeep]
|-damage|p1a: Celebi|81/100|[from] Sandstorm
|-damage|p2a: Celebi|94/100|[from] Sandstorm
|-heal|p1a: Celebi|87/100|[from] item: Leftovers
|-heal|p2a: Celebi|100/100|[from] item: Leftovers
|upkeep
|turn|11
|
|t:|1730180798
|move|p1a: Celebi|Substitute|p1a: Celebi
|-start|p1a: Celebi|Substitute
|-damage|p1a: Celebi|62/100
|move|p2a: Celebi|Baton Pass|p2a: Celebi
|
|t:|1730180812
|switch|p2a: Jirachi|Jirachi|100/100|[from] Baton Pass
|
|-weather|Sandstorm|[upkeep]
|-damage|p1a: Celebi|56/100|[from] Sandstorm
|-heal|p1a: Celebi|62/100|[from] item: Leftovers
|upkeep
|turn|12
|
|t:|1730180816
|move|p1a: Celebi|Leech Seed|p2a: Jirachi
|-start|p2a: Jirachi|move: Leech Seed
|move|p2a: Jirachi|Fire Punch|p1a: Celebi
|-supereffective|p1a: Celebi
|-end|p1a: Celebi|Substitute
|
|-weather|Sandstorm|[upkeep]
|-damage|p1a: Celebi|56/100|[from] Sandstorm
|-heal|p1a: Celebi|62/100|[from] item: Leftovers
|-damage|p2a: Jirachi|88/100|[from] Leech Seed|[of] p1a: Celebi
|-heal|p1a: Celebi|73/100|[silent]
|upkeep
|turn|13
|
|t:|1730180822
|move|p2a: Jirachi|Fire Punch|p1a: Celebi
|-supereffective|p1a: Celebi
|-damage|p1a: Celebi|37/100
|move|p1a: Celebi|Baton Pass|p1a: Celebi
|inactive|WalterFartwelWhite has 270 seconds left.
|
|t:|1730180834
|switch|p1a: Swellow|Swellow, F|100/100|[from] Baton Pass
|
|-weather|Sandstorm|[upkeep]
|-damage|p1a: Swellow|95/100|[from] Sandstorm
|-heal|p2a: Jirachi|94/100|[from] item: Leftovers
|-damage|p2a: Jirachi|82/100|[from] Leech Seed|[of] p1a: Swellow
|-heal|p1a: Swellow|100/100|[silent]
|upkeep
|turn|14
|
|t:|1730180843
|switch|p2a: Porygon2|Porygon2|88/100
|-ability|p2a: Porygon2|Guts|[from] ability: Trace|[of] p1a: Swellow
|move|p1a: Swellow|Substitute|p1a: Swellow
|-start|p1a: Swellow|Substitute
|-damage|p1a: Swellow|76/100
|
|-weather|Sandstorm|[upkeep]
|-damage|p1a: Swellow|70/100|[from] Sandstorm
|-damage|p2a: Porygon2|82/100|[from] Sandstorm
|-heal|p2a: Porygon2|88/100|[from] item: Leftovers
|upkeep
|turn|15
|
|t:|1730180855
|move|p1a: Swellow|Baton Pass|p1a: Swellow
|
|t:|1730180856
|switch|p1a: Metagross|Metagross|100/100|[from] Baton Pass
|move|p2a: Porygon2|Ice Beam|p1a: Metagross
|-resisted|p1a: Metagross
|-activate|p1a: Metagross|Substitute|[damage]
|
|-weather|Sandstorm|[upkeep]
|-damage|p2a: Porygon2|82/100|[from] Sandstorm
|-heal|p2a: Porygon2|88/100|[from] item: Leftovers
|upkeep
|turn|16
|
|t:|1730180863
|move|p1a: Metagross|Meteor Mash|p2a: Porygon2
|-damage|p2a: Porygon2|45/100
|move|p2a: Porygon2|Thunderbolt|p1a: Metagross
|-end|p1a: Metagross|Substitute
|
|-weather|Sandstorm|[upkeep]
|-damage|p2a: Porygon2|39/100|[from] Sandstorm
|-heal|p2a: Porygon2|45/100|[from] item: Leftovers
|upkeep
|turn|17
|
|t:|1730180871
|switch|p1a: Celebi|Celebi|37/100
|move|p2a: Porygon2|Recover|p2a: Porygon2
|-heal|p2a: Porygon2|95/100
|
|-weather|Sandstorm|[upkeep]
|-damage|p1a: Celebi|31/100|[from] Sandstorm
|-damage|p2a: Porygon2|89/100|[from] Sandstorm
|-heal|p1a: Celebi|37/100|[from] item: Leftovers
|-heal|p2a: Porygon2|95/100|[from] item: Leftovers
|upkeep
|turn|18
|
|t:|1730180875
|move|p1a: Celebi|Leech Seed|p2a: Porygon2
|-start|p2a: Porygon2|move: Leech Seed
|move|p2a: Porygon2|Ice Beam|p1a: Celebi
|-supereffective|p1a: Celebi
|-damage|p1a: Celebi|0 fnt
|faint|p1a: Celebi
|
|t:|1730180882
|switch|p1a: Magneton|Magneton|6/100
|
|-weather|Sandstorm|[upkeep]
|-damage|p2a: Porygon2|89/100|[from] Sandstorm
|-heal|p2a: Porygon2|95/100|[from] item: Leftovers
|-damage|p2a: Porygon2|83/100|[from] Leech Seed|[of] p1a: Magneton
|-heal|p1a: Magneton|25/100|[silent]
|upkeep
|turn|19
|
|t:|1730180887
|switch|p2a: Celebi|Celebi|100/100
|move|p1a: Magneton|Thunderbolt|p2a: Celebi
|-resisted|p2a: Celebi
|-damage|p2a: Celebi|81/100
|
|-weather|Sandstorm|[upkeep]
|-damage|p2a: Celebi|75/100|[from] Sandstorm
|-heal|p2a: Celebi|81/100|[from] item: Leftovers
|upkeep
|turn|20
|
|t:|1730180894
|move|p1a: Magneton|Thunderbolt|p2a: Celebi
|-resisted|p2a: Celebi
|-damage|p2a: Celebi|64/100
|move|p2a: Celebi|Leech Seed|p1a: Magneton
|-start|p1a: Magneton|move: Leech Seed
|
|-weather|Sandstorm|[upkeep]
|-damage|p2a: Celebi|58/100|[from] Sandstorm
|-damage|p1a: Magneton|13/100|[from] Leech Seed|[of] p2a: Celebi
|-heal|p2a: Celebi|65/100|[silent]
|-heal|p2a: Celebi|71/100|[from] item: Leftovers
|upkeep
|turn|21
|
|t:|1730180900
|switch|p1a: Swellow|Swellow, F|70/100
|move|p2a: Celebi|Recover|p2a: Celebi
|-heal|p2a: Celebi|100/100
|
|-weather|Sandstorm|[upkeep]
|-damage|p1a: Swellow|64/100|[from] Sandstorm
|-damage|p2a: Celebi|94/100|[from] Sandstorm
|-heal|p2a: Celebi|100/100|[from] item: Leftovers
|upkeep
|turn|22
|
|t:|1730180905
|move|p1a: Swellow|Substitute|p1a: Swellow
|-start|p1a: Swellow|Substitute
|-damage|p1a: Swellow|39/100
|move|p2a: Celebi|Psychic|p1a: Swellow
|-end|p1a: Swellow|Substitute
|
|-weather|Sandstorm|[upkeep]
|-damage|p1a: Swellow|33/100|[from] Sandstorm
|-damage|p2a: Celebi|94/100|[from] Sandstorm
|-heal|p2a: Celebi|100/100|[from] item: Leftovers
|upkeep
|turn|23
|
|t:|1730180908
|move|p1a: Swellow|Substitute|p1a: Swellow
|-start|p1a: Swellow|Substitute
|-damage|p1a: Swellow|8/100
|move|p2a: Celebi|Psychic|p1a: Swellow
|-end|p1a: Swellow|Substitute
|
|-weather|Sandstorm|[upkeep]
|-damage|p1a: Swellow|2/100|[from] Sandstorm
|-damage|p2a: Celebi|94/100|[from] Sandstorm
|-enditem|p1a: Swellow|Liechi Berry|[eat]
|-boost|p1a: Swellow|atk|1|[from] item: Liechi Berry
|-heal|p2a: Celebi|100/100|[from] item: Leftovers
|upkeep
|turn|24
|
|t:|1730180937
|move|p1a: Swellow|Baton Pass|p1a: Swellow
|
|t:|1730180938
|switch|p1a: Gyarados|Gyarados, F|88/100|[from] Baton Pass
|-ability|p1a: Gyarados|Intimidate|boost
|-unboost|p2a: Celebi|atk|1
|move|p2a: Celebi|Leech Seed|p1a: Gyarados
|-start|p1a: Gyarados|move: Leech Seed
|
|-weather|Sandstorm|[upkeep]
|-damage|p1a: Gyarados|82/100|[from] Sandstorm
|-damage|p2a: Celebi|94/100|[from] Sandstorm
|-heal|p1a: Gyarados|88/100|[from] item: Leftovers
|-damage|p1a: Gyarados|75/100|[from] Leech Seed|[of] p2a: Celebi
|-heal|p2a: Celebi|100/100|[silent]
|upkeep
|turn|25
|
|t:|1730180950
|switch|p2a: Porygon2|Porygon2|83/100
|-ability|p2a: Porygon2|Intimidate|[from] ability: Trace|[of] p1a: Gyarados
|move|p1a: Gyarados|Dragon Dance|p1a: Gyarados
|-boost|p1a: Gyarados|atk|1
|-boost|p1a: Gyarados|spe|1
|
|-weather|Sandstorm|[upkeep]
|-damage|p1a: Gyarados|69/100|[from] Sandstorm
|-damage|p2a: Porygon2|77/100|[from] Sandstorm
|-heal|p1a: Gyarados|75/100|[from] item: Leftovers
|-damage|p1a: Gyarados|63/100|[from] Leech Seed|[of] p2a: Porygon2
|-heal|p2a: Porygon2|88/100|[silent]
|-heal|p2a: Porygon2|94/100|[from] item: Leftovers
|upkeep
|turn|26
|
|t:|1730180954
|move|p1a: Gyarados|Double-Edge|p2a: Porygon2
|-damage|p2a: Porygon2|32/100
|-damage|p1a: Gyarados|40/100|[from] Recoil|[of] p2a: Porygon2
|move|p2a: Porygon2|Thunderbolt|p1a: Gyarados
|-supereffective|p1a: Gyarados
|-damage|p1a: Gyarados|0 fnt
|faint|p1a: Gyarados
|
|t:|1730180958
|switch|p1a: Metagross|Metagross|100/100
|
|-weather|Sandstorm|[upkeep]
|-damage|p2a: Porygon2|26/100|[from] Sandstorm
|-heal|p2a: Porygon2|32/100|[from] item: Leftovers
|upkeep
|turn|27
|
|t:|1730180964
|switch|p1a: Magneton|Magneton|13/100
|move|p2a: Porygon2|Recover|p2a: Porygon2
|-heal|p2a: Porygon2|82/100
|
|-weather|Sandstorm|[upkeep]
|-damage|p2a: Porygon2|76/100|[from] Sandstorm
|-heal|p2a: Porygon2|82/100|[from] item: Leftovers
|upkeep
|turn|28
|
|t:|1730180966
|switch|p2a: Celebi|Celebi|100/100
|move|p1a: Magneton|Thunderbolt|p2a: Celebi
|-resisted|p2a: Celebi
|-damage|p2a: Celebi|83/100
|
|-weather|Sandstorm|[upkeep]
|-damage|p2a: Celebi|77/100|[from] Sandstorm
|-heal|p2a: Celebi|83/100|[from] item: Leftovers
|upkeep
|turn|29
|
|t:|1730180969
|move|p1a: Magneton|Thunderbolt|p2a: Celebi
|-resisted|p2a: Celebi
|-damage|p2a: Celebi|66/100
|-status|p2a: Celebi|par
|move|p2a: Celebi|Leech Seed|p1a: Magneton
|-start|p1a: Magneton|move: Leech Seed
|
|-weather|Sandstorm|[upkeep]
|-damage|p2a: Celebi|59/100 par|[from] Sandstorm
|-damage|p1a: Magneton|0 fnt|[from] Leech Seed|[of] p2a: Celebi
|-heal|p2a: Celebi|67/100 par|[silent]
|faint|p1a: Magneton
|-heal|p2a: Celebi|73/100 par|[from] item: Leftovers
|upkeep
|
|t:|1730180971
|switch|p1a: Metagross|Metagross|100/100
|turn|30
|
|t:|1730180980
|move|p1a: Metagross|Agility|p1a: Metagross
|-boost|p1a: Metagross|spe|2
|move|p2a: Celebi|Leech Seed|p1a: Metagross
|-start|p1a: Metagross|move: Leech Seed
|
|-weather|Sandstorm|[upkeep]
|-damage|p2a: Celebi|67/100 par|[from] Sandstorm
|-damage|p1a: Metagross|88/100|[from] Leech Seed|[of] p2a: Celebi
|-heal|p2a: Celebi|77/100 par|[silent]
|-heal|p2a: Celebi|83/100 par|[from] item: Leftovers
|upkeep
|turn|31
|
|t:|1730180984
|-curestatus|p2a: Celebi|par|[from] ability: Natural Cure
|switch|p2a: Porygon2|Porygon2|82/100
|-ability|p2a: Porygon2|Clear Body|[from] ability: Trace|[of] p1a: Metagross
|move|p1a: Metagross|Meteor Mash|p2a: Porygon2
|-damage|p2a: Porygon2|38/100
|
|-weather|Sandstorm|[upkeep]
|-damage|p2a: Porygon2|32/100|[from] Sandstorm
|-heal|p1a: Metagross|94/100|[from] item: Leftovers
|-damage|p1a: Metagross|82/100|[from] Leech Seed|[of] p2a: Porygon2
|-heal|p2a: Porygon2|44/100|[silent]
|-heal|p2a: Porygon2|50/100|[from] item: Leftovers
|upkeep
|turn|32
|
|t:|1730180989
|move|p1a: Metagross|Meteor Mash|p2a: Porygon2
|-damage|p2a: Porygon2|3/100
|move|p2a: Porygon2|Thunder Wave|p1a: Metagross
|-status|p1a: Metagross|par
|
|-weather|Sandstorm|[upkeep]
|-damage|p2a: Porygon2|0 fnt|[from] Sandstorm
|faint|p2a: Porygon2
|-heal|p1a: Metagross|88/100 par|[from] item: Leftovers
|upkeep
|
|t:|1730180993
|switch|p2a: Blaziken|Blaziken, F|100/100
|turn|33
|
|t:|1730180996
|move|p2a: Blaziken|Fire Blast|p1a: Metagross
|-supereffective|p1a: Metagross
|-damage|p1a: Metagross|0 fnt
|faint|p1a: Metagross
|c|☆WalterFartwelWhite|I played so badly tbh
|c|☆WalterFartwelWhite|shameful
|
|t:|1730181015
|switch|p1a: Swellow|Swellow, F|2/100
|
|-weather|Sandstorm|[upkeep]
|-damage|p1a: Swellow|0 fnt|[from] Sandstorm
|-damage|p2a: Blaziken|94/100|[from] Sandstorm
|faint|p1a: Swellow
|
|win|BongMoodeus
|upkeep
|player|p1|
|player|p1|WalterFartwelWhite|blaine|
|player|p1|
|c|☆BongMoodeus|I really appreciate the commentary you put out man
|c|☆BongMoodeus|it was fun to get to play a match vs you, I wish it had been closer

</script>
<script type="application/json" class="data" id="replaydata-smogtours-gen3ou-803227">
{"id":"smogtours-gen3ou-803227","format":"[Gen 3] OU","players":["WalterFartwelWhite","BongMoodeus"],"uploadtime":1730181015,"views":59,"formatid":"gen3ou","rating":null,"private":0,"password":null}
</script>

<script defer src="js/replays.js?9d40a366"></script>
