<!DOCTYPE html>
<meta charset="utf-8" />
<meta name="viewport" content="width=device-width" />

<title>[Gen 3] OU: SteelSwaggy vs. verbatim - Replays - Pok&eacute;mon Showdown!</title>

<meta name="description" content="Watch a replay of a Pok&eacute;mon battle between SteelSwaggy and verbatim! Format: [Gen 3] OU; Date: Oct 12, 2024" />
<!--

Hey, you! Looking in the source for the replay log?

You can find them in JSON format, just add `.json` at the end of a replay URL.

https://replay.pokemonshowdown.com/gen7randomdoublesbattle-865046831.json

Or, if you only need the log itself, add `.log` instead:

https://replay.pokemonshowdown.com/gen7randomdoublesbattle-865046831.log

-->

<link rel="stylesheet" href="//pokemonshowdown.com/style/global.css?0.767286132409787" />
<link rel="stylesheet" href="//play.pokemonshowdown.com/style/font-awesome.css?0.9266228007934947" />
<link rel="stylesheet" href="//play.pokemonshowdown.com/style/battle.css?0.7924700842790926" />
<link rel="stylesheet" href="//play.pokemonshowdown.com/style/utilichart.css?0.8777417872839479" />

<!-- Global site tag (gtag.js) - Google Analytics -->
<script async src="https://www.googletagmanager.com/gtag/js?id=UA-26211653-1"></script>
<script>
  window.dataLayer = window.dataLayer || [];
  function gtag(){dataLayer.push(arguments);}
  gtag('js', new Date());

  gtag('config', 'UA-26211653-1');
</script>
<!-- End Google Analytics -->
<!-- Venatus Ad Manager - Install in <HEAD> of page -->
	<script src="https://hb.vntsm.com/v3/live/ad-manager.min.js" type="text/javascript" data-site-id="642aba63ec9a7b11c3c9c1be" data-mode="scan" async></script>
<!-- / Venatus Ad Manager -->

<style>
	@media (max-width:820px) {
		.battle {
			margin: 0 auto;
		}
		.battle-log {
			margin: 7px auto 0;
			max-width: 640px;
			height: 300px;
			position: static;
		}
	}
	.optgroup {
		display: inline-block;
		line-height: 22px;
		font-size: 10pt;
	}
	.optgroup .button {
		height: 25px;
		padding-top: 0;
		padding-bottom: 0;
	}
	.optgroup button.button {
		padding-left: 12px;
		padding-right: 12px;
	}
	.linklist {
		list-style: none;
		margin: 0.5em 0;
		padding: 0;
	}
	.linklist li {
		padding: 2px 0;
	}
	.sidebar {
		float: left;
		width: 320px;
	}
	.bar-wrapper {
		max-width: 1100px;
		margin: 0 auto;
	}
	.bar-wrapper.has-sidebar {
		max-width: 1430px;
	}
	.mainbar {
		margin: 0;
		padding-right: 1px;
	}
	.mainbar.has-sidebar {
		margin-left: 330px;
	}
	@media (min-width: 1511px) {
		.sidebar {
			width: 400px;
		}
		.bar-wrapper.has-sidebar {
			max-width: 1510px;
		}
		.mainbar.has-sidebar {
			margin-left: 410px;
		}
	}
	.section.first-section {
		margin-top: 9px;
	}
	.blocklink small {
		white-space: normal;
	}
	.button {
		vertical-align: middle;
	}
	.replay-controls {
		padding-top: 10px;
	}
	.replay-controls h1 {
		font-size: 16pt;
		font-weight: normal;
		color: #CCC;
	}
	.pagelink {
		text-align: center;
	}
	.pagelink a {
		width: 150px;
	}
	.textbox, .button {
		font-size: 11pt;
		vertical-align: middle;
	}
	@media (max-width: 450px) {
		.button {
			font-size: 9pt;
		}
	}
</style>

<div>

	<header>
		<div class="nav-wrapper"><ul class="nav">
			<li><a class="button nav-first" href="//pokemonshowdown.com/"><img src="//pokemonshowdown.com/images/pokemonshowdownbeta.png" srcset="//pokemonshowdown.com/images/pokemonshowdownbeta.png 1x, //pokemonshowdown.com/images/pokemonshowdownbeta@2x.png 2x" alt="Pok&eacute;mon Showdown" width="146" height="44" /> Home</a></li>
			<li><a class="button" href="//pokemonshowdown.com/dex/">Pok&eacute;dex</a></li>
			<li><a class="button cur" href="/">Replays</a></li>
			<li><a class="button" href="//pokemonshowdown.com/ladder/">Ladder</a></li>
			<li><a class="button nav-last" href="//pokemonshowdown.com/forums/">Forum</a></li>
			<li><a class="button greenbutton nav-first nav-last" href="//play.pokemonshowdown.com/">Play</a></li>
		</ul></div>
	</header>

	<div class="main" id="main">

		<noscript><section class="section">You need to enable JavaScript to use this page; sorry!</section></noscript>

	</div>

</div>

<script defer nomodule src="//play.pokemonshowdown.com/js/lib/ps-polyfill.js"></script>
<script defer src="//play.pokemonshowdown.com/js/lib/preact.min.js"></script>

<script defer src="//play.pokemonshowdown.com/config/config.js?6dec07f6"></script>
<script defer src="//play.pokemonshowdown.com/js/lib/jquery-1.11.0.min.js"></script>
<script defer src="//play.pokemonshowdown.com/js/lib/html-sanitizer-minified.js"></script>
<script defer src="//play.pokemonshowdown.com/js/battle-sound.js"></script>
<script defer src="//play.pokemonshowdown.com/js/battledata.js?0.6315294753075389"></script>
<script defer src="//play.pokemonshowdown.com/data/pokedex-mini.js?0.7603743185311358"></script>
<script defer src="//play.pokemonshowdown.com/data/pokedex-mini-bw.js?0.030888842834281283"></script>
<script defer src="//play.pokemonshowdown.com/data/graphics.js?0.05593094747507488"></script>
<script defer src="//play.pokemonshowdown.com/data/pokedex.js?0.47064822249611904"></script>
<script defer src="//play.pokemonshowdown.com/data/moves.js?0.8583693120512459"></script>
<script defer src="//play.pokemonshowdown.com/data/abilities.js?0.16017181182386842"></script>
<script defer src="//play.pokemonshowdown.com/data/items.js?0.4163379185673943"></script>
<script defer src="//play.pokemonshowdown.com/data/teambuilder-tables.js?0.31075597372830477"></script>
<script defer src="//play.pokemonshowdown.com/js/battle-tooltips.js?0.6536193500708172"></script>
<script defer src="//play.pokemonshowdown.com/js/battle.js?0.1916591943277901"></script>

<script defer src="js/utils.js?e31f9a17"></script>
<script defer src="js/replays-battle.js?7008c182"></script>

<!-- don't scrape this data! just add .json or .log after the URL!
Full API docs: https://github.com/smogon/pokemon-showdown-client/blob/master/WEB-API.md -->
<script type="text/plain" class="log" id="replaylog-smogtours-gen3ou-797688">
|inactive|Battle timer is ON: inactive players will automatically lose when time's up.
|t:|1728759914
|gametype|singles
|player|p1|SteelSwaggy|scientist-gen4dp|
|player|p2|verbatim|#psstaffm|
|teamsize|p1|6
|teamsize|p2|6
|gen|3
|tier|[Gen 3] OU
|rule|Sleep Clause Mod: Limit one foe put to sleep
|rule|Switch Priority Clause Mod: Faster Pokémon switch first
|rule|Species Clause: Limit one of each Pokémon
|rule|OHKO Clause: OHKO moves are banned
|rule|Evasion Items Clause: Evasion items are banned
|rule|Evasion Moves Clause: Evasion moves are banned
|rule|Endless Battle Clause: Forcing endless battles is banned
|rule|HP Percentage Mod: HP is shown in percentages
|rule|One Boost Passer Clause: Limit one Baton Passer that has a way to boost its stats
|rule|Freeze Clause Mod: Limit one foe frozen
|
|t:|1728759914
|start
|switch|p1a: E101mkII|Metagross, shiny|100/100
|switch|p2a: Mag Mell|Zapdos|100/100
|turn|1
|c|☆SteelSwaggy|Have fun!
|c|☆verbatim|u2 gl
|inactive|verbatim has 270 seconds left.
|c|☆SteelSwaggy|Sick avatar btw
|
|t:|1728759950
|switch|p1a: Swagpert|Swampert, M|100/100
|move|p2a: Mag Mell|Thunderbolt|p1a: Swagpert
|-immune|p1a: Swagpert
|
|upkeep
|turn|2
|
|t:|1728759960
|switch|p1a: Celebity|Celebi|100/100
|move|p2a: Mag Mell|Hidden Power|p1a: Celebity
|-resisted|p1a: Celebity
|-damage|p1a: Celebity|90/100
|
|-heal|p1a: Celebity|96/100|[from] item: Leftovers
|upkeep
|turn|3
|
|t:|1728759972
|switch|p2a: Via Celestio|Jirachi|100/100
|move|p1a: Celebity|Leech Seed|p2a: Via Celestio
|-start|p2a: Via Celestio|move: Leech Seed
|
|-damage|p2a: Via Celestio|88/100|[from] Leech Seed|[of] p1a: Celebity
|-heal|p1a: Celebity|100/100|[silent]
|upkeep
|turn|4
|
|t:|1728759978
|move|p2a: Via Celestio|Calm Mind|p2a: Via Celestio
|-boost|p2a: Via Celestio|spa|1
|-boost|p2a: Via Celestio|spd|1
|move|p1a: Celebity|Calm Mind|p1a: Celebity
|-boost|p1a: Celebity|spa|1
|-boost|p1a: Celebity|spd|1
|
|-heal|p2a: Via Celestio|94/100|[from] item: Leftovers
|-damage|p2a: Via Celestio|82/100|[from] Leech Seed|[of] p1a: Celebity
|upkeep
|turn|5
|
|t:|1728759987
|move|p2a: Via Celestio|Calm Mind|p2a: Via Celestio
|-boost|p2a: Via Celestio|spa|1
|-boost|p2a: Via Celestio|spd|1
|move|p1a: Celebity|Calm Mind|p1a: Celebity
|-boost|p1a: Celebity|spa|1
|-boost|p1a: Celebity|spd|1
|
|-heal|p2a: Via Celestio|88/100|[from] item: Leftovers
|-damage|p2a: Via Celestio|76/100|[from] Leech Seed|[of] p1a: Celebity
|upkeep
|turn|6
|
|t:|1728759989
|move|p2a: Via Celestio|Fire Punch|p1a: Celebity
|-supereffective|p1a: Celebity
|-crit|p1a: Celebity
|-damage|p1a: Celebity|0 fnt
|faint|p1a: Celebity
|
|t:|1728759997
|switch|p1a: Swagpert|Swampert, M|100/100
|
|-heal|p2a: Via Celestio|82/100|[from] item: Leftovers
|-damage|p2a: Via Celestio|70/100|[from] Leech Seed|[of] p1a: Swagpert
|upkeep
|turn|7
|
|t:|1728760011
|switch|p2a: Mag Mell|Zapdos|100/100
|move|p1a: Swagpert|Earthquake|p2a: Mag Mell
|-immune|p2a: Mag Mell
|
|upkeep
|turn|8
|
|t:|1728760016
|switch|p1a: Spyro|Dragonite, M|100/100
|move|p2a: Mag Mell|Hidden Power|p1a: Spyro
|-resisted|p1a: Spyro
|-damage|p1a: Spyro|95/100
|
|-heal|p1a: Spyro|100/100|[from] item: Leftovers
|upkeep
|turn|9
|
|t:|1728760031
|switch|p2a: Grandship|Claydol|100/100
|move|p1a: Spyro|Substitute|p1a: Spyro
|-start|p1a: Spyro|Substitute
|-damage|p1a: Spyro|75/100
|
|-heal|p1a: Spyro|82/100|[from] item: Leftovers
|upkeep
|turn|10
|
|t:|1728760035
|move|p2a: Grandship|Ice Beam|p1a: Spyro
|-supereffective|p1a: Spyro
|-end|p1a: Spyro|Substitute
|move|p1a: Spyro|Ice Beam|p2a: Grandship
|-supereffective|p2a: Grandship
|-damage|p2a: Grandship|47/100
|
|-heal|p2a: Grandship|53/100|[from] item: Leftovers
|-heal|p1a: Spyro|88/100|[from] item: Leftovers
|upkeep
|turn|11
|
|t:|1728760045
|switch|p1a: Starflash250|Starmie|100/100
|move|p2a: Grandship|Ice Beam|p1a: Starflash250
|-resisted|p1a: Starflash250
|-damage|p1a: Starflash250|90/100
|
|-heal|p1a: Starflash250|96/100|[from] item: Leftovers
|-heal|p2a: Grandship|59/100|[from] item: Leftovers
|upkeep
|turn|12
|inactive|verbatim has 270 seconds left.
|
|t:|1728760076
|move|p1a: Starflash250|Hydro Pump|p2a: Grandship
|-supereffective|p2a: Grandship
|-damage|p2a: Grandship|0 fnt
|faint|p2a: Grandship
|inactive|verbatim has 270 seconds left.
|
|t:|1728760100
|switch|p2a: Holograd|Tyranitar, F|100/100
|-weather|Sandstorm|[from] ability: Sand Stream|[of] p2a: Holograd
|
|-weather|Sandstorm|[upkeep]
|-damage|p1a: Starflash250|90/100|[from] Sandstorm
|-heal|p1a: Starflash250|96/100|[from] item: Leftovers
|upkeep
|turn|13
|
|t:|1728760108
|move|p1a: Starflash250|Hydro Pump|p2a: Holograd
|-supereffective|p2a: Holograd
|-damage|p2a: Holograd|15/100
|move|p2a: Holograd|Pursuit|p1a: Starflash250
|-supereffective|p1a: Starflash250
|-damage|p1a: Starflash250|41/100
|
|-weather|Sandstorm|[upkeep]
|-damage|p1a: Starflash250|35/100|[from] Sandstorm
|-heal|p1a: Starflash250|41/100|[from] item: Leftovers
|-heal|p2a: Holograd|21/100|[from] item: Leftovers
|upkeep
|turn|14
|inactive|verbatim has 270 seconds left.
|
|t:|1728760116
|move|p1a: Starflash250|Thunderbolt|p2a: Holograd
|-damage|p2a: Holograd|0 fnt
|faint|p2a: Holograd
|
|t:|1728760118
|switch|p2a: Sagitta|Dugtrio, M|100/100
|
|-weather|Sandstorm|[upkeep]
|-damage|p1a: Starflash250|35/100|[from] Sandstorm
|-heal|p1a: Starflash250|41/100|[from] item: Leftovers
|upkeep
|turn|15
|
|t:|1728760122
|move|p2a: Sagitta|Earthquake|p1a: Starflash250
|-damage|p1a: Starflash250|0 fnt
|faint|p1a: Starflash250
|
|t:|1728760125
|switch|p1a: Spyro|Dragonite, M|88/100
|
|-weather|Sandstorm|[upkeep]
|-damage|p1a: Spyro|82/100|[from] Sandstorm
|-heal|p1a: Spyro|88/100|[from] item: Leftovers
|upkeep
|turn|16
|
|t:|1728760130
|switch|p2a: Yunohana|Suicune|100/100
|move|p1a: Spyro|Substitute|p1a: Spyro
|-start|p1a: Spyro|Substitute
|-damage|p1a: Spyro|63/100
|
|-weather|Sandstorm|[upkeep]
|-damage|p2a: Yunohana|94/100|[from] Sandstorm
|-damage|p1a: Spyro|57/100|[from] Sandstorm
|-heal|p2a: Yunohana|100/100|[from] item: Leftovers
|-heal|p1a: Spyro|63/100|[from] item: Leftovers
|upkeep
|turn|17
|
|t:|1728760138
|-singleturn|p1a: Spyro|move: Focus Punch
|move|p2a: Yunohana|Calm Mind|p2a: Yunohana
|-boost|p2a: Yunohana|spa|1
|-boost|p2a: Yunohana|spd|1
|move|p1a: Spyro|Focus Punch|p2a: Yunohana
|-damage|p2a: Yunohana|59/100
|
|-weather|Sandstorm|[upkeep]
|-damage|p2a: Yunohana|52/100|[from] Sandstorm
|-damage|p1a: Spyro|57/100|[from] Sandstorm
|-heal|p2a: Yunohana|59/100|[from] item: Leftovers
|-heal|p1a: Spyro|63/100|[from] item: Leftovers
|upkeep
|turn|18
|
|t:|1728760142
|-singleturn|p1a: Spyro|move: Focus Punch
|move|p2a: Yunohana|Surf|p1a: Spyro
|-resisted|p1a: Spyro
|-end|p1a: Spyro|Substitute
|move|p1a: Spyro|Focus Punch|p2a: Yunohana
|-crit|p2a: Yunohana
|-damage|p2a: Yunohana|0 fnt
|faint|p2a: Yunohana
|
|t:|1728760162
|switch|p2a: Via Celestio|Jirachi|70/100
|
|-weather|Sandstorm|[upkeep]
|-damage|p1a: Spyro|57/100|[from] Sandstorm
|-heal|p2a: Via Celestio|76/100|[from] item: Leftovers
|-heal|p1a: Spyro|63/100|[from] item: Leftovers
|upkeep
|turn|19
|
|t:|1728760166
|switch|p1a: Swagpert|Swampert, M|100/100
|move|p2a: Via Celestio|Ice Punch|p1a: Swagpert
|-crit|p1a: Swagpert
|-damage|p1a: Swagpert|69/100
|
|-weather|Sandstorm|[upkeep]
|-heal|p2a: Via Celestio|82/100|[from] item: Leftovers
|-heal|p1a: Swagpert|75/100|[from] item: Leftovers
|upkeep
|turn|20
|
|t:|1728760170
|switch|p2a: Mag Mell|Zapdos|100/100
|move|p1a: Swagpert|Earthquake|p2a: Mag Mell
|-immune|p2a: Mag Mell
|
|-weather|Sandstorm|[upkeep]
|-damage|p2a: Mag Mell|94/100|[from] Sandstorm
|-heal|p2a: Mag Mell|100/100|[from] item: Leftovers
|-heal|p1a: Swagpert|81/100|[from] item: Leftovers
|upkeep
|turn|21
|
|t:|1728760186
|switch|p1a: E101mkII|Metagross, shiny|100/100
|move|p2a: Mag Mell|Thunder Wave|p1a: E101mkII
|-status|p1a: E101mkII|par
|
|-weather|Sandstorm|[upkeep]
|-damage|p2a: Mag Mell|94/100|[from] Sandstorm
|-heal|p2a: Mag Mell|100/100|[from] item: Leftovers
|upkeep
|turn|22
|
|t:|1728760193
|switch|p2a: Via Celestio|Jirachi|82/100
|move|p1a: E101mkII|Explosion|p2a: Via Celestio
|-resisted|p2a: Via Celestio
|-damage|p2a: Via Celestio|10/100
|faint|p1a: E101mkII
|
|t:|1728760201
|switch|p1a: Swagpert|Swampert, M|81/100
|
|-weather|Sandstorm|[upkeep]
|-heal|p2a: Via Celestio|16/100|[from] item: Leftovers
|-heal|p1a: Swagpert|87/100|[from] item: Leftovers
|upkeep
|turn|23
|
|t:|1728760209
|move|p2a: Via Celestio|Ice Punch|p1a: Swagpert
|-damage|p1a: Swagpert|73/100
|move|p1a: Swagpert|Hidden Power|p2a: Via Celestio
|-resisted|p2a: Via Celestio
|-damage|p2a: Via Celestio|7/100
|
|-weather|Sandstorm|[upkeep]
|-heal|p2a: Via Celestio|14/100|[from] item: Leftovers
|-heal|p1a: Swagpert|79/100|[from] item: Leftovers
|upkeep
|turn|24
|
|t:|1728760214
|move|p2a: Via Celestio|Ice Punch|p1a: Swagpert
|-damage|p1a: Swagpert|65/100
|-status|p1a: Swagpert|frz
|cant|p1a: Swagpert|frz
|
|-weather|Sandstorm|[upkeep]
|-heal|p2a: Via Celestio|20/100|[from] item: Leftovers
|-heal|p1a: Swagpert|71/100 frz|[from] item: Leftovers
|upkeep
|turn|25
|
|t:|1728760219
|move|p2a: Via Celestio|Ice Punch|p1a: Swagpert
|-damage|p1a: Swagpert|55/100 frz
|-curestatus|p1a: Swagpert|frz|[msg]
|move|p1a: Swagpert|Earthquake|p2a: Via Celestio
|-supereffective|p2a: Via Celestio
|-damage|p2a: Via Celestio|0 fnt
|faint|p2a: Via Celestio
|
|t:|1728760235
|switch|p2a: Sagitta|Dugtrio, M|100/100
|
|-weather|Sandstorm|[upkeep]
|-heal|p1a: Swagpert|61/100|[from] item: Leftovers
|upkeep
|turn|26
|
|t:|1728760257
|move|p2a: Sagitta|Earthquake|p1a: Swagpert
|-damage|p1a: Swagpert|14/100
|move|p1a: Swagpert|Earthquake|p2a: Sagitta
|-damage|p2a: Sagitta|0 fnt
|faint|p2a: Sagitta
|
|t:|1728760261
|switch|p2a: Mag Mell|Zapdos|100/100
|
|-weather|Sandstorm|[upkeep]
|-damage|p2a: Mag Mell|94/100|[from] Sandstorm
|-heal|p2a: Mag Mell|100/100|[from] item: Leftovers
|-heal|p1a: Swagpert|20/100|[from] item: Leftovers
|upkeep
|turn|27
|
|t:|1728760268
|move|p2a: Mag Mell|Hidden Power|p1a: Swagpert
|-supereffective|p1a: Swagpert
|-damage|p1a: Swagpert|0 fnt
|faint|p1a: Swagpert
|
|t:|1728760270
|switch|p1a: Spyro|Dragonite, M|63/100
|
|-weather|Sandstorm|[upkeep]
|-damage|p2a: Mag Mell|94/100|[from] Sandstorm
|-damage|p1a: Spyro|57/100|[from] Sandstorm
|-heal|p2a: Mag Mell|100/100|[from] item: Leftovers
|-heal|p1a: Spyro|63/100|[from] item: Leftovers
|upkeep
|turn|28
|
|t:|1728760272
|move|p2a: Mag Mell|Thunderbolt|p1a: Spyro
|-damage|p1a: Spyro|15/100
|move|p1a: Spyro|Ice Beam|p2a: Mag Mell
|-supereffective|p2a: Mag Mell
|-damage|p2a: Mag Mell|50/100
|
|-weather|Sandstorm|[upkeep]
|-damage|p2a: Mag Mell|44/100|[from] Sandstorm
|-damage|p1a: Spyro|9/100|[from] Sandstorm
|-heal|p2a: Mag Mell|50/100|[from] item: Leftovers
|-heal|p1a: Spyro|15/100|[from] item: Leftovers
|upkeep
|turn|29
|c|☆SteelSwaggy|gg
|-message|SteelSwaggy forfeited.
|
|win|verbatim
|player|p1|
|c|☆verbatim|gg

</script>
<script type="application/json" class="data" id="replaydata-smogtours-gen3ou-797688">
{"id":"smogtours-gen3ou-797688","format":"[Gen 3] OU","players":["SteelSwaggy","verbatim"],"uploadtime":1728760280,"views":99,"formatid":"gen3ou","rating":null,"private":0,"password":null}
</script>

<script defer src="js/replays.js?9d40a366"></script>
