<!DOCTYPE html>
<meta charset="utf-8" />
<meta name="viewport" content="width=device-width" />

<title>[Gen 3] OU: smollest brian vs. Tyxerns - Replays - Pok&eacute;mon Showdown!</title>

<meta name="description" content="Watch a replay of a Pok&eacute;mon battle between smollest brian and Tyxerns! Format: [Gen 3] OU; Date: Oct 14, 2024" />
<!--

Hey, you! Looking in the source for the replay log?

You can find them in JSON format, just add `.json` at the end of a replay URL.

https://replay.pokemonshowdown.com/gen7randomdoublesbattle-865046831.json

Or, if you only need the log itself, add `.log` instead:

https://replay.pokemonshowdown.com/gen7randomdoublesbattle-865046831.log

-->

<link rel="stylesheet" href="//pokemonshowdown.com/style/global.css?0.023195364461161105" />
<link rel="stylesheet" href="//play.pokemonshowdown.com/style/font-awesome.css?0.13261647063804238" />
<link rel="stylesheet" href="//play.pokemonshowdown.com/style/battle.css?0.8753245789963631" />
<link rel="stylesheet" href="//play.pokemonshowdown.com/style/utilichart.css?0.8627959624976733" />

<!-- Global site tag (gtag.js) - Google Analytics -->
<script async src="https://www.googletagmanager.com/gtag/js?id=UA-26211653-1"></script>
<script>
  window.dataLayer = window.dataLayer || [];
  function gtag(){dataLayer.push(arguments);}
  gtag('js', new Date());

  gtag('config', 'UA-26211653-1');
</script>
<!-- End Google Analytics -->
<!-- Venatus Ad Manager - Install in <HEAD> of page -->
	<script src="https://hb.vntsm.com/v3/live/ad-manager.min.js" type="text/javascript" data-site-id="642aba63ec9a7b11c3c9c1be" data-mode="scan" async></script>
<!-- / Venatus Ad Manager -->

<style>
	@media (max-width:820px) {
		.battle {
			margin: 0 auto;
		}
		.battle-log {
			margin: 7px auto 0;
			max-width: 640px;
			height: 300px;
			position: static;
		}
	}
	.optgroup {
		display: inline-block;
		line-height: 22px;
		font-size: 10pt;
	}
	.optgroup .button {
		height: 25px;
		padding-top: 0;
		padding-bottom: 0;
	}
	.optgroup button.button {
		padding-left: 12px;
		padding-right: 12px;
	}
	.linklist {
		list-style: none;
		margin: 0.5em 0;
		padding: 0;
	}
	.linklist li {
		padding: 2px 0;
	}
	.sidebar {
		float: left;
		width: 320px;
	}
	.bar-wrapper {
		max-width: 1100px;
		margin: 0 auto;
	}
	.bar-wrapper.has-sidebar {
		max-width: 1430px;
	}
	.mainbar {
		margin: 0;
		padding-right: 1px;
	}
	.mainbar.has-sidebar {
		margin-left: 330px;
	}
	@media (min-width: 1511px) {
		.sidebar {
			width: 400px;
		}
		.bar-wrapper.has-sidebar {
			max-width: 1510px;
		}
		.mainbar.has-sidebar {
			margin-left: 410px;
		}
	}
	.section.first-section {
		margin-top: 9px;
	}
	.blocklink small {
		white-space: normal;
	}
	.button {
		vertical-align: middle;
	}
	.replay-controls {
		padding-top: 10px;
	}
	.replay-controls h1 {
		font-size: 16pt;
		font-weight: normal;
		color: #CCC;
	}
	.pagelink {
		text-align: center;
	}
	.pagelink a {
		width: 150px;
	}
	.textbox, .button {
		font-size: 11pt;
		vertical-align: middle;
	}
	@media (max-width: 450px) {
		.button {
			font-size: 9pt;
		}
	}
</style>

<div>

	<header>
		<div class="nav-wrapper"><ul class="nav">
			<li><a class="button nav-first" href="//pokemonshowdown.com/"><img src="//pokemonshowdown.com/images/pokemonshowdownbeta.png" srcset="//pokemonshowdown.com/images/pokemonshowdownbeta.png 1x, //pokemonshowdown.com/images/pokemonshowdownbeta@2x.png 2x" alt="Pok&eacute;mon Showdown" width="146" height="44" /> Home</a></li>
			<li><a class="button" href="//pokemonshowdown.com/dex/">Pok&eacute;dex</a></li>
			<li><a class="button cur" href="/">Replays</a></li>
			<li><a class="button" href="//pokemonshowdown.com/ladder/">Ladder</a></li>
			<li><a class="button nav-last" href="//pokemonshowdown.com/forums/">Forum</a></li>
			<li><a class="button greenbutton nav-first nav-last" href="//play.pokemonshowdown.com/">Play</a></li>
		</ul></div>
	</header>

	<div class="main" id="main">

		<noscript><section class="section">You need to enable JavaScript to use this page; sorry!</section></noscript>

	</div>

</div>

<script defer nomodule src="//play.pokemonshowdown.com/js/lib/ps-polyfill.js"></script>
<script defer src="//play.pokemonshowdown.com/js/lib/preact.min.js"></script>

<script defer src="//play.pokemonshowdown.com/config/config.js?2bddbc15"></script>
<script defer src="//play.pokemonshowdown.com/js/lib/jquery-1.11.0.min.js"></script>
<script defer src="//play.pokemonshowdown.com/js/lib/html-sanitizer-minified.js"></script>
<script defer src="//play.pokemonshowdown.com/js/battle-sound.js"></script>
<script defer src="//play.pokemonshowdown.com/js/battledata.js?0.7209276989879541"></script>
<script defer src="//play.pokemonshowdown.com/data/pokedex-mini.js?0.6111056340867951"></script>
<script defer src="//play.pokemonshowdown.com/data/pokedex-mini-bw.js?0.3532142036491459"></script>
<script defer src="//play.pokemonshowdown.com/data/graphics.js?0.24223875632456182"></script>
<script defer src="//play.pokemonshowdown.com/data/pokedex.js?0.38839984266356864"></script>
<script defer src="//play.pokemonshowdown.com/data/moves.js?0.21866028504024015"></script>
<script defer src="//play.pokemonshowdown.com/data/abilities.js?0.2005157953846628"></script>
<script defer src="//play.pokemonshowdown.com/data/items.js?0.9894211263848525"></script>
<script defer src="//play.pokemonshowdown.com/data/teambuilder-tables.js?0.6008791140282215"></script>
<script defer src="//play.pokemonshowdown.com/js/battle-tooltips.js?0.7580118955022959"></script>
<script defer src="//play.pokemonshowdown.com/js/battle.js?0.6057722274234274"></script>

<script defer src="js/utils.js?e31f9a17"></script>
<script defer src="js/replays-battle.js?7008c182"></script>

<!-- don't scrape this data! just add .json or .log after the URL!
Full API docs: https://github.com/smogon/pokemon-showdown-client/blob/master/WEB-API.md -->
<script type="text/plain" class="log" id="replaylog-smogtours-gen3ou-798646">
|inactive|Battle timer is ON: inactive players will automatically lose when time's up.
|t:|1728922205
|gametype|singles
|player|p1|smollest brian|miku-ground|
|player|p2|Tyxerns|policeman-gen4|
|teamsize|p1|6
|teamsize|p2|6
|gen|3
|tier|[Gen 3] OU
|rule|Sleep Clause Mod: Limit one foe put to sleep
|rule|Switch Priority Clause Mod: Faster Pokémon switch first
|rule|Species Clause: Limit one of each Pokémon
|rule|OHKO Clause: OHKO moves are banned
|rule|Evasion Items Clause: Evasion items are banned
|rule|Evasion Moves Clause: Evasion moves are banned
|rule|Endless Battle Clause: Forcing endless battles is banned
|rule|HP Percentage Mod: HP is shown in percentages
|rule|One Boost Passer Clause: Limit one Baton Passer that has a way to boost its stats
|rule|Freeze Clause Mod: Limit one foe frozen
|
|t:|1728922205
|start
|switch|p1a: Wailord|Wailord, F|100/100
|switch|p2a: Jirachi|Jirachi, shiny|100/100
|turn|1
|inactive|smollest brian has 270 seconds left.
|
|t:|1728922243
|switch|p1a: Celebi|Celebi|100/100
|move|p2a: Jirachi|Calm Mind|p2a: Jirachi
|-boost|p2a: Jirachi|spa|1
|-boost|p2a: Jirachi|spd|1
|
|upkeep
|turn|2
|
|t:|1728922250
|move|p1a: Celebi|Leech Seed|p2a: Jirachi|[miss]
|-miss|p1a: Celebi|p2a: Jirachi
|move|p2a: Jirachi|Calm Mind|p2a: Jirachi
|-boost|p2a: Jirachi|spa|1
|-boost|p2a: Jirachi|spd|1
|
|upkeep
|turn|3
|
|t:|1728922257
|move|p1a: Celebi|Leech Seed|p2a: Jirachi|[miss]
|-miss|p1a: Celebi|p2a: Jirachi
|move|p2a: Jirachi|Calm Mind|p2a: Jirachi
|-boost|p2a: Jirachi|spa|1
|-boost|p2a: Jirachi|spd|1
|
|upkeep
|turn|4
|
|t:|1728922265
|move|p1a: Celebi|Leech Seed|p2a: Jirachi
|-start|p2a: Jirachi|move: Leech Seed
|move|p2a: Jirachi|Fire Punch|p1a: Celebi
|-supereffective|p1a: Celebi
|-damage|p1a: Celebi|0 fnt
|faint|p1a: Celebi
|
|t:|1728922266
|switch|p1a: Dugtrio|Dugtrio, F|100/100
|
|-damage|p2a: Jirachi|88/100|[from] Leech Seed|[of] p1a: Dugtrio
|upkeep
|turn|5
|
|t:|1728922275
|move|p1a: Dugtrio|Earthquake|p2a: Jirachi
|-supereffective|p2a: Jirachi
|-crit|p2a: Jirachi
|-damage|p2a: Jirachi|0 fnt
|faint|p2a: Jirachi
|
|t:|1728922282
|switch|p2a: Vaporeon|Vaporeon, F|100/100
|
|upkeep
|turn|6
|
|t:|1728922286
|move|p1a: Dugtrio|Earthquake|p2a: Vaporeon
|-damage|p2a: Vaporeon|52/100
|move|p2a: Vaporeon|Substitute|p2a: Vaporeon
|-start|p2a: Vaporeon|Substitute
|-damage|p2a: Vaporeon|27/100
|
|-heal|p2a: Vaporeon|33/100|[from] item: Leftovers
|upkeep
|turn|7
|
|t:|1728922290
|move|p1a: Dugtrio|Earthquake|p2a: Vaporeon
|-end|p2a: Vaporeon|Substitute
|move|p2a: Vaporeon|Surf|p1a: Dugtrio
|-supereffective|p1a: Dugtrio
|-damage|p1a: Dugtrio|0 fnt
|faint|p1a: Dugtrio
|
|t:|1728922293
|switch|p1a: Zapdos|Zapdos|100/100
|
|-heal|p2a: Vaporeon|39/100|[from] item: Leftovers
|upkeep
|turn|8
|
|t:|1728922296
|switch|p2a: Riley|Claydol|100/100
|move|p1a: Zapdos|Thunderbolt|p2a: Riley
|-immune|p2a: Riley
|
|upkeep
|turn|9
|
|t:|1728922305
|move|p1a: Zapdos|Baton Pass|p1a: Zapdos
|
|t:|1728922306
|switch|p1a: Claydol|Claydol|100/100|[from] Baton Pass
|move|p2a: Riley|Psychic|p1a: Claydol
|-resisted|p1a: Claydol
|-damage|p1a: Claydol|92/100
|
|-heal|p1a: Claydol|98/100|[from] item: Leftovers
|upkeep
|turn|10
|
|t:|1728922323
|switch|p2a: Skarmory|Skarmory, M, shiny|100/100
|move|p1a: Claydol|Ice Beam|p2a: Skarmory
|-damage|p2a: Skarmory|85/100
|
|-heal|p2a: Skarmory|91/100|[from] item: Leftovers
|-heal|p1a: Claydol|100/100|[from] item: Leftovers
|upkeep
|turn|11
|
|t:|1728922330
|switch|p1a: Wailord|Wailord, F|100/100
|move|p2a: Skarmory|Toxic|p1a: Wailord
|-status|p1a: Wailord|tox
|
|-damage|p1a: Wailord|94/100 tox|[from] psn
|-heal|p2a: Skarmory|97/100|[from] item: Leftovers
|upkeep
|turn|12
|
|t:|1728922340
|move|p1a: Wailord|Ice Beam|p2a: Skarmory
|-damage|p2a: Skarmory|70/100
|move|p2a: Skarmory|Spikes|p1a: Wailord
|-sidestart|p1: smollest brian|Spikes
|
|-heal|p1a: Wailord|100/100 tox|[from] item: Leftovers
|-damage|p1a: Wailord|88/100 tox|[from] psn
|-heal|p2a: Skarmory|76/100|[from] item: Leftovers
|upkeep
|turn|13
|
|t:|1728922343
|move|p1a: Wailord|Water Spout|p2a: Skarmory
|-damage|p2a: Skarmory|20/100
|move|p2a: Skarmory|Spikes|p1a: Wailord
|-sidestart|p1: smollest brian|Spikes
|
|-heal|p1a: Wailord|94/100 tox|[from] item: Leftovers
|-damage|p1a: Wailord|76/100 tox|[from] psn
|-heal|p2a: Skarmory|26/100|[from] item: Leftovers
|upkeep
|turn|14
|
|t:|1728922348
|move|p2a: Skarmory|Protect|p2a: Skarmory
|-singleturn|p2a: Skarmory|Protect
|move|p1a: Wailord|Ice Beam|p2a: Skarmory
|-activate|p2a: Skarmory|Protect
|
|-heal|p1a: Wailord|82/100 tox|[from] item: Leftovers
|-damage|p1a: Wailord|57/100 tox|[from] psn
|-heal|p2a: Skarmory|32/100|[from] item: Leftovers
|upkeep
|turn|15
|
|t:|1728922356
|switch|p2a: Vaporeon|Vaporeon, F|39/100
|move|p1a: Wailord|Ice Beam|p2a: Vaporeon
|-resisted|p2a: Vaporeon
|-damage|p2a: Vaporeon|29/100
|-status|p2a: Vaporeon|frz
|
|-heal|p1a: Wailord|63/100 tox|[from] item: Leftovers
|-damage|p1a: Wailord|32/100 tox|[from] psn
|-heal|p2a: Vaporeon|35/100 frz|[from] item: Leftovers
|upkeep
|turn|16
|
|t:|1728922366
|switch|p1a: Zapdos|Zapdos|100/100
|-curestatus|p2a: Vaporeon|frz|[msg]
|move|p2a: Vaporeon|Surf|p1a: Zapdos
|-damage|p1a: Zapdos|58/100
|
|-heal|p1a: Zapdos|65/100|[from] item: Leftovers
|-heal|p2a: Vaporeon|41/100|[from] item: Leftovers
|upkeep
|turn|17
|
|t:|1728922384
|switch|p2a: Dusclops|Dusclops, M, shiny|100/100
|move|p1a: Zapdos|Hidden Power|p2a: Dusclops
|-damage|p2a: Dusclops|82/100
|
|-heal|p1a: Zapdos|71/100|[from] item: Leftovers
|-heal|p2a: Dusclops|88/100|[from] item: Leftovers
|upkeep
|turn|18
|
|t:|1728922390
|move|p1a: Zapdos|Toxic|p2a: Dusclops
|-status|p2a: Dusclops|tox
|move|p2a: Dusclops|Will-O-Wisp|p1a: Zapdos|[miss]
|-miss|p2a: Dusclops|p1a: Zapdos
|
|-heal|p1a: Zapdos|77/100|[from] item: Leftovers
|-heal|p2a: Dusclops|94/100 tox|[from] item: Leftovers
|-damage|p2a: Dusclops|88/100 tox|[from] psn
|upkeep
|turn|19
|
|t:|1728922396
|move|p1a: Zapdos|Thunderbolt|p2a: Dusclops
|-damage|p2a: Dusclops|54/100 tox
|move|p2a: Dusclops|Will-O-Wisp|p1a: Zapdos
|-status|p1a: Zapdos|brn
|
|-heal|p1a: Zapdos|83/100 brn|[from] item: Leftovers
|-damage|p1a: Zapdos|71/100 brn|[from] brn
|-heal|p2a: Dusclops|60/100 tox|[from] item: Leftovers
|-damage|p2a: Dusclops|48/100 tox|[from] psn
|upkeep
|turn|20
|
|t:|1728922403
|move|p1a: Zapdos|Thunderbolt|p2a: Dusclops
|-damage|p2a: Dusclops|10/100 tox
|move|p2a: Dusclops|Shadow Ball|p1a: Zapdos
|-damage|p1a: Zapdos|43/100 brn
|
|-heal|p1a: Zapdos|49/100 brn|[from] item: Leftovers
|-damage|p1a: Zapdos|37/100 brn|[from] brn
|-heal|p2a: Dusclops|16/100 tox|[from] item: Leftovers
|-damage|p2a: Dusclops|0 fnt|[from] psn
|faint|p2a: Dusclops
|upkeep
|
|t:|1728922421
|switch|p2a: Riley|Claydol|100/100
|turn|21
|
|t:|1728922426
|move|p1a: Zapdos|Baton Pass|p1a: Zapdos
|
|t:|1728922427
|switch|p1a: Claydol|Claydol|100/100|[from] Baton Pass
|move|p2a: Riley|Psychic|p1a: Claydol
|-resisted|p1a: Claydol
|-damage|p1a: Claydol|92/100
|
|-heal|p1a: Claydol|98/100|[from] item: Leftovers
|upkeep
|turn|22
|
|t:|1728922445
|switch|p2a: Vaporeon|Vaporeon, F|41/100
|move|p1a: Claydol|Rapid Spin|p2a: Vaporeon
|-damage|p2a: Vaporeon|38/100
|-sideend|p1: smollest brian|Spikes|[from] move: Rapid Spin|[of] p1a: Claydol
|
|-heal|p1a: Claydol|100/100|[from] item: Leftovers
|-heal|p2a: Vaporeon|44/100|[from] item: Leftovers
|upkeep
|turn|23
|
|t:|1728922464
|move|p1a: Claydol|Psychic|p2a: Vaporeon
|-damage|p2a: Vaporeon|27/100
|move|p2a: Vaporeon|Wish|p2a: Vaporeon
|
|-heal|p2a: Vaporeon|33/100|[from] item: Leftovers
|upkeep
|turn|24
|
|t:|1728922473
|switch|p1a: Wailord|Wailord, F|32/100 tox
|move|p2a: Vaporeon|Surf|p1a: Wailord
|-resisted|p1a: Wailord
|-damage|p1a: Wailord|11/100 tox
|
|-heal|p2a: Vaporeon|83/100|[from] move: Wish|[wisher] Vaporeon
|-heal|p1a: Wailord|17/100 tox|[from] item: Leftovers
|-damage|p1a: Wailord|11/100 tox|[from] psn
|-heal|p2a: Vaporeon|89/100|[from] item: Leftovers
|upkeep
|turn|25
|
|t:|1728922480
|move|p1a: Wailord|Self-Destruct|p2a: Vaporeon
|-damage|p2a: Vaporeon|30/100
|faint|p1a: Wailord
|
|t:|1728922485
|switch|p1a: Zapdos|Zapdos|37/100 brn
|
|-heal|p1a: Zapdos|43/100 brn|[from] item: Leftovers
|-damage|p1a: Zapdos|31/100 brn|[from] brn
|-heal|p2a: Vaporeon|36/100|[from] item: Leftovers
|upkeep
|turn|26
|
|t:|1728922503
|move|p1a: Zapdos|Hidden Power|p2a: Vaporeon
|-supereffective|p2a: Vaporeon
|-crit|p2a: Vaporeon
|-damage|p2a: Vaporeon|0 fnt
|faint|p2a: Vaporeon
|
|t:|1728922509
|switch|p2a: Houndoom|Houndoom, M, shiny|100/100
|
|-heal|p1a: Zapdos|37/100 brn|[from] item: Leftovers
|-damage|p1a: Zapdos|24/100 brn|[from] brn
|upkeep
|turn|27
|
|t:|1728922520
|move|p1a: Zapdos|Thunderbolt|p2a: Houndoom
|-damage|p2a: Houndoom|41/100
|move|p2a: Houndoom|Pursuit|p1a: Zapdos
|-crit|p1a: Zapdos
|-damage|p1a: Zapdos|0 fnt
|faint|p1a: Zapdos
|
|t:|1728922522
|switch|p1a: Claydol|Claydol|100/100
|
|-heal|p2a: Houndoom|47/100|[from] item: Leftovers
|upkeep
|turn|28
|
|t:|1728922529
|switch|p2a: Riley|Claydol|100/100
|move|p1a: Claydol|Ice Beam|p2a: Riley
|-supereffective|p2a: Riley
|-damage|p2a: Riley|70/100
|
|-heal|p2a: Riley|76/100|[from] item: Leftovers
|upkeep
|turn|29
|
|t:|1728922533
|move|p2a: Riley|Explosion|p1a: Claydol
|-damage|p1a: Claydol|7/100
|faint|p2a: Riley
|
|t:|1728922537
|switch|p2a: Houndoom|Houndoom, M, shiny|47/100
|
|-heal|p2a: Houndoom|54/100|[from] item: Leftovers
|-heal|p1a: Claydol|13/100|[from] item: Leftovers
|upkeep
|turn|30
|
|t:|1728922543
|move|p2a: Houndoom|Crunch|p1a: Claydol
|-supereffective|p1a: Claydol
|-damage|p1a: Claydol|0 fnt
|faint|p1a: Claydol
|
|t:|1728922545
|switch|p1a: Metagross|Metagross|100/100
|
|-heal|p2a: Houndoom|60/100|[from] item: Leftovers
|upkeep
|turn|31
|
|t:|1728922549
|move|p2a: Houndoom|Fire Blast|p1a: Metagross
|-supereffective|p1a: Metagross
|-damage|p1a: Metagross|0 fnt
|faint|p1a: Metagross
|
|win|Tyxerns
|c|☆smollest brian|gg
|c|☆Tyxerns|gg

</script>
<script type="application/json" class="data" id="replaydata-smogtours-gen3ou-798646">
{"id":"smogtours-gen3ou-798646","format":"[Gen 3] OU","players":["smollest brian","Tyxerns"],"uploadtime":1728922549,"views":82,"formatid":"gen3ou","rating":null,"private":0,"password":null}
</script>

<script defer src="js/replays.js?9d40a366"></script>
