<!DOCTYPE html>
<meta charset="utf-8" />
<meta name="viewport" content="width=device-width" />

<title>[Gen 3] OU: wwwmonmon vs. No8ull - Replays - Pok&eacute;mon Showdown!</title>

<meta name="description" content="Watch a replay of a Pok&eacute;mon battle between wwwmonmon and No8ull! Format: [Gen 3] OU; Date: Oct 26, 2024" />
<!--

Hey, you! Looking in the source for the replay log?

You can find them in JSON format, just add `.json` at the end of a replay URL.

https://replay.pokemonshowdown.com/gen7randomdoublesbattle-865046831.json

Or, if you only need the log itself, add `.log` instead:

https://replay.pokemonshowdown.com/gen7randomdoublesbattle-865046831.log

-->

<link rel="stylesheet" href="//pokemonshowdown.com/style/global.css?0.767286132409787" />
<link rel="stylesheet" href="//play.pokemonshowdown.com/style/font-awesome.css?0.9266228007934947" />
<link rel="stylesheet" href="//play.pokemonshowdown.com/style/battle.css?0.7924700842790926" />
<link rel="stylesheet" href="//play.pokemonshowdown.com/style/utilichart.css?0.8777417872839479" />

<!-- Global site tag (gtag.js) - Google Analytics -->
<script async src="https://www.googletagmanager.com/gtag/js?id=UA-26211653-1"></script>
<script>
  window.dataLayer = window.dataLayer || [];
  function gtag(){dataLayer.push(arguments);}
  gtag('js', new Date());

  gtag('config', 'UA-26211653-1');
</script>
<!-- End Google Analytics -->
<!-- Venatus Ad Manager - Install in <HEAD> of page -->
	<script src="https://hb.vntsm.com/v3/live/ad-manager.min.js" type="text/javascript" data-site-id="642aba63ec9a7b11c3c9c1be" data-mode="scan" async></script>
<!-- / Venatus Ad Manager -->

<style>
	@media (max-width:820px) {
		.battle {
			margin: 0 auto;
		}
		.battle-log {
			margin: 7px auto 0;
			max-width: 640px;
			height: 300px;
			position: static;
		}
	}
	.optgroup {
		display: inline-block;
		line-height: 22px;
		font-size: 10pt;
	}
	.optgroup .button {
		height: 25px;
		padding-top: 0;
		padding-bottom: 0;
	}
	.optgroup button.button {
		padding-left: 12px;
		padding-right: 12px;
	}
	.linklist {
		list-style: none;
		margin: 0.5em 0;
		padding: 0;
	}
	.linklist li {
		padding: 2px 0;
	}
	.sidebar {
		float: left;
		width: 320px;
	}
	.bar-wrapper {
		max-width: 1100px;
		margin: 0 auto;
	}
	.bar-wrapper.has-sidebar {
		max-width: 1430px;
	}
	.mainbar {
		margin: 0;
		padding-right: 1px;
	}
	.mainbar.has-sidebar {
		margin-left: 330px;
	}
	@media (min-width: 1511px) {
		.sidebar {
			width: 400px;
		}
		.bar-wrapper.has-sidebar {
			max-width: 1510px;
		}
		.mainbar.has-sidebar {
			margin-left: 410px;
		}
	}
	.section.first-section {
		margin-top: 9px;
	}
	.blocklink small {
		white-space: normal;
	}
	.button {
		vertical-align: middle;
	}
	.replay-controls {
		padding-top: 10px;
	}
	.replay-controls h1 {
		font-size: 16pt;
		font-weight: normal;
		color: #CCC;
	}
	.pagelink {
		text-align: center;
	}
	.pagelink a {
		width: 150px;
	}
	.textbox, .button {
		font-size: 11pt;
		vertical-align: middle;
	}
	@media (max-width: 450px) {
		.button {
			font-size: 9pt;
		}
	}
</style>

<div>

	<header>
		<div class="nav-wrapper"><ul class="nav">
			<li><a class="button nav-first" href="//pokemonshowdown.com/"><img src="//pokemonshowdown.com/images/pokemonshowdownbeta.png" srcset="//pokemonshowdown.com/images/pokemonshowdownbeta.png 1x, //pokemonshowdown.com/images/pokemonshowdownbeta@2x.png 2x" alt="Pok&eacute;mon Showdown" width="146" height="44" /> Home</a></li>
			<li><a class="button" href="//pokemonshowdown.com/dex/">Pok&eacute;dex</a></li>
			<li><a class="button cur" href="/">Replays</a></li>
			<li><a class="button" href="//pokemonshowdown.com/ladder/">Ladder</a></li>
			<li><a class="button nav-last" href="//pokemonshowdown.com/forums/">Forum</a></li>
			<li><a class="button greenbutton nav-first nav-last" href="//play.pokemonshowdown.com/">Play</a></li>
		</ul></div>
	</header>

	<div class="main" id="main">

		<noscript><section class="section">You need to enable JavaScript to use this page; sorry!</section></noscript>

	</div>

</div>

<script defer nomodule src="//play.pokemonshowdown.com/js/lib/ps-polyfill.js"></script>
<script defer src="//play.pokemonshowdown.com/js/lib/preact.min.js"></script>

<script defer src="//play.pokemonshowdown.com/config/config.js?6dec07f6"></script>
<script defer src="//play.pokemonshowdown.com/js/lib/jquery-1.11.0.min.js"></script>
<script defer src="//play.pokemonshowdown.com/js/lib/html-sanitizer-minified.js"></script>
<script defer src="//play.pokemonshowdown.com/js/battle-sound.js"></script>
<script defer src="//play.pokemonshowdown.com/js/battledata.js?0.6315294753075389"></script>
<script defer src="//play.pokemonshowdown.com/data/pokedex-mini.js?0.7603743185311358"></script>
<script defer src="//play.pokemonshowdown.com/data/pokedex-mini-bw.js?0.030888842834281283"></script>
<script defer src="//play.pokemonshowdown.com/data/graphics.js?0.05593094747507488"></script>
<script defer src="//play.pokemonshowdown.com/data/pokedex.js?0.47064822249611904"></script>
<script defer src="//play.pokemonshowdown.com/data/moves.js?0.8583693120512459"></script>
<script defer src="//play.pokemonshowdown.com/data/abilities.js?0.16017181182386842"></script>
<script defer src="//play.pokemonshowdown.com/data/items.js?0.4163379185673943"></script>
<script defer src="//play.pokemonshowdown.com/data/teambuilder-tables.js?0.31075597372830477"></script>
<script defer src="//play.pokemonshowdown.com/js/battle-tooltips.js?0.6536193500708172"></script>
<script defer src="//play.pokemonshowdown.com/js/battle.js?0.1916591943277901"></script>

<script defer src="js/utils.js?e31f9a17"></script>
<script defer src="js/replays-battle.js?7008c182"></script>

<!-- don't scrape this data! just add .json or .log after the URL!
Full API docs: https://github.com/smogon/pokemon-showdown-client/blob/master/WEB-API.md -->
<script type="text/plain" class="log" id="replaylog-smogtours-gen3ou-802159">
|inactive|Battle timer is ON: inactive players will automatically lose when time's up.
|t:|1729961206
|gametype|singles
|player|p1|wwwmonmon|169|
|player|p2|No8ull|265|
|teamsize|p1|6
|teamsize|p2|6
|gen|3
|tier|[Gen 3] OU
|rule|Sleep Clause Mod: Limit one foe put to sleep
|rule|Switch Priority Clause Mod: Faster Pokémon switch first
|rule|Species Clause: Limit one of each Pokémon
|rule|OHKO Clause: OHKO moves are banned
|rule|Evasion Items Clause: Evasion items are banned
|rule|Evasion Moves Clause: Evasion moves are banned
|rule|Endless Battle Clause: Forcing endless battles is banned
|rule|HP Percentage Mod: HP is shown in percentages
|rule|One Boost Passer Clause: Limit one Baton Passer that has a way to boost its stats
|rule|Freeze Clause Mod: Limit one foe frozen
|
|t:|1729961206
|start
|switch|p1a: Zapdos|Zapdos|100/100
|switch|p2a: Forretress|Forretress, F|100/100
|turn|1
|
|t:|1729961227
|switch|p2a: Camerupt|Camerupt, F|100/100
|move|p1a: Zapdos|Thunderbolt|p2a: Camerupt
|-immune|p2a: Camerupt
|
|upkeep
|turn|2
|c|☆wwwmonmon|nooo camerupt
|c|+Fernanch|No way
|c|+Fernanch|Nobull
|c|☆No8ull|what up fernan
|inactive|No8ull has 270 seconds left.
|
|t:|1729961259
|switch|p2a: Gyarados|Gyarados, M|100/100
|-ability|p2a: Gyarados|Intimidate|boost
|-unboost|p1a: Zapdos|atk|1
|move|p1a: Zapdos|Baton Pass|p1a: Zapdos
|
|t:|1729961268
|switch|p1a: Starmie|Starmie|100/100|[from] Baton Pass
|
|upkeep
|turn|3
|inactive|No8ull has 270 seconds left.
|
|t:|1729961289
|switch|p2a: Porygon2|Porygon2|100/100
|-ability|p2a: Porygon2|Natural Cure|[from] ability: Trace|[of] p1a: Starmie
|move|p1a: Starmie|Thunderbolt|p2a: Porygon2
|-damage|p2a: Porygon2|76/100
|-status|p2a: Porygon2|par
|
|-heal|p2a: Porygon2|82/100 par|[from] item: Leftovers
|upkeep
|turn|4
|inactive|No8ull has 270 seconds left.
|
|t:|1729961309
|switch|p1a: Dugtrio|Dugtrio, F|100/100
|move|p2a: Porygon2|Thunder Wave|p1a: Dugtrio
|-immune|p1a: Dugtrio
|
|-heal|p2a: Porygon2|88/100 par|[from] item: Leftovers
|upkeep
|turn|5
|
|t:|1729961313
|move|p1a: Dugtrio|Earthquake|p2a: Porygon2
|-damage|p2a: Porygon2|45/100 par
|cant|p2a: Porygon2|par
|
|-heal|p2a: Porygon2|51/100 par|[from] item: Leftovers
|upkeep
|turn|6
|
|t:|1729961317
|move|p1a: Dugtrio|Earthquake|p2a: Porygon2
|-damage|p2a: Porygon2|9/100 par
|move|p2a: Porygon2|Recover|p2a: Porygon2
|-heal|p2a: Porygon2|59/100 par
|
|-heal|p2a: Porygon2|65/100 par|[from] item: Leftovers
|upkeep
|turn|7
|
|t:|1729961324
|move|p1a: Dugtrio|Earthquake|p2a: Porygon2
|-damage|p2a: Porygon2|26/100 par
|cant|p2a: Porygon2|par
|
|-heal|p2a: Porygon2|33/100 par|[from] item: Leftovers
|upkeep
|turn|8
|
|t:|1729961328
|move|p1a: Dugtrio|Earthquake|p2a: Porygon2
|-damage|p2a: Porygon2|0 fnt
|faint|p2a: Porygon2
|
|t:|1729961339
|switch|p2a: Gengar|Gengar, M|100/100
|
|upkeep
|turn|9
|
|t:|1729961353
|switch|p2a: Gyarados|Gyarados, M|100/100
|-ability|p2a: Gyarados|Intimidate|boost
|-unboost|p1a: Dugtrio|atk|1
|switch|p1a: Celebi|Celebi|100/100
|
|upkeep
|turn|10
|
|t:|1729961361
|move|p1a: Celebi|Baton Pass|p1a: Celebi
|
|t:|1729961372
|switch|p1a: Tyranitar|Tyranitar, F|100/100|[from] Baton Pass
|-weather|Sandstorm|[from] ability: Sand Stream|[of] p1a: Tyranitar
|move|p2a: Gyarados|Thunder Wave|p1a: Tyranitar
|-status|p1a: Tyranitar|par
|
|-weather|Sandstorm|[upkeep]
|-damage|p2a: Gyarados|94/100|[from] Sandstorm
|-heal|p2a: Gyarados|100/100|[from] item: Leftovers
|upkeep
|turn|11
|
|t:|1729961387
|switch|p2a: Forretress|Forretress, F|100/100
|move|p1a: Tyranitar|Rock Slide|p2a: Forretress
|-damage|p2a: Forretress|69/100
|
|-weather|Sandstorm|[upkeep]
|-heal|p2a: Forretress|75/100|[from] item: Leftovers
|upkeep
|turn|12
|
|t:|1729961393
|switch|p1a: Dugtrio|Dugtrio, F|100/100
|move|p2a: Forretress|Spikes|p1a: Dugtrio
|-sidestart|p1: wwwmonmon|Spikes
|
|-weather|Sandstorm|[upkeep]
|-heal|p2a: Forretress|81/100|[from] item: Leftovers
|upkeep
|turn|13
|
|t:|1729961420
|move|p1a: Dugtrio|Earthquake|p2a: Forretress
|-damage|p2a: Forretress|41/100
|move|p2a: Forretress|Earthquake|p1a: Dugtrio
|-damage|p1a: Dugtrio|54/100
|
|-weather|Sandstorm|[upkeep]
|-heal|p2a: Forretress|47/100|[from] item: Leftovers
|upkeep
|turn|14
|
|t:|1729961431
|move|p1a: Dugtrio|Earthquake|p2a: Forretress
|-damage|p2a: Forretress|8/100
|move|p2a: Forretress|Explosion|p1a: Dugtrio
|-damage|p1a: Dugtrio|0 fnt
|faint|p2a: Forretress
|faint|p1a: Dugtrio
|
|t:|1729961443
|switch|p1a: Starmie|Starmie|100/100
|switch|p2a: Camerupt|Camerupt, F|100/100
|-damage|p1a: Starmie|88/100|[from] Spikes
|
|-weather|Sandstorm|[upkeep]
|-damage|p1a: Starmie|82/100|[from] Sandstorm
|-heal|p1a: Starmie|88/100|[from] item: Leftovers
|upkeep
|turn|15
|
|t:|1729961457
|switch|p2a: Milotic|Milotic, M|100/100
|move|p1a: Starmie|Hydro Pump|p2a: Milotic
|-resisted|p2a: Milotic
|-damage|p2a: Milotic|82/100
|
|-weather|Sandstorm|[upkeep]
|-damage|p1a: Starmie|82/100|[from] Sandstorm
|-damage|p2a: Milotic|76/100|[from] Sandstorm
|-heal|p1a: Starmie|88/100|[from] item: Leftovers
|-heal|p2a: Milotic|82/100|[from] item: Leftovers
|upkeep
|turn|16
|
|t:|1729961465
|move|p1a: Starmie|Rapid Spin|p2a: Milotic
|-crit|p2a: Milotic
|-damage|p2a: Milotic|77/100
|-sideend|p1: wwwmonmon|Spikes|[from] move: Rapid Spin|[of] p1a: Starmie
|move|p2a: Milotic|Toxic|p1a: Starmie
|-status|p1a: Starmie|tox
|
|-weather|Sandstorm|[upkeep]
|-damage|p1a: Starmie|82/100 tox|[from] Sandstorm
|-damage|p2a: Milotic|71/100|[from] Sandstorm
|-heal|p1a: Starmie|88/100 tox|[from] item: Leftovers
|-damage|p1a: Starmie|82/100 tox|[from] psn
|-heal|p2a: Milotic|77/100|[from] item: Leftovers
|upkeep
|turn|17
|
|t:|1729961470
|-curestatus|p1a: Starmie|tox|[from] ability: Natural Cure
|switch|p1a: Celebi|Celebi|100/100
|move|p2a: Milotic|Recover|p2a: Milotic
|-heal|p2a: Milotic|100/100
|
|-weather|Sandstorm|[upkeep]
|-damage|p1a: Celebi|94/100|[from] Sandstorm
|-damage|p2a: Milotic|94/100|[from] Sandstorm
|-heal|p1a: Celebi|100/100|[from] item: Leftovers
|-heal|p2a: Milotic|100/100|[from] item: Leftovers
|upkeep
|turn|18
|
|t:|1729961475
|move|p1a: Celebi|Leech Seed|p2a: Milotic
|-start|p2a: Milotic|move: Leech Seed
|move|p2a: Milotic|Toxic|p1a: Celebi
|-status|p1a: Celebi|tox
|
|-weather|Sandstorm|[upkeep]
|-damage|p1a: Celebi|94/100 tox|[from] Sandstorm
|-damage|p2a: Milotic|94/100|[from] Sandstorm
|-heal|p1a: Celebi|100/100 tox|[from] item: Leftovers
|-damage|p1a: Celebi|94/100 tox|[from] psn
|-heal|p2a: Milotic|100/100|[from] item: Leftovers
|-damage|p2a: Milotic|88/100|[from] Leech Seed|[of] p1a: Celebi
|-heal|p1a: Celebi|100/100 tox|[silent]
|upkeep
|turn|19
|
|t:|1729961482
|switch|p2a: Gengar|Gengar, M|100/100
|move|p1a: Celebi|Baton Pass|p1a: Celebi
|
|t:|1729961491
|-curestatus|p1a: Celebi|tox|[from] ability: Natural Cure
|switch|p1a: Tyranitar|Tyranitar, F|100/100 par|[from] Baton Pass
|
|-weather|Sandstorm|[upkeep]
|-damage|p2a: Gengar|94/100|[from] Sandstorm
|-heal|p2a: Gengar|100/100|[from] item: Leftovers
|upkeep
|turn|20
|
|t:|1729961517
|switch|p2a: Gyarados|Gyarados, M|100/100
|-ability|p2a: Gyarados|Intimidate|boost
|-unboost|p1a: Tyranitar|atk|1
|move|p1a: Tyranitar|Rock Slide|p2a: Gyarados
|-supereffective|p2a: Gyarados
|-damage|p2a: Gyarados|52/100
|
|-weather|Sandstorm|[upkeep]
|-damage|p2a: Gyarados|46/100|[from] Sandstorm
|-heal|p2a: Gyarados|52/100|[from] item: Leftovers
|upkeep
|turn|21
|inactive|No8ull has 270 seconds left.
|
|t:|1729961538
|switch|p2a: Milotic|Milotic, M|88/100
|move|p1a: Tyranitar|Rock Slide|p2a: Milotic
|-damage|p2a: Milotic|65/100
|
|-weather|Sandstorm|[upkeep]
|-damage|p2a: Milotic|59/100|[from] Sandstorm
|-heal|p2a: Milotic|65/100|[from] item: Leftovers
|upkeep
|turn|22
|inactive|No8ull has 270 seconds left.
|
|t:|1729961548
|switch|p1a: Celebi|Celebi|100/100
|move|p2a: Milotic|Recover|p2a: Milotic
|-heal|p2a: Milotic|100/100
|
|-weather|Sandstorm|[upkeep]
|-damage|p1a: Celebi|94/100|[from] Sandstorm
|-damage|p2a: Milotic|94/100|[from] Sandstorm
|-heal|p1a: Celebi|100/100|[from] item: Leftovers
|-heal|p2a: Milotic|100/100|[from] item: Leftovers
|upkeep
|turn|23
|inactive|No8ull has 270 seconds left.
|
|t:|1729961554
|switch|p2a: Gengar|Gengar, M|100/100
|move|p1a: Celebi|Leech Seed|p2a: Gengar
|-start|p2a: Gengar|move: Leech Seed
|
|-weather|Sandstorm|[upkeep]
|-damage|p2a: Gengar|94/100|[from] Sandstorm
|-damage|p1a: Celebi|94/100|[from] Sandstorm
|-heal|p2a: Gengar|100/100|[from] item: Leftovers
|-damage|p2a: Gengar|88/100|[from] Leech Seed|[of] p1a: Celebi
|-heal|p1a: Celebi|100/100|[silent]
|upkeep
|turn|24
|
|t:|1729961560
|move|p2a: Gengar|Destiny Bond|p2a: Gengar
|-singlemove|p2a: Gengar|Destiny Bond
|move|p1a: Celebi|Psychic|p2a: Gengar
|-supereffective|p2a: Gengar
|-damage|p2a: Gengar|10/100
|-unboost|p2a: Gengar|spd|1
|
|-weather|Sandstorm|[upkeep]
|-damage|p2a: Gengar|4/100|[from] Sandstorm
|-damage|p1a: Celebi|94/100|[from] Sandstorm
|-heal|p2a: Gengar|10/100|[from] item: Leftovers
|-damage|p2a: Gengar|0 fnt|[from] Leech Seed|[of] p1a: Celebi
|-heal|p1a: Celebi|100/100|[silent]
|faint|p2a: Gengar
|upkeep
|inactive|No8ull has 270 seconds left.
|c|+Fernanch|God dammit
|
|t:|1729961572
|switch|p2a: Camerupt|Camerupt, F|100/100
|turn|25
|c|☆wwwmonmon|that is unlucky
|inactive|No8ull has 270 seconds left.
|
|t:|1729961596
|move|p1a: Celebi|Baton Pass|p1a: Celebi
|
|t:|1729961606
|switch|p1a: Swampert|Swampert, F|100/100|[from] Baton Pass
|move|p2a: Camerupt|Hidden Power|p1a: Swampert
|-supereffective|p1a: Swampert
|-damage|p1a: Swampert|38/100
|
|-weather|Sandstorm|[upkeep]
|-heal|p1a: Swampert|45/100|[from] item: Leftovers
|upkeep
|turn|26
|inactive|No8ull has 270 seconds left.
|
|t:|1729961617
|switch|p2a: Gyarados|Gyarados, M|52/100
|-ability|p2a: Gyarados|Intimidate|boost
|-unboost|p1a: Swampert|atk|1
|move|p1a: Swampert|Hydro Pump|p2a: Gyarados
|-resisted|p2a: Gyarados
|-damage|p2a: Gyarados|39/100
|
|-weather|Sandstorm|[upkeep]
|-damage|p2a: Gyarados|33/100|[from] Sandstorm
|-heal|p2a: Gyarados|39/100|[from] item: Leftovers
|-heal|p1a: Swampert|51/100|[from] item: Leftovers
|upkeep
|turn|27
|inactive|No8ull has 270 seconds left.
|
|t:|1729961637
|move|p2a: Gyarados|Hydro Pump|p1a: Swampert
|-damage|p1a: Swampert|22/100
|move|p1a: Swampert|Ice Beam|p2a: Gyarados
|-damage|p2a: Gyarados|23/100
|
|-weather|Sandstorm|[upkeep]
|-damage|p2a: Gyarados|17/100|[from] Sandstorm
|-heal|p2a: Gyarados|23/100|[from] item: Leftovers
|-heal|p1a: Swampert|28/100|[from] item: Leftovers
|upkeep
|turn|28
|
|t:|1729961645
|move|p2a: Gyarados|Hydro Pump|p1a: Swampert
|-damage|p1a: Swampert|3/100
|move|p1a: Swampert|Ice Beam|p2a: Gyarados
|-damage|p2a: Gyarados|6/100
|-status|p2a: Gyarados|frz
|
|-weather|Sandstorm|[upkeep]
|-damage|p2a: Gyarados|0 fnt|[from] Sandstorm
|faint|p2a: Gyarados
|-heal|p1a: Swampert|9/100|[from] item: Leftovers
|upkeep
|
|t:|1729961649
|switch|p2a: Milotic|Milotic, M|100/100
|turn|29
|
|t:|1729961652
|move|p2a: Milotic|Surf|p1a: Swampert
|-damage|p1a: Swampert|0 fnt
|faint|p1a: Swampert
|
|t:|1729961655
|switch|p1a: Celebi|Celebi|100/100
|
|-weather|Sandstorm|[upkeep]
|-damage|p1a: Celebi|94/100|[from] Sandstorm
|-damage|p2a: Milotic|94/100|[from] Sandstorm
|-heal|p1a: Celebi|100/100|[from] item: Leftovers
|-heal|p2a: Milotic|100/100|[from] item: Leftovers
|upkeep
|turn|30
|
|t:|1729961664
|switch|p2a: Camerupt|Camerupt, F|100/100
|move|p1a: Celebi|Leech Seed|p2a: Camerupt|[miss]
|-miss|p1a: Celebi|p2a: Camerupt
|
|-weather|Sandstorm|[upkeep]
|-damage|p1a: Celebi|94/100|[from] Sandstorm
|-heal|p1a: Celebi|100/100|[from] item: Leftovers
|upkeep
|turn|31
|
|t:|1729961678
|move|p1a: Celebi|Leech Seed|p2a: Camerupt
|-start|p2a: Camerupt|move: Leech Seed
|move|p2a: Camerupt|Fire Blast|p1a: Celebi
|-supereffective|p1a: Celebi
|-damage|p1a: Celebi|36/100
|
|-weather|Sandstorm|[upkeep]
|-damage|p1a: Celebi|30/100|[from] Sandstorm
|-heal|p1a: Celebi|36/100|[from] item: Leftovers
|-damage|p2a: Camerupt|88/100|[from] Leech Seed|[of] p1a: Celebi
|-heal|p1a: Celebi|45/100|[silent]
|upkeep
|turn|32
|inactive|No8ull has 270 seconds left.
|
|t:|1729961724
|switch|p1a: Tyranitar|Tyranitar, F|100/100 par
|move|p2a: Camerupt|Earthquake|p1a: Tyranitar
|-supereffective|p1a: Tyranitar
|-damage|p1a: Tyranitar|34/100 par
|
|-weather|Sandstorm|[upkeep]
|-heal|p2a: Camerupt|94/100|[from] item: Leftovers
|-damage|p2a: Camerupt|82/100|[from] Leech Seed|[of] p1a: Tyranitar
|-heal|p1a: Tyranitar|43/100 par|[silent]
|-heal|p1a: Tyranitar|49/100 par|[from] item: Leftovers
|upkeep
|turn|33
|
|t:|1729961733
|move|p2a: Camerupt|Earthquake|p1a: Tyranitar
|-supereffective|p1a: Tyranitar
|-damage|p1a: Tyranitar|0 fnt
|faint|p1a: Tyranitar
|
|t:|1729961737
|switch|p1a: Starmie|Starmie|82/100
|
|-weather|Sandstorm|[upkeep]
|-damage|p1a: Starmie|76/100|[from] Sandstorm
|-heal|p1a: Starmie|82/100|[from] item: Leftovers
|-heal|p2a: Camerupt|88/100|[from] item: Leftovers
|-damage|p2a: Camerupt|75/100|[from] Leech Seed|[of] p1a: Starmie
|-heal|p1a: Starmie|96/100|[silent]
|upkeep
|turn|34
|inactive|No8ull has 270 seconds left.
|
|t:|1729961747
|switch|p2a: Milotic|Milotic, M|100/100
|move|p1a: Starmie|Thunderbolt|p2a: Milotic
|-supereffective|p2a: Milotic
|-damage|p2a: Milotic|62/100
|
|-weather|Sandstorm|[upkeep]
|-damage|p1a: Starmie|90/100|[from] Sandstorm
|-damage|p2a: Milotic|56/100|[from] Sandstorm
|-heal|p1a: Starmie|96/100|[from] item: Leftovers
|-heal|p2a: Milotic|62/100|[from] item: Leftovers
|upkeep
|turn|35
|inactive|No8ull has 270 seconds left.
|
|t:|1729961773
|move|p1a: Starmie|Thunderbolt|p2a: Milotic
|-supereffective|p2a: Milotic
|-damage|p2a: Milotic|19/100
|move|p2a: Milotic|Recover|p2a: Milotic
|-heal|p2a: Milotic|69/100
|
|-weather|Sandstorm|[upkeep]
|-damage|p1a: Starmie|90/100|[from] Sandstorm
|-damage|p2a: Milotic|63/100|[from] Sandstorm
|-heal|p1a: Starmie|96/100|[from] item: Leftovers
|-heal|p2a: Milotic|69/100|[from] item: Leftovers
|upkeep
|turn|36
|
|t:|1729961781
|switch|p2a: Camerupt|Camerupt, F|75/100
|move|p1a: Starmie|Thunderbolt|p2a: Camerupt
|-immune|p2a: Camerupt
|
|-weather|Sandstorm|[upkeep]
|-damage|p1a: Starmie|90/100|[from] Sandstorm
|-heal|p1a: Starmie|96/100|[from] item: Leftovers
|-heal|p2a: Camerupt|82/100|[from] item: Leftovers
|upkeep
|turn|37
|
|t:|1729961791
|switch|p2a: Milotic|Milotic, M|69/100
|move|p1a: Starmie|Hydro Pump|p2a: Milotic
|-resisted|p2a: Milotic
|-damage|p2a: Milotic|49/100
|
|-weather|Sandstorm|[upkeep]
|-damage|p1a: Starmie|90/100|[from] Sandstorm
|-damage|p2a: Milotic|43/100|[from] Sandstorm
|-heal|p1a: Starmie|96/100|[from] item: Leftovers
|-heal|p2a: Milotic|49/100|[from] item: Leftovers
|upkeep
|turn|38
|
|t:|1729961803
|move|p1a: Starmie|Thunderbolt|p2a: Milotic
|-supereffective|p2a: Milotic
|-damage|p2a: Milotic|7/100
|move|p2a: Milotic|Recover|p2a: Milotic
|-heal|p2a: Milotic|57/100
|
|-weather|Sandstorm|[upkeep]
|-damage|p1a: Starmie|90/100|[from] Sandstorm
|-damage|p2a: Milotic|51/100|[from] Sandstorm
|-heal|p1a: Starmie|96/100|[from] item: Leftovers
|-heal|p2a: Milotic|57/100|[from] item: Leftovers
|upkeep
|turn|39
|
|t:|1729961812
|move|p1a: Starmie|Thunderbolt|p2a: Milotic
|-supereffective|p2a: Milotic
|-damage|p2a: Milotic|19/100
|move|p2a: Milotic|Recover|p2a: Milotic
|-heal|p2a: Milotic|69/100
|
|-weather|Sandstorm|[upkeep]
|-damage|p1a: Starmie|90/100|[from] Sandstorm
|-damage|p2a: Milotic|62/100|[from] Sandstorm
|-heal|p1a: Starmie|96/100|[from] item: Leftovers
|-heal|p2a: Milotic|69/100|[from] item: Leftovers
|upkeep
|turn|40
|inactive|No8ull has 270 seconds left.
|
|t:|1729961818
|move|p1a: Starmie|Thunderbolt|p2a: Milotic
|-supereffective|p2a: Milotic
|-damage|p2a: Milotic|28/100
|-status|p2a: Milotic|par
|cant|p2a: Milotic|par
|
|-weather|Sandstorm|[upkeep]
|-damage|p1a: Starmie|90/100|[from] Sandstorm
|-damage|p2a: Milotic|22/100 par|[from] Sandstorm
|-heal|p1a: Starmie|96/100|[from] item: Leftovers
|-heal|p2a: Milotic|28/100 par|[from] item: Leftovers
|upkeep
|turn|41
|
|t:|1729961824
|switch|p2a: Camerupt|Camerupt, F|82/100
|move|p1a: Starmie|Thunderbolt|p2a: Camerupt
|-immune|p2a: Camerupt
|
|-weather|Sandstorm|[upkeep]
|-damage|p1a: Starmie|90/100|[from] Sandstorm
|-heal|p1a: Starmie|96/100|[from] item: Leftovers
|-heal|p2a: Camerupt|88/100|[from] item: Leftovers
|upkeep
|turn|42
|
|t:|1729961829
|move|p1a: Starmie|Hydro Pump|p2a: Camerupt
|-supereffective|p2a: Camerupt
|-damage|p2a: Camerupt|0 fnt
|faint|p2a: Camerupt
|
|t:|1729961831
|switch|p2a: Milotic|Milotic, M|28/100 par
|
|-weather|Sandstorm|[upkeep]
|-damage|p1a: Starmie|90/100|[from] Sandstorm
|-damage|p2a: Milotic|22/100 par|[from] Sandstorm
|-heal|p1a: Starmie|96/100|[from] item: Leftovers
|-heal|p2a: Milotic|28/100 par|[from] item: Leftovers
|upkeep
|turn|43
|c|☆wwwmonmon|gg
|c|☆No8ull|gg
|
|t:|1729961838
|move|p1a: Starmie|Thunderbolt|p2a: Milotic
|-supereffective|p2a: Milotic
|-damage|p2a: Milotic|0 fnt
|faint|p2a: Milotic
|
|win|wwwmonmon
|c|☆No8ull|needed hydro miss
|c|☆wwwmonmon|yep
|c|☆wwwmonmon|you could one shot starmie ?

</script>
<script type="application/json" class="data" id="replaydata-smogtours-gen3ou-802159">
{"id":"smogtours-gen3ou-802159","format":"[Gen 3] OU","players":["wwwmonmon","No8ull"],"uploadtime":1729961838,"views":76,"formatid":"gen3ou","rating":null,"private":0,"password":null}
</script>

<script defer src="js/replays.js?9d40a366"></script>
