<!DOCTYPE html>
<meta charset="utf-8" />
<meta name="viewport" content="width=device-width" />

<title>[Gen 3] OU: yuramas vs. Darth33 - Replays - Pok&eacute;mon Showdown!</title>

<meta name="description" content="Watch a replay of a Pok&eacute;mon battle between yuramas and Darth33! Format: [Gen 3] OU; Date: Oct 19, 2024" />
<!--

Hey, you! Looking in the source for the replay log?

You can find them in JSON format, just add `.json` at the end of a replay URL.

https://replay.pokemonshowdown.com/gen7randomdoublesbattle-865046831.json

Or, if you only need the log itself, add `.log` instead:

https://replay.pokemonshowdown.com/gen7randomdoublesbattle-865046831.log

-->

<link rel="stylesheet" href="//pokemonshowdown.com/style/global.css?0.023195364461161105" />
<link rel="stylesheet" href="//play.pokemonshowdown.com/style/font-awesome.css?0.13261647063804238" />
<link rel="stylesheet" href="//play.pokemonshowdown.com/style/battle.css?0.8753245789963631" />
<link rel="stylesheet" href="//play.pokemonshowdown.com/style/utilichart.css?0.8627959624976733" />

<!-- Global site tag (gtag.js) - Google Analytics -->
<script async src="https://www.googletagmanager.com/gtag/js?id=UA-26211653-1"></script>
<script>
  window.dataLayer = window.dataLayer || [];
  function gtag(){dataLayer.push(arguments);}
  gtag('js', new Date());

  gtag('config', 'UA-26211653-1');
</script>
<!-- End Google Analytics -->
<!-- Venatus Ad Manager - Install in <HEAD> of page -->
	<script src="https://hb.vntsm.com/v3/live/ad-manager.min.js" type="text/javascript" data-site-id="642aba63ec9a7b11c3c9c1be" data-mode="scan" async></script>
<!-- / Venatus Ad Manager -->

<style>
	@media (max-width:820px) {
		.battle {
			margin: 0 auto;
		}
		.battle-log {
			margin: 7px auto 0;
			max-width: 640px;
			height: 300px;
			position: static;
		}
	}
	.optgroup {
		display: inline-block;
		line-height: 22px;
		font-size: 10pt;
	}
	.optgroup .button {
		height: 25px;
		padding-top: 0;
		padding-bottom: 0;
	}
	.optgroup button.button {
		padding-left: 12px;
		padding-right: 12px;
	}
	.linklist {
		list-style: none;
		margin: 0.5em 0;
		padding: 0;
	}
	.linklist li {
		padding: 2px 0;
	}
	.sidebar {
		float: left;
		width: 320px;
	}
	.bar-wrapper {
		max-width: 1100px;
		margin: 0 auto;
	}
	.bar-wrapper.has-sidebar {
		max-width: 1430px;
	}
	.mainbar {
		margin: 0;
		padding-right: 1px;
	}
	.mainbar.has-sidebar {
		margin-left: 330px;
	}
	@media (min-width: 1511px) {
		.sidebar {
			width: 400px;
		}
		.bar-wrapper.has-sidebar {
			max-width: 1510px;
		}
		.mainbar.has-sidebar {
			margin-left: 410px;
		}
	}
	.section.first-section {
		margin-top: 9px;
	}
	.blocklink small {
		white-space: normal;
	}
	.button {
		vertical-align: middle;
	}
	.replay-controls {
		padding-top: 10px;
	}
	.replay-controls h1 {
		font-size: 16pt;
		font-weight: normal;
		color: #CCC;
	}
	.pagelink {
		text-align: center;
	}
	.pagelink a {
		width: 150px;
	}
	.textbox, .button {
		font-size: 11pt;
		vertical-align: middle;
	}
	@media (max-width: 450px) {
		.button {
			font-size: 9pt;
		}
	}
</style>

<div>

	<header>
		<div class="nav-wrapper"><ul class="nav">
			<li><a class="button nav-first" href="//pokemonshowdown.com/"><img src="//pokemonshowdown.com/images/pokemonshowdownbeta.png" srcset="//pokemonshowdown.com/images/pokemonshowdownbeta.png 1x, //pokemonshowdown.com/images/pokemonshowdownbeta@2x.png 2x" alt="Pok&eacute;mon Showdown" width="146" height="44" /> Home</a></li>
			<li><a class="button" href="//pokemonshowdown.com/dex/">Pok&eacute;dex</a></li>
			<li><a class="button cur" href="/">Replays</a></li>
			<li><a class="button" href="//pokemonshowdown.com/ladder/">Ladder</a></li>
			<li><a class="button nav-last" href="//pokemonshowdown.com/forums/">Forum</a></li>
			<li><a class="button greenbutton nav-first nav-last" href="//play.pokemonshowdown.com/">Play</a></li>
		</ul></div>
	</header>

	<div class="main" id="main">

		<noscript><section class="section">You need to enable JavaScript to use this page; sorry!</section></noscript>

	</div>

</div>

<script defer nomodule src="//play.pokemonshowdown.com/js/lib/ps-polyfill.js"></script>
<script defer src="//play.pokemonshowdown.com/js/lib/preact.min.js"></script>

<script defer src="//play.pokemonshowdown.com/config/config.js?2bddbc15"></script>
<script defer src="//play.pokemonshowdown.com/js/lib/jquery-1.11.0.min.js"></script>
<script defer src="//play.pokemonshowdown.com/js/lib/html-sanitizer-minified.js"></script>
<script defer src="//play.pokemonshowdown.com/js/battle-sound.js"></script>
<script defer src="//play.pokemonshowdown.com/js/battledata.js?0.7209276989879541"></script>
<script defer src="//play.pokemonshowdown.com/data/pokedex-mini.js?0.6111056340867951"></script>
<script defer src="//play.pokemonshowdown.com/data/pokedex-mini-bw.js?0.3532142036491459"></script>
<script defer src="//play.pokemonshowdown.com/data/graphics.js?0.24223875632456182"></script>
<script defer src="//play.pokemonshowdown.com/data/pokedex.js?0.38839984266356864"></script>
<script defer src="//play.pokemonshowdown.com/data/moves.js?0.21866028504024015"></script>
<script defer src="//play.pokemonshowdown.com/data/abilities.js?0.2005157953846628"></script>
<script defer src="//play.pokemonshowdown.com/data/items.js?0.9894211263848525"></script>
<script defer src="//play.pokemonshowdown.com/data/teambuilder-tables.js?0.6008791140282215"></script>
<script defer src="//play.pokemonshowdown.com/js/battle-tooltips.js?0.7580118955022959"></script>
<script defer src="//play.pokemonshowdown.com/js/battle.js?0.6057722274234274"></script>

<script defer src="js/utils.js?e31f9a17"></script>
<script defer src="js/replays-battle.js?7008c182"></script>

<!-- don't scrape this data! just add .json or .log after the URL!
Full API docs: https://github.com/smogon/pokemon-showdown-client/blob/master/WEB-API.md -->
<script type="text/plain" class="log" id="replaylog-smogtours-gen3ou-799969">
|inactive|Battle timer is ON: inactive players will automatically lose when time's up.
|t:|1729358860
|gametype|singles
|player|p1|yuramas|n|
|player|p2|Darth33|skier|
|teamsize|p1|6
|teamsize|p2|6
|gen|3
|tier|[Gen 3] OU
|rule|Sleep Clause Mod: Limit one foe put to sleep
|rule|Switch Priority Clause Mod: Faster Pokémon switch first
|rule|Species Clause: Limit one of each Pokémon
|rule|OHKO Clause: OHKO moves are banned
|rule|Evasion Items Clause: Evasion items are banned
|rule|Evasion Moves Clause: Evasion moves are banned
|rule|Endless Battle Clause: Forcing endless battles is banned
|rule|HP Percentage Mod: HP is shown in percentages
|rule|One Boost Passer Clause: Limit one Baton Passer that has a way to boost its stats
|rule|Freeze Clause Mod: Limit one foe frozen
|
|t:|1729358860
|start
|switch|p1a: Zapdos|Zapdos|100/100
|switch|p2a: T-Man|Tyranitar, M|100/100
|-weather|Sandstorm|[from] ability: Sand Stream|[of] p2a: T-Man
|turn|1
|
|t:|1729358875
|switch|p1a: Swampert|Swampert, M|100/100
|move|p2a: T-Man|Rock Slide|p1a: Swampert|[miss]
|-miss|p2a: T-Man|p1a: Swampert
|
|-weather|Sandstorm|[upkeep]
|upkeep
|turn|2
|
|t:|1729358899
|switch|p2a: Star Magic|Starmie|100/100
|move|p1a: Swampert|Earthquake|p2a: Star Magic
|-damage|p2a: Star Magic|43/100
|
|-weather|Sandstorm|[upkeep]
|-damage|p2a: Star Magic|37/100|[from] Sandstorm
|-heal|p2a: Star Magic|43/100|[from] item: Leftovers
|upkeep
|turn|3
|inactive|yuramas has 270 seconds left.
|inactive|yuramas has 240 seconds left.
|
|t:|1729358961
|move|p2a: Star Magic|Hydro Pump|p1a: Swampert
|-damage|p1a: Swampert|55/100
|move|p1a: Swampert|Earthquake|p2a: Star Magic
|-damage|p2a: Star Magic|0 fnt
|faint|p2a: Star Magic
|
|t:|1729358975
|switch|p2a: Arc-170|Jirachi|100/100
|
|-weather|Sandstorm|[upkeep]
|-heal|p1a: Swampert|62/100|[from] item: Leftovers
|upkeep
|turn|4
|inactive|yuramas has 240 seconds left.
|inactive|yuramas has 210 seconds left.
|
|t:|1729359031
|switch|p1a: Jirachi|Jirachi|100/100
|move|p2a: Arc-170|Hidden Power|p1a: Jirachi
|-resisted|p1a: Jirachi
|-damage|p1a: Jirachi|96/100
|
|-weather|Sandstorm|[upkeep]
|-heal|p1a: Jirachi|100/100|[from] item: Leftovers
|upkeep
|turn|5
|
|t:|1729359044
|move|p2a: Arc-170|Wish|p2a: Arc-170
|move|p1a: Jirachi|Body Slam|p2a: Arc-170
|-resisted|p2a: Arc-170
|-damage|p2a: Arc-170|93/100
|
|-weather|Sandstorm|[upkeep]
|-heal|p2a: Arc-170|99/100|[from] item: Leftovers
|upkeep
|turn|6
|
|t:|1729359051
|switch|p2a: Whack-a-Mole|Dugtrio, F|100/100
|move|p1a: Jirachi|Body Slam|p2a: Whack-a-Mole
|-damage|p2a: Whack-a-Mole|49/100
|-status|p2a: Whack-a-Mole|par
|
|-heal|p2a: Whack-a-Mole|99/100 par|[from] move: Wish|[wisher] Arc-170
|-weather|Sandstorm|[upkeep]
|upkeep
|turn|7
|inactive|yuramas has 210 seconds left.
|
|t:|1729359059
|move|p1a: Jirachi|Protect|p1a: Jirachi
|-singleturn|p1a: Jirachi|Protect
|cant|p2a: Whack-a-Mole|par
|
|-weather|Sandstorm|[upkeep]
|upkeep
|turn|8
|
|t:|1729359066
|move|p1a: Jirachi|Body Slam|p2a: Whack-a-Mole
|-damage|p2a: Whack-a-Mole|46/100 par
|cant|p2a: Whack-a-Mole|par
|
|-weather|Sandstorm|[upkeep]
|upkeep
|turn|9
|
|t:|1729359073
|move|p1a: Jirachi|Body Slam|p2a: Whack-a-Mole
|-damage|p2a: Whack-a-Mole|0 fnt
|faint|p2a: Whack-a-Mole
|
|t:|1729359094
|switch|p2a: T-Man|Tyranitar, M|100/100
|
|-weather|Sandstorm|[upkeep]
|upkeep
|turn|10
|
|t:|1729359110
|switch|p1a: Swampert|Swampert, M|62/100
|move|p2a: T-Man|Earthquake|p1a: Swampert
|-damage|p1a: Swampert|37/100
|
|-weather|Sandstorm|[upkeep]
|-heal|p1a: Swampert|43/100|[from] item: Leftovers
|upkeep
|turn|11
|
|t:|1729359117
|switch|p2a: Balete|Gengar, F|100/100
|move|p1a: Swampert|Earthquake|p2a: Balete
|-immune|p2a: Balete
|
|-weather|Sandstorm|[upkeep]
|-damage|p2a: Balete|94/100|[from] Sandstorm
|-heal|p2a: Balete|100/100|[from] item: Leftovers
|-heal|p1a: Swampert|49/100|[from] item: Leftovers
|upkeep
|turn|12
|
|t:|1729359121
|move|p1a: Swampert|Protect|p1a: Swampert
|-singleturn|p1a: Swampert|Protect
|move|p2a: Balete|Will-O-Wisp|p1a: Swampert
|-activate|p1a: Swampert|Protect
|
|-weather|Sandstorm|[upkeep]
|-damage|p2a: Balete|94/100|[from] Sandstorm
|-heal|p2a: Balete|100/100|[from] item: Leftovers
|-heal|p1a: Swampert|55/100|[from] item: Leftovers
|upkeep
|turn|13
|inactive|yuramas has 240 seconds left.
|
|t:|1729359144
|switch|p1a: Heracross|Heracross, F|100/100
|move|p2a: Balete|Hypnosis|p1a: Heracross|[miss]
|-miss|p2a: Balete|p1a: Heracross
|
|-weather|Sandstorm|[upkeep]
|-damage|p2a: Balete|94/100|[from] Sandstorm
|-damage|p1a: Heracross|95/100|[from] Sandstorm
|-heal|p2a: Balete|100/100|[from] item: Leftovers
|-heal|p1a: Heracross|100/100|[from] item: Leftovers
|upkeep
|turn|14
|inactive|yuramas has 210 seconds left.
|
|t:|1729359181
|move|p2a: Balete|Hypnosis|p1a: Heracross
|-status|p1a: Heracross|slp|[from] move: Hypnosis
|cant|p1a: Heracross|slp
|
|-weather|Sandstorm|[upkeep]
|-damage|p2a: Balete|94/100|[from] Sandstorm
|-damage|p1a: Heracross|95/100 slp|[from] Sandstorm
|-heal|p2a: Balete|100/100|[from] item: Leftovers
|-heal|p1a: Heracross|100/100 slp|[from] item: Leftovers
|upkeep
|turn|15
|inactive|yuramas has 180 seconds left.
|
|t:|1729359212
|switch|p2a: Arc-170|Jirachi|99/100
|switch|p1a: Starmie|Starmie|100/100
|
|-weather|Sandstorm|[upkeep]
|-damage|p1a: Starmie|94/100|[from] Sandstorm
|-heal|p1a: Starmie|100/100|[from] item: Leftovers
|-heal|p2a: Arc-170|100/100|[from] item: Leftovers
|upkeep
|turn|16
|inactive|yuramas has 180 seconds left.
|
|t:|1729359223
|move|p1a: Starmie|Thunder Wave|p2a: Arc-170
|-status|p2a: Arc-170|par
|move|p2a: Arc-170|Hidden Power|p1a: Starmie
|-supereffective|p1a: Starmie
|-damage|p1a: Starmie|62/100
|
|-weather|Sandstorm|[upkeep]
|-damage|p1a: Starmie|56/100|[from] Sandstorm
|-heal|p1a: Starmie|62/100|[from] item: Leftovers
|upkeep
|turn|17
|inactive|yuramas has 180 seconds left.
|
|t:|1729359245
|switch|p1a: Jirachi|Jirachi|100/100
|cant|p2a: Arc-170|par
|
|-weather|Sandstorm|[upkeep]
|upkeep
|turn|18
|
|t:|1729359250
|move|p1a: Jirachi|Wish|p1a: Jirachi
|move|p2a: Arc-170|Fire Punch|p1a: Jirachi
|-supereffective|p1a: Jirachi
|-damage|p1a: Jirachi|77/100
|
|-weather|Sandstorm|[upkeep]
|-heal|p1a: Jirachi|83/100|[from] item: Leftovers
|upkeep
|turn|19
|inactive|yuramas has 180 seconds left.
|
|t:|1729359262
|move|p1a: Jirachi|Fire Punch|p2a: Arc-170
|-supereffective|p2a: Arc-170
|-damage|p2a: Arc-170|78/100 par
|move|p2a: Arc-170|Body Slam|p1a: Jirachi
|-resisted|p1a: Jirachi
|-damage|p1a: Jirachi|76/100
|
|-heal|p1a: Jirachi|100/100|[from] move: Wish|[wisher] Jirachi
|-weather|Sandstorm|[upkeep]
|-heal|p2a: Arc-170|84/100 par|[from] item: Leftovers
|upkeep
|turn|20
|
|t:|1729359270
|move|p1a: Jirachi|Fire Punch|p2a: Arc-170
|-supereffective|p2a: Arc-170
|-damage|p2a: Arc-170|61/100 par
|move|p2a: Arc-170|Fire Punch|p1a: Jirachi
|-supereffective|p1a: Jirachi
|-damage|p1a: Jirachi|76/100
|
|-weather|Sandstorm|[upkeep]
|-heal|p1a: Jirachi|82/100|[from] item: Leftovers
|-heal|p2a: Arc-170|67/100 par|[from] item: Leftovers
|upkeep
|turn|21
|
|t:|1729359282
|switch|p1a: Swampert|Swampert, M|55/100
|move|p2a: Arc-170|Wish|p2a: Arc-170
|
|-weather|Sandstorm|[upkeep]
|-heal|p1a: Swampert|62/100|[from] item: Leftovers
|-heal|p2a: Arc-170|73/100 par|[from] item: Leftovers
|upkeep
|turn|22
|
|t:|1729359294
|move|p1a: Swampert|Earthquake|p2a: Arc-170
|-supereffective|p2a: Arc-170
|-damage|p2a: Arc-170|11/100 par
|cant|p2a: Arc-170|par
|
|-heal|p2a: Arc-170|61/100 par|[from] move: Wish|[wisher] Arc-170
|-weather|Sandstorm|[upkeep]
|-heal|p1a: Swampert|68/100|[from] item: Leftovers
|-heal|p2a: Arc-170|67/100 par|[from] item: Leftovers
|upkeep
|turn|23
|inactive|yuramas has 180 seconds left.
|
|t:|1729359322
|switch|p1a: Heracross|Heracross, F|100/100 slp
|move|p2a: Arc-170|Hidden Power|p1a: Heracross
|-resisted|p1a: Heracross
|-damage|p1a: Heracross|91/100 slp
|
|-weather|Sandstorm|[upkeep]
|-damage|p1a: Heracross|85/100 slp|[from] Sandstorm
|-heal|p1a: Heracross|91/100 slp|[from] item: Leftovers
|-heal|p2a: Arc-170|73/100 par|[from] item: Leftovers
|upkeep
|turn|24
|
|t:|1729359337
|cant|p1a: Heracross|slp
|cant|p2a: Arc-170|par
|
|-weather|Sandstorm|[upkeep]
|-damage|p1a: Heracross|85/100 slp|[from] Sandstorm
|-heal|p1a: Heracross|91/100 slp|[from] item: Leftovers
|-heal|p2a: Arc-170|79/100 par|[from] item: Leftovers
|upkeep
|turn|25
|
|t:|1729359343
|cant|p1a: Heracross|slp
|cant|p2a: Arc-170|par
|
|-weather|Sandstorm|[upkeep]
|-damage|p1a: Heracross|85/100 slp|[from] Sandstorm
|-heal|p1a: Heracross|91/100 slp|[from] item: Leftovers
|-heal|p2a: Arc-170|86/100 par|[from] item: Leftovers
|upkeep
|turn|26
|
|t:|1729359347
|-curestatus|p1a: Heracross|slp|[msg]
|move|p1a: Heracross|Megahorn|p2a: Arc-170
|-damage|p2a: Arc-170|30/100 par
|move|p2a: Arc-170|Fire Punch|p1a: Heracross
|-supereffective|p1a: Heracross
|-damage|p1a: Heracross|51/100
|
|-weather|Sandstorm|[upkeep]
|-damage|p1a: Heracross|45/100|[from] Sandstorm
|-heal|p1a: Heracross|51/100|[from] item: Leftovers
|-heal|p2a: Arc-170|36/100 par|[from] item: Leftovers
|upkeep
|turn|27
|inactive|yuramas has 180 seconds left.
|
|t:|1729359367
|switch|p2a: Swampy|Swampert, F|100/100
|move|p1a: Heracross|Substitute|p1a: Heracross
|-start|p1a: Heracross|Substitute
|-damage|p1a: Heracross|26/100
|
|-weather|Sandstorm|[upkeep]
|-damage|p1a: Heracross|20/100|[from] Sandstorm
|-heal|p1a: Heracross|26/100|[from] item: Leftovers
|upkeep
|turn|28
|
|t:|1729359382
|-singleturn|p1a: Heracross|move: Focus Punch
|move|p2a: Swampy|Earthquake|p1a: Heracross
|-resisted|p1a: Heracross
|-activate|p1a: Heracross|Substitute|[damage]
|move|p1a: Heracross|Focus Punch|p2a: Swampy
|-damage|p2a: Swampy|40/100
|
|-weather|Sandstorm|[upkeep]
|-damage|p1a: Heracross|20/100|[from] Sandstorm
|-heal|p1a: Heracross|26/100|[from] item: Leftovers
|-heal|p2a: Swampy|46/100|[from] item: Leftovers
|upkeep
|turn|29
|
|t:|1729359392
|-singleturn|p1a: Heracross|move: Focus Punch
|move|p2a: Swampy|Hydro Pump|p1a: Heracross
|-end|p1a: Heracross|Substitute
|move|p1a: Heracross|Focus Punch|p2a: Swampy
|-damage|p2a: Swampy|0 fnt
|faint|p2a: Swampy
|
|t:|1729359399
|switch|p2a: Balete|Gengar, F|100/100
|
|-weather|Sandstorm|[upkeep]
|-damage|p2a: Balete|94/100|[from] Sandstorm
|-damage|p1a: Heracross|20/100|[from] Sandstorm
|-heal|p2a: Balete|100/100|[from] item: Leftovers
|-heal|p1a: Heracross|26/100|[from] item: Leftovers
|upkeep
|turn|30
|
|t:|1729359413
|move|p2a: Balete|Ice Punch|p1a: Heracross
|-damage|p1a: Heracross|3/100
|move|p1a: Heracross|Rock Slide|p2a: Balete
|-damage|p2a: Balete|58/100
|
|-weather|Sandstorm|[upkeep]
|-damage|p2a: Balete|52/100|[from] Sandstorm
|-damage|p1a: Heracross|0 fnt|[from] Sandstorm
|faint|p1a: Heracross
|-heal|p2a: Balete|58/100|[from] item: Leftovers
|upkeep
|
|t:|1729359437
|switch|p1a: Tyranitar|Tyranitar, F|100/100
|turn|31
|
|t:|1729359442
|move|p2a: Balete|Will-O-Wisp|p1a: Tyranitar|[miss]
|-miss|p2a: Balete|p1a: Tyranitar
|move|p1a: Tyranitar|Rock Slide|p2a: Balete
|-damage|p2a: Balete|0 fnt
|faint|p2a: Balete
|
|t:|1729359448
|switch|p2a: T-Man|Tyranitar, M|100/100
|
|-weather|Sandstorm|[upkeep]
|upkeep
|turn|32
|
|t:|1729359473
|move|p1a: Tyranitar|Earthquake|p2a: T-Man
|-supereffective|p2a: T-Man
|-damage|p2a: T-Man|48/100
|move|p2a: T-Man|Earthquake|p1a: Tyranitar
|-supereffective|p1a: Tyranitar
|-damage|p1a: Tyranitar|41/100
|
|-weather|Sandstorm|[upkeep]
|-heal|p2a: T-Man|54/100|[from] item: Leftovers
|upkeep
|turn|33
|
|t:|1729359480
|move|p1a: Tyranitar|Earthquake|p2a: T-Man
|-supereffective|p2a: T-Man
|-damage|p2a: T-Man|0 fnt
|faint|p2a: T-Man
|
|t:|1729359482
|switch|p2a: Arc-170|Jirachi|36/100 par
|
|-weather|Sandstorm|[upkeep]
|-heal|p2a: Arc-170|43/100 par|[from] item: Leftovers
|upkeep
|turn|34
|c|☆yuramas|gg
|
|t:|1729359489
|move|p1a: Tyranitar|Earthquake|p2a: Arc-170
|-supereffective|p2a: Arc-170
|-damage|p2a: Arc-170|0 fnt
|faint|p2a: Arc-170
|
|win|yuramas
|c|☆Darth33|ggs
|player|p2|

</script>
<script type="application/json" class="data" id="replaydata-smogtours-gen3ou-799969">
{"id":"smogtours-gen3ou-799969","format":"[Gen 3] OU","players":["yuramas","Darth33"],"uploadtime":1729359489,"views":95,"formatid":"gen3ou","rating":null,"private":0,"password":null}
</script>

<script defer src="js/replays.js?9d40a366"></script>
