<!DOCTYPE html>
<meta charset="utf-8" />
<meta name="viewport" content="width=device-width" />

<title>[Gen 3] OU: thedolla vs. FREEYSL321 - Replays - Pok&eacute;mon Showdown!</title>

<meta name="description" content="Watch a replay of a Pok&eacute;mon battle between thedolla and FREEYSL321! Format: [Gen 3] OU; Date: Oct 14, 2024" />
<!--

Hey, you! Looking in the source for the replay log?

You can find them in JSON format, just add `.json` at the end of a replay URL.

https://replay.pokemonshowdown.com/gen7randomdoublesbattle-865046831.json

Or, if you only need the log itself, add `.log` instead:

https://replay.pokemonshowdown.com/gen7randomdoublesbattle-865046831.log

-->

<link rel="stylesheet" href="//pokemonshowdown.com/style/global.css?0.023195364461161105" />
<link rel="stylesheet" href="//play.pokemonshowdown.com/style/font-awesome.css?0.13261647063804238" />
<link rel="stylesheet" href="//play.pokemonshowdown.com/style/battle.css?0.8753245789963631" />
<link rel="stylesheet" href="//play.pokemonshowdown.com/style/utilichart.css?0.8627959624976733" />

<!-- Global site tag (gtag.js) - Google Analytics -->
<script async src="https://www.googletagmanager.com/gtag/js?id=UA-26211653-1"></script>
<script>
  window.dataLayer = window.dataLayer || [];
  function gtag(){dataLayer.push(arguments);}
  gtag('js', new Date());

  gtag('config', 'UA-26211653-1');
</script>
<!-- End Google Analytics -->
<!-- Venatus Ad Manager - Install in <HEAD> of page -->
	<script src="https://hb.vntsm.com/v3/live/ad-manager.min.js" type="text/javascript" data-site-id="642aba63ec9a7b11c3c9c1be" data-mode="scan" async></script>
<!-- / Venatus Ad Manager -->

<style>
	@media (max-width:820px) {
		.battle {
			margin: 0 auto;
		}
		.battle-log {
			margin: 7px auto 0;
			max-width: 640px;
			height: 300px;
			position: static;
		}
	}
	.optgroup {
		display: inline-block;
		line-height: 22px;
		font-size: 10pt;
	}
	.optgroup .button {
		height: 25px;
		padding-top: 0;
		padding-bottom: 0;
	}
	.optgroup button.button {
		padding-left: 12px;
		padding-right: 12px;
	}
	.linklist {
		list-style: none;
		margin: 0.5em 0;
		padding: 0;
	}
	.linklist li {
		padding: 2px 0;
	}
	.sidebar {
		float: left;
		width: 320px;
	}
	.bar-wrapper {
		max-width: 1100px;
		margin: 0 auto;
	}
	.bar-wrapper.has-sidebar {
		max-width: 1430px;
	}
	.mainbar {
		margin: 0;
		padding-right: 1px;
	}
	.mainbar.has-sidebar {
		margin-left: 330px;
	}
	@media (min-width: 1511px) {
		.sidebar {
			width: 400px;
		}
		.bar-wrapper.has-sidebar {
			max-width: 1510px;
		}
		.mainbar.has-sidebar {
			margin-left: 410px;
		}
	}
	.section.first-section {
		margin-top: 9px;
	}
	.blocklink small {
		white-space: normal;
	}
	.button {
		vertical-align: middle;
	}
	.replay-controls {
		padding-top: 10px;
	}
	.replay-controls h1 {
		font-size: 16pt;
		font-weight: normal;
		color: #CCC;
	}
	.pagelink {
		text-align: center;
	}
	.pagelink a {
		width: 150px;
	}
	.textbox, .button {
		font-size: 11pt;
		vertical-align: middle;
	}
	@media (max-width: 450px) {
		.button {
			font-size: 9pt;
		}
	}
</style>

<div>

	<header>
		<div class="nav-wrapper"><ul class="nav">
			<li><a class="button nav-first" href="//pokemonshowdown.com/"><img src="//pokemonshowdown.com/images/pokemonshowdownbeta.png" srcset="//pokemonshowdown.com/images/pokemonshowdownbeta.png 1x, //pokemonshowdown.com/images/pokemonshowdownbeta@2x.png 2x" alt="Pok&eacute;mon Showdown" width="146" height="44" /> Home</a></li>
			<li><a class="button" href="//pokemonshowdown.com/dex/">Pok&eacute;dex</a></li>
			<li><a class="button cur" href="/">Replays</a></li>
			<li><a class="button" href="//pokemonshowdown.com/ladder/">Ladder</a></li>
			<li><a class="button nav-last" href="//pokemonshowdown.com/forums/">Forum</a></li>
			<li><a class="button greenbutton nav-first nav-last" href="//play.pokemonshowdown.com/">Play</a></li>
		</ul></div>
	</header>

	<div class="main" id="main">

		<noscript><section class="section">You need to enable JavaScript to use this page; sorry!</section></noscript>

	</div>

</div>

<script defer nomodule src="//play.pokemonshowdown.com/js/lib/ps-polyfill.js"></script>
<script defer src="//play.pokemonshowdown.com/js/lib/preact.min.js"></script>

<script defer src="//play.pokemonshowdown.com/config/config.js?2bddbc15"></script>
<script defer src="//play.pokemonshowdown.com/js/lib/jquery-1.11.0.min.js"></script>
<script defer src="//play.pokemonshowdown.com/js/lib/html-sanitizer-minified.js"></script>
<script defer src="//play.pokemonshowdown.com/js/battle-sound.js"></script>
<script defer src="//play.pokemonshowdown.com/js/battledata.js?0.7209276989879541"></script>
<script defer src="//play.pokemonshowdown.com/data/pokedex-mini.js?0.6111056340867951"></script>
<script defer src="//play.pokemonshowdown.com/data/pokedex-mini-bw.js?0.3532142036491459"></script>
<script defer src="//play.pokemonshowdown.com/data/graphics.js?0.24223875632456182"></script>
<script defer src="//play.pokemonshowdown.com/data/pokedex.js?0.38839984266356864"></script>
<script defer src="//play.pokemonshowdown.com/data/moves.js?0.21866028504024015"></script>
<script defer src="//play.pokemonshowdown.com/data/abilities.js?0.2005157953846628"></script>
<script defer src="//play.pokemonshowdown.com/data/items.js?0.9894211263848525"></script>
<script defer src="//play.pokemonshowdown.com/data/teambuilder-tables.js?0.6008791140282215"></script>
<script defer src="//play.pokemonshowdown.com/js/battle-tooltips.js?0.7580118955022959"></script>
<script defer src="//play.pokemonshowdown.com/js/battle.js?0.6057722274234274"></script>

<script defer src="js/utils.js?e31f9a17"></script>
<script defer src="js/replays-battle.js?7008c182"></script>

<!-- don't scrape this data! just add .json or .log after the URL!
Full API docs: https://github.com/smogon/pokemon-showdown-client/blob/master/WEB-API.md -->
<script type="text/plain" class="log" id="replaylog-smogtours-gen3ou-798557">
|inactive|Battle timer is ON: inactive players will automatically lose when time's up.
|t:|1728867232
|gametype|singles
|player|p1|thedolla|2|
|player|p2|FREEYSL321|2|
|teamsize|p1|6
|teamsize|p2|6
|gen|3
|tier|[Gen 3] OU
|rule|Sleep Clause Mod: Limit one foe put to sleep
|rule|Switch Priority Clause Mod: Faster Pokémon switch first
|rule|Species Clause: Limit one of each Pokémon
|rule|OHKO Clause: OHKO moves are banned
|rule|Evasion Items Clause: Evasion items are banned
|rule|Evasion Moves Clause: Evasion moves are banned
|rule|Endless Battle Clause: Forcing endless battles is banned
|rule|HP Percentage Mod: HP is shown in percentages
|rule|One Boost Passer Clause: Limit one Baton Passer that has a way to boost its stats
|rule|Freeze Clause Mod: Limit one foe frozen
|
|t:|1728867232
|start
|switch|p1a: oi UE|Zapdos|100/100
|switch|p2a: Metallica|Salamence, F|100/100
|-ability|p2a: Metallica|Intimidate|boost
|-unboost|p1a: oi UE|atk|1
|turn|1
|
|t:|1728867244
|switch|p2a: Like a Stone|Blissey, F|100/100
|switch|p1a: me woif|Swampert, M|100/100
|
|upkeep
|turn|2
|
|t:|1728867258
|switch|p1a: homelanda killed|Jirachi|100/100
|move|p2a: Like a Stone|Ice Beam|p1a: homelanda killed
|-resisted|p1a: homelanda killed
|-damage|p1a: homelanda killed|87/100
|
|upkeep
|turn|3
|
|t:|1728867275
|switch|p1a: me woif|Swampert, M|100/100
|switch|p2a: Punani|Magneton|100/100
|
|upkeep
|turn|4
|
|t:|1728867289
|switch|p2a: FEED MY EYES|Gyarados, M, shiny|100/100
|-ability|p2a: FEED MY EYES|Intimidate|boost
|-unboost|p1a: me woif|atk|1
|switch|p1a: deep blow a train|Salamence, M|100/100
|-ability|p1a: deep blow a train|Intimidate|boost
|-unboost|p2a: FEED MY EYES|atk|1
|
|upkeep
|turn|5
|
|t:|1728867296
|move|p1a: deep blow a train|Dragon Claw|p2a: FEED MY EYES
|-damage|p2a: FEED MY EYES|62/100
|move|p2a: FEED MY EYES|Thunder Wave|p1a: deep blow a train
|-status|p1a: deep blow a train|par
|
|-heal|p2a: FEED MY EYES|68/100|[from] item: Leftovers
|upkeep
|turn|6
|
|t:|1728867307
|switch|p2a: Like a Stone|Blissey, F|100/100
|move|p1a: deep blow a train|Dragon Claw|p2a: Like a Stone
|-damage|p2a: Like a Stone|85/100
|
|-heal|p2a: Like a Stone|91/100|[from] item: Leftovers
|upkeep
|turn|7
|
|t:|1728867314
|switch|p1a: me woif|Swampert, M|100/100
|move|p2a: Like a Stone|Ice Beam|p1a: me woif
|-damage|p1a: me woif|71/100
|
|-heal|p1a: me woif|77/100|[from] item: Leftovers
|-heal|p2a: Like a Stone|97/100|[from] item: Leftovers
|upkeep
|turn|8
|
|t:|1728867323
|move|p1a: me woif|Earthquake|p2a: Like a Stone
|-damage|p2a: Like a Stone|55/100
|move|p2a: Like a Stone|Ice Beam|p1a: me woif
|-damage|p1a: me woif|44/100
|
|-heal|p1a: me woif|50/100|[from] item: Leftovers
|-heal|p2a: Like a Stone|61/100|[from] item: Leftovers
|upkeep
|turn|9
|
|t:|1728867334
|-singleturn|p1a: me woif|move: Focus Punch
|switch|p2a: FEED MY EYES|Gyarados, M, shiny|68/100
|-ability|p2a: FEED MY EYES|Intimidate|boost
|-unboost|p1a: me woif|atk|1
|move|p1a: me woif|Focus Punch|p2a: FEED MY EYES
|-resisted|p2a: FEED MY EYES
|-damage|p2a: FEED MY EYES|53/100
|
|-heal|p2a: FEED MY EYES|59/100|[from] item: Leftovers
|-heal|p1a: me woif|56/100|[from] item: Leftovers
|upkeep
|turn|10
|
|t:|1728867348
|move|p2a: FEED MY EYES|Dragon Dance|p2a: FEED MY EYES
|-boost|p2a: FEED MY EYES|atk|1
|-boost|p2a: FEED MY EYES|spe|1
|move|p1a: me woif|Ice Beam|p2a: FEED MY EYES
|-damage|p2a: FEED MY EYES|32/100
|
|-heal|p2a: FEED MY EYES|38/100|[from] item: Leftovers
|-heal|p1a: me woif|62/100|[from] item: Leftovers
|upkeep
|turn|11
|
|t:|1728867364
|switch|p1a: deep blow a train|Salamence, M|100/100 par
|-ability|p1a: deep blow a train|Intimidate|boost
|-unboost|p2a: FEED MY EYES|atk|1
|move|p2a: FEED MY EYES|Dragon Dance|p2a: FEED MY EYES
|-boost|p2a: FEED MY EYES|atk|1
|-boost|p2a: FEED MY EYES|spe|1
|
|-heal|p2a: FEED MY EYES|44/100|[from] item: Leftovers
|upkeep
|turn|12
|
|t:|1728867379
|switch|p2a: Like a Stone|Blissey, F|61/100
|move|p1a: deep blow a train|Dragon Claw|p2a: Like a Stone
|-damage|p2a: Like a Stone|45/100
|
|-heal|p2a: Like a Stone|51/100|[from] item: Leftovers
|upkeep
|turn|13
|
|t:|1728867389
|switch|p1a: ashley look at me|Tyranitar, F|100/100
|-weather|Sandstorm|[from] ability: Sand Stream|[of] p1a: ashley look at me
|move|p2a: Like a Stone|Soft-Boiled|p2a: Like a Stone
|-heal|p2a: Like a Stone|100/100
|
|-weather|Sandstorm|[upkeep]
|-damage|p2a: Like a Stone|94/100|[from] Sandstorm
|-heal|p2a: Like a Stone|100/100|[from] item: Leftovers
|upkeep
|turn|14
|
|t:|1728867413
|switch|p2a: Knife Prty|Skarmory, F|100/100
|move|p1a: ashley look at me|Crunch|p2a: Knife Prty
|-resisted|p2a: Knife Prty
|-damage|p2a: Knife Prty|85/100
|
|-weather|Sandstorm|[upkeep]
|-heal|p2a: Knife Prty|91/100|[from] item: Leftovers
|upkeep
|turn|15
|
|t:|1728867426
|move|p2a: Knife Prty|Spikes|p1a: ashley look at me
|-sidestart|p1: thedolla|Spikes
|move|p1a: ashley look at me|Fire Blast|p2a: Knife Prty
|-supereffective|p2a: Knife Prty
|-damage|p2a: Knife Prty|21/100
|
|-weather|Sandstorm|[upkeep]
|-heal|p2a: Knife Prty|27/100|[from] item: Leftovers
|upkeep
|turn|16
|
|t:|1728867430
|move|p2a: Knife Prty|Protect|p2a: Knife Prty
|-singleturn|p2a: Knife Prty|Protect
|move|p1a: ashley look at me|Ice Beam|p2a: Knife Prty
|-activate|p2a: Knife Prty|Protect
|
|-weather|Sandstorm|[upkeep]
|-heal|p2a: Knife Prty|33/100|[from] item: Leftovers
|upkeep
|turn|17
|
|t:|1728867446
|switch|p2a: Like a Stone|Blissey, F|100/100
|move|p1a: ashley look at me|Fire Blast|p2a: Like a Stone
|-damage|p2a: Like a Stone|85/100
|
|-weather|Sandstorm|[upkeep]
|-damage|p2a: Like a Stone|79/100|[from] Sandstorm
|-heal|p2a: Like a Stone|85/100|[from] item: Leftovers
|upkeep
|turn|18
|
|t:|1728867454
|move|p1a: ashley look at me|Crunch|p2a: Like a Stone
|-damage|p2a: Like a Stone|70/100
|-unboost|p2a: Like a Stone|spd|1
|move|p2a: Like a Stone|Ice Beam|p1a: ashley look at me
|-damage|p1a: ashley look at me|80/100
|
|-weather|Sandstorm|[upkeep]
|-damage|p2a: Like a Stone|64/100|[from] Sandstorm
|-heal|p1a: ashley look at me|86/100|[from] item: Leftovers
|-heal|p2a: Like a Stone|70/100|[from] item: Leftovers
|upkeep
|turn|19
|
|t:|1728867464
|move|p1a: ashley look at me|Crunch|p2a: Like a Stone
|-damage|p2a: Like a Stone|48/100
|move|p2a: Like a Stone|Ice Beam|p1a: ashley look at me
|-damage|p1a: ashley look at me|66/100
|
|-weather|Sandstorm|[upkeep]
|-damage|p2a: Like a Stone|42/100|[from] Sandstorm
|-heal|p1a: ashley look at me|73/100|[from] item: Leftovers
|-heal|p2a: Like a Stone|48/100|[from] item: Leftovers
|upkeep
|turn|20
|
|t:|1728867471
|move|p1a: ashley look at me|Crunch|p2a: Like a Stone
|-damage|p2a: Like a Stone|27/100
|move|p2a: Like a Stone|Soft-Boiled|p2a: Like a Stone
|-heal|p2a: Like a Stone|77/100
|
|-weather|Sandstorm|[upkeep]
|-damage|p2a: Like a Stone|71/100|[from] Sandstorm
|-heal|p1a: ashley look at me|79/100|[from] item: Leftovers
|-heal|p2a: Like a Stone|77/100|[from] item: Leftovers
|upkeep
|turn|21
|
|t:|1728867477
|move|p1a: ashley look at me|Crunch|p2a: Like a Stone
|-damage|p2a: Like a Stone|56/100
|move|p2a: Like a Stone|Ice Beam|p1a: ashley look at me
|-damage|p1a: ashley look at me|58/100
|
|-weather|Sandstorm|[upkeep]
|-damage|p2a: Like a Stone|50/100|[from] Sandstorm
|-heal|p1a: ashley look at me|64/100|[from] item: Leftovers
|-heal|p2a: Like a Stone|56/100|[from] item: Leftovers
|upkeep
|turn|22
|
|t:|1728867480
|move|p1a: ashley look at me|Ice Beam|p2a: Like a Stone
|-damage|p2a: Like a Stone|40/100
|move|p2a: Like a Stone|Soft-Boiled|p2a: Like a Stone
|-heal|p2a: Like a Stone|89/100
|
|-weather|Sandstorm|[upkeep]
|-damage|p2a: Like a Stone|83/100|[from] Sandstorm
|-heal|p1a: ashley look at me|70/100|[from] item: Leftovers
|-heal|p2a: Like a Stone|89/100|[from] item: Leftovers
|upkeep
|turn|23
|
|t:|1728867494
|switch|p1a: homelanda killed|Jirachi|87/100
|-damage|p1a: homelanda killed|75/100|[from] Spikes
|move|p2a: Like a Stone|Ice Beam|p1a: homelanda killed
|-resisted|p1a: homelanda killed
|-damage|p1a: homelanda killed|63/100
|
|-weather|Sandstorm|[upkeep]
|-damage|p2a: Like a Stone|83/100|[from] Sandstorm
|-heal|p2a: Like a Stone|89/100|[from] item: Leftovers
|upkeep
|turn|24
|
|t:|1728867503
|move|p1a: homelanda killed|Hidden Power|p2a: Like a Stone
|-supereffective|p2a: Like a Stone
|-damage|p2a: Like a Stone|24/100
|move|p2a: Like a Stone|Seismic Toss|p1a: homelanda killed
|-damage|p1a: homelanda killed|34/100
|
|-weather|Sandstorm|[upkeep]
|-damage|p2a: Like a Stone|18/100|[from] Sandstorm
|-heal|p2a: Like a Stone|24/100|[from] item: Leftovers
|upkeep
|turn|25
|
|t:|1728867512
|switch|p2a: Punani|Magneton|100/100
|move|p1a: homelanda killed|Hidden Power|p2a: Punani
|-supereffective|p2a: Punani
|-damage|p2a: Punani|6/100
|
|-weather|Sandstorm|[upkeep]
|upkeep
|turn|26
|
|t:|1728867519
|move|p1a: homelanda killed|Hidden Power|p2a: Punani
|-supereffective|p2a: Punani
|-damage|p2a: Punani|0 fnt
|faint|p2a: Punani
|
|t:|1728867532
|switch|p2a: Metallica|Salamence, F|100/100
|-ability|p2a: Metallica|Intimidate|boost
|-unboost|p1a: homelanda killed|atk|1
|
|-weather|Sandstorm|[upkeep]
|-damage|p2a: Metallica|94/100|[from] Sandstorm
|upkeep
|turn|27
|
|t:|1728867552
|switch|p1a: oi UE|Zapdos|100/100
|move|p2a: Metallica|Rock Slide|p1a: oi UE
|-supereffective|p1a: oi UE
|-damage|p1a: oi UE|0 fnt
|faint|p1a: oi UE
|
|t:|1728867564
|switch|p1a: me woif|Swampert, M|62/100
|-damage|p1a: me woif|50/100|[from] Spikes
|
|-weather|Sandstorm|[upkeep]
|-damage|p2a: Metallica|88/100|[from] Sandstorm
|-heal|p1a: me woif|56/100|[from] item: Leftovers
|upkeep
|turn|28
|
|t:|1728867568
|switch|p2a: FEED MY EYES|Gyarados, M, shiny|44/100
|-ability|p2a: FEED MY EYES|Intimidate|boost
|-unboost|p1a: me woif|atk|1
|move|p1a: me woif|Ice Beam|p2a: FEED MY EYES
|-damage|p2a: FEED MY EYES|17/100
|-status|p2a: FEED MY EYES|frz
|
|-weather|Sandstorm|[upkeep]
|-damage|p2a: FEED MY EYES|11/100 frz|[from] Sandstorm
|-heal|p2a: FEED MY EYES|17/100 frz|[from] item: Leftovers
|-heal|p1a: me woif|62/100|[from] item: Leftovers
|upkeep
|turn|29
|
|t:|1728867579
|switch|p2a: Knife Prty|Skarmory, F|33/100
|move|p1a: me woif|Ice Beam|p2a: Knife Prty
|-damage|p2a: Knife Prty|8/100
|
|-weather|Sandstorm|[upkeep]
|-heal|p1a: me woif|69/100|[from] item: Leftovers
|-heal|p2a: Knife Prty|14/100|[from] item: Leftovers
|upkeep
|turn|30
|
|t:|1728867581
|move|p2a: Knife Prty|Protect|p2a: Knife Prty
|-singleturn|p2a: Knife Prty|Protect
|move|p1a: me woif|Ice Beam|p2a: Knife Prty
|-activate|p2a: Knife Prty|Protect
|
|-weather|Sandstorm|[upkeep]
|-heal|p1a: me woif|75/100|[from] item: Leftovers
|-heal|p2a: Knife Prty|20/100|[from] item: Leftovers
|upkeep
|turn|31
|
|t:|1728867589
|move|p1a: me woif|Ice Beam|p2a: Knife Prty
|-damage|p2a: Knife Prty|0 fnt
|faint|p2a: Knife Prty
|
|t:|1728867602
|switch|p2a: FEED MY EYES|Gyarados, M, shiny|17/100 frz
|-ability|p2a: FEED MY EYES|Intimidate|boost
|-unboost|p1a: me woif|atk|1
|
|-weather|Sandstorm|[upkeep]
|-damage|p2a: FEED MY EYES|11/100 frz|[from] Sandstorm
|-heal|p2a: FEED MY EYES|17/100 frz|[from] item: Leftovers
|-heal|p1a: me woif|81/100|[from] item: Leftovers
|upkeep
|turn|32
|
|t:|1728867607
|switch|p2a: Interior Theatre|Swampert, M|100/100
|move|p1a: me woif|Ice Beam|p2a: Interior Theatre
|-damage|p2a: Interior Theatre|73/100
|
|-weather|Sandstorm|[upkeep]
|-heal|p1a: me woif|87/100|[from] item: Leftovers
|upkeep
|turn|33
|
|t:|1728867614
|switch|p1a: homelanda killed|Jirachi|34/100
|-damage|p1a: homelanda killed|21/100|[from] Spikes
|move|p2a: Interior Theatre|Substitute|p2a: Interior Theatre
|-start|p2a: Interior Theatre|Substitute
|-damage|p2a: Interior Theatre|48/100
|
|-weather|Sandstorm|[upkeep]
|upkeep
|turn|34
|
|t:|1728867622
|move|p1a: homelanda killed|Body Slam|p2a: Interior Theatre
|-end|p2a: Interior Theatre|Substitute
|move|p2a: Interior Theatre|Substitute|p2a: Interior Theatre
|-start|p2a: Interior Theatre|Substitute
|-damage|p2a: Interior Theatre|23/100
|
|-weather|Sandstorm|[upkeep]
|-enditem|p2a: Interior Theatre|Salac Berry|[eat]
|-boost|p2a: Interior Theatre|spe|1|[from] item: Salac Berry
|upkeep
|turn|35
|
|t:|1728867628
|move|p2a: Interior Theatre|Hydro Pump|p1a: homelanda killed
|-damage|p1a: homelanda killed|0 fnt
|faint|p1a: homelanda killed
|
|t:|1728867656
|switch|p1a: deep blow a train|Salamence, M|100/100 par
|
|-weather|Sandstorm|[upkeep]
|-damage|p1a: deep blow a train|94/100 par|[from] Sandstorm
|-heal|p1a: deep blow a train|100/100 par|[from] item: Leftovers
|upkeep
|turn|36
|
|t:|1728867661
|move|p2a: Interior Theatre|Endeavor|p1a: deep blow a train
|-damage|p1a: deep blow a train|24/100 par
|move|p1a: deep blow a train|Hidden Power|p2a: Interior Theatre
|-supereffective|p2a: Interior Theatre
|-end|p2a: Interior Theatre|Substitute
|
|-weather|Sandstorm|[upkeep]
|-damage|p1a: deep blow a train|18/100 par|[from] Sandstorm
|-heal|p1a: deep blow a train|24/100 par|[from] item: Leftovers
|upkeep
|turn|37
|
|t:|1728867668
|move|p2a: Interior Theatre|Hydro Pump|p1a: deep blow a train
|-resisted|p1a: deep blow a train
|-damage|p1a: deep blow a train|0 fnt
|faint|p1a: deep blow a train
|
|t:|1728867677
|switch|p1a: 500 yummers|Aerodactyl, F|100/100
|
|-weather|Sandstorm|[upkeep]
|upkeep
|turn|38
|
|t:|1728867702
|switch|p2a: FEED MY EYES|Gyarados, M, shiny|17/100 frz
|-ability|p2a: FEED MY EYES|Intimidate|boost
|-unboost|p1a: 500 yummers|atk|1
|move|p1a: 500 yummers|Double-Edge|p2a: FEED MY EYES
|-damage|p2a: FEED MY EYES|0 fnt
|faint|p2a: FEED MY EYES
|
|t:|1728867719
|switch|p2a: Metallica|Salamence, F|88/100
|-ability|p2a: Metallica|Intimidate|boost
|-unboost|p1a: 500 yummers|atk|1
|
|-weather|Sandstorm|[upkeep]
|-damage|p2a: Metallica|82/100|[from] Sandstorm
|upkeep
|turn|39
|
|t:|1728867729
|move|p1a: 500 yummers|Substitute|p1a: 500 yummers
|-start|p1a: 500 yummers|Substitute
|-damage|p1a: 500 yummers|76/100
|move|p2a: Metallica|Brick Break|p1a: 500 yummers
|-end|p1a: 500 yummers|Substitute
|
|-weather|Sandstorm|[upkeep]
|-damage|p2a: Metallica|76/100|[from] Sandstorm
|upkeep
|turn|40
|
|t:|1728867752
|move|p1a: 500 yummers|Substitute|p1a: 500 yummers
|-start|p1a: 500 yummers|Substitute
|-damage|p1a: 500 yummers|51/100
|move|p2a: Metallica|Brick Break|p1a: 500 yummers
|-end|p1a: 500 yummers|Substitute
|
|-weather|Sandstorm|[upkeep]
|-damage|p2a: Metallica|70/100|[from] Sandstorm
|upkeep
|turn|41
|
|t:|1728867760
|switch|p1a: me woif|Swampert, M|87/100
|-damage|p1a: me woif|75/100|[from] Spikes
|switch|p2a: Like a Stone|Blissey, F|24/100
|
|-weather|Sandstorm|[upkeep]
|-damage|p2a: Like a Stone|18/100|[from] Sandstorm
|-heal|p1a: me woif|81/100|[from] item: Leftovers
|-heal|p2a: Like a Stone|24/100|[from] item: Leftovers
|upkeep
|turn|42
|
|t:|1728867770
|move|p1a: me woif|Earthquake|p2a: Like a Stone
|-damage|p2a: Like a Stone|0 fnt
|faint|p2a: Like a Stone
|
|t:|1728867777
|switch|p2a: Interior Theatre|Swampert, M|23/100
|
|-weather|Sandstorm|[upkeep]
|-heal|p1a: me woif|87/100|[from] item: Leftovers
|upkeep
|turn|43
|
|t:|1728867782
|move|p2a: Interior Theatre|Hydro Pump|p1a: me woif
|-damage|p1a: me woif|5/100
|move|p1a: me woif|Earthquake|p2a: Interior Theatre
|-damage|p2a: Interior Theatre|0 fnt
|faint|p2a: Interior Theatre
|
|t:|1728867790
|switch|p2a: Metallica|Salamence, F|70/100
|-ability|p2a: Metallica|Intimidate|boost
|-unboost|p1a: me woif|atk|1
|
|-weather|Sandstorm|[upkeep]
|-damage|p2a: Metallica|64/100|[from] Sandstorm
|-heal|p1a: me woif|12/100|[from] item: Leftovers
|upkeep
|turn|44
|
|t:|1728867796
|move|p2a: Metallica|Brick Break|p1a: me woif
|-damage|p1a: me woif|0 fnt
|faint|p1a: me woif
|
|t:|1728867801
|switch|p1a: ashley look at me|Tyranitar, F|70/100
|-damage|p1a: ashley look at me|58/100|[from] Spikes
|
|-weather|Sandstorm|[upkeep]
|-damage|p2a: Metallica|58/100|[from] Sandstorm
|-heal|p1a: ashley look at me|64/100|[from] item: Leftovers
|upkeep
|turn|45
|
|t:|1728867803
|move|p2a: Metallica|Brick Break|p1a: ashley look at me
|-supereffective|p1a: ashley look at me
|-damage|p1a: ashley look at me|0 fnt
|faint|p1a: ashley look at me
|
|t:|1728867805
|switch|p1a: 500 yummers|Aerodactyl, F|51/100
|
|-weather|Sandstorm|[upkeep]
|-damage|p2a: Metallica|52/100|[from] Sandstorm
|upkeep
|turn|46
|c|☆FREEYSL321|gg
|
|t:|1728867809
|move|p1a: 500 yummers|Substitute|p1a: 500 yummers
|-start|p1a: 500 yummers|Substitute
|-damage|p1a: 500 yummers|26/100
|move|p2a: Metallica|Brick Break|p1a: 500 yummers
|-end|p1a: 500 yummers|Substitute
|
|-weather|Sandstorm|[upkeep]
|-damage|p2a: Metallica|46/100|[from] Sandstorm
|upkeep
|turn|47
|
|t:|1728867814
|move|p1a: 500 yummers|Substitute|p1a: 500 yummers
|-start|p1a: 500 yummers|Substitute
|-damage|p1a: 500 yummers|1/100
|move|p2a: Metallica|Brick Break|p1a: 500 yummers
|-end|p1a: 500 yummers|Substitute
|
|-weather|Sandstorm|[upkeep]
|-damage|p2a: Metallica|40/100|[from] Sandstorm
|-enditem|p1a: 500 yummers|Liechi Berry|[eat]
|-boost|p1a: 500 yummers|atk|1|[from] item: Liechi Berry
|upkeep
|turn|48
|
|t:|1728867824
|move|p1a: 500 yummers|Double-Edge|p2a: Metallica
|-damage|p2a: Metallica|0 fnt
|faint|p2a: Metallica
|
|win|thedolla
|player|p2|
|c|☆thedolla|gg

</script>
<script type="application/json" class="data" id="replaydata-smogtours-gen3ou-798557">
{"id":"smogtours-gen3ou-798557","format":"[Gen 3] OU","players":["thedolla","FREEYSL321"],"uploadtime":1728867824,"views":76,"formatid":"gen3ou","rating":null,"private":0,"password":null}
</script>

<script defer src="js/replays.js?9d40a366"></script>
