<!DOCTYPE html>
<meta charset="utf-8" />
<meta name="viewport" content="width=device-width" />

<title>[Gen 3] OU: leoperi99 vs. Elian - Replays - Pok&eacute;mon Showdown!</title>

<meta name="description" content="Watch a replay of a Pok&eacute;mon battle between leoperi99 and Elian! Format: [Gen 3] OU; Date: Oct 19, 2024" />
<!--

Hey, you! Looking in the source for the replay log?

You can find them in JSON format, just add `.json` at the end of a replay URL.

https://replay.pokemonshowdown.com/gen7randomdoublesbattle-865046831.json

Or, if you only need the log itself, add `.log` instead:

https://replay.pokemonshowdown.com/gen7randomdoublesbattle-865046831.log

-->

<link rel="stylesheet" href="//pokemonshowdown.com/style/global.css?0.023195364461161105" />
<link rel="stylesheet" href="//play.pokemonshowdown.com/style/font-awesome.css?0.13261647063804238" />
<link rel="stylesheet" href="//play.pokemonshowdown.com/style/battle.css?0.8753245789963631" />
<link rel="stylesheet" href="//play.pokemonshowdown.com/style/utilichart.css?0.8627959624976733" />

<!-- Global site tag (gtag.js) - Google Analytics -->
<script async src="https://www.googletagmanager.com/gtag/js?id=UA-26211653-1"></script>
<script>
  window.dataLayer = window.dataLayer || [];
  function gtag(){dataLayer.push(arguments);}
  gtag('js', new Date());

  gtag('config', 'UA-26211653-1');
</script>
<!-- End Google Analytics -->
<!-- Venatus Ad Manager - Install in <HEAD> of page -->
	<script src="https://hb.vntsm.com/v3/live/ad-manager.min.js" type="text/javascript" data-site-id="642aba63ec9a7b11c3c9c1be" data-mode="scan" async></script>
<!-- / Venatus Ad Manager -->

<style>
	@media (max-width:820px) {
		.battle {
			margin: 0 auto;
		}
		.battle-log {
			margin: 7px auto 0;
			max-width: 640px;
			height: 300px;
			position: static;
		}
	}
	.optgroup {
		display: inline-block;
		line-height: 22px;
		font-size: 10pt;
	}
	.optgroup .button {
		height: 25px;
		padding-top: 0;
		padding-bottom: 0;
	}
	.optgroup button.button {
		padding-left: 12px;
		padding-right: 12px;
	}
	.linklist {
		list-style: none;
		margin: 0.5em 0;
		padding: 0;
	}
	.linklist li {
		padding: 2px 0;
	}
	.sidebar {
		float: left;
		width: 320px;
	}
	.bar-wrapper {
		max-width: 1100px;
		margin: 0 auto;
	}
	.bar-wrapper.has-sidebar {
		max-width: 1430px;
	}
	.mainbar {
		margin: 0;
		padding-right: 1px;
	}
	.mainbar.has-sidebar {
		margin-left: 330px;
	}
	@media (min-width: 1511px) {
		.sidebar {
			width: 400px;
		}
		.bar-wrapper.has-sidebar {
			max-width: 1510px;
		}
		.mainbar.has-sidebar {
			margin-left: 410px;
		}
	}
	.section.first-section {
		margin-top: 9px;
	}
	.blocklink small {
		white-space: normal;
	}
	.button {
		vertical-align: middle;
	}
	.replay-controls {
		padding-top: 10px;
	}
	.replay-controls h1 {
		font-size: 16pt;
		font-weight: normal;
		color: #CCC;
	}
	.pagelink {
		text-align: center;
	}
	.pagelink a {
		width: 150px;
	}
	.textbox, .button {
		font-size: 11pt;
		vertical-align: middle;
	}
	@media (max-width: 450px) {
		.button {
			font-size: 9pt;
		}
	}
</style>

<div>

	<header>
		<div class="nav-wrapper"><ul class="nav">
			<li><a class="button nav-first" href="//pokemonshowdown.com/"><img src="//pokemonshowdown.com/images/pokemonshowdownbeta.png" srcset="//pokemonshowdown.com/images/pokemonshowdownbeta.png 1x, //pokemonshowdown.com/images/pokemonshowdownbeta@2x.png 2x" alt="Pok&eacute;mon Showdown" width="146" height="44" /> Home</a></li>
			<li><a class="button" href="//pokemonshowdown.com/dex/">Pok&eacute;dex</a></li>
			<li><a class="button cur" href="/">Replays</a></li>
			<li><a class="button" href="//pokemonshowdown.com/ladder/">Ladder</a></li>
			<li><a class="button nav-last" href="//pokemonshowdown.com/forums/">Forum</a></li>
			<li><a class="button greenbutton nav-first nav-last" href="//play.pokemonshowdown.com/">Play</a></li>
		</ul></div>
	</header>

	<div class="main" id="main">

		<noscript><section class="section">You need to enable JavaScript to use this page; sorry!</section></noscript>

	</div>

</div>

<script defer nomodule src="//play.pokemonshowdown.com/js/lib/ps-polyfill.js"></script>
<script defer src="//play.pokemonshowdown.com/js/lib/preact.min.js"></script>

<script defer src="//play.pokemonshowdown.com/config/config.js?2bddbc15"></script>
<script defer src="//play.pokemonshowdown.com/js/lib/jquery-1.11.0.min.js"></script>
<script defer src="//play.pokemonshowdown.com/js/lib/html-sanitizer-minified.js"></script>
<script defer src="//play.pokemonshowdown.com/js/battle-sound.js"></script>
<script defer src="//play.pokemonshowdown.com/js/battledata.js?0.7209276989879541"></script>
<script defer src="//play.pokemonshowdown.com/data/pokedex-mini.js?0.6111056340867951"></script>
<script defer src="//play.pokemonshowdown.com/data/pokedex-mini-bw.js?0.3532142036491459"></script>
<script defer src="//play.pokemonshowdown.com/data/graphics.js?0.24223875632456182"></script>
<script defer src="//play.pokemonshowdown.com/data/pokedex.js?0.38839984266356864"></script>
<script defer src="//play.pokemonshowdown.com/data/moves.js?0.21866028504024015"></script>
<script defer src="//play.pokemonshowdown.com/data/abilities.js?0.2005157953846628"></script>
<script defer src="//play.pokemonshowdown.com/data/items.js?0.9894211263848525"></script>
<script defer src="//play.pokemonshowdown.com/data/teambuilder-tables.js?0.6008791140282215"></script>
<script defer src="//play.pokemonshowdown.com/js/battle-tooltips.js?0.7580118955022959"></script>
<script defer src="//play.pokemonshowdown.com/js/battle.js?0.6057722274234274"></script>

<script defer src="js/utils.js?e31f9a17"></script>
<script defer src="js/replays-battle.js?7008c182"></script>

<!-- don't scrape this data! just add .json or .log after the URL!
Full API docs: https://github.com/smogon/pokemon-showdown-client/blob/master/WEB-API.md -->
<script type="text/plain" class="log" id="replaylog-smogtours-gen3ou-800073">
|inactive|Battle timer is ON: inactive players will automatically lose when time's up.
|t:|1729368561
|gametype|singles
|player|p1|leoperi99|hala|
|player|p2|Elian|erika-gen2|
|teamsize|p1|6
|teamsize|p2|6
|gen|3
|tier|[Gen 3] OU
|rule|Sleep Clause Mod: Limit one foe put to sleep
|rule|Switch Priority Clause Mod: Faster Pokémon switch first
|rule|Species Clause: Limit one of each Pokémon
|rule|OHKO Clause: OHKO moves are banned
|rule|Evasion Items Clause: Evasion items are banned
|rule|Evasion Moves Clause: Evasion moves are banned
|rule|Endless Battle Clause: Forcing endless battles is banned
|rule|HP Percentage Mod: HP is shown in percentages
|rule|One Boost Passer Clause: Limit one Baton Passer that has a way to boost its stats
|rule|Freeze Clause Mod: Limit one foe frozen
|
|t:|1729368561
|start
|switch|p1a: Medicham|Medicham, F, shiny|100/100
|switch|p2a: Swampert|Swampert, M|100/100
|turn|1
|c|☆Elian|hf
|c|☆leoperi99|u2
|
|t:|1729368570
|switch|p1a: Suicune|Suicune, shiny|100/100
|move|p2a: Swampert|Earthquake|p1a: Suicune
|-damage|p1a: Suicune|74/100
|
|-heal|p1a: Suicune|81/100|[from] item: Leftovers
|upkeep
|turn|2
|
|t:|1729368575
|switch|p2a: Zapdos|Zapdos|100/100
|move|p1a: Suicune|Surf|p2a: Zapdos
|-damage|p2a: Zapdos|73/100
|
|-heal|p2a: Zapdos|79/100|[from] item: Leftovers
|-heal|p1a: Suicune|87/100|[from] item: Leftovers
|upkeep
|turn|3
|
|t:|1729368580
|switch|p1a: Claydol|Claydol|100/100
|move|p2a: Zapdos|Thunderbolt|p1a: Claydol
|-immune|p1a: Claydol
|
|-heal|p2a: Zapdos|85/100|[from] item: Leftovers
|upkeep
|turn|4
|
|t:|1729368587
|switch|p2a: Skarmory|Skarmory, M|100/100
|switch|p1a: Snorlax|Snorlax, M, shiny|100/100
|
|upkeep
|turn|5
|
|t:|1729368599
|-singleturn|p1a: Snorlax|move: Focus Punch
|move|p2a: Skarmory|Spikes|p1a: Snorlax
|-sidestart|p1: leoperi99|Spikes
|move|p1a: Snorlax|Focus Punch|p2a: Skarmory
|-damage|p2a: Skarmory|64/100
|
|-heal|p2a: Skarmory|70/100|[from] item: Leftovers
|upkeep
|turn|6
|
|t:|1729368610
|move|p2a: Skarmory|Spikes|p1a: Snorlax
|-sidestart|p1: leoperi99|Spikes
|move|p1a: Snorlax|Body Slam|p2a: Skarmory
|-resisted|p2a: Skarmory
|-damage|p2a: Skarmory|56/100
|-status|p2a: Skarmory|par
|
|-heal|p2a: Skarmory|62/100 par|[from] item: Leftovers
|upkeep
|turn|7
|
|t:|1729368618
|-singleturn|p1a: Snorlax|move: Focus Punch
|move|p2a: Skarmory|Rest|p2a: Skarmory
|-status|p2a: Skarmory|slp|[from] move: Rest
|-heal|p2a: Skarmory|100/100 slp|[silent]
|move|p1a: Snorlax|Focus Punch|p2a: Skarmory
|-damage|p2a: Skarmory|65/100 slp
|
|-heal|p2a: Skarmory|71/100 slp|[from] item: Leftovers
|upkeep
|turn|8
|
|t:|1729368628
|-singleturn|p1a: Snorlax|move: Focus Punch
|cant|p2a: Skarmory|slp
|move|p1a: Snorlax|Focus Punch|p2a: Skarmory
|-crit|p2a: Skarmory
|-damage|p2a: Skarmory|3/100 slp
|
|-heal|p2a: Skarmory|9/100 slp|[from] item: Leftovers
|upkeep
|turn|9
|
|t:|1729368638
|-singleturn|p1a: Snorlax|move: Focus Punch
|cant|p2a: Skarmory|slp
|move|p1a: Snorlax|Focus Punch|p2a: Skarmory
|-damage|p2a: Skarmory|0 fnt
|faint|p2a: Skarmory
|
|t:|1729368644
|switch|p2a: Aerodactyl|Aerodactyl, F|100/100
|
|upkeep
|turn|10
|
|t:|1729368657
|switch|p1a: Metagross|Metagross|100/100
|-damage|p1a: Metagross|84/100|[from] Spikes
|move|p2a: Aerodactyl|Double-Edge|p1a: Metagross
|-resisted|p1a: Metagross
|-damage|p1a: Metagross|66/100
|
|-heal|p1a: Metagross|72/100|[from] item: Leftovers
|upkeep
|turn|11
|
|t:|1729368662
|switch|p2a: Magneton|Magneton|100/100
|move|p1a: Metagross|Rock Slide|p2a: Magneton|[miss]
|-miss|p1a: Metagross|p2a: Magneton
|
|-heal|p1a: Metagross|78/100|[from] item: Leftovers
|upkeep
|turn|12
|
|t:|1729368666
|move|p2a: Magneton|Hidden Power|p1a: Metagross
|-supereffective|p1a: Metagross
|-damage|p1a: Metagross|23/100
|move|p1a: Metagross|Earthquake|p2a: Magneton
|-supereffective|p2a: Magneton
|-damage|p2a: Magneton|0 fnt
|faint|p2a: Magneton
|
|t:|1729368669
|switch|p2a: Zapdos|Zapdos|85/100
|
|-heal|p2a: Zapdos|91/100|[from] item: Leftovers
|-heal|p1a: Metagross|29/100|[from] item: Leftovers
|upkeep
|turn|13
|
|t:|1729368674
|switch|p1a: Claydol|Claydol|100/100
|move|p2a: Zapdos|Thunderbolt|p1a: Claydol
|-immune|p1a: Claydol
|
|-heal|p2a: Zapdos|98/100|[from] item: Leftovers
|upkeep
|turn|14
|
|t:|1729368676
|move|p2a: Zapdos|Toxic|p1a: Claydol
|-status|p1a: Claydol|tox
|move|p1a: Claydol|Rapid Spin|p2a: Zapdos
|-damage|p2a: Zapdos|93/100
|-sideend|p1: leoperi99|Spikes|[from] move: Rapid Spin|[of] p1a: Claydol
|
|-heal|p2a: Zapdos|99/100|[from] item: Leftovers
|-damage|p1a: Claydol|94/100 tox|[from] psn
|upkeep
|turn|15
|
|t:|1729368682
|switch|p2a: Blissey|Blissey, F|100/100
|switch|p1a: Snorlax|Snorlax, M, shiny|100/100
|
|upkeep
|turn|16
|
|t:|1729368686
|move|p2a: Blissey|Seismic Toss|p1a: Snorlax
|-damage|p1a: Snorlax|79/100
|move|p1a: Snorlax|Body Slam|p2a: Blissey
|-damage|p2a: Blissey|56/100
|-status|p2a: Blissey|par
|
|-heal|p1a: Snorlax|85/100|[from] item: Leftovers
|-heal|p2a: Blissey|62/100 par|[from] item: Leftovers
|upkeep
|turn|17
|
|t:|1729368693
|-curestatus|p2a: Blissey|par|[from] ability: Natural Cure
|switch|p2a: Aerodactyl|Aerodactyl, F|100/100
|move|p1a: Snorlax|Body Slam|p2a: Aerodactyl
|-resisted|p2a: Aerodactyl
|-damage|p2a: Aerodactyl|67/100
|
|-heal|p1a: Snorlax|91/100|[from] item: Leftovers
|upkeep
|turn|18
|
|t:|1729368703
|switch|p1a: Claydol|Claydol|94/100 tox
|move|p2a: Aerodactyl|Double-Edge|p1a: Claydol
|-damage|p1a: Claydol|39/100 tox
|
|-heal|p1a: Claydol|45/100 tox|[from] item: Leftovers
|-damage|p1a: Claydol|39/100 tox|[from] psn
|upkeep
|turn|19
|
|t:|1729368709
|switch|p1a: Metagross|Metagross|29/100
|move|p2a: Aerodactyl|Double-Edge|p1a: Metagross
|-resisted|p1a: Metagross
|-damage|p1a: Metagross|10/100
|
|-heal|p1a: Metagross|16/100|[from] item: Leftovers
|upkeep
|turn|20
|
|t:|1729368712
|move|p2a: Aerodactyl|Double-Edge|p1a: Metagross
|-resisted|p1a: Metagross
|-damage|p1a: Metagross|0 fnt
|faint|p1a: Metagross
|
|t:|1729368716
|switch|p1a: Salamence|Salamence, F|100/100
|-ability|p1a: Salamence|Intimidate|boost
|-unboost|p2a: Aerodactyl|atk|1
|
|upkeep
|turn|21
|
|t:|1729368719
|switch|p2a: Swampert|Swampert, M|100/100
|move|p1a: Salamence|Hidden Power|p2a: Swampert
|-damage|p2a: Swampert|71/100
|
|-heal|p2a: Swampert|77/100|[from] item: Leftovers
|upkeep
|turn|22
|
|t:|1729368724
|switch|p1a: Suicune|Suicune, shiny|87/100
|move|p2a: Swampert|Ice Beam|p1a: Suicune
|-resisted|p1a: Suicune
|-damage|p1a: Suicune|79/100
|
|-heal|p1a: Suicune|86/100|[from] item: Leftovers
|-heal|p2a: Swampert|84/100|[from] item: Leftovers
|upkeep
|turn|23
|
|t:|1729368726
|switch|p2a: Zapdos|Zapdos|99/100
|move|p1a: Suicune|Calm Mind|p1a: Suicune
|-boost|p1a: Suicune|spa|1
|-boost|p1a: Suicune|spd|1
|
|-heal|p2a: Zapdos|100/100|[from] item: Leftovers
|-heal|p1a: Suicune|92/100|[from] item: Leftovers
|upkeep
|turn|24
|
|t:|1729368731
|move|p2a: Zapdos|Thunderbolt|p1a: Suicune
|-supereffective|p1a: Suicune
|-damage|p1a: Suicune|49/100
|move|p1a: Suicune|Ice Beam|p2a: Zapdos
|-supereffective|p2a: Zapdos
|-damage|p2a: Zapdos|38/100
|
|-heal|p2a: Zapdos|44/100|[from] item: Leftovers
|-heal|p1a: Suicune|55/100|[from] item: Leftovers
|upkeep
|turn|25
|
|t:|1729368735
|switch|p1a: Claydol|Claydol|39/100 tox
|move|p2a: Zapdos|Thunderbolt|p1a: Claydol
|-immune|p1a: Claydol
|
|-heal|p2a: Zapdos|50/100|[from] item: Leftovers
|-heal|p1a: Claydol|45/100 tox|[from] item: Leftovers
|-damage|p1a: Claydol|39/100 tox|[from] psn
|upkeep
|turn|26
|
|t:|1729368739
|switch|p2a: Blissey|Blissey, F|62/100
|move|p1a: Claydol|Explosion|p2a: Blissey
|-damage|p2a: Blissey|0 fnt
|faint|p1a: Claydol
|faint|p2a: Blissey
|
|t:|1729368747
|switch|p1a: Medicham|Medicham, F, shiny|100/100
|switch|p2a: Aerodactyl|Aerodactyl, F|67/100
|
|upkeep
|turn|27
|
|t:|1729368751
|switch|p1a: Salamence|Salamence, F|100/100
|-ability|p1a: Salamence|Intimidate|boost
|-unboost|p2a: Aerodactyl|atk|1
|move|p2a: Aerodactyl|Double-Edge|p1a: Salamence
|-damage|p1a: Salamence|63/100
|
|-heal|p1a: Salamence|69/100|[from] item: Leftovers
|upkeep
|turn|28
|
|t:|1729368755
|switch|p2a: Swampert|Swampert, M|84/100
|move|p1a: Salamence|Hidden Power|p2a: Swampert
|-damage|p2a: Swampert|55/100
|
|-heal|p1a: Salamence|75/100|[from] item: Leftovers
|-heal|p2a: Swampert|61/100|[from] item: Leftovers
|upkeep
|turn|29
|
|t:|1729368760
|switch|p1a: Medicham|Medicham, F, shiny|100/100
|switch|p2a: Aerodactyl|Aerodactyl, F|67/100
|
|upkeep
|turn|30
|
|t:|1729368763
|move|p2a: Aerodactyl|Double-Edge|p1a: Medicham
|-damage|p1a: Medicham|16/100
|move|p1a: Medicham|Brick Break|p2a: Aerodactyl
|-damage|p2a: Aerodactyl|0 fnt
|faint|p2a: Aerodactyl
|
|t:|1729368767
|switch|p2a: Zapdos|Zapdos|50/100
|
|-heal|p2a: Zapdos|57/100|[from] item: Leftovers
|upkeep
|turn|31
|
|t:|1729368771
|switch|p1a: Snorlax|Snorlax, M, shiny|91/100
|move|p2a: Zapdos|Thunderbolt|p1a: Snorlax
|-damage|p1a: Snorlax|67/100
|
|-heal|p2a: Zapdos|63/100|[from] item: Leftovers
|-heal|p1a: Snorlax|73/100|[from] item: Leftovers
|upkeep
|turn|32
|
|t:|1729368773
|move|p2a: Zapdos|Thunderbolt|p1a: Snorlax
|-damage|p1a: Snorlax|50/100
|move|p1a: Snorlax|Body Slam|p2a: Zapdos
|-damage|p2a: Zapdos|26/100
|-status|p2a: Zapdos|par
|
|-heal|p1a: Snorlax|56/100|[from] item: Leftovers
|-heal|p2a: Zapdos|32/100 par|[from] item: Leftovers
|upkeep
|turn|33
|
|t:|1729368776
|move|p1a: Snorlax|Body Slam|p2a: Zapdos
|-damage|p2a: Zapdos|0 fnt
|faint|p2a: Zapdos
|
|t:|1729368778
|switch|p2a: Swampert|Swampert, M|61/100
|
|-heal|p2a: Swampert|68/100|[from] item: Leftovers
|-heal|p1a: Snorlax|62/100|[from] item: Leftovers
|upkeep
|turn|34
|c|☆Elian|gg
|
|t:|1729368783
|move|p2a: Swampert|Curse|p2a: Swampert
|-unboost|p2a: Swampert|spe|1
|-boost|p2a: Swampert|atk|1
|-boost|p2a: Swampert|def|1
|move|p1a: Snorlax|Body Slam|p2a: Swampert
|-damage|p2a: Swampert|47/100
|
|-heal|p1a: Snorlax|68/100|[from] item: Leftovers
|-heal|p2a: Swampert|53/100|[from] item: Leftovers
|upkeep
|turn|35
|c|☆leoperi99|gg
|
|t:|1729368786
|move|p1a: Snorlax|Self-Destruct|p2a: Swampert
|-damage|p2a: Swampert|0 fnt
|faint|p1a: Snorlax
|faint|p2a: Swampert
|
|win|leoperi99
|player|p1|

</script>
<script type="application/json" class="data" id="replaydata-smogtours-gen3ou-800073">
{"id":"smogtours-gen3ou-800073","format":"[Gen 3] OU","players":["leoperi99","Elian"],"uploadtime":1729368786,"views":92,"formatid":"gen3ou","rating":null,"private":0,"password":null}
</script>

<script defer src="js/replays.js?9d40a366"></script>
