<!DOCTYPE html>
<meta charset="utf-8" />
<meta name="viewport" content="width=device-width" />

<title>[Gen 3] OU: clarissen vs. Tempokin - Replays - Pok&eacute;mon Showdown!</title>

<meta name="description" content="Watch a replay of a Pok&eacute;mon battle between clarissen and Tempokin! Format: [Gen 3] OU; Date: Oct 12, 2024" />
<!--

Hey, you! Looking in the source for the replay log?

You can find them in JSON format, just add `.json` at the end of a replay URL.

https://replay.pokemonshowdown.com/gen7randomdoublesbattle-865046831.json

Or, if you only need the log itself, add `.log` instead:

https://replay.pokemonshowdown.com/gen7randomdoublesbattle-865046831.log

-->

<link rel="stylesheet" href="//pokemonshowdown.com/style/global.css?0.767286132409787" />
<link rel="stylesheet" href="//play.pokemonshowdown.com/style/font-awesome.css?0.9266228007934947" />
<link rel="stylesheet" href="//play.pokemonshowdown.com/style/battle.css?0.7924700842790926" />
<link rel="stylesheet" href="//play.pokemonshowdown.com/style/utilichart.css?0.8777417872839479" />

<!-- Global site tag (gtag.js) - Google Analytics -->
<script async src="https://www.googletagmanager.com/gtag/js?id=UA-26211653-1"></script>
<script>
  window.dataLayer = window.dataLayer || [];
  function gtag(){dataLayer.push(arguments);}
  gtag('js', new Date());

  gtag('config', 'UA-26211653-1');
</script>
<!-- End Google Analytics -->
<!-- Venatus Ad Manager - Install in <HEAD> of page -->
	<script src="https://hb.vntsm.com/v3/live/ad-manager.min.js" type="text/javascript" data-site-id="642aba63ec9a7b11c3c9c1be" data-mode="scan" async></script>
<!-- / Venatus Ad Manager -->

<style>
	@media (max-width:820px) {
		.battle {
			margin: 0 auto;
		}
		.battle-log {
			margin: 7px auto 0;
			max-width: 640px;
			height: 300px;
			position: static;
		}
	}
	.optgroup {
		display: inline-block;
		line-height: 22px;
		font-size: 10pt;
	}
	.optgroup .button {
		height: 25px;
		padding-top: 0;
		padding-bottom: 0;
	}
	.optgroup button.button {
		padding-left: 12px;
		padding-right: 12px;
	}
	.linklist {
		list-style: none;
		margin: 0.5em 0;
		padding: 0;
	}
	.linklist li {
		padding: 2px 0;
	}
	.sidebar {
		float: left;
		width: 320px;
	}
	.bar-wrapper {
		max-width: 1100px;
		margin: 0 auto;
	}
	.bar-wrapper.has-sidebar {
		max-width: 1430px;
	}
	.mainbar {
		margin: 0;
		padding-right: 1px;
	}
	.mainbar.has-sidebar {
		margin-left: 330px;
	}
	@media (min-width: 1511px) {
		.sidebar {
			width: 400px;
		}
		.bar-wrapper.has-sidebar {
			max-width: 1510px;
		}
		.mainbar.has-sidebar {
			margin-left: 410px;
		}
	}
	.section.first-section {
		margin-top: 9px;
	}
	.blocklink small {
		white-space: normal;
	}
	.button {
		vertical-align: middle;
	}
	.replay-controls {
		padding-top: 10px;
	}
	.replay-controls h1 {
		font-size: 16pt;
		font-weight: normal;
		color: #CCC;
	}
	.pagelink {
		text-align: center;
	}
	.pagelink a {
		width: 150px;
	}
	.textbox, .button {
		font-size: 11pt;
		vertical-align: middle;
	}
	@media (max-width: 450px) {
		.button {
			font-size: 9pt;
		}
	}
</style>

<div>

	<header>
		<div class="nav-wrapper"><ul class="nav">
			<li><a class="button nav-first" href="//pokemonshowdown.com/"><img src="//pokemonshowdown.com/images/pokemonshowdownbeta.png" srcset="//pokemonshowdown.com/images/pokemonshowdownbeta.png 1x, //pokemonshowdown.com/images/pokemonshowdownbeta@2x.png 2x" alt="Pok&eacute;mon Showdown" width="146" height="44" /> Home</a></li>
			<li><a class="button" href="//pokemonshowdown.com/dex/">Pok&eacute;dex</a></li>
			<li><a class="button cur" href="/">Replays</a></li>
			<li><a class="button" href="//pokemonshowdown.com/ladder/">Ladder</a></li>
			<li><a class="button nav-last" href="//pokemonshowdown.com/forums/">Forum</a></li>
			<li><a class="button greenbutton nav-first nav-last" href="//play.pokemonshowdown.com/">Play</a></li>
		</ul></div>
	</header>

	<div class="main" id="main">

		<noscript><section class="section">You need to enable JavaScript to use this page; sorry!</section></noscript>

	</div>

</div>

<script defer nomodule src="//play.pokemonshowdown.com/js/lib/ps-polyfill.js"></script>
<script defer src="//play.pokemonshowdown.com/js/lib/preact.min.js"></script>

<script defer src="//play.pokemonshowdown.com/config/config.js?6dec07f6"></script>
<script defer src="//play.pokemonshowdown.com/js/lib/jquery-1.11.0.min.js"></script>
<script defer src="//play.pokemonshowdown.com/js/lib/html-sanitizer-minified.js"></script>
<script defer src="//play.pokemonshowdown.com/js/battle-sound.js"></script>
<script defer src="//play.pokemonshowdown.com/js/battledata.js?0.6315294753075389"></script>
<script defer src="//play.pokemonshowdown.com/data/pokedex-mini.js?0.7603743185311358"></script>
<script defer src="//play.pokemonshowdown.com/data/pokedex-mini-bw.js?0.030888842834281283"></script>
<script defer src="//play.pokemonshowdown.com/data/graphics.js?0.05593094747507488"></script>
<script defer src="//play.pokemonshowdown.com/data/pokedex.js?0.47064822249611904"></script>
<script defer src="//play.pokemonshowdown.com/data/moves.js?0.8583693120512459"></script>
<script defer src="//play.pokemonshowdown.com/data/abilities.js?0.16017181182386842"></script>
<script defer src="//play.pokemonshowdown.com/data/items.js?0.4163379185673943"></script>
<script defer src="//play.pokemonshowdown.com/data/teambuilder-tables.js?0.31075597372830477"></script>
<script defer src="//play.pokemonshowdown.com/js/battle-tooltips.js?0.6536193500708172"></script>
<script defer src="//play.pokemonshowdown.com/js/battle.js?0.1916591943277901"></script>

<script defer src="js/utils.js?e31f9a17"></script>
<script defer src="js/replays-battle.js?7008c182"></script>

<!-- don't scrape this data! just add .json or .log after the URL!
Full API docs: https://github.com/smogon/pokemon-showdown-client/blob/master/WEB-API.md -->
<script type="text/plain" class="log" id="replaylog-smogtours-gen3ou-797846">
|inactive|Battle timer is ON: inactive players will automatically lose when time's up.
|t:|1728770565
|gametype|singles
|player|p1|clarissen|265|
|player|p2|Tempokin|steven-masters|
|teamsize|p1|6
|teamsize|p2|6
|gen|3
|tier|[Gen 3] OU
|rule|Sleep Clause Mod: Limit one foe put to sleep
|rule|Switch Priority Clause Mod: Faster Pokémon switch first
|rule|Species Clause: Limit one of each Pokémon
|rule|OHKO Clause: OHKO moves are banned
|rule|Evasion Items Clause: Evasion items are banned
|rule|Evasion Moves Clause: Evasion moves are banned
|rule|Endless Battle Clause: Forcing endless battles is banned
|rule|HP Percentage Mod: HP is shown in percentages
|rule|One Boost Passer Clause: Limit one Baton Passer that has a way to boost its stats
|rule|Freeze Clause Mod: Limit one foe frozen
|
|t:|1728770565
|start
|switch|p1a: Tyranitar|Tyranitar, M|100/100
|switch|p2a: Forretress|Forretress, F|100/100
|-weather|Sandstorm|[from] ability: Sand Stream|[of] p1a: Tyranitar
|turn|1
|c|☆clarissen|glhf
|c|☆Tempokin|gl
|inactive|Tempokin has 270 seconds left.
|
|t:|1728770596
|switch|p2a: Blissey|Blissey, F, shiny|100/100
|move|p1a: Tyranitar|Taunt|p2a: Blissey
|-start|p2a: Blissey|move: Taunt
|
|-weather|Sandstorm|[upkeep]
|-damage|p2a: Blissey|94/100|[from] Sandstorm
|-heal|p2a: Blissey|100/100|[from] item: Leftovers
|upkeep
|turn|2
|
|t:|1728770603
|move|p1a: Tyranitar|Rock Slide|p2a: Blissey
|-damage|p2a: Blissey|65/100
|cant|p2a: Blissey|flinch
|
|-weather|Sandstorm|[upkeep]
|-damage|p2a: Blissey|59/100|[from] Sandstorm
|-heal|p2a: Blissey|65/100|[from] item: Leftovers
|-end|p2a: Blissey|move: Taunt|[silent]
|upkeep
|turn|3
|
|t:|1728770611
|switch|p2a: Swampert|Swampert, F|100/100
|move|p1a: Tyranitar|Rock Slide|p2a: Swampert
|-resisted|p2a: Swampert
|-damage|p2a: Swampert|86/100
|
|-weather|Sandstorm|[upkeep]
|-heal|p2a: Swampert|93/100|[from] item: Leftovers
|upkeep
|turn|4
|c|☆Tempokin|hi sea
|c|☆Tempokin|big fan
|c|+SuperEpicAmpharos|im sorry
|
|t:|1728770641
|switch|p1a: Celebi|Celebi|100/100
|switch|p2a: Forretress|Forretress, F|100/100
|
|-weather|Sandstorm|[upkeep]
|-damage|p1a: Celebi|94/100|[from] Sandstorm
|-heal|p1a: Celebi|100/100|[from] item: Leftovers
|upkeep
|turn|5
|
|t:|1728770656
|switch|p2a: Dugtrio|Dugtrio, F|100/100
|move|p1a: Celebi|Hidden Power|p2a: Dugtrio
|-damage|p2a: Dugtrio|52/100
|
|-weather|Sandstorm|[upkeep]
|-damage|p1a: Celebi|94/100|[from] Sandstorm
|-heal|p1a: Celebi|100/100|[from] item: Leftovers
|upkeep
|turn|6
|c|☆Tempokin|damn this team is giga ass
|c|☆Tempokin|who made this
|inactive|Tempokin has 270 seconds left.
|c|☆Tempokin|oh wait offensive celebi nvrmind
|
|t:|1728770693
|move|p2a: Dugtrio|Hidden Power|p1a: Celebi
|-supereffective|p1a: Celebi
|-damage|p1a: Celebi|14/100
|move|p1a: Celebi|Giga Drain|p2a: Dugtrio
|-supereffective|p2a: Dugtrio
|-damage|p2a: Dugtrio|0 fnt
|-heal|p1a: Celebi|28/100|[from] drain|[of] p2a: Dugtrio
|faint|p2a: Dugtrio
|
|t:|1728770701
|switch|p2a: Tyranitar|Tyranitar, F|100/100
|
|-weather|Sandstorm|[upkeep]
|-damage|p1a: Celebi|22/100|[from] Sandstorm
|-heal|p1a: Celebi|28/100|[from] item: Leftovers
|upkeep
|turn|7
|
|t:|1728770706
|move|p1a: Celebi|Giga Drain|p2a: Tyranitar
|-supereffective|p2a: Tyranitar
|-damage|p2a: Tyranitar|51/100
|-heal|p1a: Celebi|54/100|[from] drain|[of] p2a: Tyranitar
|move|p2a: Tyranitar|Pursuit|p1a: Celebi
|-supereffective|p1a: Celebi
|-damage|p1a: Celebi|24/100
|
|-weather|Sandstorm|[upkeep]
|-damage|p1a: Celebi|18/100|[from] Sandstorm
|-heal|p1a: Celebi|24/100|[from] item: Leftovers
|-heal|p2a: Tyranitar|57/100|[from] item: Leftovers
|upkeep
|turn|8
|
|t:|1728770711
|move|p1a: Celebi|Giga Drain|p2a: Tyranitar
|-supereffective|p2a: Tyranitar
|-damage|p2a: Tyranitar|13/100
|-heal|p1a: Celebi|47/100|[from] drain|[of] p2a: Tyranitar
|move|p2a: Tyranitar|Crunch|p1a: Celebi
|-supereffective|p1a: Celebi
|-damage|p1a: Celebi|0 fnt
|faint|p1a: Celebi
|inactive|clarissen has 270 seconds left.
|c|☆Tempokin|the world isnt ready for the day i start thinking about my clicks
|inactive|clarissen has 240 seconds left.
|
|t:|1728770773
|switch|p1a: Moltres|Moltres|100/100
|
|-weather|Sandstorm|[upkeep]
|-damage|p1a: Moltres|94/100|[from] Sandstorm
|-heal|p1a: Moltres|100/100|[from] item: Leftovers
|-heal|p2a: Tyranitar|19/100|[from] item: Leftovers
|upkeep
|turn|9
|
|t:|1728770781
|switch|p1a: Tyranitar|Tyranitar, M|100/100
|switch|p2a: Blissey|Blissey, F, shiny|65/100
|
|-weather|Sandstorm|[upkeep]
|-damage|p2a: Blissey|59/100|[from] Sandstorm
|-heal|p2a: Blissey|65/100|[from] item: Leftovers
|upkeep
|turn|10
|
|t:|1728770788
|switch|p2a: Swampert|Swampert, F|93/100
|move|p1a: Tyranitar|Taunt|p2a: Swampert
|-start|p2a: Swampert|move: Taunt
|
|-weather|Sandstorm|[upkeep]
|-heal|p2a: Swampert|99/100|[from] item: Leftovers
|upkeep
|turn|11
|inactive|clarissen has 240 seconds left.
|
|t:|1728770833
|move|p1a: Tyranitar|Toxic|p2a: Swampert
|-status|p2a: Swampert|tox
|move|p2a: Swampert|Surf|p1a: Tyranitar
|-supereffective|p1a: Tyranitar
|-damage|p1a: Tyranitar|54/100
|
|-weather|Sandstorm|[upkeep]
|-heal|p1a: Tyranitar|61/100|[from] item: Leftovers
|-heal|p2a: Swampert|100/100 tox|[from] item: Leftovers
|-damage|p2a: Swampert|94/100 tox|[from] psn
|-end|p2a: Swampert|move: Taunt|[silent]
|upkeep
|turn|12
|
|t:|1728770851
|switch|p1a: Skarmory|Skarmory, M|100/100
|move|p2a: Swampert|Surf|p1a: Skarmory
|-crit|p1a: Skarmory
|-damage|p1a: Skarmory|38/100
|
|-weather|Sandstorm|[upkeep]
|-heal|p1a: Skarmory|44/100|[from] item: Leftovers
|-heal|p2a: Swampert|100/100 tox|[from] item: Leftovers
|-damage|p2a: Swampert|88/100 tox|[from] psn
|upkeep
|turn|13
|
|t:|1728770864
|switch|p2a: Forretress|Forretress, F|100/100
|move|p1a: Skarmory|Spikes|p2a: Forretress
|-sidestart|p2: Tempokin|Spikes
|
|-weather|Sandstorm|[upkeep]
|-heal|p1a: Skarmory|50/100|[from] item: Leftovers
|upkeep
|turn|14
|
|t:|1728770868
|move|p1a: Skarmory|Taunt|p2a: Forretress
|-start|p2a: Forretress|move: Taunt
|move|p2a: Forretress|Rapid Spin|p1a: Skarmory
|-resisted|p1a: Skarmory
|-damage|p1a: Skarmory|48/100
|-sideend|p2: Tempokin|Spikes|[from] move: Rapid Spin|[of] p2a: Forretress
|
|-weather|Sandstorm|[upkeep]
|-heal|p1a: Skarmory|54/100|[from] item: Leftovers
|upkeep
|turn|15
|
|t:|1728770881
|switch|p1a: Moltres|Moltres|100/100
|switch|p2a: Zapdos|Zapdos|100/100
|
|-weather|Sandstorm|[upkeep]
|-damage|p1a: Moltres|94/100|[from] Sandstorm
|-damage|p2a: Zapdos|94/100|[from] Sandstorm
|-heal|p1a: Moltres|100/100|[from] item: Leftovers
|-heal|p2a: Zapdos|100/100|[from] item: Leftovers
|upkeep
|turn|16
|
|t:|1728770892
|switch|p1a: Swampert|Swampert, F|100/100
|move|p2a: Zapdos|Rain Dance|p2a: Zapdos
|-weather|RainDance
|
|-weather|RainDance|[upkeep]
|upkeep
|turn|17
|c|☆Tempokin|hold up i need m ysand back
|
|t:|1728770917
|move|p2a: Zapdos|Hidden Power|p1a: Swampert
|-supereffective|p1a: Swampert
|-damage|p1a: Swampert|30/100
|move|p1a: Swampert|Hydro Pump|p2a: Zapdos
|-crit|p2a: Zapdos
|-damage|p2a: Zapdos|0 fnt
|faint|p2a: Zapdos
|
|t:|1728770921
|switch|p2a: Blissey|Blissey, F, shiny|65/100
|
|-weather|RainDance|[upkeep]
|-heal|p1a: Swampert|37/100|[from] item: Leftovers
|-heal|p2a: Blissey|71/100|[from] item: Leftovers
|upkeep
|turn|18
|c|☆clarissen|mb lol thought u couldnt fit hp grass w rain dance
|
|t:|1728770937
|-singleturn|p1a: Swampert|move: Focus Punch
|move|p2a: Blissey|Seismic Toss|p1a: Swampert
|-damage|p1a: Swampert|12/100
|move|p1a: Swampert|Focus Punch||[still]
|cant|p1a: Swampert|Focus Punch|Focus Punch
|
|-weather|RainDance|[upkeep]
|-heal|p1a: Swampert|18/100|[from] item: Leftovers
|-heal|p2a: Blissey|77/100|[from] item: Leftovers
|upkeep
|turn|19
|
|t:|1728770941
|move|p1a: Swampert|Earthquake|p2a: Blissey
|-damage|p2a: Blissey|44/100
|move|p2a: Blissey|Seismic Toss|p1a: Swampert
|-damage|p1a: Swampert|0 fnt
|faint|p1a: Swampert
|
|t:|1728770954
|switch|p1a: Skarmory|Skarmory, M|54/100
|
|-weather|RainDance|[upkeep]
|-heal|p1a: Skarmory|60/100|[from] item: Leftovers
|-heal|p2a: Blissey|50/100|[from] item: Leftovers
|upkeep
|turn|20
|
|t:|1728770962
|move|p1a: Skarmory|Taunt|p2a: Blissey
|-start|p2a: Blissey|move: Taunt
|cant|p2a: Blissey|move: Taunt|Wish
|
|-weather|none
|-heal|p1a: Skarmory|66/100|[from] item: Leftovers
|-heal|p2a: Blissey|56/100|[from] item: Leftovers
|upkeep
|turn|21
|
|t:|1728770966
|switch|p1a: Tyranitar|Tyranitar, M|61/100
|-weather|Sandstorm|[from] ability: Sand Stream|[of] p1a: Tyranitar
|move|p2a: Blissey|Seismic Toss|p1a: Tyranitar
|-damage|p1a: Tyranitar|36/100
|
|-weather|Sandstorm|[upkeep]
|-damage|p2a: Blissey|50/100|[from] Sandstorm
|-heal|p1a: Tyranitar|42/100|[from] item: Leftovers
|-heal|p2a: Blissey|56/100|[from] item: Leftovers
|-end|p2a: Blissey|move: Taunt|[silent]
|upkeep
|turn|22
|
|t:|1728770973
|move|p1a: Tyranitar|Rock Slide|p2a: Blissey
|-damage|p2a: Blissey|21/100
|move|p2a: Blissey|Wish|p2a: Blissey
|
|-weather|Sandstorm|[upkeep]
|-damage|p2a: Blissey|15/100|[from] Sandstorm
|-heal|p1a: Tyranitar|48/100|[from] item: Leftovers
|-heal|p2a: Blissey|21/100|[from] item: Leftovers
|upkeep
|turn|23
|
|t:|1728770981
|switch|p2a: Tyranitar|Tyranitar, F|19/100
|move|p1a: Tyranitar|Earthquake|p2a: Tyranitar
|-supereffective|p2a: Tyranitar
|-damage|p2a: Tyranitar|0 fnt
|faint|p2a: Tyranitar
|
|t:|1728770982
|switch|p2a: Swampert|Swampert, F|88/100 tox
|
|-heal|p2a: Swampert|100/100 tox|[from] move: Wish|[wisher] Blissey
|-weather|Sandstorm|[upkeep]
|-heal|p1a: Tyranitar|54/100|[from] item: Leftovers
|-damage|p2a: Swampert|94/100 tox|[from] psn
|upkeep
|turn|24
|inactive|clarissen has 240 seconds left.
|
|t:|1728771033
|switch|p1a: Skarmory|Skarmory, M|66/100
|switch|p2a: Blissey|Blissey, F, shiny|21/100
|
|-weather|Sandstorm|[upkeep]
|-damage|p2a: Blissey|15/100|[from] Sandstorm
|-heal|p1a: Skarmory|72/100|[from] item: Leftovers
|-heal|p2a: Blissey|21/100|[from] item: Leftovers
|upkeep
|turn|25
|
|t:|1728771038
|move|p1a: Skarmory|Taunt|p2a: Blissey
|-start|p2a: Blissey|move: Taunt
|move|p2a: Blissey|Seismic Toss|p1a: Skarmory
|-damage|p1a: Skarmory|42/100
|
|-weather|Sandstorm|[upkeep]
|-damage|p2a: Blissey|15/100|[from] Sandstorm
|-heal|p1a: Skarmory|48/100|[from] item: Leftovers
|-heal|p2a: Blissey|21/100|[from] item: Leftovers
|upkeep
|turn|26
|
|t:|1728771047
|move|p1a: Skarmory|Toxic|p2a: Blissey
|-status|p2a: Blissey|tox
|move|p2a: Blissey|Seismic Toss|p1a: Skarmory
|-damage|p1a: Skarmory|18/100
|
|-weather|Sandstorm|[upkeep]
|-damage|p2a: Blissey|15/100 tox|[from] Sandstorm
|-heal|p1a: Skarmory|24/100|[from] item: Leftovers
|-heal|p2a: Blissey|21/100 tox|[from] item: Leftovers
|-damage|p2a: Blissey|15/100 tox|[from] psn
|-end|p2a: Blissey|move: Taunt|[silent]
|upkeep
|turn|27
|
|t:|1728771052
|move|p1a: Skarmory|Taunt|p2a: Blissey
|-start|p2a: Blissey|move: Taunt
|cant|p2a: Blissey|move: Taunt|Soft-Boiled
|
|-weather|Sandstorm|[upkeep]
|-damage|p2a: Blissey|9/100 tox|[from] Sandstorm
|-heal|p1a: Skarmory|30/100|[from] item: Leftovers
|-heal|p2a: Blissey|15/100 tox|[from] item: Leftovers
|-damage|p2a: Blissey|2/100 tox|[from] psn
|upkeep
|turn|28
|
|t:|1728771057
|move|p1a: Skarmory|Spikes|p2a: Blissey
|-sidestart|p2: Tempokin|Spikes
|move|p2a: Blissey|Seismic Toss|p1a: Skarmory
|-damage|p1a: Skarmory|0 fnt
|faint|p1a: Skarmory
|c|☆Tempokin|im finished!
|
|t:|1728771065
|switch|p1a: Moltres|Moltres|100/100
|
|-weather|Sandstorm|[upkeep]
|-damage|p1a: Moltres|94/100|[from] Sandstorm
|-damage|p2a: Blissey|0 fnt|[from] Sandstorm
|faint|p2a: Blissey
|-heal|p1a: Moltres|100/100|[from] item: Leftovers
|upkeep
|
|t:|1728771066
|switch|p2a: Swampert|Swampert, F|94/100 tox
|-damage|p2a: Swampert|82/100 tox|[from] Spikes
|turn|29
|
|t:|1728771068
|move|p1a: Moltres|Hidden Power|p2a: Swampert
|-supereffective|p2a: Swampert
|-damage|p2a: Swampert|0 fnt
|faint|p2a: Swampert
|c|☆clarissen|gg
|c|☆Tempokin|alright gg let me laod real teams
|-message|Tempokin forfeited.
|
|win|clarissen
|player|p2|
|c|☆clarissen|seemed pretty fine to me
|player|p2|Tempokin|steven-masters|

</script>
<script type="application/json" class="data" id="replaydata-smogtours-gen3ou-797846">
{"id":"smogtours-gen3ou-797846","format":"[Gen 3] OU","players":["clarissen","Tempokin"],"uploadtime":1728771082,"views":154,"formatid":"gen3ou","rating":null,"private":0,"password":null}
</script>

<script defer src="js/replays.js?9d40a366"></script>
