<!DOCTYPE html>
<meta charset="utf-8" />
<meta name="viewport" content="width=device-width" />

<title>[Gen 3] OU: HeyYa!_Forte vs. xtina xendrix - Replays - Pok&eacute;mon Showdown!</title>

<meta name="description" content="Watch a replay of a Pok&eacute;mon battle between HeyYa!_Forte and xtina xendrix! Format: [Gen 3] OU; Date: Nov 8, 2024" />
<!--

Hey, you! Looking in the source for the replay log?

You can find them in JSON format, just add `.json` at the end of a replay URL.

https://replay.pokemonshowdown.com/gen7randomdoublesbattle-865046831.json

Or, if you only need the log itself, add `.log` instead:

https://replay.pokemonshowdown.com/gen7randomdoublesbattle-865046831.log

-->

<link rel="stylesheet" href="//pokemonshowdown.com/style/global.css?0.023195364461161105" />
<link rel="stylesheet" href="//play.pokemonshowdown.com/style/font-awesome.css?0.13261647063804238" />
<link rel="stylesheet" href="//play.pokemonshowdown.com/style/battle.css?0.8753245789963631" />
<link rel="stylesheet" href="//play.pokemonshowdown.com/style/utilichart.css?0.8627959624976733" />

<!-- Global site tag (gtag.js) - Google Analytics -->
<script async src="https://www.googletagmanager.com/gtag/js?id=UA-26211653-1"></script>
<script>
  window.dataLayer = window.dataLayer || [];
  function gtag(){dataLayer.push(arguments);}
  gtag('js', new Date());

  gtag('config', 'UA-26211653-1');
</script>
<!-- End Google Analytics -->
<!-- Venatus Ad Manager - Install in <HEAD> of page -->
	<script src="https://hb.vntsm.com/v3/live/ad-manager.min.js" type="text/javascript" data-site-id="642aba63ec9a7b11c3c9c1be" data-mode="scan" async></script>
<!-- / Venatus Ad Manager -->

<style>
	@media (max-width:820px) {
		.battle {
			margin: 0 auto;
		}
		.battle-log {
			margin: 7px auto 0;
			max-width: 640px;
			height: 300px;
			position: static;
		}
	}
	.optgroup {
		display: inline-block;
		line-height: 22px;
		font-size: 10pt;
	}
	.optgroup .button {
		height: 25px;
		padding-top: 0;
		padding-bottom: 0;
	}
	.optgroup button.button {
		padding-left: 12px;
		padding-right: 12px;
	}
	.linklist {
		list-style: none;
		margin: 0.5em 0;
		padding: 0;
	}
	.linklist li {
		padding: 2px 0;
	}
	.sidebar {
		float: left;
		width: 320px;
	}
	.bar-wrapper {
		max-width: 1100px;
		margin: 0 auto;
	}
	.bar-wrapper.has-sidebar {
		max-width: 1430px;
	}
	.mainbar {
		margin: 0;
		padding-right: 1px;
	}
	.mainbar.has-sidebar {
		margin-left: 330px;
	}
	@media (min-width: 1511px) {
		.sidebar {
			width: 400px;
		}
		.bar-wrapper.has-sidebar {
			max-width: 1510px;
		}
		.mainbar.has-sidebar {
			margin-left: 410px;
		}
	}
	.section.first-section {
		margin-top: 9px;
	}
	.blocklink small {
		white-space: normal;
	}
	.button {
		vertical-align: middle;
	}
	.replay-controls {
		padding-top: 10px;
	}
	.replay-controls h1 {
		font-size: 16pt;
		font-weight: normal;
		color: #CCC;
	}
	.pagelink {
		text-align: center;
	}
	.pagelink a {
		width: 150px;
	}
	.textbox, .button {
		font-size: 11pt;
		vertical-align: middle;
	}
	@media (max-width: 450px) {
		.button {
			font-size: 9pt;
		}
	}
</style>

<div>

	<header>
		<div class="nav-wrapper"><ul class="nav">
			<li><a class="button nav-first" href="//pokemonshowdown.com/"><img src="//pokemonshowdown.com/images/pokemonshowdownbeta.png" srcset="//pokemonshowdown.com/images/pokemonshowdownbeta.png 1x, //pokemonshowdown.com/images/pokemonshowdownbeta@2x.png 2x" alt="Pok&eacute;mon Showdown" width="146" height="44" /> Home</a></li>
			<li><a class="button" href="//pokemonshowdown.com/dex/">Pok&eacute;dex</a></li>
			<li><a class="button cur" href="/">Replays</a></li>
			<li><a class="button" href="//pokemonshowdown.com/ladder/">Ladder</a></li>
			<li><a class="button nav-last" href="//pokemonshowdown.com/forums/">Forum</a></li>
			<li><a class="button greenbutton nav-first nav-last" href="//play.pokemonshowdown.com/">Play</a></li>
		</ul></div>
	</header>

	<div class="main" id="main">

		<noscript><section class="section">You need to enable JavaScript to use this page; sorry!</section></noscript>

	</div>

</div>

<script defer nomodule src="//play.pokemonshowdown.com/js/lib/ps-polyfill.js"></script>
<script defer src="//play.pokemonshowdown.com/js/lib/preact.min.js"></script>

<script defer src="//play.pokemonshowdown.com/config/config.js?2bddbc15"></script>
<script defer src="//play.pokemonshowdown.com/js/lib/jquery-1.11.0.min.js"></script>
<script defer src="//play.pokemonshowdown.com/js/lib/html-sanitizer-minified.js"></script>
<script defer src="//play.pokemonshowdown.com/js/battle-sound.js"></script>
<script defer src="//play.pokemonshowdown.com/js/battledata.js?0.7209276989879541"></script>
<script defer src="//play.pokemonshowdown.com/data/pokedex-mini.js?0.6111056340867951"></script>
<script defer src="//play.pokemonshowdown.com/data/pokedex-mini-bw.js?0.3532142036491459"></script>
<script defer src="//play.pokemonshowdown.com/data/graphics.js?0.24223875632456182"></script>
<script defer src="//play.pokemonshowdown.com/data/pokedex.js?0.38839984266356864"></script>
<script defer src="//play.pokemonshowdown.com/data/moves.js?0.21866028504024015"></script>
<script defer src="//play.pokemonshowdown.com/data/abilities.js?0.2005157953846628"></script>
<script defer src="//play.pokemonshowdown.com/data/items.js?0.9894211263848525"></script>
<script defer src="//play.pokemonshowdown.com/data/teambuilder-tables.js?0.6008791140282215"></script>
<script defer src="//play.pokemonshowdown.com/js/battle-tooltips.js?0.7580118955022959"></script>
<script defer src="//play.pokemonshowdown.com/js/battle.js?0.6057722274234274"></script>

<script defer src="js/utils.js?e31f9a17"></script>
<script defer src="js/replays-battle.js?7008c182"></script>

<!-- don't scrape this data! just add .json or .log after the URL!
Full API docs: https://github.com/smogon/pokemon-showdown-client/blob/master/WEB-API.md -->
<script type="text/plain" class="log" id="replaylog-smogtours-gen3ou-805324">
|inactive|Battle timer is ON: inactive players will automatically lose when time's up.
|t:|1731109124
|gametype|singles
|player|p1|HeyYa!_Forte|backersf|
|player|p2|xtina xendrix|lorelei-gen1|
|teamsize|p1|6
|teamsize|p2|6
|gen|3
|tier|[Gen 3] OU
|rule|Sleep Clause Mod: Limit one foe put to sleep
|rule|Switch Priority Clause Mod: Faster Pokémon switch first
|rule|Species Clause: Limit one of each Pokémon
|rule|OHKO Clause: OHKO moves are banned
|rule|Evasion Items Clause: Evasion items are banned
|rule|Evasion Moves Clause: Evasion moves are banned
|rule|Endless Battle Clause: Forcing endless battles is banned
|rule|HP Percentage Mod: HP is shown in percentages
|rule|One Boost Passer Clause: Limit one Baton Passer that has a way to boost its stats
|rule|Freeze Clause Mod: Limit one foe frozen
|
|t:|1731109124
|start
|switch|p1a: Medicham|Medicham, F|100/100
|switch|p2a: zhang beihai|Swampert, F|100/100
|turn|1
|c|☆xtina xendrix|hf
|c|☆HeyYa!_Forte|glhf
|inactive|xtina xendrix has 270 seconds left.
|inactive|xtina xendrix has 240 seconds left.
|
|t:|1731109205
|switch|p1a: Suicune|Suicune|100/100
|move|p2a: zhang beihai|Protect||[still]
|-fail|p2a: zhang beihai
|
|upkeep
|turn|2
|inactive|xtina xendrix has 270 seconds left.
|
|t:|1731109244
|switch|p2a: luo ji|Celebi|100/100
|move|p1a: Suicune|Surf|p2a: luo ji
|-resisted|p2a: luo ji
|-damage|p2a: luo ji|89/100
|
|-heal|p2a: luo ji|96/100|[from] item: Leftovers
|upkeep
|turn|3
|inactive|xtina xendrix has 270 seconds left.
|
|t:|1731109253
|move|p2a: luo ji|Swords Dance|p2a: luo ji
|-boost|p2a: luo ji|atk|2
|move|p1a: Suicune|Roar|p2a: luo ji
|drag|p2a: manuel rey diaz|Metagross|100/100
|
|upkeep
|turn|4
|inactive|xtina xendrix has 270 seconds left.
|
|t:|1731109284
|switch|p1a: Zapdos|Zapdos|100/100
|move|p2a: manuel rey diaz|Agility|p2a: manuel rey diaz
|-boost|p2a: manuel rey diaz|spe|2
|
|upkeep
|turn|5
|inactive|xtina xendrix has 240 seconds left.
|
|t:|1731109314
|move|p2a: manuel rey diaz|Meteor Mash|p1a: Zapdos
|-resisted|p1a: Zapdos
|-damage|p1a: Zapdos|63/100
|move|p1a: Zapdos|Thunderbolt|p2a: manuel rey diaz
|-damage|p2a: manuel rey diaz|46/100
|
|-heal|p1a: Zapdos|69/100|[from] item: Leftovers
|upkeep
|turn|6
|inactive|xtina xendrix has 240 seconds left.
|
|t:|1731109325
|move|p2a: manuel rey diaz|Explosion|p1a: Zapdos
|-damage|p1a: Zapdos|0 fnt
|faint|p2a: manuel rey diaz
|faint|p1a: Zapdos
|inactive|xtina xendrix has 240 seconds left.
|
|t:|1731109337
|switch|p1a: Medicham|Medicham, F|100/100
|switch|p2a: dongfang yanxu|Salamence, M|100/100
|-ability|p2a: dongfang yanxu|Intimidate|boost
|-unboost|p1a: Medicham|atk|1
|
|upkeep
|turn|7
|inactive|xtina xendrix has 240 seconds left.
|
|t:|1731109366
|switch|p1a: Suicune|Suicune|100/100
|move|p2a: dongfang yanxu|Hidden Power|p1a: Suicune
|-damage|p1a: Suicune|77/100
|
|-heal|p1a: Suicune|83/100|[from] item: Leftovers
|upkeep
|turn|8
|
|t:|1731109374
|move|p2a: dongfang yanxu|Dragon Dance|p2a: dongfang yanxu
|-boost|p2a: dongfang yanxu|atk|1
|-boost|p2a: dongfang yanxu|spe|1
|move|p1a: Suicune|Surf|p2a: dongfang yanxu
|-resisted|p2a: dongfang yanxu
|-damage|p2a: dongfang yanxu|85/100
|
|-heal|p2a: dongfang yanxu|91/100|[from] item: Leftovers
|-heal|p1a: Suicune|89/100|[from] item: Leftovers
|upkeep
|turn|9
|
|t:|1731109377
|move|p2a: dongfang yanxu|Hidden Power|p1a: Suicune
|-damage|p1a: Suicune|57/100
|move|p1a: Suicune|Roar|p2a: dongfang yanxu
|drag|p2a: zhuang yan|Aerodactyl, M|100/100
|
|-heal|p1a: Suicune|64/100|[from] item: Leftovers
|upkeep
|turn|10
|
|t:|1731109391
|switch|p2a: luo ji|Celebi|96/100
|move|p1a: Suicune|Surf|p2a: luo ji
|-resisted|p2a: luo ji
|-damage|p2a: luo ji|83/100
|
|-heal|p2a: luo ji|89/100|[from] item: Leftovers
|-heal|p1a: Suicune|70/100|[from] item: Leftovers
|upkeep
|turn|11
|
|t:|1731109400
|move|p2a: luo ji|Swords Dance|p2a: luo ji
|-boost|p2a: luo ji|atk|2
|move|p1a: Suicune|Roar|p2a: luo ji
|drag|p2a: zhuang yan|Aerodactyl, M|100/100
|
|-heal|p1a: Suicune|76/100|[from] item: Leftovers
|upkeep
|turn|12
|
|t:|1731109410
|switch|p2a: luo ji|Celebi|89/100
|move|p1a: Suicune|Surf|p2a: luo ji
|-resisted|p2a: luo ji
|-damage|p2a: luo ji|78/100
|
|-heal|p2a: luo ji|84/100|[from] item: Leftovers
|-heal|p1a: Suicune|82/100|[from] item: Leftovers
|upkeep
|turn|13
|
|t:|1731109417
|move|p2a: luo ji|Baton Pass|p2a: luo ji
|
|t:|1731109421
|switch|p2a: zhang beihai|Swampert, F|100/100|[from] Baton Pass
|move|p1a: Suicune|Roar|p2a: zhang beihai
|drag|p2a: luo ji|Celebi|84/100
|
|-heal|p2a: luo ji|91/100|[from] item: Leftovers
|-heal|p1a: Suicune|89/100|[from] item: Leftovers
|upkeep
|turn|14
|
|t:|1731109427
|move|p2a: luo ji|Shadow Ball|p1a: Suicune
|-damage|p1a: Suicune|79/100
|move|p1a: Suicune|Roar|p2a: luo ji
|drag|p2a: dongfang yanxu|Salamence, M|91/100
|-ability|p2a: dongfang yanxu|Intimidate|boost
|-unboost|p1a: Suicune|atk|1
|
|-heal|p2a: dongfang yanxu|97/100|[from] item: Leftovers
|-heal|p1a: Suicune|85/100|[from] item: Leftovers
|upkeep
|turn|15
|inactive|xtina xendrix has 270 seconds left.
|
|t:|1731109434
|move|p2a: dongfang yanxu|Dragon Dance|p2a: dongfang yanxu
|-boost|p2a: dongfang yanxu|atk|1
|-boost|p2a: dongfang yanxu|spe|1
|move|p1a: Suicune|Roar|p2a: dongfang yanxu
|drag|p2a: luo ji|Celebi|91/100
|
|-heal|p2a: luo ji|97/100|[from] item: Leftovers
|-heal|p1a: Suicune|91/100|[from] item: Leftovers
|upkeep
|turn|16
|
|t:|1731109438
|move|p2a: luo ji|Shadow Ball|p1a: Suicune
|-damage|p1a: Suicune|81/100
|move|p1a: Suicune|Calm Mind|p1a: Suicune
|-boost|p1a: Suicune|spa|1
|-boost|p1a: Suicune|spd|1
|
|-heal|p2a: luo ji|100/100|[from] item: Leftovers
|-heal|p1a: Suicune|88/100|[from] item: Leftovers
|upkeep
|turn|17
|
|t:|1731109455
|switch|p2a: dongfang yanxu|Salamence, M|97/100
|-ability|p2a: dongfang yanxu|Intimidate|boost
|-unboost|p1a: Suicune|atk|1
|move|p1a: Suicune|Calm Mind|p1a: Suicune
|-boost|p1a: Suicune|spa|1
|-boost|p1a: Suicune|spd|1
|
|-heal|p2a: dongfang yanxu|100/100|[from] item: Leftovers
|-heal|p1a: Suicune|94/100|[from] item: Leftovers
|upkeep
|turn|18
|
|t:|1731109459
|move|p2a: dongfang yanxu|Dragon Dance|p2a: dongfang yanxu
|-boost|p2a: dongfang yanxu|atk|1
|-boost|p2a: dongfang yanxu|spe|1
|move|p1a: Suicune|Roar|p2a: dongfang yanxu
|drag|p2a: ding yi|Magneton|100/100
|
|-heal|p1a: Suicune|99/100|[from] item: Leftovers
|upkeep
|turn|19
|
|t:|1731109465
|move|p2a: ding yi|Substitute|p2a: ding yi
|-start|p2a: ding yi|Substitute
|-damage|p2a: ding yi|76/100
|move|p1a: Suicune|Surf|p2a: ding yi
|-end|p2a: ding yi|Substitute
|
|-heal|p1a: Suicune|100/100|[from] item: Leftovers
|upkeep
|turn|20
|
|t:|1731109471
|move|p2a: ding yi|Toxic|p1a: Suicune
|-status|p1a: Suicune|tox
|move|p1a: Suicune|Surf|p2a: ding yi
|-damage|p2a: ding yi|0 fnt
|faint|p2a: ding yi
|
|t:|1731109476
|switch|p2a: luo ji|Celebi|100/100
|
|-damage|p1a: Suicune|94/100 tox|[from] psn
|upkeep
|turn|21
|
|t:|1731109484
|move|p2a: luo ji|Swords Dance|p2a: luo ji
|-boost|p2a: luo ji|atk|2
|move|p1a: Suicune|Roar|p2a: luo ji
|drag|p2a: zhang beihai|Swampert, F|100/100
|
|-heal|p1a: Suicune|100/100 tox|[from] item: Leftovers
|-damage|p1a: Suicune|88/100 tox|[from] psn
|upkeep
|turn|22
|
|t:|1731109490
|switch|p2a: luo ji|Celebi|100/100
|move|p1a: Suicune|Rest|p1a: Suicune
|-status|p1a: Suicune|slp|[from] move: Rest
|-heal|p1a: Suicune|100/100 slp|[silent]
|
|upkeep
|turn|23
|
|t:|1731109496
|move|p2a: luo ji|Swords Dance|p2a: luo ji
|-boost|p2a: luo ji|atk|2
|cant|p1a: Suicune|slp
|
|upkeep
|turn|24
|
|t:|1731109501
|move|p2a: luo ji|Baton Pass|p2a: luo ji
|
|t:|1731109506
|switch|p2a: dongfang yanxu|Salamence, M|100/100|[from] Baton Pass
|-ability|p2a: dongfang yanxu|Intimidate|boost
|-unboost|p1a: Suicune|atk|1
|cant|p1a: Suicune|slp
|
|upkeep
|turn|25
|
|t:|1731109511
|move|p2a: dongfang yanxu|Hidden Power|p1a: Suicune
|-damage|p1a: Suicune|56/100 slp
|-curestatus|p1a: Suicune|slp|[msg]
|move|p1a: Suicune|Roar|p2a: dongfang yanxu
|drag|p2a: zhang beihai|Swampert, F|100/100
|
|-heal|p1a: Suicune|62/100|[from] item: Leftovers
|upkeep
|turn|26
|
|t:|1731109520
|move|p1a: Suicune|Surf|p2a: zhang beihai
|-damage|p2a: zhang beihai|45/100
|move|p2a: zhang beihai|Roar|p1a: Suicune
|drag|p1a: Blissey|Blissey, F|100/100
|
|-heal|p2a: zhang beihai|52/100|[from] item: Leftovers
|upkeep
|turn|27
|
|t:|1731109536
|move|p2a: zhang beihai|Protect|p2a: zhang beihai
|-singleturn|p2a: zhang beihai|Protect
|move|p1a: Blissey|Ice Beam|p2a: zhang beihai
|-activate|p2a: zhang beihai|Protect
|
|-heal|p2a: zhang beihai|58/100|[from] item: Leftovers
|upkeep
|turn|28
|inactive|xtina xendrix has 270 seconds left.
|
|t:|1731109562
|switch|p2a: luo ji|Celebi|100/100
|move|p1a: Blissey|Ice Beam|p2a: luo ji
|-supereffective|p2a: luo ji
|-damage|p2a: luo ji|75/100
|
|-heal|p2a: luo ji|81/100|[from] item: Leftovers
|upkeep
|turn|29
|
|t:|1731109571
|switch|p1a: Suicune|Suicune|62/100
|move|p2a: luo ji|Baton Pass|p2a: luo ji
|
|t:|1731109575
|switch|p2a: dongfang yanxu|Salamence, M|100/100|[from] Baton Pass
|-ability|p2a: dongfang yanxu|Intimidate|boost
|-unboost|p1a: Suicune|atk|1
|
|-heal|p1a: Suicune|68/100|[from] item: Leftovers
|upkeep
|turn|30
|
|t:|1731109583
|switch|p1a: Magneton|Magneton|100/100
|move|p2a: dongfang yanxu|Dragon Dance|p2a: dongfang yanxu
|-boost|p2a: dongfang yanxu|atk|1
|-boost|p2a: dongfang yanxu|spe|1
|
|upkeep
|turn|31
|
|t:|1731109589
|move|p2a: dongfang yanxu|Earthquake|p1a: Magneton
|-supereffective|p1a: Magneton
|-damage|p1a: Magneton|0 fnt
|faint|p1a: Magneton
|
|t:|1731109592
|switch|p1a: Suicune|Suicune|68/100
|
|-heal|p1a: Suicune|74/100|[from] item: Leftovers
|upkeep
|turn|32
|
|t:|1731109597
|move|p2a: dongfang yanxu|Hidden Power|p1a: Suicune
|-damage|p1a: Suicune|41/100
|move|p1a: Suicune|Roar|p2a: dongfang yanxu
|drag|p2a: zhuang yan|Aerodactyl, M|100/100
|
|-heal|p1a: Suicune|47/100|[from] item: Leftovers
|upkeep
|turn|33
|
|t:|1731109627
|switch|p1a: Medicham|Medicham, F|100/100
|move|p2a: zhuang yan|Substitute|p2a: zhuang yan
|-start|p2a: zhuang yan|Substitute
|-damage|p2a: zhuang yan|76/100
|
|upkeep
|turn|34
|inactive|HeyYa!_Forte has 270 seconds left.
|
|t:|1731109648
|switch|p1a: Blissey|Blissey, F|100/100
|move|p2a: zhuang yan|Double-Edge|p1a: Blissey
|-damage|p1a: Blissey|70/100
|
|-heal|p1a: Blissey|76/100|[from] item: Leftovers
|upkeep
|turn|35
|
|t:|1731109652
|move|p2a: zhuang yan|Rock Slide|p1a: Blissey
|-crit|p1a: Blissey
|-damage|p1a: Blissey|14/100
|move|p1a: Blissey|Soft-Boiled|p1a: Blissey
|-heal|p1a: Blissey|64/100
|
|-heal|p1a: Blissey|70/100|[from] item: Leftovers
|upkeep
|turn|36
|
|t:|1731109658
|move|p2a: zhuang yan|Rock Slide|p1a: Blissey
|-damage|p1a: Blissey|39/100
|move|p1a: Blissey|Soft-Boiled|p1a: Blissey
|-heal|p1a: Blissey|89/100
|
|-heal|p1a: Blissey|95/100|[from] item: Leftovers
|upkeep
|turn|37
|
|t:|1731109662
|move|p2a: zhuang yan|Rock Slide|p1a: Blissey|[miss]
|-miss|p2a: zhuang yan|p1a: Blissey
|move|p1a: Blissey|Ice Beam|p2a: zhuang yan
|-supereffective|p2a: zhuang yan
|-end|p2a: zhuang yan|Substitute
|
|-heal|p1a: Blissey|100/100|[from] item: Leftovers
|upkeep
|turn|38
|
|t:|1731109679
|switch|p2a: luo ji|Celebi|81/100
|move|p1a: Blissey|Ice Beam|p2a: luo ji
|-supereffective|p2a: luo ji
|-damage|p2a: luo ji|55/100
|
|-heal|p2a: luo ji|62/100|[from] item: Leftovers
|upkeep
|turn|39
|
|t:|1731109692
|move|p2a: luo ji|Baton Pass|p2a: luo ji
|
|t:|1731109694
|switch|p2a: zhang beihai|Swampert, F|58/100|[from] Baton Pass
|move|p1a: Blissey|Ice Beam|p2a: zhang beihai
|-crit|p2a: zhang beihai
|-damage|p2a: zhang beihai|28/100
|
|-heal|p2a: zhang beihai|34/100|[from] item: Leftovers
|upkeep
|turn|40
|
|t:|1731109700
|switch|p1a: Medicham|Medicham, F|100/100
|move|p2a: zhang beihai|Earthquake|p1a: Medicham
|-damage|p1a: Medicham|40/100
|
|-heal|p2a: zhang beihai|40/100|[from] item: Leftovers
|upkeep
|turn|41
|
|t:|1731109707
|move|p2a: zhang beihai|Protect|p2a: zhang beihai
|-singleturn|p2a: zhang beihai|Protect
|move|p1a: Medicham|Brick Break|p2a: zhang beihai
|-activate|p2a: zhang beihai|Protect
|
|-heal|p2a: zhang beihai|46/100|[from] item: Leftovers
|upkeep
|turn|42
|
|t:|1731109719
|switch|p1a: Dugtrio|Dugtrio, M|100/100
|move|p2a: zhang beihai|Earthquake|p1a: Dugtrio
|-damage|p1a: Dugtrio|0 fnt
|faint|p1a: Dugtrio
|
|t:|1731109725
|switch|p1a: Suicune|Suicune|47/100
|
|-heal|p1a: Suicune|53/100|[from] item: Leftovers
|-heal|p2a: zhang beihai|53/100|[from] item: Leftovers
|upkeep
|turn|43
|
|t:|1731109731
|move|p1a: Suicune|Surf|p2a: zhang beihai
|-damage|p2a: zhang beihai|28/100
|move|p2a: zhang beihai|Roar|p1a: Suicune
|drag|p1a: Blissey|Blissey, F|100/100
|
|-heal|p2a: zhang beihai|34/100|[from] item: Leftovers
|upkeep
|turn|44
|
|t:|1731109737
|switch|p2a: luo ji|Celebi|62/100
|move|p1a: Blissey|Seismic Toss|p2a: luo ji
|-damage|p2a: luo ji|37/100
|
|-heal|p2a: luo ji|43/100|[from] item: Leftovers
|upkeep
|turn|45
|
|t:|1731109746
|switch|p1a: Medicham|Medicham, F|40/100
|move|p2a: luo ji|Shadow Ball|p1a: Medicham
|-supereffective|p1a: Medicham
|-damage|p1a: Medicham|0 fnt
|faint|p1a: Medicham
|
|t:|1731109753
|switch|p1a: Suicune|Suicune|53/100
|
|-heal|p2a: luo ji|49/100|[from] item: Leftovers
|-heal|p1a: Suicune|59/100|[from] item: Leftovers
|upkeep
|turn|46
|
|t:|1731109759
|move|p2a: luo ji|Recover|p2a: luo ji
|-heal|p2a: luo ji|99/100
|move|p1a: Suicune|Calm Mind|p1a: Suicune
|-boost|p1a: Suicune|spa|1
|-boost|p1a: Suicune|spd|1
|
|-heal|p2a: luo ji|100/100|[from] item: Leftovers
|-heal|p1a: Suicune|66/100|[from] item: Leftovers
|upkeep
|turn|47
|
|t:|1731109769
|move|p2a: luo ji|Swords Dance|p2a: luo ji
|-boost|p2a: luo ji|atk|2
|move|p1a: Suicune|Surf|p2a: luo ji
|-resisted|p2a: luo ji
|-damage|p2a: luo ji|83/100
|
|-heal|p2a: luo ji|89/100|[from] item: Leftovers
|-heal|p1a: Suicune|72/100|[from] item: Leftovers
|upkeep
|turn|48
|
|t:|1731109772
|move|p2a: luo ji|Shadow Ball|p1a: Suicune
|-damage|p1a: Suicune|50/100
|-unboost|p1a: Suicune|spd|1
|move|p1a: Suicune|Roar|p2a: luo ji
|drag|p2a: zhang beihai|Swampert, F|34/100
|
|-heal|p1a: Suicune|56/100|[from] item: Leftovers
|-heal|p2a: zhang beihai|41/100|[from] item: Leftovers
|upkeep
|turn|49
|
|t:|1731109788
|move|p1a: Suicune|Surf|p2a: zhang beihai
|-damage|p2a: zhang beihai|0 fnt
|faint|p2a: zhang beihai
|
|t:|1731109797
|switch|p2a: luo ji|Celebi|89/100
|
|-heal|p2a: luo ji|95/100|[from] item: Leftovers
|-heal|p1a: Suicune|62/100|[from] item: Leftovers
|upkeep
|turn|50
|
|t:|1731109801
|move|p2a: luo ji|Swords Dance|p2a: luo ji
|-boost|p2a: luo ji|atk|2
|move|p1a: Suicune|Calm Mind|p1a: Suicune
|-boost|p1a: Suicune|spa|1
|-boost|p1a: Suicune|spd|1
|
|-heal|p2a: luo ji|100/100|[from] item: Leftovers
|-heal|p1a: Suicune|68/100|[from] item: Leftovers
|upkeep
|turn|51
|
|t:|1731109803
|move|p2a: luo ji|Shadow Ball|p1a: Suicune
|-damage|p1a: Suicune|48/100
|move|p1a: Suicune|Roar|p2a: luo ji
|drag|p2a: zhuang yan|Aerodactyl, M|76/100
|
|-heal|p1a: Suicune|54/100|[from] item: Leftovers
|upkeep
|turn|52
|
|t:|1731109809
|switch|p2a: luo ji|Celebi|100/100
|move|p1a: Suicune|Surf|p2a: luo ji
|-resisted|p2a: luo ji
|-damage|p2a: luo ji|78/100
|
|-heal|p2a: luo ji|84/100|[from] item: Leftovers
|-heal|p1a: Suicune|60/100|[from] item: Leftovers
|upkeep
|turn|53
|
|t:|1731109813
|move|p2a: luo ji|Swords Dance|p2a: luo ji
|-boost|p2a: luo ji|atk|2
|move|p1a: Suicune|Calm Mind|p1a: Suicune
|-boost|p1a: Suicune|spa|1
|-boost|p1a: Suicune|spd|1
|
|-heal|p2a: luo ji|91/100|[from] item: Leftovers
|-heal|p1a: Suicune|67/100|[from] item: Leftovers
|upkeep
|turn|54
|
|t:|1731109815
|move|p2a: luo ji|Shadow Ball|p1a: Suicune
|-damage|p1a: Suicune|46/100
|move|p1a: Suicune|Roar|p2a: luo ji
|drag|p2a: zhuang yan|Aerodactyl, M|76/100
|
|-heal|p1a: Suicune|52/100|[from] item: Leftovers
|upkeep
|turn|55
|
|t:|1731109822
|switch|p2a: luo ji|Celebi|91/100
|move|p1a: Suicune|Surf|p2a: luo ji
|-resisted|p2a: luo ji
|-damage|p2a: luo ji|60/100
|
|-heal|p2a: luo ji|66/100|[from] item: Leftovers
|-heal|p1a: Suicune|58/100|[from] item: Leftovers
|upkeep
|turn|56
|
|t:|1731109830
|move|p2a: luo ji|Swords Dance|p2a: luo ji
|-boost|p2a: luo ji|atk|2
|move|p1a: Suicune|Roar|p2a: luo ji
|drag|p2a: zhuang yan|Aerodactyl, M|76/100
|
|-heal|p1a: Suicune|64/100|[from] item: Leftovers
|upkeep
|turn|57
|
|t:|1731109854
|move|p2a: zhuang yan|Rock Slide|p1a: Suicune|[miss]
|-miss|p2a: zhuang yan|p1a: Suicune
|move|p1a: Suicune|Surf|p2a: zhuang yan
|-supereffective|p2a: zhuang yan
|-damage|p2a: zhuang yan|0 fnt
|faint|p2a: zhuang yan
|
|t:|1731109859
|switch|p2a: luo ji|Celebi|66/100
|
|-heal|p2a: luo ji|73/100|[from] item: Leftovers
|-heal|p1a: Suicune|71/100|[from] item: Leftovers
|upkeep
|turn|58
|
|t:|1731109862
|move|p2a: luo ji|Swords Dance|p2a: luo ji
|-boost|p2a: luo ji|atk|2
|move|p1a: Suicune|Calm Mind|p1a: Suicune
|-boost|p1a: Suicune|spa|1
|-boost|p1a: Suicune|spd|1
|
|-heal|p2a: luo ji|79/100|[from] item: Leftovers
|-heal|p1a: Suicune|77/100|[from] item: Leftovers
|upkeep
|turn|59
|
|t:|1731109871
|move|p2a: luo ji|Shadow Ball|p1a: Suicune
|-damage|p1a: Suicune|55/100
|move|p1a: Suicune|Calm Mind|p1a: Suicune
|-boost|p1a: Suicune|spa|1
|-boost|p1a: Suicune|spd|1
|
|-heal|p2a: luo ji|85/100|[from] item: Leftovers
|-heal|p1a: Suicune|61/100|[from] item: Leftovers
|upkeep
|turn|60
|
|t:|1731109880
|move|p2a: luo ji|Shadow Ball|p1a: Suicune
|-damage|p1a: Suicune|40/100
|move|p1a: Suicune|Roar|p2a: luo ji
|drag|p2a: dongfang yanxu|Salamence, M|100/100
|-ability|p2a: dongfang yanxu|Intimidate|boost
|-unboost|p1a: Suicune|atk|1
|
|-heal|p1a: Suicune|46/100|[from] item: Leftovers
|upkeep
|turn|61
|
|t:|1731109889
|move|p2a: dongfang yanxu|Dragon Dance|p2a: dongfang yanxu
|-boost|p2a: dongfang yanxu|atk|1
|-boost|p2a: dongfang yanxu|spe|1
|move|p1a: Suicune|Surf|p2a: dongfang yanxu
|-resisted|p2a: dongfang yanxu
|-damage|p2a: dongfang yanxu|48/100
|
|-heal|p2a: dongfang yanxu|54/100|[from] item: Leftovers
|-heal|p1a: Suicune|52/100|[from] item: Leftovers
|upkeep
|turn|62
|
|t:|1731109896
|move|p2a: dongfang yanxu|Rock Slide|p1a: Suicune
|-damage|p1a: Suicune|30/100
|cant|p1a: Suicune|flinch
|
|-heal|p2a: dongfang yanxu|60/100|[from] item: Leftovers
|-heal|p1a: Suicune|36/100|[from] item: Leftovers
|upkeep
|turn|63
|
|t:|1731109918
|switch|p1a: Blissey|Blissey, F|100/100
|move|p2a: dongfang yanxu|Rock Slide|p1a: Blissey
|-damage|p1a: Blissey|65/100
|
|-heal|p2a: dongfang yanxu|66/100|[from] item: Leftovers
|-heal|p1a: Blissey|72/100|[from] item: Leftovers
|upkeep
|turn|64
|
|t:|1731109928
|switch|p2a: luo ji|Celebi|85/100
|move|p1a: Blissey|Thunder Wave|p2a: luo ji
|-status|p2a: luo ji|par
|
|-heal|p1a: Blissey|78/100|[from] item: Leftovers
|-heal|p2a: luo ji|91/100 par|[from] item: Leftovers
|upkeep
|turn|65
|
|t:|1731109934
|move|p1a: Blissey|Ice Beam|p2a: luo ji
|-supereffective|p2a: luo ji
|-damage|p2a: luo ji|65/100 par
|move|p2a: luo ji|Swords Dance|p2a: luo ji
|-boost|p2a: luo ji|atk|2
|
|-heal|p1a: Blissey|84/100|[from] item: Leftovers
|-heal|p2a: luo ji|72/100 par|[from] item: Leftovers
|upkeep
|turn|66
|
|t:|1731109941
|move|p1a: Blissey|Ice Beam|p2a: luo ji
|-supereffective|p2a: luo ji
|-damage|p2a: luo ji|44/100 par
|move|p2a: luo ji|Swords Dance|p2a: luo ji
|-boost|p2a: luo ji|atk|2
|
|-heal|p1a: Blissey|90/100|[from] item: Leftovers
|-heal|p2a: luo ji|50/100 par|[from] item: Leftovers
|upkeep
|turn|67
|
|t:|1731109947
|move|p1a: Blissey|Ice Beam|p2a: luo ji
|-supereffective|p2a: luo ji
|-crit|p2a: luo ji
|-damage|p2a: luo ji|0 fnt
|faint|p2a: luo ji
|c|☆xtina xendrix|LOL
|c|☆xtina xendrix|w/o that i won
|c|☆xtina xendrix|thank god tbh im so done w this tour
|c|☆xtina xendrix|ggs
|c|☆HeyYa!_Forte|ggs
|c|☆xtina xendrix|/log xtina xendrix made the replay of this battle unlisted.
|inactive|xtina xendrix has 270 seconds left.
|inactive|xtina xendrix disconnected and has 300 seconds to reconnect!
|player|p2|
|inactive|xtina xendrix has 270 seconds to reconnect!
|inactive|xtina xendrix has 240 seconds to reconnect!
|inactive|xtina xendrix has 210 seconds to reconnect!
|inactive|xtina xendrix has 180 seconds to reconnect!
|inactive|xtina xendrix has 150 seconds to reconnect!
|inactive|xtina xendrix has 120 seconds to reconnect!
|inactive|xtina xendrix has 90 seconds to reconnect!
|inactive|xtina xendrix has 60 seconds to reconnect!
|inactive|xtina xendrix has 30 seconds to reconnect!
|inactive|xtina xendrix has 20 seconds to reconnect!
|inactive|xtina xendrix has 15 seconds to reconnect!
|inactive|xtina xendrix has 10 seconds to reconnect!
|inactive|xtina xendrix has 5 seconds to reconnect!
|-message|xtina xendrix lost due to inactivity.
|
|win|HeyYa!_Forte

</script>
<script type="application/json" class="data" id="replaydata-smogtours-gen3ou-805324">
{"id":"smogtours-gen3ou-805324","format":"[Gen 3] OU","players":["HeyYa!_Forte","xtina xendrix"],"uploadtime":1731110282,"views":67,"formatid":"gen3ou","rating":null,"private":1,"password":null}
</script>

<script defer src="js/replays.js?9d40a366"></script>
