<!DOCTYPE html>
<meta charset="utf-8" />
<meta name="viewport" content="width=device-width" />

<title>[Gen 3] OU: EG Zelph vs. I&#039;m the Dome Ace - Replays - Pok&eacute;mon Showdown!</title>

<meta name="description" content="Watch a replay of a Pok&eacute;mon battle between EG Zelph and I&#039;m the Dome Ace! Format: [Gen 3] OU; Date: Nov 5, 2024" />
<!--

Hey, you! Looking in the source for the replay log?

You can find them in JSON format, just add `.json` at the end of a replay URL.

https://replay.pokemonshowdown.com/gen7randomdoublesbattle-865046831.json

Or, if you only need the log itself, add `.log` instead:

https://replay.pokemonshowdown.com/gen7randomdoublesbattle-865046831.log

-->

<link rel="stylesheet" href="//pokemonshowdown.com/style/global.css?0.023195364461161105" />
<link rel="stylesheet" href="//play.pokemonshowdown.com/style/font-awesome.css?0.13261647063804238" />
<link rel="stylesheet" href="//play.pokemonshowdown.com/style/battle.css?0.8753245789963631" />
<link rel="stylesheet" href="//play.pokemonshowdown.com/style/utilichart.css?0.8627959624976733" />

<!-- Global site tag (gtag.js) - Google Analytics -->
<script async src="https://www.googletagmanager.com/gtag/js?id=UA-26211653-1"></script>
<script>
  window.dataLayer = window.dataLayer || [];
  function gtag(){dataLayer.push(arguments);}
  gtag('js', new Date());

  gtag('config', 'UA-26211653-1');
</script>
<!-- End Google Analytics -->
<!-- Venatus Ad Manager - Install in <HEAD> of page -->
	<script src="https://hb.vntsm.com/v3/live/ad-manager.min.js" type="text/javascript" data-site-id="642aba63ec9a7b11c3c9c1be" data-mode="scan" async></script>
<!-- / Venatus Ad Manager -->

<style>
	@media (max-width:820px) {
		.battle {
			margin: 0 auto;
		}
		.battle-log {
			margin: 7px auto 0;
			max-width: 640px;
			height: 300px;
			position: static;
		}
	}
	.optgroup {
		display: inline-block;
		line-height: 22px;
		font-size: 10pt;
	}
	.optgroup .button {
		height: 25px;
		padding-top: 0;
		padding-bottom: 0;
	}
	.optgroup button.button {
		padding-left: 12px;
		padding-right: 12px;
	}
	.linklist {
		list-style: none;
		margin: 0.5em 0;
		padding: 0;
	}
	.linklist li {
		padding: 2px 0;
	}
	.sidebar {
		float: left;
		width: 320px;
	}
	.bar-wrapper {
		max-width: 1100px;
		margin: 0 auto;
	}
	.bar-wrapper.has-sidebar {
		max-width: 1430px;
	}
	.mainbar {
		margin: 0;
		padding-right: 1px;
	}
	.mainbar.has-sidebar {
		margin-left: 330px;
	}
	@media (min-width: 1511px) {
		.sidebar {
			width: 400px;
		}
		.bar-wrapper.has-sidebar {
			max-width: 1510px;
		}
		.mainbar.has-sidebar {
			margin-left: 410px;
		}
	}
	.section.first-section {
		margin-top: 9px;
	}
	.blocklink small {
		white-space: normal;
	}
	.button {
		vertical-align: middle;
	}
	.replay-controls {
		padding-top: 10px;
	}
	.replay-controls h1 {
		font-size: 16pt;
		font-weight: normal;
		color: #CCC;
	}
	.pagelink {
		text-align: center;
	}
	.pagelink a {
		width: 150px;
	}
	.textbox, .button {
		font-size: 11pt;
		vertical-align: middle;
	}
	@media (max-width: 450px) {
		.button {
			font-size: 9pt;
		}
	}
</style>

<div>

	<header>
		<div class="nav-wrapper"><ul class="nav">
			<li><a class="button nav-first" href="//pokemonshowdown.com/"><img src="//pokemonshowdown.com/images/pokemonshowdownbeta.png" srcset="//pokemonshowdown.com/images/pokemonshowdownbeta.png 1x, //pokemonshowdown.com/images/pokemonshowdownbeta@2x.png 2x" alt="Pok&eacute;mon Showdown" width="146" height="44" /> Home</a></li>
			<li><a class="button" href="//pokemonshowdown.com/dex/">Pok&eacute;dex</a></li>
			<li><a class="button cur" href="/">Replays</a></li>
			<li><a class="button" href="//pokemonshowdown.com/ladder/">Ladder</a></li>
			<li><a class="button nav-last" href="//pokemonshowdown.com/forums/">Forum</a></li>
			<li><a class="button greenbutton nav-first nav-last" href="//play.pokemonshowdown.com/">Play</a></li>
		</ul></div>
	</header>

	<div class="main" id="main">

		<noscript><section class="section">You need to enable JavaScript to use this page; sorry!</section></noscript>

	</div>

</div>

<script defer nomodule src="//play.pokemonshowdown.com/js/lib/ps-polyfill.js"></script>
<script defer src="//play.pokemonshowdown.com/js/lib/preact.min.js"></script>

<script defer src="//play.pokemonshowdown.com/config/config.js?2bddbc15"></script>
<script defer src="//play.pokemonshowdown.com/js/lib/jquery-1.11.0.min.js"></script>
<script defer src="//play.pokemonshowdown.com/js/lib/html-sanitizer-minified.js"></script>
<script defer src="//play.pokemonshowdown.com/js/battle-sound.js"></script>
<script defer src="//play.pokemonshowdown.com/js/battledata.js?0.7209276989879541"></script>
<script defer src="//play.pokemonshowdown.com/data/pokedex-mini.js?0.6111056340867951"></script>
<script defer src="//play.pokemonshowdown.com/data/pokedex-mini-bw.js?0.3532142036491459"></script>
<script defer src="//play.pokemonshowdown.com/data/graphics.js?0.24223875632456182"></script>
<script defer src="//play.pokemonshowdown.com/data/pokedex.js?0.38839984266356864"></script>
<script defer src="//play.pokemonshowdown.com/data/moves.js?0.21866028504024015"></script>
<script defer src="//play.pokemonshowdown.com/data/abilities.js?0.2005157953846628"></script>
<script defer src="//play.pokemonshowdown.com/data/items.js?0.9894211263848525"></script>
<script defer src="//play.pokemonshowdown.com/data/teambuilder-tables.js?0.6008791140282215"></script>
<script defer src="//play.pokemonshowdown.com/js/battle-tooltips.js?0.7580118955022959"></script>
<script defer src="//play.pokemonshowdown.com/js/battle.js?0.6057722274234274"></script>

<script defer src="js/utils.js?e31f9a17"></script>
<script defer src="js/replays-battle.js?7008c182"></script>

<!-- don't scrape this data! just add .json or .log after the URL!
Full API docs: https://github.com/smogon/pokemon-showdown-client/blob/master/WEB-API.md -->
<script type="text/plain" class="log" id="replaylog-smogtours-gen3ou-804842">
|inactive|Battle timer is ON: inactive players will automatically lose when time's up.
|t:|1730767775
|gametype|singles
|player|p1|EG Zelph|sabrina|
|player|p2|I'm the Dome Ace|rancher|
|teamsize|p1|6
|teamsize|p2|6
|gen|3
|tier|[Gen 3] OU
|rule|Sleep Clause Mod: Limit one foe put to sleep
|rule|Switch Priority Clause Mod: Faster Pokémon switch first
|rule|Species Clause: Limit one of each Pokémon
|rule|OHKO Clause: OHKO moves are banned
|rule|Evasion Items Clause: Evasion items are banned
|rule|Evasion Moves Clause: Evasion moves are banned
|rule|Endless Battle Clause: Forcing endless battles is banned
|rule|HP Percentage Mod: HP is shown in percentages
|rule|One Boost Passer Clause: Limit one Baton Passer that has a way to boost its stats
|rule|Freeze Clause Mod: Limit one foe frozen
|
|t:|1730767775
|start
|switch|p1a: Tyranitar|Tyranitar, M|100/100
|switch|p2a: Dugtrio|Dugtrio, F|100/100
|-weather|Sandstorm|[from] ability: Sand Stream|[of] p1a: Tyranitar
|turn|1
|inactive|EG Zelph also wants the timer to be on.
|c|☆I'm the Dome Ace|glhf
|c|☆EG Zelph|u2
|
|t:|1730767790
|move|p2a: Dugtrio|Earthquake|p1a: Tyranitar
|-supereffective|p1a: Tyranitar
|-damage|p1a: Tyranitar|11/100
|move|p1a: Tyranitar|Double-Edge|p2a: Dugtrio
|-damage|p2a: Dugtrio|12/100
|-damage|p1a: Tyranitar|0 fnt|[from] Recoil|[of] p2a: Dugtrio
|faint|p1a: Tyranitar
|
|t:|1730767795
|switch|p1a: Skarmory|Skarmory, F|100/100
|
|-weather|Sandstorm|[upkeep]
|upkeep
|turn|2
|
|t:|1730767799
|switch|p2a: Claydol|Claydol|100/100
|switch|p1a: Salamence|Salamence, F|100/100
|-ability|p1a: Salamence|Intimidate|boost
|-unboost|p2a: Claydol|atk|1
|
|-weather|Sandstorm|[upkeep]
|-damage|p1a: Salamence|94/100|[from] Sandstorm
|-heal|p1a: Salamence|100/100|[from] item: Leftovers
|upkeep
|turn|3
|
|t:|1730767803
|switch|p1a: Skarmory|Skarmory, F|100/100
|move|p2a: Claydol|Sunny Day|p2a: Claydol
|-weather|SunnyDay
|
|-weather|SunnyDay|[upkeep]
|upkeep
|turn|4
|
|t:|1730767807
|move|p1a: Skarmory|Toxic|p2a: Claydol
|-status|p2a: Claydol|tox
|move|p2a: Claydol|Hidden Power|p1a: Skarmory
|-supereffective|p1a: Skarmory
|-damage|p1a: Skarmory|43/100
|
|-weather|SunnyDay|[upkeep]
|-heal|p1a: Skarmory|49/100|[from] item: Leftovers
|-damage|p2a: Claydol|94/100 tox|[from] psn
|upkeep
|turn|5
|
|t:|1730767828
|switch|p1a: Salamence|Salamence, F|100/100
|-ability|p1a: Salamence|Intimidate|boost
|-unboost|p2a: Claydol|atk|1
|move|p2a: Claydol|Psychic|p1a: Salamence
|-crit|p1a: Salamence
|-damage|p1a: Salamence|0 fnt
|faint|p1a: Salamence
|c|☆I'm the Dome Ace|mb
|
|t:|1730767843
|switch|p1a: Skarmory|Skarmory, F|49/100
|
|-weather|SunnyDay|[upkeep]
|-heal|p1a: Skarmory|55/100|[from] item: Leftovers
|-heal|p2a: Claydol|100/100 tox|[from] item: Leftovers
|-damage|p2a: Claydol|88/100 tox|[from] psn
|upkeep
|turn|6
|
|t:|1730767850
|move|p1a: Skarmory|Spikes|p2a: Claydol
|-sidestart|p2: I'm the Dome Ace|Spikes
|move|p2a: Claydol|Hidden Power|p1a: Skarmory
|-supereffective|p1a: Skarmory
|-damage|p1a: Skarmory|4/100
|
|-weather|SunnyDay|[upkeep]
|-heal|p1a: Skarmory|10/100|[from] item: Leftovers
|-heal|p2a: Claydol|94/100 tox|[from] item: Leftovers
|-damage|p2a: Claydol|76/100 tox|[from] psn
|upkeep
|turn|7
|
|t:|1730767857
|switch|p2a: Blissey|Blissey, F|100/100
|-damage|p2a: Blissey|88/100|[from] Spikes
|move|p1a: Skarmory|Spikes|p2a: Blissey
|-sidestart|p2: I'm the Dome Ace|Spikes
|
|-weather|none
|-heal|p1a: Skarmory|16/100|[from] item: Leftovers
|-heal|p2a: Blissey|94/100|[from] item: Leftovers
|upkeep
|turn|8
|
|t:|1730767866
|switch|p1a: Celebi|Celebi|100/100
|move|p2a: Blissey|Thunder Wave|p1a: Celebi
|-status|p1a: Celebi|par
|
|-heal|p2a: Blissey|99/100|[from] item: Leftovers
|upkeep
|turn|9
|
|t:|1730767874
|move|p2a: Blissey|Aromatherapy|p2a: Blissey
|-cureteam|p2a: Blissey|[from] move: Aromatherapy
|move|p1a: Celebi|Leech Seed|p2a: Blissey
|-start|p2a: Blissey|move: Leech Seed
|
|-heal|p2a: Blissey|100/100|[from] item: Leftovers
|-damage|p2a: Blissey|88/100|[from] Leech Seed|[of] p1a: Celebi
|upkeep
|turn|10
|
|t:|1730767883
|move|p2a: Blissey|Seismic Toss|p1a: Celebi
|-damage|p1a: Celebi|71/100 par
|move|p1a: Celebi|Giga Drain|p2a: Blissey
|-damage|p2a: Blissey|78/100
|-heal|p1a: Celebi|81/100 par|[from] drain|[of] p2a: Blissey
|
|-heal|p2a: Blissey|85/100|[from] item: Leftovers
|-damage|p2a: Blissey|72/100|[from] Leech Seed|[of] p1a: Celebi
|-heal|p1a: Celebi|100/100 par|[silent]
|upkeep
|turn|11
|
|t:|1730767889
|switch|p2a: Snorlax|Snorlax, F|100/100
|-damage|p2a: Snorlax|84/100|[from] Spikes
|-curestatus|p1a: Celebi|par|[from] ability: Natural Cure
|switch|p1a: Metagross|Metagross|100/100
|
|-heal|p2a: Snorlax|90/100|[from] item: Leftovers
|upkeep
|turn|12
|
|t:|1730767892
|switch|p2a: Skarmory|Skarmory, M|100/100
|move|p1a: Metagross|Meteor Mash|p2a: Skarmory
|-resisted|p2a: Skarmory
|-damage|p2a: Skarmory|77/100
|
|-heal|p2a: Skarmory|83/100|[from] item: Leftovers
|upkeep
|turn|13
|
|t:|1730767908
|switch|p1a: Skarmory|Skarmory, F|16/100
|move|p2a: Skarmory|Spikes|p1a: Skarmory
|-sidestart|p1: EG Zelph|Spikes
|
|-heal|p1a: Skarmory|22/100|[from] item: Leftovers
|-heal|p2a: Skarmory|89/100|[from] item: Leftovers
|upkeep
|turn|14
|
|t:|1730767915
|switch|p2a: Claydol|Claydol|76/100
|move|p1a: Skarmory|Toxic|p2a: Claydol
|-status|p2a: Claydol|tox
|
|-heal|p1a: Skarmory|28/100|[from] item: Leftovers
|-heal|p2a: Claydol|82/100 tox|[from] item: Leftovers
|-damage|p2a: Claydol|76/100 tox|[from] psn
|upkeep
|turn|15
|
|t:|1730767920
|switch|p1a: Swampert|Swampert, F|100/100
|-damage|p1a: Swampert|88/100|[from] Spikes
|move|p2a: Claydol|Rapid Spin|p1a: Swampert
|-damage|p1a: Swampert|86/100
|-sideend|p2: I'm the Dome Ace|Spikes|[from] move: Rapid Spin|[of] p2a: Claydol
|
|-heal|p2a: Claydol|82/100 tox|[from] item: Leftovers
|-damage|p2a: Claydol|70/100 tox|[from] psn
|-heal|p1a: Swampert|92/100|[from] item: Leftovers
|upkeep
|turn|16
|
|t:|1730767928
|switch|p2a: Suicune|Suicune|100/100
|switch|p1a: Skarmory|Skarmory, F|28/100
|
|-heal|p1a: Skarmory|34/100|[from] item: Leftovers
|upkeep
|turn|17
|
|t:|1730767931
|switch|p1a: Celebi|Celebi|100/100
|-damage|p1a: Celebi|88/100|[from] Spikes
|move|p2a: Suicune|Surf|p1a: Celebi
|-resisted|p1a: Celebi
|-damage|p1a: Celebi|76/100
|
|-heal|p1a: Celebi|82/100|[from] item: Leftovers
|upkeep
|turn|18
|
|t:|1730767939
|move|p1a: Celebi|Psychic|p2a: Suicune
|-damage|p2a: Suicune|71/100
|move|p2a: Suicune|Calm Mind|p2a: Suicune
|-boost|p2a: Suicune|spa|1
|-boost|p2a: Suicune|spd|1
|
|-heal|p1a: Celebi|88/100|[from] item: Leftovers
|-heal|p2a: Suicune|77/100|[from] item: Leftovers
|upkeep
|turn|19
|
|t:|1730767947
|move|p1a: Celebi|Leech Seed|p2a: Suicune
|-start|p2a: Suicune|move: Leech Seed
|move|p2a: Suicune|Calm Mind|p2a: Suicune
|-boost|p2a: Suicune|spa|1
|-boost|p2a: Suicune|spd|1
|
|-heal|p1a: Celebi|94/100|[from] item: Leftovers
|-heal|p2a: Suicune|83/100|[from] item: Leftovers
|-damage|p2a: Suicune|71/100|[from] Leech Seed|[of] p1a: Celebi
|-heal|p1a: Celebi|100/100|[silent]
|upkeep
|turn|20
|
|t:|1730767964
|move|p1a: Celebi|Psychic|p2a: Suicune
|-damage|p2a: Suicune|54/100
|move|p2a: Suicune|Surf|p1a: Celebi
|-resisted|p1a: Celebi
|-damage|p1a: Celebi|74/100
|
|-heal|p1a: Celebi|80/100|[from] item: Leftovers
|-heal|p2a: Suicune|60/100|[from] item: Leftovers
|-damage|p2a: Suicune|47/100|[from] Leech Seed|[of] p1a: Celebi
|-heal|p1a: Celebi|94/100|[silent]
|upkeep
|turn|21
|
|t:|1730767972
|move|p1a: Celebi|Psychic|p2a: Suicune
|-damage|p2a: Suicune|32/100
|move|p2a: Suicune|Rest|p2a: Suicune
|-status|p2a: Suicune|slp|[from] move: Rest
|-heal|p2a: Suicune|100/100 slp|[silent]
|
|-heal|p1a: Celebi|100/100|[from] item: Leftovers
|-damage|p2a: Suicune|88/100 slp|[from] Leech Seed|[of] p1a: Celebi
|upkeep
|turn|22
|
|t:|1730767978
|switch|p1a: Skarmory|Skarmory, F|34/100
|switch|p2a: Blissey|Blissey, F|72/100
|
|-heal|p1a: Skarmory|40/100|[from] item: Leftovers
|-heal|p2a: Blissey|78/100|[from] item: Leftovers
|upkeep
|turn|23
|
|t:|1730767984
|move|p1a: Skarmory|Spikes|p2a: Blissey
|-sidestart|p2: I'm the Dome Ace|Spikes
|move|p2a: Blissey|Thunder Wave|p1a: Skarmory
|-status|p1a: Skarmory|par
|
|-heal|p2a: Blissey|84/100|[from] item: Leftovers
|-heal|p1a: Skarmory|46/100 par|[from] item: Leftovers
|upkeep
|turn|24
|
|t:|1730767992
|switch|p1a: Celebi|Celebi|100/100
|-damage|p1a: Celebi|88/100|[from] Spikes
|move|p2a: Blissey|Aromatherapy|p2a: Blissey
|-cureteam|p2a: Blissey|[from] move: Aromatherapy
|
|-heal|p1a: Celebi|94/100|[from] item: Leftovers
|-heal|p2a: Blissey|91/100|[from] item: Leftovers
|upkeep
|turn|25
|
|t:|1730768001
|move|p1a: Celebi|Leech Seed|p2a: Blissey
|-start|p2a: Blissey|move: Leech Seed
|move|p2a: Blissey|Thunder Wave|p1a: Celebi
|-status|p1a: Celebi|par
|
|-heal|p2a: Blissey|97/100|[from] item: Leftovers
|-damage|p2a: Blissey|84/100|[from] Leech Seed|[of] p1a: Celebi
|-heal|p1a: Celebi|100/100 par|[silent]
|upkeep
|turn|26
|
|t:|1730768005
|switch|p2a: Skarmory|Skarmory, M|89/100
|cant|p1a: Celebi|par
|
|-heal|p2a: Skarmory|95/100|[from] item: Leftovers
|upkeep
|turn|27
|
|t:|1730768011
|move|p2a: Skarmory|Spikes|p1a: Celebi
|-sidestart|p1: EG Zelph|Spikes
|move|p1a: Celebi|Hidden Power|p2a: Skarmory
|-supereffective|p2a: Skarmory
|-damage|p2a: Skarmory|50/100
|
|-heal|p2a: Skarmory|56/100|[from] item: Leftovers
|upkeep
|turn|28
|
|t:|1730768017
|move|p2a: Skarmory|Protect|p2a: Skarmory
|-singleturn|p2a: Skarmory|Protect
|move|p1a: Celebi|Leech Seed|p2a: Skarmory
|-activate|p2a: Skarmory|Protect
|
|-heal|p2a: Skarmory|62/100|[from] item: Leftovers
|upkeep
|turn|29
|
|t:|1730768026
|switch|p2a: Suicune|Suicune|88/100
|-damage|p2a: Suicune|76/100|[from] Spikes
|cant|p1a: Celebi|par
|
|-heal|p2a: Suicune|82/100|[from] item: Leftovers
|upkeep
|turn|30
|
|t:|1730768028
|move|p2a: Suicune|Calm Mind|p2a: Suicune
|-boost|p2a: Suicune|spa|1
|-boost|p2a: Suicune|spd|1
|move|p1a: Celebi|Leech Seed|p2a: Suicune
|-start|p2a: Suicune|move: Leech Seed
|
|-heal|p2a: Suicune|88/100|[from] item: Leftovers
|-damage|p2a: Suicune|76/100|[from] Leech Seed|[of] p1a: Celebi
|upkeep
|turn|31
|
|t:|1730768032
|switch|p2a: Blissey|Blissey, F|84/100
|-damage|p2a: Blissey|72/100|[from] Spikes
|-curestatus|p1a: Celebi|par|[from] ability: Natural Cure
|switch|p1a: Swampert|Swampert, F|92/100
|-damage|p1a: Swampert|75/100|[from] Spikes
|
|-heal|p1a: Swampert|81/100|[from] item: Leftovers
|-heal|p2a: Blissey|78/100|[from] item: Leftovers
|upkeep
|turn|32
|
|t:|1730768036
|switch|p2a: Suicune|Suicune|76/100
|-damage|p2a: Suicune|63/100|[from] Spikes
|move|p1a: Swampert|Earthquake|p2a: Suicune
|-damage|p2a: Suicune|39/100
|
|-heal|p2a: Suicune|45/100|[from] item: Leftovers
|-heal|p1a: Swampert|88/100|[from] item: Leftovers
|upkeep
|turn|33
|
|t:|1730768057
|move|p1a: Swampert|Earthquake|p2a: Suicune
|-damage|p2a: Suicune|22/100
|move|p2a: Suicune|Roar|p1a: Swampert
|drag|p1a: Skarmory|Skarmory, F|46/100 par
|
|-heal|p2a: Suicune|29/100|[from] item: Leftovers
|-heal|p1a: Skarmory|52/100 par|[from] item: Leftovers
|upkeep
|turn|34
|inactive|EG Zelph has 270 seconds left.
|
|t:|1730768099
|switch|p1a: Celebi|Celebi|100/100
|-damage|p1a: Celebi|84/100|[from] Spikes
|move|p2a: Suicune|Rest|p2a: Suicune
|-status|p2a: Suicune|slp|[from] move: Rest
|-heal|p2a: Suicune|100/100 slp|[silent]
|
|-heal|p1a: Celebi|90/100|[from] item: Leftovers
|upkeep
|turn|35
|
|t:|1730768112
|move|p1a: Celebi|Leech Seed|p2a: Suicune
|-start|p2a: Suicune|move: Leech Seed
|cant|p2a: Suicune|slp
|
|-heal|p1a: Celebi|96/100|[from] item: Leftovers
|-damage|p2a: Suicune|88/100 slp|[from] Leech Seed|[of] p1a: Celebi
|-heal|p1a: Celebi|100/100|[silent]
|upkeep
|turn|36
|
|t:|1730768115
|switch|p1a: Metagross|Metagross|100/100
|-damage|p1a: Metagross|84/100|[from] Spikes
|switch|p2a: Blissey|Blissey, F|78/100
|-damage|p2a: Blissey|65/100|[from] Spikes
|
|-heal|p1a: Metagross|90/100|[from] item: Leftovers
|-heal|p2a: Blissey|72/100|[from] item: Leftovers
|upkeep
|turn|37
|
|t:|1730768120
|move|p1a: Metagross|Meteor Mash|p2a: Blissey
|-damage|p2a: Blissey|22/100
|-boost|p1a: Metagross|atk|1
|move|p2a: Blissey|Thunder Wave|p1a: Metagross
|-status|p1a: Metagross|par
|
|-heal|p2a: Blissey|28/100|[from] item: Leftovers
|-heal|p1a: Metagross|96/100 par|[from] item: Leftovers
|upkeep
|turn|38
|
|t:|1730768124
|switch|p2a: Skarmory|Skarmory, M|62/100
|move|p1a: Metagross|Meteor Mash|p2a: Skarmory
|-resisted|p2a: Skarmory
|-damage|p2a: Skarmory|28/100
|-boost|p1a: Metagross|atk|1
|
|-heal|p2a: Skarmory|34/100|[from] item: Leftovers
|-heal|p1a: Metagross|100/100 par|[from] item: Leftovers
|upkeep
|turn|39
|c|☆I'm the Dome Ace|Oof.
|
|t:|1730768134
|move|p2a: Skarmory|Protect|p2a: Skarmory
|-singleturn|p2a: Skarmory|Protect
|move|p1a: Metagross|Meteor Mash|p2a: Skarmory
|-activate|p2a: Skarmory|Protect
|
|-heal|p2a: Skarmory|40/100|[from] item: Leftovers
|upkeep
|turn|40
|
|t:|1730768137
|cant|p1a: Metagross|par
|move|p2a: Skarmory|Roar|p1a: Metagross
|drag|p1a: Swampert|Swampert, F|88/100
|-damage|p1a: Swampert|71/100|[from] Spikes
|
|-heal|p2a: Skarmory|46/100|[from] item: Leftovers
|-heal|p1a: Swampert|77/100|[from] item: Leftovers
|upkeep
|turn|41
|
|t:|1730768164
|move|p2a: Skarmory|Spikes|p1a: Swampert
|-sidestart|p1: EG Zelph|Spikes
|move|p1a: Swampert|Hydro Pump|p2a: Skarmory
|-damage|p2a: Skarmory|15/100
|
|-heal|p2a: Skarmory|21/100|[from] item: Leftovers
|-heal|p1a: Swampert|83/100|[from] item: Leftovers
|upkeep
|turn|42
|
|t:|1730768172
|move|p2a: Skarmory|Protect|p2a: Skarmory
|-singleturn|p2a: Skarmory|Protect
|move|p1a: Swampert|Hydro Pump|p2a: Skarmory
|-activate|p2a: Skarmory|Protect
|
|-heal|p2a: Skarmory|27/100|[from] item: Leftovers
|-heal|p1a: Swampert|90/100|[from] item: Leftovers
|upkeep
|turn|43
|
|t:|1730768176
|switch|p2a: Snorlax|Snorlax, F|90/100
|-damage|p2a: Snorlax|78/100|[from] Spikes
|move|p1a: Swampert|Hydro Pump|p2a: Snorlax
|-damage|p2a: Snorlax|59/100
|
|-heal|p1a: Swampert|96/100|[from] item: Leftovers
|-heal|p2a: Snorlax|65/100|[from] item: Leftovers
|upkeep
|turn|44
|
|t:|1730768184
|move|p1a: Swampert|Earthquake|p2a: Snorlax
|-damage|p2a: Snorlax|35/100
|move|p2a: Snorlax|Return|p1a: Swampert
|-damage|p1a: Swampert|66/100
|
|-heal|p1a: Swampert|72/100|[from] item: Leftovers
|-heal|p2a: Snorlax|41/100|[from] item: Leftovers
|upkeep
|turn|45
|
|t:|1730768190
|move|p1a: Swampert|Earthquake|p2a: Snorlax
|-damage|p2a: Snorlax|6/100
|move|p2a: Snorlax|Rest|p2a: Snorlax
|-status|p2a: Snorlax|slp|[from] move: Rest
|-heal|p2a: Snorlax|100/100 slp|[silent]
|
|-heal|p1a: Swampert|78/100|[from] item: Leftovers
|upkeep
|turn|46
|
|t:|1730768203
|switch|p1a: Metagross|Metagross|100/100 par
|-damage|p1a: Metagross|76/100 par|[from] Spikes
|switch|p2a: Suicune|Suicune|88/100 slp
|-damage|p2a: Suicune|76/100 slp|[from] Spikes
|
|-heal|p2a: Suicune|82/100 slp|[from] item: Leftovers
|-heal|p1a: Metagross|82/100 par|[from] item: Leftovers
|upkeep
|turn|47
|
|t:|1730768211
|move|p1a: Metagross|Earthquake|p2a: Suicune
|-damage|p2a: Suicune|61/100 slp
|cant|p2a: Suicune|slp
|
|-heal|p2a: Suicune|67/100 slp|[from] item: Leftovers
|-heal|p1a: Metagross|88/100 par|[from] item: Leftovers
|upkeep
|turn|48
|
|t:|1730768215
|move|p1a: Metagross|Earthquake|p2a: Suicune
|-damage|p2a: Suicune|45/100 slp
|-curestatus|p2a: Suicune|slp|[msg]
|move|p2a: Suicune|Roar|p1a: Metagross
|drag|p1a: Swampert|Swampert, F|78/100
|-damage|p1a: Swampert|53/100|[from] Spikes
|
|-heal|p2a: Suicune|51/100|[from] item: Leftovers
|-heal|p1a: Swampert|60/100|[from] item: Leftovers
|upkeep
|turn|49
|
|t:|1730768223
|move|p2a: Suicune|Surf|p1a: Swampert
|-damage|p1a: Swampert|32/100
|move|p1a: Swampert|Earthquake|p2a: Suicune
|-damage|p2a: Suicune|28/100
|
|-heal|p2a: Suicune|35/100|[from] item: Leftovers
|-heal|p1a: Swampert|38/100|[from] item: Leftovers
|upkeep
|turn|50
|
|t:|1730768237
|move|p2a: Suicune|Surf|p1a: Swampert
|-damage|p1a: Swampert|10/100
|move|p1a: Swampert|Earthquake|p2a: Suicune
|-crit|p2a: Suicune
|-damage|p2a: Suicune|0 fnt
|faint|p2a: Suicune
|
|t:|1730768246
|switch|p2a: Claydol|Claydol|70/100
|
|-heal|p2a: Claydol|76/100|[from] item: Leftovers
|-heal|p1a: Swampert|16/100|[from] item: Leftovers
|upkeep
|turn|51
|
|t:|1730768253
|move|p1a: Swampert|Protect|p1a: Swampert
|-singleturn|p1a: Swampert|Protect
|move|p2a: Claydol|Psychic|p1a: Swampert
|-activate|p1a: Swampert|Protect
|
|-heal|p2a: Claydol|82/100|[from] item: Leftovers
|-heal|p1a: Swampert|23/100|[from] item: Leftovers
|upkeep
|turn|52
|
|t:|1730768259
|move|p2a: Claydol|Psychic|p1a: Swampert
|-damage|p1a: Swampert|0 fnt
|faint|p1a: Swampert
|
|t:|1730768265
|switch|p1a: Celebi|Celebi|100/100
|-damage|p1a: Celebi|76/100|[from] Spikes
|
|-heal|p1a: Celebi|82/100|[from] item: Leftovers
|-heal|p2a: Claydol|88/100|[from] item: Leftovers
|upkeep
|turn|53
|
|t:|1730768271
|move|p1a: Celebi|Giga Drain|p2a: Claydol
|-supereffective|p2a: Claydol
|-damage|p2a: Claydol|40/100
|-heal|p1a: Celebi|100/100|[from] drain|[of] p2a: Claydol
|move|p2a: Claydol|Rapid Spin|p1a: Celebi
|-damage|p1a: Celebi|97/100
|-sideend|p2: I'm the Dome Ace|Spikes|[from] move: Rapid Spin|[of] p2a: Claydol
|
|-heal|p1a: Celebi|100/100|[from] item: Leftovers
|-heal|p2a: Claydol|46/100|[from] item: Leftovers
|upkeep
|turn|54
|
|t:|1730768277
|switch|p2a: Snorlax|Snorlax, F|100/100 slp
|move|p1a: Celebi|Psychic|p2a: Snorlax
|-damage|p2a: Snorlax|78/100 slp
|
|-heal|p2a: Snorlax|85/100 slp|[from] item: Leftovers
|upkeep
|turn|55
|
|t:|1730768284
|switch|p1a: Skarmory|Skarmory, F|52/100 par
|cant|p2a: Snorlax|slp
|
|-heal|p2a: Snorlax|91/100 slp|[from] item: Leftovers
|-heal|p1a: Skarmory|58/100 par|[from] item: Leftovers
|upkeep
|turn|56
|
|t:|1730768290
|switch|p2a: Blissey|Blissey, F|28/100
|cant|p1a: Skarmory|par
|
|-heal|p2a: Blissey|34/100|[from] item: Leftovers
|-heal|p1a: Skarmory|64/100 par|[from] item: Leftovers
|upkeep
|turn|57
|
|t:|1730768295
|move|p2a: Blissey|Soft-Boiled|p2a: Blissey
|-heal|p2a: Blissey|84/100
|move|p1a: Skarmory|Spikes|p2a: Blissey
|-sidestart|p2: I'm the Dome Ace|Spikes
|
|-heal|p2a: Blissey|90/100|[from] item: Leftovers
|-heal|p1a: Skarmory|70/100 par|[from] item: Leftovers
|upkeep
|turn|58
|
|t:|1730768306
|switch|p1a: Metagross|Metagross|88/100 par
|-damage|p1a: Metagross|63/100 par|[from] Spikes
|move|p2a: Blissey|Seismic Toss|p1a: Metagross
|-damage|p1a: Metagross|34/100 par
|
|-heal|p2a: Blissey|96/100|[from] item: Leftovers
|-heal|p1a: Metagross|40/100 par|[from] item: Leftovers
|upkeep
|turn|59
|inactive|I'm the Dome Ace has 270 seconds left.
|
|t:|1730768363
|move|p2a: Blissey|Seismic Toss|p1a: Metagross
|-damage|p1a: Metagross|11/100 par
|move|p1a: Metagross|Explosion|p2a: Blissey
|-damage|p2a: Blissey|0 fnt
|faint|p1a: Metagross
|faint|p2a: Blissey
|inactive|I'm the Dome Ace has 240 seconds left.
|c|☆I'm the Dome Ace|dam
|
|t:|1730768385
|switch|p1a: Celebi|Celebi|100/100
|switch|p2a: Claydol|Claydol|46/100
|-damage|p1a: Celebi|76/100|[from] Spikes
|
|-heal|p1a: Celebi|82/100|[from] item: Leftovers
|-heal|p2a: Claydol|52/100|[from] item: Leftovers
|upkeep
|turn|60
|
|t:|1730768390
|move|p1a: Celebi|Giga Drain|p2a: Claydol
|-supereffective|p2a: Claydol
|-damage|p2a: Claydol|0 fnt
|-heal|p1a: Celebi|100/100|[from] drain|[of] p2a: Claydol
|faint|p2a: Claydol
|c|☆I'm the Dome Ace|Fuck
|
|t:|1730768394
|switch|p2a: Snorlax|Snorlax, F|91/100 slp
|-damage|p2a: Snorlax|78/100 slp|[from] Spikes
|
|-heal|p2a: Snorlax|85/100 slp|[from] item: Leftovers
|upkeep
|turn|61
|
|t:|1730768398
|move|p1a: Celebi|Leech Seed|p2a: Snorlax
|-start|p2a: Snorlax|move: Leech Seed
|cant|p2a: Snorlax|slp
|
|-heal|p2a: Snorlax|91/100 slp|[from] item: Leftovers
|-damage|p2a: Snorlax|78/100 slp|[from] Leech Seed|[of] p1a: Celebi
|upkeep
|turn|62
|
|t:|1730768406
|switch|p2a: Skarmory|Skarmory, M|27/100
|move|p1a: Celebi|Psychic|p2a: Skarmory
|-resisted|p2a: Skarmory
|-damage|p2a: Skarmory|7/100
|
|-heal|p2a: Skarmory|13/100|[from] item: Leftovers
|upkeep
|turn|63
|
|t:|1730768410
|move|p2a: Skarmory|Protect|p2a: Skarmory
|-singleturn|p2a: Skarmory|Protect
|move|p1a: Celebi|Hidden Power|p2a: Skarmory
|-activate|p2a: Skarmory|Protect
|
|-heal|p2a: Skarmory|19/100|[from] item: Leftovers
|upkeep
|turn|64
|c|☆I'm the Dome Ace|yeah i threw this insanely hard
|inactive|I'm the Dome Ace has 270 seconds left.
|
|t:|1730768448
|move|p1a: Celebi|Hidden Power|p2a: Skarmory
|-supereffective|p2a: Skarmory
|-damage|p2a: Skarmory|0 fnt
|faint|p2a: Skarmory
|
|t:|1730768450
|switch|p2a: Snorlax|Snorlax, F|78/100 slp
|-damage|p2a: Snorlax|66/100 slp|[from] Spikes
|
|-heal|p2a: Snorlax|72/100 slp|[from] item: Leftovers
|upkeep
|turn|65
|
|t:|1730768471
|move|p1a: Celebi|Leech Seed|p2a: Snorlax
|-start|p2a: Snorlax|move: Leech Seed
|-curestatus|p2a: Snorlax|slp|[msg]
|move|p2a: Snorlax|Curse|p2a: Snorlax
|-unboost|p2a: Snorlax|spe|1
|-boost|p2a: Snorlax|atk|1
|-boost|p2a: Snorlax|def|1
|
|-heal|p2a: Snorlax|78/100|[from] item: Leftovers
|-damage|p2a: Snorlax|66/100|[from] Leech Seed|[of] p1a: Celebi
|upkeep
|turn|66
|inactive|I'm the Dome Ace has 270 seconds left.
|
|t:|1730768482
|move|p1a: Celebi|Psychic|p2a: Snorlax
|-damage|p2a: Snorlax|45/100
|move|p2a: Snorlax|Curse|p2a: Snorlax
|-unboost|p2a: Snorlax|spe|1
|-boost|p2a: Snorlax|atk|1
|-boost|p2a: Snorlax|def|1
|
|-heal|p2a: Snorlax|51/100|[from] item: Leftovers
|-damage|p2a: Snorlax|39/100|[from] Leech Seed|[of] p1a: Celebi
|upkeep
|turn|67
|
|t:|1730768493
|move|p1a: Celebi|Giga Drain|p2a: Snorlax
|-damage|p2a: Snorlax|25/100
|move|p2a: Snorlax|Rest|p2a: Snorlax
|-status|p2a: Snorlax|slp|[from] move: Rest
|-heal|p2a: Snorlax|100/100 slp|[silent]
|
|-damage|p2a: Snorlax|88/100 slp|[from] Leech Seed|[of] p1a: Celebi
|upkeep
|turn|68
|
|t:|1730768508
|move|p1a: Celebi|Psychic|p2a: Snorlax
|-damage|p2a: Snorlax|67/100 slp
|cant|p2a: Snorlax|slp
|
|-heal|p2a: Snorlax|73/100 slp|[from] item: Leftovers
|-damage|p2a: Snorlax|60/100 slp|[from] Leech Seed|[of] p1a: Celebi
|upkeep
|turn|69
|
|t:|1730768517
|move|p1a: Celebi|Psychic|p2a: Snorlax
|-damage|p2a: Snorlax|40/100 slp
|cant|p2a: Snorlax|slp
|
|-heal|p2a: Snorlax|47/100 slp|[from] item: Leftovers
|-damage|p2a: Snorlax|34/100 slp|[from] Leech Seed|[of] p1a: Celebi
|upkeep
|turn|70
|
|t:|1730768529
|move|p1a: Celebi|Hidden Power|p2a: Snorlax
|-damage|p2a: Snorlax|23/100 slp
|-curestatus|p2a: Snorlax|slp|[msg]
|move|p2a: Snorlax|Rest|p2a: Snorlax
|-status|p2a: Snorlax|slp|[from] move: Rest
|-heal|p2a: Snorlax|100/100 slp|[silent]
|
|-damage|p2a: Snorlax|88/100 slp|[from] Leech Seed|[of] p1a: Celebi
|upkeep
|turn|71
|
|t:|1730768541
|move|p1a: Celebi|Psychic|p2a: Snorlax
|-damage|p2a: Snorlax|68/100 slp
|cant|p2a: Snorlax|slp
|
|-heal|p2a: Snorlax|74/100 slp|[from] item: Leftovers
|-damage|p2a: Snorlax|61/100 slp|[from] Leech Seed|[of] p1a: Celebi
|upkeep
|turn|72
|
|t:|1730768548
|move|p1a: Celebi|Psychic|p2a: Snorlax
|-damage|p2a: Snorlax|39/100 slp
|cant|p2a: Snorlax|slp
|
|-heal|p2a: Snorlax|45/100 slp|[from] item: Leftovers
|-damage|p2a: Snorlax|32/100 slp|[from] Leech Seed|[of] p1a: Celebi
|upkeep
|turn|73
|
|t:|1730768569
|move|p1a: Celebi|Hidden Power|p2a: Snorlax
|-damage|p2a: Snorlax|21/100 slp
|-curestatus|p2a: Snorlax|slp|[msg]
|move|p2a: Snorlax|Rest|p2a: Snorlax
|-status|p2a: Snorlax|slp|[from] move: Rest
|-heal|p2a: Snorlax|100/100 slp|[silent]
|
|-damage|p2a: Snorlax|88/100 slp|[from] Leech Seed|[of] p1a: Celebi
|upkeep
|turn|74
|
|t:|1730768582
|move|p1a: Celebi|Hidden Power|p2a: Snorlax
|-damage|p2a: Snorlax|77/100 slp
|cant|p2a: Snorlax|slp
|
|-heal|p2a: Snorlax|83/100 slp|[from] item: Leftovers
|-damage|p2a: Snorlax|71/100 slp|[from] Leech Seed|[of] p1a: Celebi
|upkeep
|turn|75
|
|t:|1730768606
|move|p1a: Celebi|Psychic|p2a: Snorlax
|-damage|p2a: Snorlax|48/100 slp
|cant|p2a: Snorlax|slp
|
|-heal|p2a: Snorlax|54/100 slp|[from] item: Leftovers
|-damage|p2a: Snorlax|42/100 slp|[from] Leech Seed|[of] p1a: Celebi
|upkeep
|turn|76
|inactive|EG Zelph has 270 seconds left.
|
|t:|1730768632
|switch|p1a: Skarmory|Skarmory, F|70/100 par
|-curestatus|p2a: Snorlax|slp|[msg]
|move|p2a: Snorlax|Rest|p2a: Snorlax
|-status|p2a: Snorlax|slp|[from] move: Rest
|-heal|p2a: Snorlax|100/100 slp|[silent]
|
|-heal|p1a: Skarmory|76/100 par|[from] item: Leftovers
|-damage|p2a: Snorlax|88/100 slp|[from] Leech Seed|[of] p1a: Skarmory
|-heal|p1a: Skarmory|94/100 par|[silent]
|upkeep
|turn|77
|
|t:|1730768643
|cant|p2a: Snorlax|slp
|cant|p1a: Skarmory|par
|
|-heal|p2a: Snorlax|94/100 slp|[from] item: Leftovers
|-heal|p1a: Skarmory|100/100 par|[from] item: Leftovers
|-damage|p2a: Snorlax|82/100 slp|[from] Leech Seed|[of] p1a: Skarmory
|upkeep
|turn|78
|
|t:|1730768652
|cant|p2a: Snorlax|slp
|move|p1a: Skarmory|Spikes|p2a: Snorlax
|-sidestart|p2: I'm the Dome Ace|Spikes
|
|-heal|p2a: Snorlax|88/100 slp|[from] item: Leftovers
|-damage|p2a: Snorlax|76/100 slp|[from] Leech Seed|[of] p1a: Skarmory
|upkeep
|turn|79
|
|t:|1730768656
|move|p1a: Skarmory|Spikes|p2a: Snorlax
|-sidestart|p2: I'm the Dome Ace|Spikes
|-curestatus|p2a: Snorlax|slp|[msg]
|move|p2a: Snorlax|Curse|p2a: Snorlax
|-unboost|p2a: Snorlax|spe|1
|-boost|p2a: Snorlax|atk|1
|-boost|p2a: Snorlax|def|1
|
|-heal|p2a: Snorlax|82/100|[from] item: Leftovers
|-damage|p2a: Snorlax|69/100|[from] Leech Seed|[of] p1a: Skarmory
|upkeep
|turn|80
|
|t:|1730768663
|move|p1a: Skarmory|Taunt|p2a: Snorlax
|-start|p2a: Snorlax|move: Taunt
|move|p2a: Snorlax|Shadow Ball|p1a: Skarmory
|-resisted|p1a: Skarmory
|-damage|p1a: Skarmory|81/100 par
|
|-heal|p1a: Skarmory|87/100 par|[from] item: Leftovers
|-heal|p2a: Snorlax|76/100|[from] item: Leftovers
|-damage|p2a: Snorlax|63/100|[from] Leech Seed|[of] p1a: Skarmory
|-heal|p1a: Skarmory|100/100 par|[silent]
|upkeep
|turn|81
|
|t:|1730768672
|move|p2a: Snorlax|Return|p1a: Skarmory
|-resisted|p1a: Skarmory
|-damage|p1a: Skarmory|63/100 par
|cant|p1a: Skarmory|par
|
|-heal|p1a: Skarmory|69/100 par|[from] item: Leftovers
|-heal|p2a: Snorlax|69/100|[from] item: Leftovers
|-damage|p2a: Snorlax|57/100|[from] Leech Seed|[of] p1a: Skarmory
|-heal|p1a: Skarmory|88/100 par|[silent]
|-end|p2a: Snorlax|move: Taunt|[silent]
|upkeep
|turn|82
|
|t:|1730768681
|move|p1a: Skarmory|Taunt|p2a: Snorlax
|-start|p2a: Snorlax|move: Taunt
|move|p2a: Snorlax|Return|p1a: Skarmory
|-resisted|p1a: Skarmory
|-damage|p1a: Skarmory|48/100 par
|
|-heal|p1a: Skarmory|54/100 par|[from] item: Leftovers
|-heal|p2a: Snorlax|63/100|[from] item: Leftovers
|-damage|p2a: Snorlax|51/100|[from] Leech Seed|[of] p1a: Skarmory
|-heal|p1a: Skarmory|72/100 par|[silent]
|upkeep
|turn|83
|
|t:|1730768701
|move|p2a: Snorlax|Return|p1a: Skarmory
|-resisted|p1a: Skarmory
|-damage|p1a: Skarmory|33/100 par
|move|p1a: Skarmory|Roar|p2a: Snorlax
|drag|p2a: Dugtrio|Dugtrio, F|12/100
|-damage|p2a: Dugtrio|0 fnt|[from] Spikes
|faint|p2a: Dugtrio
|
|t:|1730768704
|switch|p2a: Snorlax|Snorlax, F|51/100
|-damage|p2a: Snorlax|26/100|[from] Spikes
|
|-heal|p2a: Snorlax|32/100|[from] item: Leftovers
|-heal|p1a: Skarmory|39/100 par|[from] item: Leftovers
|upkeep
|turn|84
|inactive|I'm the Dome Ace has 270 seconds left.
|
|t:|1730768739
|switch|p1a: Celebi|Celebi|100/100
|-damage|p1a: Celebi|76/100|[from] Spikes
|move|p2a: Snorlax|Curse|p2a: Snorlax
|-unboost|p2a: Snorlax|spe|1
|-boost|p2a: Snorlax|atk|1
|-boost|p2a: Snorlax|def|1
|
|-heal|p1a: Celebi|82/100|[from] item: Leftovers
|-heal|p2a: Snorlax|38/100|[from] item: Leftovers
|upkeep
|turn|85
|inactive|I'm the Dome Ace has 270 seconds left.
|inactive|I'm the Dome Ace has 240 seconds left.
|
|t:|1730768788
|move|p1a: Celebi|Leech Seed|p2a: Snorlax
|-start|p2a: Snorlax|move: Leech Seed
|move|p2a: Snorlax|Rest|p2a: Snorlax
|-status|p2a: Snorlax|slp|[from] move: Rest
|-heal|p2a: Snorlax|100/100 slp|[silent]
|
|-heal|p1a: Celebi|88/100|[from] item: Leftovers
|-damage|p2a: Snorlax|88/100 slp|[from] Leech Seed|[of] p1a: Celebi
|-heal|p1a: Celebi|100/100|[silent]
|upkeep
|turn|86
|
|t:|1730768802
|move|p1a: Celebi|Hidden Power|p2a: Snorlax
|-damage|p2a: Snorlax|77/100 slp
|cant|p2a: Snorlax|slp
|
|-heal|p2a: Snorlax|83/100 slp|[from] item: Leftovers
|-damage|p2a: Snorlax|71/100 slp|[from] Leech Seed|[of] p1a: Celebi
|upkeep
|turn|87
|
|t:|1730768810
|move|p1a: Celebi|Hidden Power|p2a: Snorlax
|-damage|p2a: Snorlax|60/100 slp
|cant|p2a: Snorlax|slp
|
|-heal|p2a: Snorlax|66/100 slp|[from] item: Leftovers
|-damage|p2a: Snorlax|54/100 slp|[from] Leech Seed|[of] p1a: Celebi
|upkeep
|turn|88
|
|t:|1730768813
|move|p1a: Celebi|Leech Seed||[still]
|-fail|p1a: Celebi
|-curestatus|p2a: Snorlax|slp|[msg]
|move|p2a: Snorlax|Return|p1a: Celebi
|-damage|p1a: Celebi|40/100
|
|-heal|p1a: Celebi|47/100|[from] item: Leftovers
|-heal|p2a: Snorlax|60/100|[from] item: Leftovers
|-damage|p2a: Snorlax|47/100|[from] Leech Seed|[of] p1a: Celebi
|-heal|p1a: Celebi|65/100|[silent]
|upkeep
|turn|89
|inactive|I'm the Dome Ace has 270 seconds left.
|
|t:|1730768824
|move|p1a: Celebi|Giga Drain|p2a: Snorlax
|-damage|p2a: Snorlax|33/100
|-heal|p1a: Celebi|75/100|[from] drain|[of] p2a: Snorlax
|move|p2a: Snorlax|Shadow Ball|p1a: Celebi
|-supereffective|p1a: Celebi
|-damage|p1a: Celebi|10/100
|
|-heal|p1a: Celebi|16/100|[from] item: Leftovers
|-heal|p2a: Snorlax|40/100|[from] item: Leftovers
|-damage|p2a: Snorlax|27/100|[from] Leech Seed|[of] p1a: Celebi
|-heal|p1a: Celebi|34/100|[silent]
|upkeep
|turn|90
|inactive|I'm the Dome Ace has 270 seconds left.
|
|t:|1730768859
|move|p1a: Celebi|Psychic|p2a: Snorlax
|-damage|p2a: Snorlax|4/100
|move|p2a: Snorlax|Rest|p2a: Snorlax
|-status|p2a: Snorlax|slp|[from] move: Rest
|-heal|p2a: Snorlax|100/100 slp|[silent]
|
|-heal|p1a: Celebi|40/100|[from] item: Leftovers
|-damage|p2a: Snorlax|88/100 slp|[from] Leech Seed|[of] p1a: Celebi
|-heal|p1a: Celebi|58/100|[silent]
|upkeep
|turn|91
|
|t:|1730768867
|move|p1a: Celebi|Hidden Power|p2a: Snorlax
|-damage|p2a: Snorlax|76/100 slp
|cant|p2a: Snorlax|slp
|
|-heal|p1a: Celebi|64/100|[from] item: Leftovers
|-heal|p2a: Snorlax|83/100 slp|[from] item: Leftovers
|-damage|p2a: Snorlax|70/100 slp|[from] Leech Seed|[of] p1a: Celebi
|-heal|p1a: Celebi|83/100|[silent]
|upkeep
|turn|92
|
|t:|1730768872
|move|p1a: Celebi|Hidden Power|p2a: Snorlax
|-damage|p2a: Snorlax|59/100 slp
|cant|p2a: Snorlax|slp
|
|-heal|p1a: Celebi|89/100|[from] item: Leftovers
|-heal|p2a: Snorlax|66/100 slp|[from] item: Leftovers
|-damage|p2a: Snorlax|53/100 slp|[from] Leech Seed|[of] p1a: Celebi
|-heal|p1a: Celebi|100/100|[silent]
|upkeep
|turn|93
|inactive|I'm the Dome Ace has 270 seconds left.
|
|t:|1730768879
|move|p1a: Celebi|Giga Drain|p2a: Snorlax
|-damage|p2a: Snorlax|40/100 slp
|-curestatus|p2a: Snorlax|slp|[msg]
|move|p2a: Snorlax|Return|p1a: Celebi
|-damage|p1a: Celebi|36/100
|
|-heal|p1a: Celebi|42/100|[from] item: Leftovers
|-heal|p2a: Snorlax|46/100|[from] item: Leftovers
|-damage|p2a: Snorlax|33/100|[from] Leech Seed|[of] p1a: Celebi
|-heal|p1a: Celebi|60/100|[silent]
|upkeep
|turn|94
|
|t:|1730768886
|move|p1a: Celebi|Giga Drain|p2a: Snorlax
|-damage|p2a: Snorlax|18/100
|-heal|p1a: Celebi|71/100|[from] drain|[of] p2a: Snorlax
|move|p2a: Snorlax|Rest|p2a: Snorlax
|-status|p2a: Snorlax|slp|[from] move: Rest
|-heal|p2a: Snorlax|100/100 slp|[silent]
|
|-heal|p1a: Celebi|77/100|[from] item: Leftovers
|-damage|p2a: Snorlax|88/100 slp|[from] Leech Seed|[of] p1a: Celebi
|-heal|p1a: Celebi|95/100|[silent]
|upkeep
|turn|95
|
|t:|1730768888
|switch|p1a: Skarmory|Skarmory, F|39/100 par
|cant|p2a: Snorlax|slp
|
|-heal|p2a: Snorlax|94/100 slp|[from] item: Leftovers
|-damage|p2a: Snorlax|82/100 slp|[from] Leech Seed|[of] p1a: Skarmory
|-heal|p1a: Skarmory|57/100 par|[silent]
|-heal|p1a: Skarmory|63/100 par|[from] item: Leftovers
|upkeep
|turn|96
|
|t:|1730768897
|cant|p2a: Snorlax|slp
|cant|p1a: Skarmory|par
|
|-heal|p2a: Snorlax|88/100 slp|[from] item: Leftovers
|-damage|p2a: Snorlax|76/100 slp|[from] Leech Seed|[of] p1a: Skarmory
|-heal|p1a: Skarmory|82/100 par|[silent]
|-heal|p1a: Skarmory|88/100 par|[from] item: Leftovers
|upkeep
|turn|97
|
|t:|1730768902
|-curestatus|p2a: Snorlax|slp|[msg]
|move|p2a: Snorlax|Return|p1a: Skarmory
|-resisted|p1a: Skarmory
|-damage|p1a: Skarmory|64/100 par
|move|p1a: Skarmory|Taunt|p2a: Snorlax
|-start|p2a: Snorlax|move: Taunt
|
|-heal|p2a: Snorlax|82/100|[from] item: Leftovers
|-damage|p2a: Snorlax|69/100|[from] Leech Seed|[of] p1a: Skarmory
|-heal|p1a: Skarmory|82/100 par|[silent]
|-heal|p1a: Skarmory|88/100 par|[from] item: Leftovers
|upkeep
|turn|98
|
|t:|1730768908
|move|p2a: Snorlax|Return|p1a: Skarmory
|-resisted|p1a: Skarmory
|-damage|p1a: Skarmory|66/100 par
|move|p1a: Skarmory|Taunt||[still]
|-fail|p1a: Skarmory
|
|-heal|p2a: Snorlax|76/100|[from] item: Leftovers
|-damage|p2a: Snorlax|63/100|[from] Leech Seed|[of] p1a: Skarmory
|-heal|p1a: Skarmory|85/100 par|[silent]
|-end|p2a: Snorlax|move: Taunt|[silent]
|-heal|p1a: Skarmory|91/100 par|[from] item: Leftovers
|upkeep
|turn|99
|
|t:|1730768915
|move|p2a: Snorlax|Return|p1a: Skarmory
|-resisted|p1a: Skarmory
|-damage|p1a: Skarmory|65/100 par
|cant|p1a: Skarmory|par
|
|-heal|p2a: Snorlax|69/100|[from] item: Leftovers
|-damage|p2a: Snorlax|57/100|[from] Leech Seed|[of] p1a: Skarmory
|-heal|p1a: Skarmory|84/100 par|[silent]
|-heal|p1a: Skarmory|90/100 par|[from] item: Leftovers
|upkeep
|turn|100
|
|t:|1730768922
|move|p2a: Snorlax|Return|p1a: Skarmory
|-resisted|p1a: Skarmory
|-damage|p1a: Skarmory|67/100 par
|move|p1a: Skarmory|Taunt|p2a: Snorlax
|-start|p2a: Snorlax|move: Taunt
|
|-heal|p2a: Snorlax|63/100|[from] item: Leftovers
|-damage|p2a: Snorlax|51/100|[from] Leech Seed|[of] p1a: Skarmory
|-heal|p1a: Skarmory|85/100 par|[silent]
|-heal|p1a: Skarmory|91/100 par|[from] item: Leftovers
|upkeep
|turn|101
|
|t:|1730768925
|move|p2a: Snorlax|Return|p1a: Skarmory
|-resisted|p1a: Skarmory
|-damage|p1a: Skarmory|68/100 par
|move|p1a: Skarmory|Taunt||[still]
|-fail|p1a: Skarmory
|
|-heal|p2a: Snorlax|57/100|[from] item: Leftovers
|-damage|p2a: Snorlax|44/100|[from] Leech Seed|[of] p1a: Skarmory
|-heal|p1a: Skarmory|87/100 par|[silent]
|-end|p2a: Snorlax|move: Taunt|[silent]
|-heal|p1a: Skarmory|93/100 par|[from] item: Leftovers
|upkeep
|turn|102
|
|t:|1730768938
|move|p2a: Snorlax|Rest|p2a: Snorlax
|-status|p2a: Snorlax|slp|[from] move: Rest
|-heal|p2a: Snorlax|100/100 slp|[silent]
|move|p1a: Skarmory|Spikes||[still]
|-fail|p1a: Skarmory
|
|-damage|p2a: Snorlax|88/100 slp|[from] Leech Seed|[of] p1a: Skarmory
|-heal|p1a: Skarmory|100/100 par|[silent]
|upkeep
|turn|103
|
|t:|1730768944
|cant|p2a: Snorlax|slp
|move|p1a: Skarmory|Spikes||[still]
|-fail|p1a: Skarmory
|
|-heal|p2a: Snorlax|94/100 slp|[from] item: Leftovers
|-damage|p2a: Snorlax|82/100 slp|[from] Leech Seed|[of] p1a: Skarmory
|upkeep
|turn|104
|
|t:|1730768963
|cant|p2a: Snorlax|slp
|move|p1a: Skarmory|Roar||[still]
|-fail|p1a: Skarmory
|
|-heal|p2a: Snorlax|88/100 slp|[from] item: Leftovers
|-damage|p2a: Snorlax|76/100 slp|[from] Leech Seed|[of] p1a: Skarmory
|upkeep
|turn|105
|
|t:|1730768970
|-curestatus|p2a: Snorlax|slp|[msg]
|move|p2a: Snorlax|Curse|p2a: Snorlax
|-unboost|p2a: Snorlax|spe|1
|-boost|p2a: Snorlax|atk|1
|-boost|p2a: Snorlax|def|1
|move|p1a: Skarmory|Toxic|p2a: Snorlax
|-immune|p2a: Snorlax|[from] ability: Immunity
|
|-heal|p2a: Snorlax|82/100|[from] item: Leftovers
|-damage|p2a: Snorlax|69/100|[from] Leech Seed|[of] p1a: Skarmory
|upkeep
|turn|106
|
|t:|1730768975
|move|p1a: Skarmory|Taunt|p2a: Snorlax
|-start|p2a: Snorlax|move: Taunt
|move|p2a: Snorlax|Return|p1a: Skarmory
|-resisted|p1a: Skarmory
|-damage|p1a: Skarmory|71/100 par
|
|-heal|p1a: Skarmory|77/100 par|[from] item: Leftovers
|-heal|p2a: Snorlax|76/100|[from] item: Leftovers
|-damage|p2a: Snorlax|63/100|[from] Leech Seed|[of] p1a: Skarmory
|-heal|p1a: Skarmory|96/100 par|[silent]
|upkeep
|turn|107
|c|☆I'm the Dome Ace|fuck
|c|☆I'm the Dome Ace|you're very fast
|
|t:|1730768982
|cant|p1a: Skarmory|par
|move|p2a: Snorlax|Return|p1a: Skarmory
|-resisted|p1a: Skarmory
|-damage|p1a: Skarmory|62/100 par
|
|-heal|p2a: Snorlax|69/100|[from] item: Leftovers
|-heal|p1a: Skarmory|68/100 par|[from] item: Leftovers
|-damage|p2a: Snorlax|57/100|[from] Leech Seed|[of] p1a: Skarmory
|-heal|p1a: Skarmory|87/100 par|[silent]
|-end|p2a: Snorlax|move: Taunt|[silent]
|upkeep
|turn|108
|
|t:|1730768987
|move|p1a: Skarmory|Taunt|p2a: Snorlax
|-start|p2a: Snorlax|move: Taunt
|cant|p2a: Snorlax|move: Taunt|Rest
|
|-heal|p2a: Snorlax|63/100|[from] item: Leftovers
|-heal|p1a: Skarmory|93/100 par|[from] item: Leftovers
|-damage|p2a: Snorlax|51/100|[from] Leech Seed|[of] p1a: Skarmory
|-heal|p1a: Skarmory|100/100 par|[silent]
|upkeep
|turn|109
|
|t:|1730768990
|move|p1a: Skarmory|Toxic|p2a: Snorlax
|-immune|p2a: Snorlax|[from] ability: Immunity
|move|p2a: Snorlax|Return|p1a: Skarmory
|-resisted|p1a: Skarmory
|-damage|p1a: Skarmory|68/100 par
|
|-heal|p2a: Snorlax|57/100|[from] item: Leftovers
|-heal|p1a: Skarmory|74/100 par|[from] item: Leftovers
|-damage|p2a: Snorlax|44/100|[from] Leech Seed|[of] p1a: Skarmory
|-heal|p1a: Skarmory|93/100 par|[silent]
|-end|p2a: Snorlax|move: Taunt|[silent]
|upkeep
|turn|110
|
|t:|1730768993
|move|p1a: Skarmory|Taunt|p2a: Snorlax
|-start|p2a: Snorlax|move: Taunt
|cant|p2a: Snorlax|move: Taunt|Rest
|
|-heal|p1a: Skarmory|99/100 par|[from] item: Leftovers
|-heal|p2a: Snorlax|51/100|[from] item: Leftovers
|-damage|p2a: Snorlax|38/100|[from] Leech Seed|[of] p1a: Skarmory
|-heal|p1a: Skarmory|100/100 par|[silent]
|upkeep
|turn|111
|
|t:|1730769000
|move|p2a: Snorlax|Shadow Ball|p1a: Skarmory
|-resisted|p1a: Skarmory
|-damage|p1a: Skarmory|85/100 par
|move|p1a: Skarmory|Toxic|p2a: Snorlax
|-immune|p2a: Snorlax|[from] ability: Immunity
|
|-heal|p2a: Snorlax|44/100|[from] item: Leftovers
|-heal|p1a: Skarmory|91/100 par|[from] item: Leftovers
|-damage|p2a: Snorlax|32/100|[from] Leech Seed|[of] p1a: Skarmory
|-heal|p1a: Skarmory|100/100 par|[silent]
|-end|p2a: Snorlax|move: Taunt|[silent]
|upkeep
|turn|112
|
|t:|1730769003
|move|p2a: Snorlax|Rest|p2a: Snorlax
|-status|p2a: Snorlax|slp|[from] move: Rest
|-heal|p2a: Snorlax|100/100 slp|[silent]
|move|p1a: Skarmory|Taunt|p2a: Snorlax
|-start|p2a: Snorlax|move: Taunt
|
|-damage|p2a: Snorlax|88/100 slp|[from] Leech Seed|[of] p1a: Skarmory
|upkeep
|turn|113
|c|☆I'm the Dome Ace|it was a tie!?!?!?
|c|☆I'm the Dome Ace|lol
|c|☆EG Zelph|lol
|
|t:|1730769013
|switch|p1a: Celebi|Celebi|95/100
|-damage|p1a: Celebi|70/100|[from] Spikes
|cant|p2a: Snorlax|slp
|
|-heal|p1a: Celebi|76/100|[from] item: Leftovers
|-heal|p2a: Snorlax|94/100 slp|[from] item: Leftovers
|-damage|p2a: Snorlax|82/100 slp|[from] Leech Seed|[of] p1a: Celebi
|-heal|p1a: Celebi|95/100|[silent]
|-end|p2a: Snorlax|move: Taunt|[silent]
|upkeep
|turn|114
|
|t:|1730769018
|switch|p1a: Skarmory|Skarmory, F|100/100 par
|cant|p2a: Snorlax|slp
|
|-heal|p2a: Snorlax|88/100 slp|[from] item: Leftovers
|-damage|p2a: Snorlax|76/100 slp|[from] Leech Seed|[of] p1a: Skarmory
|upkeep
|turn|115
|
|t:|1730769025
|-curestatus|p2a: Snorlax|slp|[msg]
|move|p2a: Snorlax|Return|p1a: Skarmory
|-resisted|p1a: Skarmory
|-crit|p1a: Skarmory
|-damage|p1a: Skarmory|34/100 par
|move|p1a: Skarmory|Taunt|p2a: Snorlax
|-start|p2a: Snorlax|move: Taunt
|
|-heal|p1a: Skarmory|40/100 par|[from] item: Leftovers
|-heal|p2a: Snorlax|82/100|[from] item: Leftovers
|-damage|p2a: Snorlax|69/100|[from] Leech Seed|[of] p1a: Skarmory
|-heal|p1a: Skarmory|58/100 par|[silent]
|upkeep
|turn|116
|
|t:|1730769037
|move|p2a: Snorlax|Return|p1a: Skarmory
|-resisted|p1a: Skarmory
|-damage|p1a: Skarmory|27/100 par
|move|p1a: Skarmory|Roar||[still]
|-fail|p1a: Skarmory
|
|-heal|p2a: Snorlax|76/100|[from] item: Leftovers
|-heal|p1a: Skarmory|33/100 par|[from] item: Leftovers
|-damage|p2a: Snorlax|63/100|[from] Leech Seed|[of] p1a: Skarmory
|-heal|p1a: Skarmory|52/100 par|[silent]
|-end|p2a: Snorlax|move: Taunt|[silent]
|upkeep
|turn|117
|
|t:|1730769041
|move|p2a: Snorlax|Return|p1a: Skarmory
|-resisted|p1a: Skarmory
|-damage|p1a: Skarmory|19/100 par
|cant|p1a: Skarmory|par
|
|-heal|p2a: Snorlax|69/100|[from] item: Leftovers
|-heal|p1a: Skarmory|25/100 par|[from] item: Leftovers
|-damage|p2a: Snorlax|57/100|[from] Leech Seed|[of] p1a: Skarmory
|-heal|p1a: Skarmory|43/100 par|[silent]
|upkeep
|turn|118
|
|t:|1730769048
|move|p1a: Skarmory|Taunt|p2a: Snorlax
|-start|p2a: Snorlax|move: Taunt
|move|p2a: Snorlax|Return|p1a: Skarmory
|-resisted|p1a: Skarmory
|-damage|p1a: Skarmory|15/100 par
|
|-heal|p1a: Skarmory|21/100 par|[from] item: Leftovers
|-heal|p2a: Snorlax|63/100|[from] item: Leftovers
|-damage|p2a: Snorlax|51/100|[from] Leech Seed|[of] p1a: Skarmory
|-heal|p1a: Skarmory|39/100 par|[silent]
|upkeep
|turn|119
|
|t:|1730769063
|move|p2a: Snorlax|Return|p1a: Skarmory
|-resisted|p1a: Skarmory
|-damage|p1a: Skarmory|5/100 par
|move|p1a: Skarmory|Roar||[still]
|-fail|p1a: Skarmory
|
|-heal|p2a: Snorlax|57/100|[from] item: Leftovers
|-heal|p1a: Skarmory|11/100 par|[from] item: Leftovers
|-damage|p2a: Snorlax|44/100|[from] Leech Seed|[of] p1a: Skarmory
|-heal|p1a: Skarmory|30/100 par|[silent]
|-end|p2a: Snorlax|move: Taunt|[silent]
|upkeep
|turn|120
|inactive|I'm the Dome Ace has 270 seconds left.
|inactive|EG Zelph has 270 seconds left.
|inactive|I'm the Dome Ace has 240 seconds left.
|
|t:|1730769131
|switch|p1a: Celebi|Celebi|95/100
|-damage|p1a: Celebi|70/100|[from] Spikes
|move|p2a: Snorlax|Rest|p2a: Snorlax
|-status|p2a: Snorlax|slp|[from] move: Rest
|-heal|p2a: Snorlax|100/100 slp|[silent]
|
|-heal|p1a: Celebi|76/100|[from] item: Leftovers
|-damage|p2a: Snorlax|88/100 slp|[from] Leech Seed|[of] p1a: Celebi
|-heal|p1a: Celebi|94/100|[silent]
|upkeep
|turn|121
|
|t:|1730769136
|switch|p1a: Skarmory|Skarmory, F|30/100 par
|cant|p2a: Snorlax|slp
|
|-heal|p1a: Skarmory|36/100 par|[from] item: Leftovers
|-heal|p2a: Snorlax|94/100 slp|[from] item: Leftovers
|-damage|p2a: Snorlax|82/100 slp|[from] Leech Seed|[of] p1a: Skarmory
|-heal|p1a: Skarmory|54/100 par|[silent]
|upkeep
|turn|122
|
|t:|1730769145
|move|p1a: Skarmory|Toxic||[still]
|-fail|p1a: Skarmory
|cant|p2a: Snorlax|slp
|
|-heal|p2a: Snorlax|88/100 slp|[from] item: Leftovers
|-heal|p1a: Skarmory|60/100 par|[from] item: Leftovers
|-damage|p2a: Snorlax|76/100 slp|[from] Leech Seed|[of] p1a: Skarmory
|-heal|p1a: Skarmory|79/100 par|[silent]
|upkeep
|turn|123
|
|t:|1730769155
|cant|p1a: Skarmory|par
|-curestatus|p2a: Snorlax|slp|[msg]
|move|p2a: Snorlax|Return|p1a: Skarmory
|-resisted|p1a: Skarmory
|-damage|p1a: Skarmory|49/100 par
|
|-heal|p2a: Snorlax|82/100|[from] item: Leftovers
|-heal|p1a: Skarmory|55/100 par|[from] item: Leftovers
|-damage|p2a: Snorlax|69/100|[from] Leech Seed|[of] p1a: Skarmory
|-heal|p1a: Skarmory|73/100 par|[silent]
|upkeep
|turn|124
|
|t:|1730769159
|cant|p1a: Skarmory|par
|move|p2a: Snorlax|Return|p1a: Skarmory
|-resisted|p1a: Skarmory
|-damage|p1a: Skarmory|39/100 par
|
|-heal|p2a: Snorlax|76/100|[from] item: Leftovers
|-heal|p1a: Skarmory|45/100 par|[from] item: Leftovers
|-damage|p2a: Snorlax|63/100|[from] Leech Seed|[of] p1a: Skarmory
|-heal|p1a: Skarmory|64/100 par|[silent]
|upkeep
|turn|125
|
|t:|1730769163
|move|p2a: Snorlax|Return|p1a: Skarmory
|-resisted|p1a: Skarmory
|-damage|p1a: Skarmory|34/100 par
|move|p1a: Skarmory|Taunt|p2a: Snorlax
|-start|p2a: Snorlax|move: Taunt
|
|-heal|p2a: Snorlax|69/100|[from] item: Leftovers
|-heal|p1a: Skarmory|40/100 par|[from] item: Leftovers
|-damage|p2a: Snorlax|57/100|[from] Leech Seed|[of] p1a: Skarmory
|-heal|p1a: Skarmory|58/100 par|[silent]
|upkeep
|turn|126
|
|t:|1730769180
|move|p1a: Skarmory|Toxic|p2a: Snorlax
|-immune|p2a: Snorlax|[from] ability: Immunity
|move|p2a: Snorlax|Return|p1a: Skarmory
|-resisted|p1a: Skarmory
|-damage|p1a: Skarmory|25/100 par
|
|-heal|p2a: Snorlax|63/100|[from] item: Leftovers
|-heal|p1a: Skarmory|31/100 par|[from] item: Leftovers
|-damage|p2a: Snorlax|51/100|[from] Leech Seed|[of] p1a: Skarmory
|-heal|p1a: Skarmory|50/100 par|[silent]
|-end|p2a: Snorlax|move: Taunt|[silent]
|upkeep
|turn|127
|
|t:|1730769185
|move|p2a: Snorlax|Curse|p2a: Snorlax
|-unboost|p2a: Snorlax|spe|1
|-boost|p2a: Snorlax|atk|1
|-boost|p2a: Snorlax|def|1
|move|p1a: Skarmory|Taunt|p2a: Snorlax
|-start|p2a: Snorlax|move: Taunt
|
|-heal|p1a: Skarmory|56/100 par|[from] item: Leftovers
|-heal|p2a: Snorlax|57/100|[from] item: Leftovers
|-damage|p2a: Snorlax|44/100|[from] Leech Seed|[of] p1a: Skarmory
|-heal|p1a: Skarmory|74/100 par|[silent]
|upkeep
|turn|128
|
|t:|1730769198
|move|p1a: Skarmory|Toxic|p2a: Snorlax
|-immune|p2a: Snorlax|[from] ability: Immunity
|move|p2a: Snorlax|Shadow Ball|p1a: Skarmory
|-resisted|p1a: Skarmory
|-damage|p1a: Skarmory|54/100 par
|
|-heal|p1a: Skarmory|60/100 par|[from] item: Leftovers
|-heal|p2a: Snorlax|51/100|[from] item: Leftovers
|-damage|p2a: Snorlax|38/100|[from] Leech Seed|[of] p1a: Skarmory
|-heal|p1a: Skarmory|78/100 par|[silent]
|-end|p2a: Snorlax|move: Taunt|[silent]
|upkeep
|turn|129
|
|t:|1730769206
|cant|p1a: Skarmory|par
|move|p2a: Snorlax|Rest|p2a: Snorlax
|-status|p2a: Snorlax|slp|[from] move: Rest
|-heal|p2a: Snorlax|100/100 slp|[silent]
|
|-heal|p1a: Skarmory|84/100 par|[from] item: Leftovers
|-damage|p2a: Snorlax|88/100 slp|[from] Leech Seed|[of] p1a: Skarmory
|-heal|p1a: Skarmory|100/100 par|[silent]
|upkeep
|turn|130
|c|☆EG Zelph|bruh
|
|t:|1730769220
|move|p1a: Skarmory|Toxic||[still]
|-fail|p1a: Skarmory
|cant|p2a: Snorlax|slp
|
|-heal|p2a: Snorlax|94/100 slp|[from] item: Leftovers
|-damage|p2a: Snorlax|82/100 slp|[from] Leech Seed|[of] p1a: Skarmory
|upkeep
|turn|131
|c|☆I'm the Dome Ace|i realized i had to try it
|
|t:|1730769235
|cant|p2a: Snorlax|slp
|move|p1a: Skarmory|Roar||[still]
|-fail|p1a: Skarmory
|
|-heal|p2a: Snorlax|88/100 slp|[from] item: Leftovers
|-damage|p2a: Snorlax|76/100 slp|[from] Leech Seed|[of] p1a: Skarmory
|upkeep
|turn|132
|
|t:|1730769241
|move|p1a: Skarmory|Taunt|p2a: Snorlax
|-start|p2a: Snorlax|move: Taunt
|-curestatus|p2a: Snorlax|slp|[msg]
|cant|p2a: Snorlax|move: Taunt|Curse
|
|-heal|p2a: Snorlax|82/100|[from] item: Leftovers
|-damage|p2a: Snorlax|69/100|[from] Leech Seed|[of] p1a: Skarmory
|upkeep
|turn|133
|
|t:|1730769248
|cant|p1a: Skarmory|par
|move|p2a: Snorlax|Shadow Ball|p1a: Skarmory
|-resisted|p1a: Skarmory
|-damage|p1a: Skarmory|81/100 par
|
|-heal|p1a: Skarmory|87/100 par|[from] item: Leftovers
|-heal|p2a: Snorlax|76/100|[from] item: Leftovers
|-damage|p2a: Snorlax|63/100|[from] Leech Seed|[of] p1a: Skarmory
|-heal|p1a: Skarmory|100/100 par|[silent]
|-end|p2a: Snorlax|move: Taunt|[silent]
|upkeep
|turn|134
|
|t:|1730769257
|cant|p1a: Skarmory|par
|move|p2a: Snorlax|Curse|p2a: Snorlax
|-unboost|p2a: Snorlax|spe|1
|-boost|p2a: Snorlax|atk|1
|-boost|p2a: Snorlax|def|1
|
|-heal|p2a: Snorlax|69/100|[from] item: Leftovers
|-damage|p2a: Snorlax|57/100|[from] Leech Seed|[of] p1a: Skarmory
|upkeep
|turn|135
|
|t:|1730769263
|cant|p1a: Skarmory|par
|move|p2a: Snorlax|Rest|p2a: Snorlax
|-status|p2a: Snorlax|slp|[from] move: Rest
|-heal|p2a: Snorlax|100/100 slp|[silent]
|
|-damage|p2a: Snorlax|88/100 slp|[from] Leech Seed|[of] p1a: Skarmory
|upkeep
|turn|136
|inactive|EG Zelph has 270 seconds left.
|
|t:|1730769298
|cant|p2a: Snorlax|slp
|move|p1a: Skarmory|Roar||[still]
|-fail|p1a: Skarmory
|
|-heal|p2a: Snorlax|94/100 slp|[from] item: Leftovers
|-damage|p2a: Snorlax|82/100 slp|[from] Leech Seed|[of] p1a: Skarmory
|upkeep
|turn|137
|
|t:|1730769313
|cant|p2a: Snorlax|slp
|move|p1a: Skarmory|Roar||[still]
|-fail|p1a: Skarmory
|
|-heal|p2a: Snorlax|88/100 slp|[from] item: Leftovers
|-damage|p2a: Snorlax|76/100 slp|[from] Leech Seed|[of] p1a: Skarmory
|upkeep
|turn|138
|
|t:|1730769317
|move|p1a: Skarmory|Taunt|p2a: Snorlax
|-start|p2a: Snorlax|move: Taunt
|-curestatus|p2a: Snorlax|slp|[msg]
|cant|p2a: Snorlax|move: Taunt|Curse
|
|-heal|p2a: Snorlax|82/100|[from] item: Leftovers
|-damage|p2a: Snorlax|69/100|[from] Leech Seed|[of] p1a: Skarmory
|upkeep
|turn|139
|
|t:|1730769322
|move|p1a: Skarmory|Toxic|p2a: Snorlax
|-immune|p2a: Snorlax|[from] ability: Immunity
|move|p2a: Snorlax|Shadow Ball|p1a: Skarmory
|-resisted|p1a: Skarmory
|-damage|p1a: Skarmory|75/100 par
|
|-heal|p1a: Skarmory|81/100 par|[from] item: Leftovers
|-heal|p2a: Snorlax|76/100|[from] item: Leftovers
|-damage|p2a: Snorlax|63/100|[from] Leech Seed|[of] p1a: Skarmory
|-heal|p1a: Skarmory|99/100 par|[silent]
|-end|p2a: Snorlax|move: Taunt|[silent]
|upkeep
|turn|140
|
|t:|1730769327
|move|p1a: Skarmory|Taunt|p2a: Snorlax
|-start|p2a: Snorlax|move: Taunt
|cant|p2a: Snorlax|move: Taunt|Curse
|
|-heal|p1a: Skarmory|100/100 par|[from] item: Leftovers
|-heal|p2a: Snorlax|69/100|[from] item: Leftovers
|-damage|p2a: Snorlax|57/100|[from] Leech Seed|[of] p1a: Skarmory
|upkeep
|turn|141
|
|t:|1730769330
|move|p1a: Skarmory|Toxic|p2a: Snorlax
|-immune|p2a: Snorlax|[from] ability: Immunity
|move|p2a: Snorlax|Shadow Ball|p1a: Skarmory
|-resisted|p1a: Skarmory
|-damage|p1a: Skarmory|77/100 par
|
|-heal|p1a: Skarmory|83/100 par|[from] item: Leftovers
|-heal|p2a: Snorlax|63/100|[from] item: Leftovers
|-damage|p2a: Snorlax|51/100|[from] Leech Seed|[of] p1a: Skarmory
|-heal|p1a: Skarmory|100/100 par|[silent]
|-end|p2a: Snorlax|move: Taunt|[silent]
|upkeep
|turn|142
|
|t:|1730769333
|cant|p1a: Skarmory|par
|move|p2a: Snorlax|Rest|p2a: Snorlax
|-status|p2a: Snorlax|slp|[from] move: Rest
|-heal|p2a: Snorlax|100/100 slp|[silent]
|
|-damage|p2a: Snorlax|88/100 slp|[from] Leech Seed|[of] p1a: Skarmory
|upkeep
|turn|143
|
|t:|1730769345
|move|p1a: Skarmory|Spikes||[still]
|-fail|p1a: Skarmory
|cant|p2a: Snorlax|slp
|
|-heal|p2a: Snorlax|94/100 slp|[from] item: Leftovers
|-damage|p2a: Snorlax|82/100 slp|[from] Leech Seed|[of] p1a: Skarmory
|upkeep
|turn|144
|
|t:|1730769347
|cant|p1a: Skarmory|par
|cant|p2a: Snorlax|slp
|
|-heal|p2a: Snorlax|88/100 slp|[from] item: Leftovers
|-damage|p2a: Snorlax|76/100 slp|[from] Leech Seed|[of] p1a: Skarmory
|upkeep
|turn|145
|
|t:|1730769353
|move|p1a: Skarmory|Spikes||[still]
|-fail|p1a: Skarmory
|-curestatus|p2a: Snorlax|slp|[msg]
|move|p2a: Snorlax|Return|p1a: Skarmory
|-resisted|p1a: Skarmory
|-damage|p1a: Skarmory|54/100 par
|
|-heal|p1a: Skarmory|60/100 par|[from] item: Leftovers
|-heal|p2a: Snorlax|82/100|[from] item: Leftovers
|-damage|p2a: Snorlax|69/100|[from] Leech Seed|[of] p1a: Skarmory
|-heal|p1a: Skarmory|79/100 par|[silent]
|upkeep
|turn|146
|
|t:|1730769363
|move|p1a: Skarmory|Taunt|p2a: Snorlax
|-start|p2a: Snorlax|move: Taunt
|move|p2a: Snorlax|Return|p1a: Skarmory
|-resisted|p1a: Skarmory
|-damage|p1a: Skarmory|34/100 par
|
|-heal|p1a: Skarmory|40/100 par|[from] item: Leftovers
|-heal|p2a: Snorlax|76/100|[from] item: Leftovers
|-damage|p2a: Snorlax|63/100|[from] Leech Seed|[of] p1a: Skarmory
|-heal|p1a: Skarmory|59/100 par|[silent]
|upkeep
|turn|147
|
|t:|1730769368
|move|p1a: Skarmory|Spikes||[still]
|-fail|p1a: Skarmory
|move|p2a: Snorlax|Return|p1a: Skarmory
|-resisted|p1a: Skarmory
|-damage|p1a: Skarmory|8/100 par
|
|-heal|p1a: Skarmory|14/100 par|[from] item: Leftovers
|-heal|p2a: Snorlax|69/100|[from] item: Leftovers
|-damage|p2a: Snorlax|57/100|[from] Leech Seed|[of] p1a: Skarmory
|-heal|p1a: Skarmory|33/100 par|[silent]
|-end|p2a: Snorlax|move: Taunt|[silent]
|upkeep
|turn|148
|
|t:|1730769384
|cant|p1a: Skarmory|par
|move|p2a: Snorlax|Return|p1a: Skarmory
|-resisted|p1a: Skarmory
|-damage|p1a: Skarmory|0 fnt
|faint|p1a: Skarmory
|
|t:|1730769386
|switch|p1a: Celebi|Celebi|94/100
|-damage|p1a: Celebi|69/100|[from] Spikes
|
|-heal|p1a: Celebi|75/100|[from] item: Leftovers
|-heal|p2a: Snorlax|63/100|[from] item: Leftovers
|-damage|p2a: Snorlax|51/100|[from] Leech Seed|[of] p1a: Celebi
|-heal|p1a: Celebi|93/100|[silent]
|upkeep
|turn|149
|c|☆I'm the Dome Ace|i fucked up my calc bad somewhere lol i thought i needed more curses
|
|t:|1730769397
|move|p1a: Celebi|Psychic|p2a: Snorlax
|-damage|p2a: Snorlax|30/100
|move|p2a: Snorlax|Shadow Ball|p1a: Celebi
|-supereffective|p1a: Celebi
|-damage|p1a: Celebi|0 fnt
|faint|p1a: Celebi
|
|win|I'm the Dome Ace
|c|☆I'm the Dome Ace|sorry for this game
|c|☆I'm the Dome Ace|gg

</script>
<script type="application/json" class="data" id="replaydata-smogtours-gen3ou-804842">
{"id":"smogtours-gen3ou-804842","format":"[Gen 3] OU","players":["EG Zelph","I'm the Dome Ace"],"uploadtime":1730769397,"views":72,"formatid":"gen3ou","rating":null,"private":0,"password":null}
</script>

<script defer src="js/replays.js?9d40a366"></script>
