<!DOCTYPE html>
<meta charset="utf-8" />
<meta name="viewport" content="width=device-width" />

<title>[Gen 3] OU: shoegazes vs. blyargh - Replays - Pok&eacute;mon Showdown!</title>

<meta name="description" content="Watch a replay of a Pok&eacute;mon battle between shoegazes and blyargh! Format: [Gen 3] OU; Date: Oct 23, 2024" />
<!--

Hey, you! Looking in the source for the replay log?

You can find them in JSON format, just add `.json` at the end of a replay URL.

https://replay.pokemonshowdown.com/gen7randomdoublesbattle-865046831.json

Or, if you only need the log itself, add `.log` instead:

https://replay.pokemonshowdown.com/gen7randomdoublesbattle-865046831.log

-->

<link rel="stylesheet" href="//pokemonshowdown.com/style/global.css?0.023195364461161105" />
<link rel="stylesheet" href="//play.pokemonshowdown.com/style/font-awesome.css?0.13261647063804238" />
<link rel="stylesheet" href="//play.pokemonshowdown.com/style/battle.css?0.8753245789963631" />
<link rel="stylesheet" href="//play.pokemonshowdown.com/style/utilichart.css?0.8627959624976733" />

<!-- Global site tag (gtag.js) - Google Analytics -->
<script async src="https://www.googletagmanager.com/gtag/js?id=UA-26211653-1"></script>
<script>
  window.dataLayer = window.dataLayer || [];
  function gtag(){dataLayer.push(arguments);}
  gtag('js', new Date());

  gtag('config', 'UA-26211653-1');
</script>
<!-- End Google Analytics -->
<!-- Venatus Ad Manager - Install in <HEAD> of page -->
	<script src="https://hb.vntsm.com/v3/live/ad-manager.min.js" type="text/javascript" data-site-id="642aba63ec9a7b11c3c9c1be" data-mode="scan" async></script>
<!-- / Venatus Ad Manager -->

<style>
	@media (max-width:820px) {
		.battle {
			margin: 0 auto;
		}
		.battle-log {
			margin: 7px auto 0;
			max-width: 640px;
			height: 300px;
			position: static;
		}
	}
	.optgroup {
		display: inline-block;
		line-height: 22px;
		font-size: 10pt;
	}
	.optgroup .button {
		height: 25px;
		padding-top: 0;
		padding-bottom: 0;
	}
	.optgroup button.button {
		padding-left: 12px;
		padding-right: 12px;
	}
	.linklist {
		list-style: none;
		margin: 0.5em 0;
		padding: 0;
	}
	.linklist li {
		padding: 2px 0;
	}
	.sidebar {
		float: left;
		width: 320px;
	}
	.bar-wrapper {
		max-width: 1100px;
		margin: 0 auto;
	}
	.bar-wrapper.has-sidebar {
		max-width: 1430px;
	}
	.mainbar {
		margin: 0;
		padding-right: 1px;
	}
	.mainbar.has-sidebar {
		margin-left: 330px;
	}
	@media (min-width: 1511px) {
		.sidebar {
			width: 400px;
		}
		.bar-wrapper.has-sidebar {
			max-width: 1510px;
		}
		.mainbar.has-sidebar {
			margin-left: 410px;
		}
	}
	.section.first-section {
		margin-top: 9px;
	}
	.blocklink small {
		white-space: normal;
	}
	.button {
		vertical-align: middle;
	}
	.replay-controls {
		padding-top: 10px;
	}
	.replay-controls h1 {
		font-size: 16pt;
		font-weight: normal;
		color: #CCC;
	}
	.pagelink {
		text-align: center;
	}
	.pagelink a {
		width: 150px;
	}
	.textbox, .button {
		font-size: 11pt;
		vertical-align: middle;
	}
	@media (max-width: 450px) {
		.button {
			font-size: 9pt;
		}
	}
</style>

<div>

	<header>
		<div class="nav-wrapper"><ul class="nav">
			<li><a class="button nav-first" href="//pokemonshowdown.com/"><img src="//pokemonshowdown.com/images/pokemonshowdownbeta.png" srcset="//pokemonshowdown.com/images/pokemonshowdownbeta.png 1x, //pokemonshowdown.com/images/pokemonshowdownbeta@2x.png 2x" alt="Pok&eacute;mon Showdown" width="146" height="44" /> Home</a></li>
			<li><a class="button" href="//pokemonshowdown.com/dex/">Pok&eacute;dex</a></li>
			<li><a class="button cur" href="/">Replays</a></li>
			<li><a class="button" href="//pokemonshowdown.com/ladder/">Ladder</a></li>
			<li><a class="button nav-last" href="//pokemonshowdown.com/forums/">Forum</a></li>
			<li><a class="button greenbutton nav-first nav-last" href="//play.pokemonshowdown.com/">Play</a></li>
		</ul></div>
	</header>

	<div class="main" id="main">

		<noscript><section class="section">You need to enable JavaScript to use this page; sorry!</section></noscript>

	</div>

</div>

<script defer nomodule src="//play.pokemonshowdown.com/js/lib/ps-polyfill.js"></script>
<script defer src="//play.pokemonshowdown.com/js/lib/preact.min.js"></script>

<script defer src="//play.pokemonshowdown.com/config/config.js?2bddbc15"></script>
<script defer src="//play.pokemonshowdown.com/js/lib/jquery-1.11.0.min.js"></script>
<script defer src="//play.pokemonshowdown.com/js/lib/html-sanitizer-minified.js"></script>
<script defer src="//play.pokemonshowdown.com/js/battle-sound.js"></script>
<script defer src="//play.pokemonshowdown.com/js/battledata.js?0.7209276989879541"></script>
<script defer src="//play.pokemonshowdown.com/data/pokedex-mini.js?0.6111056340867951"></script>
<script defer src="//play.pokemonshowdown.com/data/pokedex-mini-bw.js?0.3532142036491459"></script>
<script defer src="//play.pokemonshowdown.com/data/graphics.js?0.24223875632456182"></script>
<script defer src="//play.pokemonshowdown.com/data/pokedex.js?0.38839984266356864"></script>
<script defer src="//play.pokemonshowdown.com/data/moves.js?0.21866028504024015"></script>
<script defer src="//play.pokemonshowdown.com/data/abilities.js?0.2005157953846628"></script>
<script defer src="//play.pokemonshowdown.com/data/items.js?0.9894211263848525"></script>
<script defer src="//play.pokemonshowdown.com/data/teambuilder-tables.js?0.6008791140282215"></script>
<script defer src="//play.pokemonshowdown.com/js/battle-tooltips.js?0.7580118955022959"></script>
<script defer src="//play.pokemonshowdown.com/js/battle.js?0.6057722274234274"></script>

<script defer src="js/utils.js?e31f9a17"></script>
<script defer src="js/replays-battle.js?7008c182"></script>

<!-- don't scrape this data! just add .json or .log after the URL!
Full API docs: https://github.com/smogon/pokemon-showdown-client/blob/master/WEB-API.md -->
<script type="text/plain" class="log" id="replaylog-smogtours-gen3ou-801420">
|inactive|Battle timer is ON: inactive players will automatically lose when time's up.
|t:|1729717185
|gametype|singles
|player|p1|shoegazes|dahlia|
|player|p2|blyargh|#advpliv|
|teamsize|p1|6
|teamsize|p2|6
|gen|3
|tier|[Gen 3] OU
|rule|Sleep Clause Mod: Limit one foe put to sleep
|rule|Switch Priority Clause Mod: Faster Pokémon switch first
|rule|Species Clause: Limit one of each Pokémon
|rule|OHKO Clause: OHKO moves are banned
|rule|Evasion Items Clause: Evasion items are banned
|rule|Evasion Moves Clause: Evasion moves are banned
|rule|Endless Battle Clause: Forcing endless battles is banned
|rule|HP Percentage Mod: HP is shown in percentages
|rule|One Boost Passer Clause: Limit one Baton Passer that has a way to boost its stats
|rule|Freeze Clause Mod: Limit one foe frozen
|
|t:|1729717185
|start
|switch|p1a: Machamp|Machamp, F|100/100
|switch|p2a: Skarmory|Skarmory, F|100/100
|turn|1
|c|☆shoegazes|hf!
|c|☆blyargh|u as well
|
|t:|1729717205
|switch|p1a: Zapdos|Zapdos|100/100
|move|p2a: Skarmory|Spikes|p1a: Zapdos
|-sidestart|p1: shoegazes|Spikes
|
|upkeep
|turn|2
|
|t:|1729717211
|move|p2a: Skarmory|Protect|p2a: Skarmory
|-singleturn|p2a: Skarmory|Protect
|move|p1a: Zapdos|Thunderbolt|p2a: Skarmory
|-activate|p2a: Skarmory|Protect
|
|upkeep
|turn|3
|
|t:|1729717213
|switch|p2a: Zapdos|Zapdos|100/100
|move|p1a: Zapdos|Thunder Wave|p2a: Zapdos
|-status|p2a: Zapdos|par
|
|upkeep
|turn|4
|
|t:|1729717228
|switch|p1a: Claydol|Claydol|100/100
|move|p2a: Zapdos|Toxic|p1a: Claydol
|-status|p1a: Claydol|tox
|
|-damage|p1a: Claydol|94/100 tox|[from] psn
|upkeep
|turn|5
|
|t:|1729717234
|switch|p2a: Skarmory|Skarmory, F|100/100
|move|p1a: Claydol|Rapid Spin|p2a: Skarmory
|-resisted|p2a: Skarmory
|-damage|p2a: Skarmory|99/100
|-sideend|p1: shoegazes|Spikes|[from] move: Rapid Spin|[of] p1a: Claydol
|
|-heal|p1a: Claydol|100/100 tox|[from] item: Leftovers
|-damage|p1a: Claydol|88/100 tox|[from] psn
|-heal|p2a: Skarmory|100/100|[from] item: Leftovers
|upkeep
|turn|6
|
|t:|1729717242
|move|p1a: Claydol|Refresh|p1a: Claydol
|-curestatus|p1a: Claydol|tox|[msg]
|move|p2a: Skarmory|Spikes|p1a: Claydol
|-sidestart|p1: shoegazes|Spikes
|
|-heal|p1a: Claydol|94/100|[from] item: Leftovers
|upkeep
|turn|7
|
|t:|1729717244
|move|p1a: Claydol|Rapid Spin|p2a: Skarmory
|-resisted|p2a: Skarmory
|-damage|p2a: Skarmory|99/100
|-sideend|p1: shoegazes|Spikes|[from] move: Rapid Spin|[of] p1a: Claydol
|move|p2a: Skarmory|Drill Peck|p1a: Claydol
|-damage|p1a: Claydol|69/100
|
|-heal|p1a: Claydol|75/100|[from] item: Leftovers
|-heal|p2a: Skarmory|100/100|[from] item: Leftovers
|upkeep
|turn|8
|
|t:|1729717247
|switch|p1a: Zapdos|Zapdos|100/100
|move|p2a: Skarmory|Spikes|p1a: Zapdos
|-sidestart|p1: shoegazes|Spikes
|
|upkeep
|turn|9
|
|t:|1729717251
|switch|p2a: Flygon|Flygon, F|100/100
|move|p1a: Zapdos|Thunderbolt|p2a: Flygon
|-immune|p2a: Flygon
|
|upkeep
|turn|10
|
|t:|1729717259
|switch|p1a: Suicune|Suicune|100/100
|-damage|p1a: Suicune|88/100|[from] Spikes
|switch|p2a: Zapdos|Zapdos|100/100 par
|
|-heal|p1a: Suicune|94/100|[from] item: Leftovers
|upkeep
|turn|11
|
|t:|1729717274
|switch|p1a: Blissey|Blissey, F|100/100
|-damage|p1a: Blissey|88/100|[from] Spikes
|move|p2a: Zapdos|Thunderbolt|p1a: Blissey
|-damage|p1a: Blissey|73/100
|
|-heal|p1a: Blissey|79/100|[from] item: Leftovers
|upkeep
|turn|12
|
|t:|1729717286
|switch|p2a: Skarmory|Skarmory, F|100/100
|move|p1a: Blissey|Seismic Toss|p2a: Skarmory
|-damage|p2a: Skarmory|71/100
|
|-heal|p1a: Blissey|85/100|[from] item: Leftovers
|-heal|p2a: Skarmory|77/100|[from] item: Leftovers
|upkeep
|turn|13
|
|t:|1729717293
|move|p1a: Blissey|Thunder Wave|p2a: Skarmory
|-status|p2a: Skarmory|par
|move|p2a: Skarmory|Spikes|p1a: Blissey
|-sidestart|p1: shoegazes|Spikes
|
|-heal|p1a: Blissey|91/100|[from] item: Leftovers
|-heal|p2a: Skarmory|83/100 par|[from] item: Leftovers
|upkeep
|turn|14
|
|t:|1729717306
|switch|p1a: Claydol|Claydol|75/100
|switch|p2a: Tyranitar|Tyranitar, M|100/100
|-weather|Sandstorm|[from] ability: Sand Stream|[of] p2a: Tyranitar
|
|-weather|Sandstorm|[upkeep]
|-heal|p1a: Claydol|81/100|[from] item: Leftovers
|upkeep
|turn|15
|
|t:|1729717318
|move|p2a: Tyranitar|Crunch|p1a: Claydol
|-supereffective|p1a: Claydol
|-damage|p1a: Claydol|18/100
|-unboost|p1a: Claydol|spd|1
|move|p1a: Claydol|Earthquake|p2a: Tyranitar
|-supereffective|p2a: Tyranitar
|-damage|p2a: Tyranitar|37/100
|
|-weather|Sandstorm|[upkeep]
|-heal|p2a: Tyranitar|43/100|[from] item: Leftovers
|-heal|p1a: Claydol|24/100|[from] item: Leftovers
|upkeep
|turn|16
|
|t:|1729717327
|move|p2a: Tyranitar|Pursuit|p1a: Claydol
|-supereffective|p1a: Claydol
|-damage|p1a: Claydol|0 fnt
|faint|p1a: Claydol
|inactive|shoegazes has 270 seconds left.
|
|t:|1729717373
|switch|p1a: Zapdos|Zapdos|100/100
|
|-weather|Sandstorm|[upkeep]
|-damage|p1a: Zapdos|94/100|[from] Sandstorm
|-heal|p1a: Zapdos|100/100|[from] item: Leftovers
|-heal|p2a: Tyranitar|49/100|[from] item: Leftovers
|upkeep
|turn|17
|
|t:|1729717377
|switch|p2a: Flygon|Flygon, F|100/100
|move|p1a: Zapdos|Thunderbolt|p2a: Flygon
|-immune|p2a: Flygon
|
|-weather|Sandstorm|[upkeep]
|-damage|p1a: Zapdos|94/100|[from] Sandstorm
|-heal|p1a: Zapdos|100/100|[from] item: Leftovers
|upkeep
|turn|18
|inactive|shoegazes has 270 seconds left.
|
|t:|1729717391
|move|p1a: Zapdos|Hidden Power|p2a: Flygon
|-damage|p2a: Flygon|71/100
|move|p2a: Flygon|Toxic|p1a: Zapdos
|-status|p1a: Zapdos|tox
|
|-weather|Sandstorm|[upkeep]
|-damage|p1a: Zapdos|94/100 tox|[from] Sandstorm
|-heal|p1a: Zapdos|100/100 tox|[from] item: Leftovers
|-damage|p1a: Zapdos|94/100 tox|[from] psn
|-heal|p2a: Flygon|77/100|[from] item: Leftovers
|upkeep
|turn|19
|inactive|shoegazes has 270 seconds left.
|
|t:|1729717396
|switch|p1a: Suicune|Suicune|94/100
|-damage|p1a: Suicune|78/100|[from] Spikes
|move|p2a: Flygon|Protect||[still]
|-fail|p2a: Flygon
|
|-weather|Sandstorm|[upkeep]
|-damage|p1a: Suicune|72/100|[from] Sandstorm
|-heal|p2a: Flygon|83/100|[from] item: Leftovers
|-heal|p1a: Suicune|78/100|[from] item: Leftovers
|upkeep
|turn|20
|
|t:|1729717403
|switch|p2a: Jirachi|Jirachi|100/100
|move|p1a: Suicune|Ice Beam|p2a: Jirachi
|-resisted|p2a: Jirachi
|-damage|p2a: Jirachi|94/100
|
|-weather|Sandstorm|[upkeep]
|-damage|p1a: Suicune|72/100|[from] Sandstorm
|-heal|p2a: Jirachi|99/100|[from] item: Leftovers
|-heal|p1a: Suicune|78/100|[from] item: Leftovers
|upkeep
|turn|21
|inactive|shoegazes has 270 seconds left.
|
|t:|1729717421
|switch|p1a: Zapdos|Zapdos|94/100 tox
|move|p2a: Jirachi|Toxic|p1a: Zapdos
|-fail|p1a: Zapdos|tox
|
|-weather|Sandstorm|[upkeep]
|-damage|p1a: Zapdos|88/100 tox|[from] Sandstorm
|-heal|p1a: Zapdos|94/100 tox|[from] item: Leftovers
|-damage|p1a: Zapdos|88/100 tox|[from] psn
|-heal|p2a: Jirachi|100/100|[from] item: Leftovers
|upkeep
|turn|22
|inactive|shoegazes has 270 seconds left.
|
|t:|1729717432
|switch|p1a: Suicune|Suicune|78/100
|-damage|p1a: Suicune|61/100|[from] Spikes
|move|p2a: Jirachi|Protect||[still]
|-fail|p2a: Jirachi
|
|-weather|Sandstorm|[upkeep]
|-damage|p1a: Suicune|55/100|[from] Sandstorm
|-heal|p1a: Suicune|61/100|[from] item: Leftovers
|upkeep
|turn|23
|
|t:|1729717438
|move|p2a: Jirachi|Toxic|p1a: Suicune
|-status|p1a: Suicune|tox
|move|p1a: Suicune|Calm Mind|p1a: Suicune
|-boost|p1a: Suicune|spa|1
|-boost|p1a: Suicune|spd|1
|
|-weather|Sandstorm|[upkeep]
|-damage|p1a: Suicune|55/100 tox|[from] Sandstorm
|-heal|p1a: Suicune|61/100 tox|[from] item: Leftovers
|-damage|p1a: Suicune|55/100 tox|[from] psn
|upkeep
|turn|24
|
|t:|1729717448
|move|p2a: Jirachi|Wish|p2a: Jirachi
|move|p1a: Suicune|Surf|p2a: Jirachi
|-damage|p2a: Jirachi|74/100
|
|-weather|Sandstorm|[upkeep]
|-damage|p1a: Suicune|49/100 tox|[from] Sandstorm
|-heal|p2a: Jirachi|80/100|[from] item: Leftovers
|-heal|p1a: Suicune|55/100 tox|[from] item: Leftovers
|-damage|p1a: Suicune|43/100 tox|[from] psn
|upkeep
|turn|25
|
|t:|1729717451
|switch|p2a: Zapdos|Zapdos|100/100 par
|move|p1a: Suicune|Rest|p1a: Suicune
|-status|p1a: Suicune|slp|[from] move: Rest
|-heal|p1a: Suicune|100/100 slp|[silent]
|
|-weather|Sandstorm|[upkeep]
|-damage|p1a: Suicune|94/100 slp|[from] Sandstorm
|-damage|p2a: Zapdos|94/100 par|[from] Sandstorm
|-heal|p1a: Suicune|100/100 slp|[from] item: Leftovers
|-heal|p2a: Zapdos|100/100 par|[from] item: Leftovers
|upkeep
|turn|26
|
|t:|1729717456
|switch|p1a: Blissey|Blissey, F|91/100
|-damage|p1a: Blissey|74/100|[from] Spikes
|move|p2a: Zapdos|Thunderbolt|p1a: Blissey
|-damage|p1a: Blissey|59/100
|
|-weather|Sandstorm|[upkeep]
|-damage|p1a: Blissey|53/100|[from] Sandstorm
|-damage|p2a: Zapdos|94/100 par|[from] Sandstorm
|-heal|p1a: Blissey|59/100|[from] item: Leftovers
|-heal|p2a: Zapdos|100/100 par|[from] item: Leftovers
|upkeep
|turn|27
|
|t:|1729717465
|move|p1a: Blissey|Soft-Boiled|p1a: Blissey
|-heal|p1a: Blissey|100/100
|move|p2a: Zapdos|Rest|p2a: Zapdos
|-fail|p2a: Zapdos|heal
|
|-weather|Sandstorm|[upkeep]
|-damage|p1a: Blissey|94/100|[from] Sandstorm
|-damage|p2a: Zapdos|94/100 par|[from] Sandstorm
|-heal|p1a: Blissey|100/100|[from] item: Leftovers
|-heal|p2a: Zapdos|100/100 par|[from] item: Leftovers
|upkeep
|turn|28
|
|t:|1729717479
|switch|p2a: Skarmory|Skarmory, F|83/100 par
|move|p1a: Blissey|Seismic Toss|p2a: Skarmory
|-damage|p2a: Skarmory|53/100 par
|
|-weather|Sandstorm|[upkeep]
|-damage|p1a: Blissey|94/100|[from] Sandstorm
|-heal|p1a: Blissey|100/100|[from] item: Leftovers
|-heal|p2a: Skarmory|59/100 par|[from] item: Leftovers
|upkeep
|turn|29
|
|t:|1729717489
|switch|p1a: Suicune|Suicune|100/100 slp
|-damage|p1a: Suicune|84/100 slp|[from] Spikes
|move|p2a: Skarmory|Spikes|p1a: Suicune
|-sidestart|p1: shoegazes|Spikes
|
|-weather|Sandstorm|[upkeep]
|-damage|p1a: Suicune|78/100 slp|[from] Sandstorm
|-heal|p1a: Suicune|84/100 slp|[from] item: Leftovers
|-heal|p2a: Skarmory|65/100 par|[from] item: Leftovers
|upkeep
|turn|30
|
|t:|1729717494
|cant|p1a: Suicune|slp
|move|p2a: Skarmory|Roar|p1a: Suicune
|drag|p1a: Zapdos|Zapdos|88/100 tox
|
|-weather|Sandstorm|[upkeep]
|-damage|p1a: Zapdos|82/100 tox|[from] Sandstorm
|-heal|p1a: Zapdos|88/100 tox|[from] item: Leftovers
|-damage|p1a: Zapdos|82/100 tox|[from] psn
|-heal|p2a: Skarmory|71/100 par|[from] item: Leftovers
|upkeep
|turn|31
|
|t:|1729717508
|switch|p2a: Flygon|Flygon, F|83/100
|move|p1a: Zapdos|Hidden Power|p2a: Flygon
|-damage|p2a: Flygon|56/100
|
|-weather|Sandstorm|[upkeep]
|-damage|p1a: Zapdos|75/100 tox|[from] Sandstorm
|-heal|p1a: Zapdos|82/100 tox|[from] item: Leftovers
|-damage|p1a: Zapdos|69/100 tox|[from] psn
|-heal|p2a: Flygon|62/100|[from] item: Leftovers
|upkeep
|turn|32
|
|t:|1729717521
|switch|p1a: Machamp|Machamp, F|100/100
|-damage|p1a: Machamp|76/100|[from] Spikes
|move|p2a: Flygon|Earthquake|p1a: Machamp
|-damage|p1a: Machamp|33/100
|
|-weather|Sandstorm|[upkeep]
|-damage|p1a: Machamp|27/100|[from] Sandstorm
|-heal|p2a: Flygon|68/100|[from] item: Leftovers
|-heal|p1a: Machamp|33/100|[from] item: Leftovers
|upkeep
|turn|33
|
|t:|1729717540
|move|p2a: Flygon|Earthquake|p1a: Machamp
|-damage|p1a: Machamp|0 fnt
|faint|p1a: Machamp
|
|t:|1729717545
|switch|p1a: Blissey|Blissey, F|100/100
|-damage|p1a: Blissey|76/100|[from] Spikes
|
|-weather|Sandstorm|[upkeep]
|-damage|p1a: Blissey|70/100|[from] Sandstorm
|-heal|p2a: Flygon|74/100|[from] item: Leftovers
|-heal|p1a: Blissey|76/100|[from] item: Leftovers
|upkeep
|turn|34
|
|t:|1729717555
|switch|p2a: Jirachi|Jirachi|80/100
|move|p1a: Blissey|Soft-Boiled|p1a: Blissey
|-heal|p1a: Blissey|100/100
|
|-weather|Sandstorm|[upkeep]
|-damage|p1a: Blissey|94/100|[from] Sandstorm
|-heal|p2a: Jirachi|86/100|[from] item: Leftovers
|-heal|p1a: Blissey|100/100|[from] item: Leftovers
|upkeep
|turn|35
|
|t:|1729717559
|move|p2a: Jirachi|Protect|p2a: Jirachi
|-singleturn|p2a: Jirachi|Protect
|move|p1a: Blissey|Wish|p1a: Blissey
|
|-weather|Sandstorm|[upkeep]
|-damage|p1a: Blissey|94/100|[from] Sandstorm
|-heal|p2a: Jirachi|92/100|[from] item: Leftovers
|-heal|p1a: Blissey|100/100|[from] item: Leftovers
|upkeep
|turn|36
|
|t:|1729717564
|move|p2a: Jirachi|Wish|p2a: Jirachi
|move|p1a: Blissey|Thunder Wave|p2a: Jirachi
|-status|p2a: Jirachi|par
|
|-weather|Sandstorm|[upkeep]
|-damage|p1a: Blissey|94/100|[from] Sandstorm
|-heal|p1a: Blissey|100/100|[from] item: Leftovers
|-heal|p2a: Jirachi|99/100 par|[from] item: Leftovers
|upkeep
|turn|37
|
|t:|1729717579
|switch|p2a: Flygon|Flygon, F|74/100
|move|p1a: Blissey|Wish|p1a: Blissey
|
|-heal|p2a: Flygon|100/100|[from] move: Wish|[wisher] Jirachi
|-weather|Sandstorm|[upkeep]
|-damage|p1a: Blissey|94/100|[from] Sandstorm
|-heal|p1a: Blissey|100/100|[from] item: Leftovers
|upkeep
|turn|38
|
|t:|1729717590
|switch|p2a: Zapdos|Zapdos|100/100 par
|switch|p1a: Suicune|Suicune|84/100 slp
|-damage|p1a: Suicune|59/100 slp|[from] Spikes
|
|-heal|p1a: Suicune|100/100 slp|[from] move: Wish|[wisher] Blissey
|-weather|Sandstorm|[upkeep]
|-damage|p1a: Suicune|94/100 slp|[from] Sandstorm
|-damage|p2a: Zapdos|94/100 par|[from] Sandstorm
|-heal|p1a: Suicune|100/100 slp|[from] item: Leftovers
|-heal|p2a: Zapdos|100/100 par|[from] item: Leftovers
|upkeep
|turn|39
|
|t:|1729717598
|switch|p1a: Blissey|Blissey, F|100/100
|-damage|p1a: Blissey|76/100|[from] Spikes
|move|p2a: Zapdos|Roar|p1a: Blissey
|drag|p1a: Zapdos|Zapdos|69/100 tox
|
|-weather|Sandstorm|[upkeep]
|-damage|p1a: Zapdos|63/100 tox|[from] Sandstorm
|-damage|p2a: Zapdos|94/100 par|[from] Sandstorm
|-heal|p1a: Zapdos|69/100 tox|[from] item: Leftovers
|-damage|p1a: Zapdos|63/100 tox|[from] psn
|-heal|p2a: Zapdos|100/100 par|[from] item: Leftovers
|upkeep
|turn|40
|
|t:|1729717610
|switch|p2a: Flygon|Flygon, F|100/100
|move|p1a: Zapdos|Thunderbolt|p2a: Flygon
|-immune|p2a: Flygon
|
|-weather|Sandstorm|[upkeep]
|-damage|p1a: Zapdos|57/100 tox|[from] Sandstorm
|-heal|p1a: Zapdos|63/100 tox|[from] item: Leftovers
|-damage|p1a: Zapdos|50/100 tox|[from] psn
|upkeep
|turn|41
|
|t:|1729717618
|switch|p1a: Blissey|Blissey, F|76/100
|-damage|p1a: Blissey|51/100|[from] Spikes
|move|p2a: Flygon|Earthquake|p1a: Blissey
|-damage|p1a: Blissey|21/100
|
|-weather|Sandstorm|[upkeep]
|-damage|p1a: Blissey|15/100|[from] Sandstorm
|-heal|p1a: Blissey|21/100|[from] item: Leftovers
|upkeep
|turn|42
|
|t:|1729717630
|move|p2a: Flygon|Earthquake|p1a: Blissey
|-damage|p1a: Blissey|0 fnt
|faint|p1a: Blissey
|inactive|shoegazes has 270 seconds left.
|
|t:|1729717665
|switch|p1a: Metagross|Metagross|100/100
|-damage|p1a: Metagross|75/100|[from] Spikes
|
|-weather|Sandstorm|[upkeep]
|-heal|p1a: Metagross|82/100|[from] item: Leftovers
|upkeep
|turn|43
|
|t:|1729717682
|move|p2a: Flygon|Earthquake|p1a: Metagross
|-supereffective|p1a: Metagross
|-damage|p1a: Metagross|29/100
|move|p1a: Metagross|Meteor Mash|p2a: Flygon
|-damage|p2a: Flygon|58/100
|
|-weather|Sandstorm|[upkeep]
|-heal|p2a: Flygon|64/100|[from] item: Leftovers
|-heal|p1a: Metagross|35/100|[from] item: Leftovers
|upkeep
|turn|44
|
|t:|1729717688
|move|p1a: Metagross|Protect|p1a: Metagross
|-singleturn|p1a: Metagross|Protect
|move|p2a: Flygon|Earthquake|p1a: Metagross
|-activate|p1a: Metagross|Protect
|
|-weather|Sandstorm|[upkeep]
|-heal|p2a: Flygon|70/100|[from] item: Leftovers
|-heal|p1a: Metagross|41/100|[from] item: Leftovers
|upkeep
|turn|45
|inactive|shoegazes has 270 seconds left.
|
|t:|1729717694
|move|p2a: Flygon|Earthquake|p1a: Metagross
|-supereffective|p1a: Metagross
|-damage|p1a: Metagross|0 fnt
|faint|p1a: Metagross
|
|t:|1729717698
|switch|p1a: Zapdos|Zapdos|50/100 tox
|
|-weather|Sandstorm|[upkeep]
|-damage|p1a: Zapdos|44/100 tox|[from] Sandstorm
|-heal|p1a: Zapdos|50/100 tox|[from] item: Leftovers
|-damage|p1a: Zapdos|44/100 tox|[from] psn
|-heal|p2a: Flygon|76/100|[from] item: Leftovers
|upkeep
|turn|46
|
|t:|1729717702
|switch|p2a: Tyranitar|Tyranitar, M|49/100
|move|p1a: Zapdos|Hidden Power|p2a: Tyranitar
|-supereffective|p2a: Tyranitar
|-damage|p2a: Tyranitar|0 fnt
|faint|p2a: Tyranitar
|
|t:|1729717706
|switch|p2a: Aerodactyl|Aerodactyl, M|100/100
|
|-weather|Sandstorm|[upkeep]
|-damage|p1a: Zapdos|38/100 tox|[from] Sandstorm
|-heal|p1a: Zapdos|44/100 tox|[from] item: Leftovers
|-damage|p1a: Zapdos|32/100 tox|[from] psn
|upkeep
|turn|47
|
|t:|1729717710
|move|p2a: Aerodactyl|Double-Edge|p1a: Zapdos
|-damage|p1a: Zapdos|0 fnt
|faint|p1a: Zapdos
|
|t:|1729717712
|switch|p1a: Suicune|Suicune|100/100 slp
|-damage|p1a: Suicune|76/100 slp|[from] Spikes
|
|-weather|Sandstorm|[upkeep]
|-damage|p1a: Suicune|69/100 slp|[from] Sandstorm
|-heal|p1a: Suicune|76/100 slp|[from] item: Leftovers
|upkeep
|turn|48
|
|t:|1729717720
|move|p2a: Aerodactyl|Double-Edge|p1a: Suicune
|-crit|p1a: Suicune
|-damage|p1a: Suicune|15/100 slp
|cant|p1a: Suicune|slp
|
|-weather|Sandstorm|[upkeep]
|-damage|p1a: Suicune|9/100 slp|[from] Sandstorm
|-heal|p1a: Suicune|15/100 slp|[from] item: Leftovers
|upkeep
|turn|49
|
|t:|1729717722
|move|p2a: Aerodactyl|Double-Edge|p1a: Suicune
|-damage|p1a: Suicune|0 fnt
|faint|p1a: Suicune
|
|win|blyargh
|c|☆shoegazes|ggs
|c|☆blyargh|ggs

</script>
<script type="application/json" class="data" id="replaydata-smogtours-gen3ou-801420">
{"id":"smogtours-gen3ou-801420","format":"[Gen 3] OU","players":["shoegazes","blyargh"],"uploadtime":1729717722,"views":104,"formatid":"gen3ou","rating":null,"private":0,"password":null}
</script>

<script defer src="js/replays.js?9d40a366"></script>
