<!DOCTYPE html>
<meta charset="utf-8" />
<meta name="viewport" content="width=device-width" />

<title>[Gen 3] OU: ByrneBabyyyyy vs. ratdogrefurnished - Replays - Pok&eacute;mon Showdown!</title>

<meta name="description" content="Watch a replay of a Pok&eacute;mon battle between ByrneBabyyyyy and ratdogrefurnished! Format: [Gen 3] OU; Date: Oct 7, 2024" />
<!--

Hey, you! Looking in the source for the replay log?

You can find them in JSON format, just add `.json` at the end of a replay URL.

https://replay.pokemonshowdown.com/gen7randomdoublesbattle-865046831.json

Or, if you only need the log itself, add `.log` instead:

https://replay.pokemonshowdown.com/gen7randomdoublesbattle-865046831.log

-->

<link rel="stylesheet" href="//pokemonshowdown.com/style/global.css?0.023195364461161105" />
<link rel="stylesheet" href="//play.pokemonshowdown.com/style/font-awesome.css?0.13261647063804238" />
<link rel="stylesheet" href="//play.pokemonshowdown.com/style/battle.css?0.8753245789963631" />
<link rel="stylesheet" href="//play.pokemonshowdown.com/style/utilichart.css?0.8627959624976733" />

<!-- Global site tag (gtag.js) - Google Analytics -->
<script async src="https://www.googletagmanager.com/gtag/js?id=UA-26211653-1"></script>
<script>
  window.dataLayer = window.dataLayer || [];
  function gtag(){dataLayer.push(arguments);}
  gtag('js', new Date());

  gtag('config', 'UA-26211653-1');
</script>
<!-- End Google Analytics -->
<!-- Venatus Ad Manager - Install in <HEAD> of page -->
	<script src="https://hb.vntsm.com/v3/live/ad-manager.min.js" type="text/javascript" data-site-id="642aba63ec9a7b11c3c9c1be" data-mode="scan" async></script>
<!-- / Venatus Ad Manager -->

<style>
	@media (max-width:820px) {
		.battle {
			margin: 0 auto;
		}
		.battle-log {
			margin: 7px auto 0;
			max-width: 640px;
			height: 300px;
			position: static;
		}
	}
	.optgroup {
		display: inline-block;
		line-height: 22px;
		font-size: 10pt;
	}
	.optgroup .button {
		height: 25px;
		padding-top: 0;
		padding-bottom: 0;
	}
	.optgroup button.button {
		padding-left: 12px;
		padding-right: 12px;
	}
	.linklist {
		list-style: none;
		margin: 0.5em 0;
		padding: 0;
	}
	.linklist li {
		padding: 2px 0;
	}
	.sidebar {
		float: left;
		width: 320px;
	}
	.bar-wrapper {
		max-width: 1100px;
		margin: 0 auto;
	}
	.bar-wrapper.has-sidebar {
		max-width: 1430px;
	}
	.mainbar {
		margin: 0;
		padding-right: 1px;
	}
	.mainbar.has-sidebar {
		margin-left: 330px;
	}
	@media (min-width: 1511px) {
		.sidebar {
			width: 400px;
		}
		.bar-wrapper.has-sidebar {
			max-width: 1510px;
		}
		.mainbar.has-sidebar {
			margin-left: 410px;
		}
	}
	.section.first-section {
		margin-top: 9px;
	}
	.blocklink small {
		white-space: normal;
	}
	.button {
		vertical-align: middle;
	}
	.replay-controls {
		padding-top: 10px;
	}
	.replay-controls h1 {
		font-size: 16pt;
		font-weight: normal;
		color: #CCC;
	}
	.pagelink {
		text-align: center;
	}
	.pagelink a {
		width: 150px;
	}
	.textbox, .button {
		font-size: 11pt;
		vertical-align: middle;
	}
	@media (max-width: 450px) {
		.button {
			font-size: 9pt;
		}
	}
</style>

<div>

	<header>
		<div class="nav-wrapper"><ul class="nav">
			<li><a class="button nav-first" href="//pokemonshowdown.com/"><img src="//pokemonshowdown.com/images/pokemonshowdownbeta.png" srcset="//pokemonshowdown.com/images/pokemonshowdownbeta.png 1x, //pokemonshowdown.com/images/pokemonshowdownbeta@2x.png 2x" alt="Pok&eacute;mon Showdown" width="146" height="44" /> Home</a></li>
			<li><a class="button" href="//pokemonshowdown.com/dex/">Pok&eacute;dex</a></li>
			<li><a class="button cur" href="/">Replays</a></li>
			<li><a class="button" href="//pokemonshowdown.com/ladder/">Ladder</a></li>
			<li><a class="button nav-last" href="//pokemonshowdown.com/forums/">Forum</a></li>
			<li><a class="button greenbutton nav-first nav-last" href="//play.pokemonshowdown.com/">Play</a></li>
		</ul></div>
	</header>

	<div class="main" id="main">

		<noscript><section class="section">You need to enable JavaScript to use this page; sorry!</section></noscript>

	</div>

</div>

<script defer nomodule src="//play.pokemonshowdown.com/js/lib/ps-polyfill.js"></script>
<script defer src="//play.pokemonshowdown.com/js/lib/preact.min.js"></script>

<script defer src="//play.pokemonshowdown.com/config/config.js?2bddbc15"></script>
<script defer src="//play.pokemonshowdown.com/js/lib/jquery-1.11.0.min.js"></script>
<script defer src="//play.pokemonshowdown.com/js/lib/html-sanitizer-minified.js"></script>
<script defer src="//play.pokemonshowdown.com/js/battle-sound.js"></script>
<script defer src="//play.pokemonshowdown.com/js/battledata.js?0.7209276989879541"></script>
<script defer src="//play.pokemonshowdown.com/data/pokedex-mini.js?0.6111056340867951"></script>
<script defer src="//play.pokemonshowdown.com/data/pokedex-mini-bw.js?0.3532142036491459"></script>
<script defer src="//play.pokemonshowdown.com/data/graphics.js?0.24223875632456182"></script>
<script defer src="//play.pokemonshowdown.com/data/pokedex.js?0.38839984266356864"></script>
<script defer src="//play.pokemonshowdown.com/data/moves.js?0.21866028504024015"></script>
<script defer src="//play.pokemonshowdown.com/data/abilities.js?0.2005157953846628"></script>
<script defer src="//play.pokemonshowdown.com/data/items.js?0.9894211263848525"></script>
<script defer src="//play.pokemonshowdown.com/data/teambuilder-tables.js?0.6008791140282215"></script>
<script defer src="//play.pokemonshowdown.com/js/battle-tooltips.js?0.7580118955022959"></script>
<script defer src="//play.pokemonshowdown.com/js/battle.js?0.6057722274234274"></script>

<script defer src="js/utils.js?e31f9a17"></script>
<script defer src="js/replays-battle.js?7008c182"></script>

<!-- don't scrape this data! just add .json or .log after the URL!
Full API docs: https://github.com/smogon/pokemon-showdown-client/blob/master/WEB-API.md -->
<script type="text/plain" class="log" id="replaylog-smogtours-gen3ou-796217">
|inactive|Battle timer is ON: inactive players will automatically lose when time's up.
|t:|1728330007
|gametype|singles
|player|p1|ByrneBabyyyyy|blue-masters|
|player|p2|ratdogrefurnished|firebreather|
|teamsize|p1|6
|teamsize|p2|6
|gen|3
|tier|[Gen 3] OU
|rule|Sleep Clause Mod: Limit one foe put to sleep
|rule|Switch Priority Clause Mod: Faster Pokémon switch first
|rule|Species Clause: Limit one of each Pokémon
|rule|OHKO Clause: OHKO moves are banned
|rule|Evasion Items Clause: Evasion items are banned
|rule|Evasion Moves Clause: Evasion moves are banned
|rule|Endless Battle Clause: Forcing endless battles is banned
|rule|HP Percentage Mod: HP is shown in percentages
|rule|One Boost Passer Clause: Limit one Baton Passer that has a way to boost its stats
|rule|Freeze Clause Mod: Limit one foe frozen
|
|t:|1728330007
|start
|switch|p1a: Salamence|Salamence, M|100/100
|switch|p2a: The Brain|Forretress, F|100/100
|-ability|p1a: Salamence|Intimidate|boost
|-unboost|p2a: The Brain|atk|1
|turn|1
|
|t:|1728330011
|switch|p2a: The Arm|Suicune|100/100
|move|p1a: Salamence|Fire Blast|p2a: The Arm
|-resisted|p2a: The Arm
|-damage|p2a: The Arm|87/100
|
|-heal|p2a: The Arm|94/100|[from] item: Leftovers
|upkeep
|turn|2
|
|t:|1728330015
|switch|p1a: Regice|Regice|100/100
|switch|p2a: The Brain|Forretress, F|100/100
|
|upkeep
|turn|3
|
|t:|1728330021
|switch|p1a: Salamence|Salamence, M|100/100
|-ability|p1a: Salamence|Intimidate|boost
|-unboost|p2a: The Brain|atk|1
|move|p2a: The Brain|Spikes|p1a: Salamence
|-sidestart|p1: ByrneBabyyyyy|Spikes
|
|upkeep
|turn|4
|
|t:|1728330027
|switch|p1a: Celebi|Celebi|100/100
|-damage|p1a: Celebi|88/100|[from] Spikes
|switch|p2a: The Arm|Suicune|94/100
|
|-heal|p1a: Celebi|94/100|[from] item: Leftovers
|-heal|p2a: The Arm|99/100|[from] item: Leftovers
|upkeep
|turn|5
|
|t:|1728330035
|move|p1a: Celebi|Leech Seed|p2a: The Arm
|-start|p2a: The Arm|move: Leech Seed
|move|p2a: The Arm|Surf|p1a: Celebi
|-resisted|p1a: Celebi
|-damage|p1a: Celebi|82/100
|
|-heal|p1a: Celebi|88/100|[from] item: Leftovers
|-heal|p2a: The Arm|100/100|[from] item: Leftovers
|-damage|p2a: The Arm|88/100|[from] Leech Seed|[of] p1a: Celebi
|-heal|p1a: Celebi|100/100|[silent]
|upkeep
|turn|6
|
|t:|1728330040
|switch|p2a: The Brain|Forretress, F|100/100
|move|p1a: Celebi|Leech Seed|p2a: The Brain
|-start|p2a: The Brain|move: Leech Seed
|
|-damage|p2a: The Brain|88/100|[from] Leech Seed|[of] p1a: Celebi
|upkeep
|turn|7
|
|t:|1728330044
|switch|p2a: The Belly|Blissey, F|100/100
|move|p1a: Celebi|Hidden Power|p2a: The Belly
|-damage|p2a: The Belly|94/100
|
|-heal|p2a: The Belly|99/100|[from] item: Leftovers
|upkeep
|turn|8
|
|t:|1728330050
|switch|p2a: The Arm|Suicune|88/100
|move|p1a: Celebi|Leech Seed|p2a: The Arm
|-start|p2a: The Arm|move: Leech Seed
|
|-heal|p2a: The Arm|94/100|[from] item: Leftovers
|-damage|p2a: The Arm|82/100|[from] Leech Seed|[of] p1a: Celebi
|upkeep
|turn|9
|
|t:|1728330054
|switch|p2a: The Brain|Forretress, F|88/100
|move|p1a: Celebi|Leech Seed|p2a: The Brain
|-start|p2a: The Brain|move: Leech Seed
|
|-heal|p2a: The Brain|94/100|[from] item: Leftovers
|-damage|p2a: The Brain|82/100|[from] Leech Seed|[of] p1a: Celebi
|upkeep
|turn|10
|
|t:|1728330058
|switch|p2a: The Belly|Blissey, F|99/100
|move|p1a: Celebi|Leech Seed|p2a: The Belly
|-start|p2a: The Belly|move: Leech Seed
|
|-heal|p2a: The Belly|100/100|[from] item: Leftovers
|-damage|p2a: The Belly|88/100|[from] Leech Seed|[of] p1a: Celebi
|upkeep
|turn|11
|
|t:|1728330075
|move|p1a: Celebi|Leech Seed|p2a: The Belly|[miss]
|-miss|p1a: Celebi|p2a: The Belly
|move|p2a: The Belly|Ice Beam|p1a: Celebi
|-supereffective|p1a: Celebi
|-damage|p1a: Celebi|63/100
|
|-heal|p1a: Celebi|70/100|[from] item: Leftovers
|-heal|p2a: The Belly|94/100|[from] item: Leftovers
|-damage|p2a: The Belly|82/100|[from] Leech Seed|[of] p1a: Celebi
|-heal|p1a: Celebi|90/100|[silent]
|upkeep
|turn|12
|
|t:|1728330086
|switch|p1a: Skarmory|Skarmory, M|100/100
|switch|p2a: The Arm|Suicune|82/100
|
|-heal|p2a: The Arm|88/100|[from] item: Leftovers
|upkeep
|turn|13
|
|t:|1728330095
|switch|p2a: The Brain|Forretress, F|82/100
|move|p1a: Skarmory|Roar|p2a: The Brain
|drag|p2a: The Soul|Skarmory, M|100/100
|
|upkeep
|turn|14
|
|t:|1728330101
|move|p2a: The Soul|Spikes|p1a: Skarmory
|-sidestart|p1: ByrneBabyyyyy|Spikes
|move|p1a: Skarmory|Spikes|p2a: The Soul
|-sidestart|p2: ratdogrefurnished|Spikes
|
|upkeep
|turn|15
|
|t:|1728330109
|switch|p2a: The Brain|Forretress, F|82/100
|-damage|p2a: The Brain|69/100|[from] Spikes
|move|p1a: Skarmory|Spikes|p2a: The Brain
|-sidestart|p2: ratdogrefurnished|Spikes
|
|-heal|p2a: The Brain|76/100|[from] item: Leftovers
|upkeep
|turn|16
|
|t:|1728330113
|switch|p1a: Claydol|Claydol|100/100
|move|p2a: The Brain|Zap Cannon|p1a: Claydol
|-immune|p1a: Claydol
|
|-heal|p2a: The Brain|82/100|[from] item: Leftovers
|upkeep
|turn|17
|
|t:|1728330116
|move|p1a: Claydol|Rapid Spin|p2a: The Brain
|-resisted|p2a: The Brain
|-damage|p2a: The Brain|80/100
|-sideend|p1: ByrneBabyyyyy|Spikes|[from] move: Rapid Spin|[of] p1a: Claydol
|move|p2a: The Brain|Hidden Power|p1a: Claydol
|-supereffective|p1a: Claydol
|-damage|p1a: Claydol|51/100
|
|-heal|p1a: Claydol|57/100|[from] item: Leftovers
|-heal|p2a: The Brain|86/100|[from] item: Leftovers
|upkeep
|turn|18
|
|t:|1728330139
|switch|p1a: Salamence|Salamence, M|100/100
|-ability|p1a: Salamence|Intimidate|boost
|-unboost|p2a: The Brain|atk|1
|move|p2a: The Brain|Zap Cannon|p1a: Salamence
|-damage|p1a: Salamence|81/100
|-status|p1a: Salamence|par
|
|-heal|p2a: The Brain|93/100|[from] item: Leftovers
|-heal|p1a: Salamence|87/100 par|[from] item: Leftovers
|upkeep
|turn|19
|
|t:|1728330151
|switch|p2a: Come Tuesday|Claydol|100/100
|switch|p1a: Celebi|Celebi|90/100
|
|-heal|p1a: Celebi|96/100|[from] item: Leftovers
|upkeep
|turn|20
|
|t:|1728330157
|switch|p1a: Skarmory|Skarmory, M|100/100
|move|p2a: Come Tuesday|Rapid Spin|p1a: Skarmory
|-resisted|p1a: Skarmory
|-damage|p1a: Skarmory|99/100
|-sideend|p2: ratdogrefurnished|Spikes|[from] move: Rapid Spin|[of] p2a: Come Tuesday
|
|-heal|p1a: Skarmory|100/100|[from] item: Leftovers
|upkeep
|turn|21
|
|t:|1728330166
|switch|p2a: The Brain|Forretress, F|93/100
|move|p1a: Skarmory|Toxic|p2a: The Brain
|-immune|p2a: The Brain
|
|-heal|p2a: The Brain|99/100|[from] item: Leftovers
|upkeep
|turn|22
|
|t:|1728330171
|switch|p1a: Celebi|Celebi|96/100
|move|p2a: The Brain|Spikes|p1a: Celebi
|-sidestart|p1: ByrneBabyyyyy|Spikes
|
|-heal|p1a: Celebi|100/100|[from] item: Leftovers
|-heal|p2a: The Brain|100/100|[from] item: Leftovers
|upkeep
|turn|23
|
|t:|1728330177
|switch|p2a: The Arm|Suicune|88/100
|move|p1a: Celebi|Hidden Power|p2a: The Arm
|-resisted|p2a: The Arm
|-damage|p2a: The Arm|81/100
|
|-heal|p2a: The Arm|87/100|[from] item: Leftovers
|upkeep
|turn|24
|
|t:|1728330201
|move|p1a: Celebi|Leech Seed|p2a: The Arm
|-start|p2a: The Arm|move: Leech Seed
|move|p2a: The Arm|Calm Mind|p2a: The Arm
|-boost|p2a: The Arm|spa|1
|-boost|p2a: The Arm|spd|1
|
|-heal|p2a: The Arm|94/100|[from] item: Leftovers
|-damage|p2a: The Arm|81/100|[from] Leech Seed|[of] p1a: Celebi
|upkeep
|turn|25
|
|t:|1728330207
|switch|p1a: Regice|Regice|100/100
|-damage|p1a: Regice|88/100|[from] Spikes
|switch|p2a: The Belly|Blissey, F|82/100
|
|-heal|p2a: The Belly|88/100|[from] item: Leftovers
|-heal|p1a: Regice|94/100|[from] item: Leftovers
|upkeep
|turn|26
|
|t:|1728330218
|switch|p2a: The Brain|Forretress, F|100/100
|move|p1a: Regice|Toxic|p2a: The Brain
|-immune|p2a: The Brain
|
|-heal|p1a: Regice|99/100|[from] item: Leftovers
|upkeep
|turn|27
|
|t:|1728330224
|move|p1a: Regice|Thunderbolt|p2a: The Brain
|-damage|p2a: The Brain|75/100
|move|p2a: The Brain|Hidden Power|p1a: Regice
|-damage|p1a: Regice|81/100
|
|-heal|p1a: Regice|87/100|[from] item: Leftovers
|-heal|p2a: The Brain|81/100|[from] item: Leftovers
|upkeep
|turn|28
|
|t:|1728330235
|move|p1a: Regice|Thunder Wave|p2a: The Brain
|-status|p2a: The Brain|par
|move|p2a: The Brain|Spikes|p1a: Regice
|-sidestart|p1: ByrneBabyyyyy|Spikes
|
|-heal|p1a: Regice|93/100|[from] item: Leftovers
|-heal|p2a: The Brain|88/100 par|[from] item: Leftovers
|upkeep
|turn|29
|inactive|ByrneBabyyyyy has 270 seconds left.
|
|t:|1728330270
|switch|p1a: Skarmory|Skarmory, M|100/100
|move|p2a: The Brain|Hidden Power|p1a: Skarmory
|-resisted|p1a: Skarmory
|-damage|p1a: Skarmory|96/100
|
|-heal|p1a: Skarmory|100/100|[from] item: Leftovers
|-heal|p2a: The Brain|94/100 par|[from] item: Leftovers
|upkeep
|turn|30
|inactive|ByrneBabyyyyy has 270 seconds left.
|
|t:|1728330285
|switch|p1a: Claydol|Claydol|57/100
|cant|p2a: The Brain|par
|
|-heal|p1a: Claydol|63/100|[from] item: Leftovers
|-heal|p2a: The Brain|99/100 par|[from] item: Leftovers
|upkeep
|turn|31
|
|t:|1728330291
|switch|p1a: Skarmory|Skarmory, M|100/100
|move|p2a: The Brain|Hidden Power|p1a: Skarmory
|-resisted|p1a: Skarmory
|-damage|p1a: Skarmory|97/100
|
|-heal|p1a: Skarmory|100/100|[from] item: Leftovers
|-heal|p2a: The Brain|100/100 par|[from] item: Leftovers
|upkeep
|turn|32
|
|t:|1728330295
|move|p1a: Skarmory|Spikes|p2a: The Brain
|-sidestart|p2: ratdogrefurnished|Spikes
|move|p2a: The Brain|Spikes|p1a: Skarmory
|-sidestart|p1: ByrneBabyyyyy|Spikes
|
|upkeep
|turn|33
|
|t:|1728330300
|switch|p1a: Claydol|Claydol|63/100
|move|p2a: The Brain|Zap Cannon|p1a: Claydol
|-immune|p1a: Claydol
|
|-heal|p1a: Claydol|70/100|[from] item: Leftovers
|upkeep
|turn|34
|
|t:|1728330313
|switch|p1a: Skarmory|Skarmory, M|100/100
|move|p2a: The Brain|Hidden Power|p1a: Skarmory
|-resisted|p1a: Skarmory
|-damage|p1a: Skarmory|96/100
|
|-heal|p1a: Skarmory|100/100|[from] item: Leftovers
|upkeep
|turn|35
|
|t:|1728330324
|move|p1a: Skarmory|Spikes|p2a: The Brain
|-sidestart|p2: ratdogrefurnished|Spikes
|move|p2a: The Brain|Zap Cannon|p1a: Skarmory
|-supereffective|p1a: Skarmory
|-damage|p1a: Skarmory|73/100
|-status|p1a: Skarmory|par
|
|-heal|p1a: Skarmory|79/100 par|[from] item: Leftovers
|upkeep
|turn|36
|
|t:|1728330335
|switch|p1a: Claydol|Claydol|70/100
|switch|p2a: Come Tuesday|Claydol|100/100
|
|-heal|p1a: Claydol|76/100|[from] item: Leftovers
|upkeep
|turn|37
|
|t:|1728330340
|move|p1a: Claydol|Rapid Spin|p2a: Come Tuesday
|-damage|p2a: Come Tuesday|96/100
|-sideend|p1: ByrneBabyyyyy|Spikes|[from] move: Rapid Spin|[of] p1a: Claydol
|move|p2a: Come Tuesday|Rapid Spin|p1a: Claydol
|-damage|p1a: Claydol|72/100
|-sideend|p2: ratdogrefurnished|Spikes|[from] move: Rapid Spin|[of] p2a: Come Tuesday
|
|-heal|p1a: Claydol|78/100|[from] item: Leftovers
|-heal|p2a: Come Tuesday|100/100|[from] item: Leftovers
|upkeep
|turn|38
|
|t:|1728330348
|switch|p2a: The Brain|Forretress, F|100/100 par
|move|p1a: Claydol|Earthquake|p2a: The Brain
|-damage|p2a: The Brain|73/100 par
|
|-heal|p1a: Claydol|84/100|[from] item: Leftovers
|-heal|p2a: The Brain|79/100 par|[from] item: Leftovers
|upkeep
|turn|39
|
|t:|1728330353
|switch|p1a: Celebi|Celebi|100/100
|move|p2a: The Brain|Spikes|p1a: Celebi
|-sidestart|p1: ByrneBabyyyyy|Spikes
|
|-heal|p2a: The Brain|86/100 par|[from] item: Leftovers
|upkeep
|turn|40
|
|t:|1728330368
|switch|p2a: The Arm|Suicune|81/100
|move|p1a: Celebi|Hidden Power|p2a: The Arm
|-resisted|p2a: The Arm
|-damage|p2a: The Arm|75/100
|
|-heal|p2a: The Arm|81/100|[from] item: Leftovers
|upkeep
|turn|41
|
|t:|1728330378
|move|p1a: Celebi|Leech Seed|p2a: The Arm|[miss]
|-miss|p1a: Celebi|p2a: The Arm
|move|p2a: The Arm|Calm Mind|p2a: The Arm
|-boost|p2a: The Arm|spa|1
|-boost|p2a: The Arm|spd|1
|
|-heal|p2a: The Arm|87/100|[from] item: Leftovers
|upkeep
|turn|42
|
|t:|1728330383
|switch|p1a: Regice|Regice|93/100
|-damage|p1a: Regice|81/100|[from] Spikes
|move|p2a: The Arm|Calm Mind|p2a: The Arm
|-boost|p2a: The Arm|spa|1
|-boost|p2a: The Arm|spd|1
|
|-heal|p2a: The Arm|94/100|[from] item: Leftovers
|-heal|p1a: Regice|87/100|[from] item: Leftovers
|upkeep
|turn|43
|
|t:|1728330389
|switch|p2a: The Brain|Forretress, F|86/100 par
|move|p1a: Regice|Toxic||[still]
|-fail|p1a: Regice
|
|-heal|p1a: Regice|93/100|[from] item: Leftovers
|-heal|p2a: The Brain|92/100 par|[from] item: Leftovers
|upkeep
|turn|44
|
|t:|1728330400
|switch|p1a: Skarmory|Skarmory, M|79/100 par
|switch|p2a: The Arm|Suicune|94/100
|
|-heal|p2a: The Arm|99/100|[from] item: Leftovers
|-heal|p1a: Skarmory|85/100 par|[from] item: Leftovers
|upkeep
|turn|45
|
|t:|1728330405
|move|p2a: The Arm|Surf|p1a: Skarmory
|-damage|p1a: Skarmory|56/100 par
|move|p1a: Skarmory|Toxic|p2a: The Arm
|-status|p2a: The Arm|tox
|
|-heal|p2a: The Arm|100/100 tox|[from] item: Leftovers
|-damage|p2a: The Arm|94/100 tox|[from] psn
|-heal|p1a: Skarmory|62/100 par|[from] item: Leftovers
|upkeep
|turn|46
|
|t:|1728330411
|switch|p1a: Celebi|Celebi|100/100
|-damage|p1a: Celebi|88/100|[from] Spikes
|move|p2a: The Arm|Surf|p1a: Celebi
|-resisted|p1a: Celebi
|-damage|p1a: Celebi|76/100
|
|-heal|p1a: Celebi|83/100|[from] item: Leftovers
|-heal|p2a: The Arm|100/100 tox|[from] item: Leftovers
|-damage|p2a: The Arm|88/100 tox|[from] psn
|upkeep
|turn|47
|
|t:|1728330423
|switch|p2a: The Belly|Blissey, F|88/100
|move|p1a: Celebi|Leech Seed|p2a: The Belly
|-start|p2a: The Belly|move: Leech Seed
|
|-heal|p1a: Celebi|89/100|[from] item: Leftovers
|-heal|p2a: The Belly|94/100|[from] item: Leftovers
|-damage|p2a: The Belly|82/100|[from] Leech Seed|[of] p1a: Celebi
|-heal|p1a: Celebi|100/100|[silent]
|upkeep
|turn|48
|
|t:|1728330428
|switch|p1a: Skarmory|Skarmory, M|62/100 par
|move|p2a: The Belly|Aromatherapy|p2a: The Belly
|-cureteam|p2a: The Belly|[from] move: Aromatherapy
|
|-heal|p2a: The Belly|88/100|[from] item: Leftovers
|-damage|p2a: The Belly|75/100|[from] Leech Seed|[of] p1a: Skarmory
|-heal|p1a: Skarmory|86/100 par|[silent]
|-heal|p1a: Skarmory|92/100 par|[from] item: Leftovers
|upkeep
|turn|49
|
|t:|1728330444
|switch|p2a: The Brain|Forretress, F|92/100
|move|p1a: Skarmory|Toxic|p2a: The Brain|[miss]
|-miss|p1a: Skarmory|p2a: The Brain
|
|-heal|p2a: The Brain|98/100|[from] item: Leftovers
|-heal|p1a: Skarmory|98/100 par|[from] item: Leftovers
|upkeep
|turn|50
|
|t:|1728330452
|move|p1a: Skarmory|Protect|p1a: Skarmory
|-singleturn|p1a: Skarmory|Protect
|move|p2a: The Brain|Spikes|p1a: Skarmory
|-sidestart|p1: ByrneBabyyyyy|Spikes
|
|-heal|p2a: The Brain|100/100|[from] item: Leftovers
|-heal|p1a: Skarmory|100/100 par|[from] item: Leftovers
|upkeep
|turn|51
|
|t:|1728330457
|move|p2a: The Brain|Spikes|p1a: Skarmory
|-sidestart|p1: ByrneBabyyyyy|Spikes
|move|p1a: Skarmory|Roar|p2a: The Brain
|drag|p2a: Come Tuesday|Claydol|100/100
|
|upkeep
|turn|52
|
|t:|1728330466
|switch|p2a: The Arm|Suicune|88/100
|cant|p1a: Skarmory|par
|
|-heal|p2a: The Arm|94/100|[from] item: Leftovers
|upkeep
|turn|53
|
|t:|1728330474
|move|p2a: The Arm|Surf|p1a: Skarmory
|-damage|p1a: Skarmory|73/100 par
|move|p1a: Skarmory|Roar|p2a: The Arm
|drag|p2a: The Belly|Blissey, F|75/100
|
|-heal|p2a: The Belly|81/100|[from] item: Leftovers
|-heal|p1a: Skarmory|79/100 par|[from] item: Leftovers
|upkeep
|turn|54
|
|t:|1728330481
|move|p2a: The Belly|Seismic Toss|p1a: Skarmory
|-damage|p1a: Skarmory|49/100 par
|cant|p1a: Skarmory|par
|
|-heal|p2a: The Belly|88/100|[from] item: Leftovers
|-heal|p1a: Skarmory|55/100 par|[from] item: Leftovers
|upkeep
|turn|55
|
|t:|1728330489
|move|p2a: The Belly|Ice Beam|p1a: Skarmory
|-damage|p1a: Skarmory|33/100 par
|move|p1a: Skarmory|Toxic|p2a: The Belly|[miss]
|-miss|p1a: Skarmory|p2a: The Belly
|
|-heal|p2a: The Belly|94/100|[from] item: Leftovers
|-heal|p1a: Skarmory|39/100 par|[from] item: Leftovers
|upkeep
|turn|56
|
|t:|1728330497
|move|p1a: Skarmory|Protect|p1a: Skarmory
|-singleturn|p1a: Skarmory|Protect
|move|p2a: The Belly|Seismic Toss|p1a: Skarmory
|-activate|p1a: Skarmory|Protect
|
|-heal|p2a: The Belly|99/100|[from] item: Leftovers
|-heal|p1a: Skarmory|45/100 par|[from] item: Leftovers
|upkeep
|turn|57
|
|t:|1728330500
|switch|p1a: Celebi|Celebi|100/100
|-damage|p1a: Celebi|75/100|[from] Spikes
|move|p2a: The Belly|Seismic Toss|p1a: Celebi
|-damage|p1a: Celebi|51/100
|
|-heal|p1a: Celebi|57/100|[from] item: Leftovers
|-heal|p2a: The Belly|100/100|[from] item: Leftovers
|upkeep
|turn|58
|
|t:|1728330505
|switch|p2a: The Fingers|Dugtrio, F|100/100
|move|p1a: Celebi|Recover|p1a: Celebi
|-heal|p1a: Celebi|100/100
|
|upkeep
|turn|59
|
|t:|1728330508
|move|p2a: The Fingers|Hidden Power|p1a: Celebi
|-supereffective|p1a: Celebi
|-damage|p1a: Celebi|25/100
|move|p1a: Celebi|Leech Seed|p2a: The Fingers
|-start|p2a: The Fingers|move: Leech Seed
|
|-damage|p2a: The Fingers|88/100|[from] Leech Seed|[of] p1a: Celebi
|-heal|p1a: Celebi|31/100|[silent]
|-heal|p1a: Celebi|37/100|[from] item: Leftovers
|upkeep
|turn|60
|
|t:|1728330523
|move|p2a: The Fingers|Hidden Power|p1a: Celebi
|-supereffective|p1a: Celebi
|-damage|p1a: Celebi|0 fnt
|faint|p1a: Celebi
|inactive|ByrneBabyyyyy has 270 seconds left.
|inactive|ByrneBabyyyyy has 240 seconds left.
|inactive|ByrneBabyyyyy has 210 seconds left.
|
|t:|1728330621
|switch|p1a: Claydol|Claydol|84/100
|
|-damage|p2a: The Fingers|76/100|[from] Leech Seed|[of] p1a: Claydol
|-heal|p1a: Claydol|92/100|[silent]
|-heal|p1a: Claydol|98/100|[from] item: Leftovers
|upkeep
|turn|61
|
|t:|1728330629
|switch|p2a: The Brain|Forretress, F|100/100
|move|p1a: Claydol|Rapid Spin|p2a: The Brain
|-resisted|p2a: The Brain
|-damage|p2a: The Brain|99/100
|-sideend|p1: ByrneBabyyyyy|Spikes|[from] move: Rapid Spin|[of] p1a: Claydol
|
|-heal|p1a: Claydol|100/100|[from] item: Leftovers
|-heal|p2a: The Brain|100/100|[from] item: Leftovers
|upkeep
|turn|62
|inactive|ByrneBabyyyyy has 210 seconds left.
|
|t:|1728330650
|switch|p1a: Salamence|Salamence, M|87/100 par
|-ability|p1a: Salamence|Intimidate|boost
|-unboost|p2a: The Brain|atk|1
|move|p2a: The Brain|Spikes|p1a: Salamence
|-sidestart|p1: ByrneBabyyyyy|Spikes
|
|-heal|p1a: Salamence|93/100 par|[from] item: Leftovers
|upkeep
|turn|63
|
|t:|1728330657
|switch|p2a: The Arm|Suicune|94/100
|cant|p1a: Salamence|par
|
|-heal|p2a: The Arm|100/100|[from] item: Leftovers
|-heal|p1a: Salamence|99/100 par|[from] item: Leftovers
|upkeep
|turn|64
|
|t:|1728330663
|switch|p1a: Regice|Regice|93/100
|-damage|p1a: Regice|80/100|[from] Spikes
|move|p2a: The Arm|Calm Mind|p2a: The Arm
|-boost|p2a: The Arm|spa|1
|-boost|p2a: The Arm|spd|1
|
|-heal|p1a: Regice|86/100|[from] item: Leftovers
|upkeep
|turn|65
|
|t:|1728330667
|switch|p2a: The Brain|Forretress, F|100/100
|move|p1a: Regice|Thunderbolt|p2a: The Brain
|-damage|p2a: The Brain|73/100
|
|-heal|p1a: Regice|93/100|[from] item: Leftovers
|-heal|p2a: The Brain|79/100|[from] item: Leftovers
|upkeep
|turn|66
|
|t:|1728330674
|move|p1a: Regice|Thunder Wave|p2a: The Brain
|-status|p2a: The Brain|par
|move|p2a: The Brain|Hidden Power|p1a: Regice
|-damage|p1a: Regice|72/100
|
|-heal|p1a: Regice|78/100|[from] item: Leftovers
|-heal|p2a: The Brain|86/100 par|[from] item: Leftovers
|upkeep
|turn|67
|
|t:|1728330679
|move|p1a: Regice|Thunderbolt|p2a: The Brain
|-damage|p2a: The Brain|60/100 par
|move|p2a: The Brain|Spikes|p1a: Regice
|-sidestart|p1: ByrneBabyyyyy|Spikes
|
|-heal|p1a: Regice|84/100|[from] item: Leftovers
|-heal|p2a: The Brain|66/100 par|[from] item: Leftovers
|upkeep
|turn|68
|
|t:|1728330684
|move|p1a: Regice|Thunderbolt|p2a: The Brain
|-damage|p2a: The Brain|40/100 par
|move|p2a: The Brain|Spikes|p1a: Regice
|-sidestart|p1: ByrneBabyyyyy|Spikes
|
|-heal|p1a: Regice|90/100|[from] item: Leftovers
|-heal|p2a: The Brain|46/100 par|[from] item: Leftovers
|upkeep
|turn|69
|
|t:|1728330692
|switch|p2a: The Belly|Blissey, F|100/100
|move|p1a: Regice|Toxic|p2a: The Belly
|-status|p2a: The Belly|tox
|
|-damage|p2a: The Belly|94/100 tox|[from] psn
|-heal|p1a: Regice|96/100|[from] item: Leftovers
|upkeep
|turn|70
|
|t:|1728330702
|move|p2a: The Belly|Ice Beam|p1a: Regice
|-resisted|p1a: Regice
|-damage|p1a: Regice|90/100
|move|p1a: Regice|Ice Beam|p2a: The Belly
|-damage|p2a: The Belly|76/100 tox
|
|-heal|p2a: The Belly|82/100 tox|[from] item: Leftovers
|-damage|p2a: The Belly|70/100 tox|[from] psn
|-heal|p1a: Regice|96/100|[from] item: Leftovers
|upkeep
|turn|71
|
|t:|1728330716
|move|p2a: The Belly|Aromatherapy|p2a: The Belly
|-cureteam|p2a: The Belly|[from] move: Aromatherapy
|move|p1a: Regice|Ice Beam|p2a: The Belly
|-damage|p2a: The Belly|52/100
|
|-heal|p2a: The Belly|58/100|[from] item: Leftovers
|-heal|p1a: Regice|100/100|[from] item: Leftovers
|upkeep
|turn|72
|inactive|ByrneBabyyyyy has 270 seconds left.
|
|t:|1728330724
|move|p2a: The Belly|Soft-Boiled|p2a: The Belly
|-heal|p2a: The Belly|100/100
|move|p1a: Regice|Toxic|p2a: The Belly
|-status|p2a: The Belly|tox
|
|-damage|p2a: The Belly|94/100 tox|[from] psn
|upkeep
|turn|73
|
|t:|1728330731
|-curestatus|p2a: The Belly|tox|[from] ability: Natural Cure
|switch|p2a: The Arm|Suicune|100/100
|move|p1a: Regice|Ice Beam|p2a: The Arm
|-resisted|p2a: The Arm
|-damage|p2a: The Arm|84/100
|
|-heal|p2a: The Arm|91/100|[from] item: Leftovers
|upkeep
|turn|74
|
|t:|1728330740
|switch|p2a: The Belly|Blissey, F|94/100
|move|p1a: Regice|Thunderbolt|p2a: The Belly
|-damage|p2a: The Belly|82/100
|
|-heal|p2a: The Belly|88/100|[from] item: Leftovers
|upkeep
|turn|75
|
|t:|1728330744
|switch|p2a: The Brain|Forretress, F|46/100
|move|p1a: Regice|Thunder Wave|p2a: The Brain
|-status|p2a: The Brain|par
|
|-heal|p2a: The Brain|52/100 par|[from] item: Leftovers
|upkeep
|turn|76
|
|t:|1728330757
|move|p1a: Regice|Thunderbolt|p2a: The Brain
|-damage|p2a: The Brain|23/100 par
|cant|p2a: The Brain|par
|
|-heal|p2a: The Brain|29/100 par|[from] item: Leftovers
|upkeep
|turn|77
|
|t:|1728330768
|switch|p2a: The Belly|Blissey, F|88/100
|move|p1a: Regice|Thunderbolt|p2a: The Belly
|-damage|p2a: The Belly|75/100
|
|-heal|p2a: The Belly|81/100|[from] item: Leftovers
|upkeep
|turn|78
|
|t:|1728330775
|switch|p2a: The Brain|Forretress, F|29/100 par
|move|p1a: Regice|Toxic||[still]
|-fail|p1a: Regice
|
|-heal|p2a: The Brain|36/100 par|[from] item: Leftovers
|upkeep
|turn|79
|
|t:|1728330781
|move|p1a: Regice|Thunderbolt|p2a: The Brain
|-damage|p2a: The Brain|8/100 par
|move|p2a: The Brain|Explosion|p1a: Regice
|-damage|p1a: Regice|17/100
|faint|p2a: The Brain
|
|t:|1728330788
|switch|p2a: The Fingers|Dugtrio, F|76/100
|
|-heal|p1a: Regice|23/100|[from] item: Leftovers
|upkeep
|turn|80
|
|t:|1728330804
|move|p2a: The Fingers|Earthquake|p1a: Regice
|-damage|p1a: Regice|0 fnt
|faint|p1a: Regice
|
|t:|1728330809
|switch|p1a: Claydol|Claydol|100/100
|
|upkeep
|turn|81
|
|t:|1728330823
|switch|p2a: The Arm|Suicune|91/100
|move|p1a: Claydol|Explosion|p2a: The Arm
|-damage|p2a: The Arm|26/100
|faint|p1a: Claydol
|
|t:|1728330837
|switch|p1a: Aerodactyl|Aerodactyl, F|100/100
|
|-heal|p2a: The Arm|33/100|[from] item: Leftovers
|upkeep
|turn|82
|
|t:|1728330847
|switch|p2a: The Soul|Skarmory, M|100/100
|move|p1a: Aerodactyl|Rock Slide|p2a: The Soul
|-damage|p2a: The Soul|61/100
|
|-heal|p2a: The Soul|67/100|[from] item: Leftovers
|upkeep
|turn|83
|
|t:|1728330862
|switch|p1a: Skarmory|Skarmory, M|45/100 par
|move|p2a: The Soul|Protect||[still]
|-fail|p2a: The Soul
|
|-heal|p2a: The Soul|73/100|[from] item: Leftovers
|-heal|p1a: Skarmory|50/100 par|[from] item: Leftovers
|upkeep
|turn|84
|
|t:|1728330873
|switch|p2a: The Arm|Suicune|33/100
|move|p1a: Skarmory|Toxic|p2a: The Arm
|-status|p2a: The Arm|tox
|
|-heal|p2a: The Arm|39/100 tox|[from] item: Leftovers
|-damage|p2a: The Arm|33/100 tox|[from] psn
|-heal|p1a: Skarmory|56/100 par|[from] item: Leftovers
|upkeep
|turn|85
|
|t:|1728330878
|move|p2a: The Arm|Rest|p2a: The Arm
|-status|p2a: The Arm|slp|[from] move: Rest
|-heal|p2a: The Arm|100/100 slp|[silent]
|cant|p1a: Skarmory|par
|
|-heal|p1a: Skarmory|62/100 par|[from] item: Leftovers
|upkeep
|turn|86
|
|t:|1728330888
|cant|p2a: The Arm|slp
|move|p1a: Skarmory|Roar|p2a: The Arm
|drag|p2a: Come Tuesday|Claydol|100/100
|
|-heal|p1a: Skarmory|68/100 par|[from] item: Leftovers
|upkeep
|turn|87
|
|t:|1728330902
|switch|p2a: The Soul|Skarmory, M|73/100
|cant|p1a: Skarmory|par
|
|-heal|p2a: The Soul|79/100|[from] item: Leftovers
|-heal|p1a: Skarmory|74/100 par|[from] item: Leftovers
|upkeep
|turn|88
|
|t:|1728330905
|move|p1a: Skarmory|Spikes|p2a: The Soul
|-sidestart|p2: ratdogrefurnished|Spikes
|move|p2a: The Soul|Roar|p1a: Skarmory
|drag|p1a: Salamence|Salamence, M|99/100 par
|-ability|p1a: Salamence|Intimidate|boost
|-unboost|p2a: The Soul|atk|1
|
|-heal|p2a: The Soul|85/100|[from] item: Leftovers
|-heal|p1a: Salamence|100/100 par|[from] item: Leftovers
|upkeep
|turn|89
|
|t:|1728330918
|switch|p2a: The Belly|Blissey, F|81/100
|-damage|p2a: The Belly|69/100|[from] Spikes
|move|p1a: Salamence|Hidden Power|p2a: The Belly
|-damage|p2a: The Belly|60/100
|
|-heal|p2a: The Belly|66/100|[from] item: Leftovers
|upkeep
|turn|90
|
|t:|1728330930
|switch|p1a: Skarmory|Skarmory, M|74/100 par
|move|p2a: The Belly|Ice Beam|p1a: Skarmory
|-damage|p1a: Skarmory|54/100 par
|
|-heal|p2a: The Belly|72/100|[from] item: Leftovers
|-heal|p1a: Skarmory|60/100 par|[from] item: Leftovers
|upkeep
|turn|91
|
|t:|1728330938
|move|p2a: The Belly|Aromatherapy|p2a: The Belly
|-cureteam|p2a: The Belly|[from] move: Aromatherapy
|move|p1a: Skarmory|Roar|p2a: The Belly
|drag|p2a: The Fingers|Dugtrio, F|76/100
|-damage|p2a: The Fingers|64/100|[from] Spikes
|
|-heal|p1a: Skarmory|66/100 par|[from] item: Leftovers
|upkeep
|turn|92
|
|t:|1728330946
|switch|p2a: Come Tuesday|Claydol|100/100
|move|p1a: Skarmory|Toxic|p2a: Come Tuesday
|-status|p2a: Come Tuesday|tox
|
|-damage|p2a: Come Tuesday|94/100 tox|[from] psn
|-heal|p1a: Skarmory|72/100 par|[from] item: Leftovers
|upkeep
|turn|93
|
|t:|1728330950
|move|p2a: Come Tuesday|Rapid Spin|p1a: Skarmory
|-resisted|p1a: Skarmory
|-crit|p1a: Skarmory
|-damage|p1a: Skarmory|69/100 par
|-sideend|p2: ratdogrefurnished|Spikes|[from] move: Rapid Spin|[of] p2a: Come Tuesday
|cant|p1a: Skarmory|par
|
|-heal|p2a: Come Tuesday|100/100 tox|[from] item: Leftovers
|-damage|p2a: Come Tuesday|88/100 tox|[from] psn
|-heal|p1a: Skarmory|75/100 par|[from] item: Leftovers
|upkeep
|turn|94
|
|t:|1728330953
|switch|p2a: The Arm|Suicune|100/100
|move|p1a: Skarmory|Spikes|p2a: The Arm
|-sidestart|p2: ratdogrefurnished|Spikes
|
|-heal|p1a: Skarmory|81/100 par|[from] item: Leftovers
|upkeep
|turn|95
|
|t:|1728330955
|move|p2a: The Arm|Surf|p1a: Skarmory
|-damage|p1a: Skarmory|53/100 par
|cant|p1a: Skarmory|par
|
|-heal|p1a: Skarmory|59/100 par|[from] item: Leftovers
|upkeep
|turn|96
|
|t:|1728330961
|move|p1a: Skarmory|Protect|p1a: Skarmory
|-singleturn|p1a: Skarmory|Protect
|move|p2a: The Arm|Calm Mind|p2a: The Arm
|-boost|p2a: The Arm|spa|1
|-boost|p2a: The Arm|spd|1
|
|-heal|p1a: Skarmory|65/100 par|[from] item: Leftovers
|upkeep
|turn|97
|
|t:|1728330965
|move|p2a: The Arm|Roar|p1a: Skarmory
|drag|p1a: Salamence|Salamence, M|100/100 par
|-ability|p1a: Salamence|Intimidate|boost
|-unboost|p2a: The Arm|atk|1
|
|upkeep
|turn|98
|c|☆ByrneBabyyyyy|gg, dude, never got my heal bell off
|-message|ByrneBabyyyyy forfeited.
|
|win|ratdogrefurnished
|player|p1|
|c|☆ratdogrefurnished|GG

</script>
<script type="application/json" class="data" id="replaydata-smogtours-gen3ou-796217">
{"id":"smogtours-gen3ou-796217","format":"[Gen 3] OU","players":["ByrneBabyyyyy","ratdogrefurnished"],"uploadtime":1728330979,"views":84,"formatid":"gen3ou","rating":null,"private":0,"password":null}
</script>

<script defer src="js/replays.js?9d40a366"></script>
