<!DOCTYPE html>
<meta charset="utf-8" />
<meta name="viewport" content="width=device-width" />

<title>[Gen 3] OU: Emerald_Harrold vs. cyberodin - Replays - Pok&eacute;mon Showdown!</title>

<meta name="description" content="Watch a replay of a Pok&eacute;mon battle between Emerald_Harrold and cyberodin! Format: [Gen 3] OU; Date: Nov 5, 2024" />
<!--

Hey, you! Looking in the source for the replay log?

You can find them in JSON format, just add `.json` at the end of a replay URL.

https://replay.pokemonshowdown.com/gen7randomdoublesbattle-865046831.json

Or, if you only need the log itself, add `.log` instead:

https://replay.pokemonshowdown.com/gen7randomdoublesbattle-865046831.log

-->

<link rel="stylesheet" href="//pokemonshowdown.com/style/global.css?0.023195364461161105" />
<link rel="stylesheet" href="//play.pokemonshowdown.com/style/font-awesome.css?0.13261647063804238" />
<link rel="stylesheet" href="//play.pokemonshowdown.com/style/battle.css?0.8753245789963631" />
<link rel="stylesheet" href="//play.pokemonshowdown.com/style/utilichart.css?0.8627959624976733" />

<!-- Global site tag (gtag.js) - Google Analytics -->
<script async src="https://www.googletagmanager.com/gtag/js?id=UA-26211653-1"></script>
<script>
  window.dataLayer = window.dataLayer || [];
  function gtag(){dataLayer.push(arguments);}
  gtag('js', new Date());

  gtag('config', 'UA-26211653-1');
</script>
<!-- End Google Analytics -->
<!-- Venatus Ad Manager - Install in <HEAD> of page -->
	<script src="https://hb.vntsm.com/v3/live/ad-manager.min.js" type="text/javascript" data-site-id="642aba63ec9a7b11c3c9c1be" data-mode="scan" async></script>
<!-- / Venatus Ad Manager -->

<style>
	@media (max-width:820px) {
		.battle {
			margin: 0 auto;
		}
		.battle-log {
			margin: 7px auto 0;
			max-width: 640px;
			height: 300px;
			position: static;
		}
	}
	.optgroup {
		display: inline-block;
		line-height: 22px;
		font-size: 10pt;
	}
	.optgroup .button {
		height: 25px;
		padding-top: 0;
		padding-bottom: 0;
	}
	.optgroup button.button {
		padding-left: 12px;
		padding-right: 12px;
	}
	.linklist {
		list-style: none;
		margin: 0.5em 0;
		padding: 0;
	}
	.linklist li {
		padding: 2px 0;
	}
	.sidebar {
		float: left;
		width: 320px;
	}
	.bar-wrapper {
		max-width: 1100px;
		margin: 0 auto;
	}
	.bar-wrapper.has-sidebar {
		max-width: 1430px;
	}
	.mainbar {
		margin: 0;
		padding-right: 1px;
	}
	.mainbar.has-sidebar {
		margin-left: 330px;
	}
	@media (min-width: 1511px) {
		.sidebar {
			width: 400px;
		}
		.bar-wrapper.has-sidebar {
			max-width: 1510px;
		}
		.mainbar.has-sidebar {
			margin-left: 410px;
		}
	}
	.section.first-section {
		margin-top: 9px;
	}
	.blocklink small {
		white-space: normal;
	}
	.button {
		vertical-align: middle;
	}
	.replay-controls {
		padding-top: 10px;
	}
	.replay-controls h1 {
		font-size: 16pt;
		font-weight: normal;
		color: #CCC;
	}
	.pagelink {
		text-align: center;
	}
	.pagelink a {
		width: 150px;
	}
	.textbox, .button {
		font-size: 11pt;
		vertical-align: middle;
	}
	@media (max-width: 450px) {
		.button {
			font-size: 9pt;
		}
	}
</style>

<div>

	<header>
		<div class="nav-wrapper"><ul class="nav">
			<li><a class="button nav-first" href="//pokemonshowdown.com/"><img src="//pokemonshowdown.com/images/pokemonshowdownbeta.png" srcset="//pokemonshowdown.com/images/pokemonshowdownbeta.png 1x, //pokemonshowdown.com/images/pokemonshowdownbeta@2x.png 2x" alt="Pok&eacute;mon Showdown" width="146" height="44" /> Home</a></li>
			<li><a class="button" href="//pokemonshowdown.com/dex/">Pok&eacute;dex</a></li>
			<li><a class="button cur" href="/">Replays</a></li>
			<li><a class="button" href="//pokemonshowdown.com/ladder/">Ladder</a></li>
			<li><a class="button nav-last" href="//pokemonshowdown.com/forums/">Forum</a></li>
			<li><a class="button greenbutton nav-first nav-last" href="//play.pokemonshowdown.com/">Play</a></li>
		</ul></div>
	</header>

	<div class="main" id="main">

		<noscript><section class="section">You need to enable JavaScript to use this page; sorry!</section></noscript>

	</div>

</div>

<script defer nomodule src="//play.pokemonshowdown.com/js/lib/ps-polyfill.js"></script>
<script defer src="//play.pokemonshowdown.com/js/lib/preact.min.js"></script>

<script defer src="//play.pokemonshowdown.com/config/config.js?2bddbc15"></script>
<script defer src="//play.pokemonshowdown.com/js/lib/jquery-1.11.0.min.js"></script>
<script defer src="//play.pokemonshowdown.com/js/lib/html-sanitizer-minified.js"></script>
<script defer src="//play.pokemonshowdown.com/js/battle-sound.js"></script>
<script defer src="//play.pokemonshowdown.com/js/battledata.js?0.7209276989879541"></script>
<script defer src="//play.pokemonshowdown.com/data/pokedex-mini.js?0.6111056340867951"></script>
<script defer src="//play.pokemonshowdown.com/data/pokedex-mini-bw.js?0.3532142036491459"></script>
<script defer src="//play.pokemonshowdown.com/data/graphics.js?0.24223875632456182"></script>
<script defer src="//play.pokemonshowdown.com/data/pokedex.js?0.38839984266356864"></script>
<script defer src="//play.pokemonshowdown.com/data/moves.js?0.21866028504024015"></script>
<script defer src="//play.pokemonshowdown.com/data/abilities.js?0.2005157953846628"></script>
<script defer src="//play.pokemonshowdown.com/data/items.js?0.9894211263848525"></script>
<script defer src="//play.pokemonshowdown.com/data/teambuilder-tables.js?0.6008791140282215"></script>
<script defer src="//play.pokemonshowdown.com/js/battle-tooltips.js?0.7580118955022959"></script>
<script defer src="//play.pokemonshowdown.com/js/battle.js?0.6057722274234274"></script>

<script defer src="js/utils.js?e31f9a17"></script>
<script defer src="js/replays-battle.js?7008c182"></script>

<!-- don't scrape this data! just add .json or .log after the URL!
Full API docs: https://github.com/smogon/pokemon-showdown-client/blob/master/WEB-API.md -->
<script type="text/plain" class="log" id="replaylog-smogtours-gen3ou-804857">
|inactive|Battle timer is ON: inactive players will automatically lose when time's up.
|t:|1730773856
|gametype|singles
|player|p1|Emerald_Harrold|brandon-gen3|
|player|p2|cyberodin|#wcop2020latinamerica|
|teamsize|p1|6
|teamsize|p2|6
|gen|3
|tier|[Gen 3] OU
|rule|Sleep Clause Mod: Limit one foe put to sleep
|rule|Switch Priority Clause Mod: Faster Pokémon switch first
|rule|Species Clause: Limit one of each Pokémon
|rule|OHKO Clause: OHKO moves are banned
|rule|Evasion Items Clause: Evasion items are banned
|rule|Evasion Moves Clause: Evasion moves are banned
|rule|Endless Battle Clause: Forcing endless battles is banned
|rule|HP Percentage Mod: HP is shown in percentages
|rule|One Boost Passer Clause: Limit one Baton Passer that has a way to boost its stats
|rule|Freeze Clause Mod: Limit one foe frozen
|
|t:|1730773856
|start
|switch|p1a: Nipple Brows|Tyranitar, M|100/100
|switch|p2a: Tyranitar|Tyranitar, F|100/100
|-weather|Sandstorm|[from] ability: Sand Stream|[of] p2a: Tyranitar
|turn|1
|c|☆Emerald_Harrold|hf
|c|☆cyberodin|=
|
|t:|1730773867
|switch|p2a: Suicune|Suicune|100/100
|move|p1a: Nipple Brows|Substitute|p1a: Nipple Brows
|-start|p1a: Nipple Brows|Substitute
|-damage|p1a: Nipple Brows|75/100
|
|-weather|Sandstorm|[upkeep]
|-damage|p2a: Suicune|94/100|[from] Sandstorm
|-heal|p2a: Suicune|100/100|[from] item: Leftovers
|-heal|p1a: Nipple Brows|82/100|[from] item: Leftovers
|upkeep
|turn|2
|
|t:|1730773879
|move|p1a: Nipple Brows|Hidden Power|p2a: Suicune
|-supereffective|p2a: Suicune
|-damage|p2a: Suicune|66/100
|move|p2a: Suicune|Roar|p1a: Nipple Brows
|drag|p1a: Lemon-Lime|Jirachi|100/100
|
|-weather|Sandstorm|[upkeep]
|-damage|p2a: Suicune|60/100|[from] Sandstorm
|-heal|p2a: Suicune|66/100|[from] item: Leftovers
|upkeep
|turn|3
|
|t:|1730773886
|switch|p2a: Jirachi|Jirachi|100/100
|move|p1a: Lemon-Lime|Psychic|p2a: Jirachi
|-resisted|p2a: Jirachi
|-damage|p2a: Jirachi|92/100
|
|-weather|Sandstorm|[upkeep]
|-heal|p2a: Jirachi|98/100|[from] item: Leftovers
|upkeep
|turn|4
|
|t:|1730773915
|move|p1a: Lemon-Lime|Fire Punch|p2a: Jirachi
|-supereffective|p2a: Jirachi
|-damage|p2a: Jirachi|61/100
|-status|p2a: Jirachi|brn
|move|p2a: Jirachi|Fire Punch|p1a: Lemon-Lime
|-supereffective|p1a: Lemon-Lime
|-damage|p1a: Lemon-Lime|63/100
|
|-weather|Sandstorm|[upkeep]
|-heal|p1a: Lemon-Lime|69/100|[from] item: Leftovers
|-heal|p2a: Jirachi|67/100 brn|[from] item: Leftovers
|-damage|p2a: Jirachi|55/100 brn|[from] brn
|upkeep
|turn|5
|inactive|Emerald_Harrold has 270 seconds left.
|
|t:|1730773936
|switch|p1a: Nipple Brows|Tyranitar, M|82/100
|move|p2a: Jirachi|Fire Punch|p1a: Nipple Brows
|-resisted|p1a: Nipple Brows
|-damage|p1a: Nipple Brows|74/100
|
|-weather|Sandstorm|[upkeep]
|-heal|p2a: Jirachi|61/100 brn|[from] item: Leftovers
|-damage|p2a: Jirachi|49/100 brn|[from] brn
|-heal|p1a: Nipple Brows|80/100|[from] item: Leftovers
|upkeep
|turn|6
|inactive|Emerald_Harrold has 270 seconds left.
|
|t:|1730773944
|move|p2a: Jirachi|Toxic|p1a: Nipple Brows
|-status|p1a: Nipple Brows|tox
|move|p1a: Nipple Brows|Fire Blast|p2a: Jirachi
|-supereffective|p2a: Jirachi
|-damage|p2a: Jirachi|0 fnt
|faint|p2a: Jirachi
|
|t:|1730773952
|switch|p2a: Tyranitar|Tyranitar, F|100/100
|
|-weather|Sandstorm|[upkeep]
|-heal|p1a: Nipple Brows|86/100 tox|[from] item: Leftovers
|-damage|p1a: Nipple Brows|80/100 tox|[from] psn
|upkeep
|turn|7
|inactive|Emerald_Harrold has 270 seconds left.
|
|t:|1730773992
|switch|p1a: Hug Me|Gengar, F|100/100
|move|p2a: Tyranitar|Rock Slide|p1a: Hug Me
|-damage|p1a: Hug Me|1/100
|
|-weather|Sandstorm|[upkeep]
|-damage|p1a: Hug Me|0 fnt|[from] Sandstorm
|faint|p1a: Hug Me
|upkeep
|inactive|Emerald_Harrold has 240 seconds left.
|
|t:|1730774003
|switch|p1a: That's So Raven|Skarmory, F|100/100
|turn|8
|inactive|Emerald_Harrold has 240 seconds left.
|
|t:|1730774014
|move|p2a: Tyranitar|Rock Slide|p1a: That's So Raven
|-damage|p1a: That's So Raven|54/100
|move|p1a: That's So Raven|Toxic|p2a: Tyranitar
|-status|p2a: Tyranitar|tox
|
|-weather|Sandstorm|[upkeep]
|-damage|p2a: Tyranitar|94/100 tox|[from] psn
|-heal|p1a: That's So Raven|60/100|[from] item: Leftovers
|upkeep
|turn|9
|inactive|Emerald_Harrold has 240 seconds left.
|
|t:|1730774037
|move|p2a: Tyranitar|Rock Slide|p1a: That's So Raven
|-damage|p1a: That's So Raven|14/100
|cant|p1a: That's So Raven|flinch
|
|-weather|Sandstorm|[upkeep]
|-damage|p2a: Tyranitar|82/100 tox|[from] psn
|-heal|p1a: That's So Raven|20/100|[from] item: Leftovers
|upkeep
|turn|10
|
|t:|1730774041
|move|p1a: That's So Raven|Protect|p1a: That's So Raven
|-singleturn|p1a: That's So Raven|Protect
|move|p2a: Tyranitar|Rock Slide|p1a: That's So Raven
|-activate|p1a: That's So Raven|Protect
|
|-weather|Sandstorm|[upkeep]
|-damage|p2a: Tyranitar|63/100 tox|[from] psn
|-heal|p1a: That's So Raven|26/100|[from] item: Leftovers
|upkeep
|turn|11
|
|t:|1730774047
|switch|p2a: Blissey|Blissey, F|100/100
|switch|p1a: Tandoor|Claydol|100/100
|
|-weather|Sandstorm|[upkeep]
|-damage|p2a: Blissey|94/100|[from] Sandstorm
|-heal|p2a: Blissey|100/100|[from] item: Leftovers
|upkeep
|turn|12
|inactive|Emerald_Harrold has 240 seconds left.
|
|t:|1730774065
|move|p1a: Tandoor|Earthquake|p2a: Blissey
|-damage|p2a: Blissey|67/100
|move|p2a: Blissey|Seismic Toss|p1a: Tandoor
|-damage|p1a: Tandoor|69/100
|
|-weather|Sandstorm|[upkeep]
|-damage|p2a: Blissey|61/100|[from] Sandstorm
|-heal|p1a: Tandoor|76/100|[from] item: Leftovers
|-heal|p2a: Blissey|67/100|[from] item: Leftovers
|upkeep
|turn|13
|inactive|Emerald_Harrold has 240 seconds left.
|
|t:|1730774082
|switch|p2a: Suicune|Suicune|66/100
|move|p1a: Tandoor|Earthquake|p2a: Suicune
|-damage|p2a: Suicune|44/100
|
|-weather|Sandstorm|[upkeep]
|-damage|p2a: Suicune|38/100|[from] Sandstorm
|-heal|p2a: Suicune|44/100|[from] item: Leftovers
|-heal|p1a: Tandoor|82/100|[from] item: Leftovers
|upkeep
|turn|14
|inactive|Emerald_Harrold has 240 seconds left.
|
|t:|1730774099
|switch|p1a: Egg|Blissey, F|100/100
|move|p2a: Suicune|Surf|p1a: Egg
|-damage|p1a: Egg|88/100
|
|-weather|Sandstorm|[upkeep]
|-damage|p2a: Suicune|38/100|[from] Sandstorm
|-damage|p1a: Egg|82/100|[from] Sandstorm
|-heal|p2a: Suicune|44/100|[from] item: Leftovers
|-heal|p1a: Egg|88/100|[from] item: Leftovers
|upkeep
|turn|15
|
|t:|1730774109
|move|p2a: Suicune|Calm Mind|p2a: Suicune
|-boost|p2a: Suicune|spa|1
|-boost|p2a: Suicune|spd|1
|move|p1a: Egg|Seismic Toss|p2a: Suicune
|-damage|p2a: Suicune|19/100
|
|-weather|Sandstorm|[upkeep]
|-damage|p2a: Suicune|13/100|[from] Sandstorm
|-damage|p1a: Egg|82/100|[from] Sandstorm
|-heal|p2a: Suicune|19/100|[from] item: Leftovers
|-heal|p1a: Egg|88/100|[from] item: Leftovers
|upkeep
|turn|16
|
|t:|1730774114
|move|p2a: Suicune|Rest|p2a: Suicune
|-status|p2a: Suicune|slp|[from] move: Rest
|-heal|p2a: Suicune|100/100 slp|[silent]
|move|p1a: Egg|Seismic Toss|p2a: Suicune
|-damage|p2a: Suicune|76/100 slp
|
|-weather|Sandstorm|[upkeep]
|-damage|p2a: Suicune|70/100 slp|[from] Sandstorm
|-damage|p1a: Egg|82/100|[from] Sandstorm
|-heal|p2a: Suicune|76/100 slp|[from] item: Leftovers
|-heal|p1a: Egg|88/100|[from] item: Leftovers
|upkeep
|turn|17
|
|t:|1730774121
|switch|p1a: That's So Raven|Skarmory, F|26/100
|cant|p2a: Suicune|slp
|
|-weather|Sandstorm|[upkeep]
|-damage|p2a: Suicune|70/100 slp|[from] Sandstorm
|-heal|p2a: Suicune|76/100 slp|[from] item: Leftovers
|-heal|p1a: That's So Raven|32/100|[from] item: Leftovers
|upkeep
|turn|18
|
|t:|1730774126
|cant|p2a: Suicune|slp
|move|p1a: That's So Raven|Roar|p2a: Suicune
|drag|p2a: Blissey|Blissey, F|67/100
|
|-weather|Sandstorm|[upkeep]
|-damage|p2a: Blissey|61/100|[from] Sandstorm
|-heal|p1a: That's So Raven|38/100|[from] item: Leftovers
|-heal|p2a: Blissey|67/100|[from] item: Leftovers
|upkeep
|turn|19
|inactive|Emerald_Harrold has 270 seconds left.
|
|t:|1730774134
|switch|p1a: Egg|Blissey, F|88/100
|switch|p2a: Tyranitar|Tyranitar, F|63/100 tox
|
|-weather|Sandstorm|[upkeep]
|-damage|p1a: Egg|82/100|[from] Sandstorm
|-damage|p2a: Tyranitar|57/100 tox|[from] psn
|-heal|p1a: Egg|88/100|[from] item: Leftovers
|upkeep
|turn|20
|inactive|Emerald_Harrold has 270 seconds left.
|
|t:|1730774146
|move|p2a: Tyranitar|Rock Slide|p1a: Egg
|-damage|p1a: Egg|21/100
|move|p1a: Egg|Seismic Toss|p2a: Tyranitar
|-damage|p2a: Tyranitar|31/100 tox
|
|-weather|Sandstorm|[upkeep]
|-damage|p1a: Egg|15/100|[from] Sandstorm
|-damage|p2a: Tyranitar|19/100 tox|[from] psn
|-heal|p1a: Egg|21/100|[from] item: Leftovers
|upkeep
|turn|21
|inactive|Emerald_Harrold has 270 seconds left.
|
|t:|1730774158
|switch|p2a: Suicune|Suicune|76/100 slp
|switch|p1a: Tandoor|Claydol|82/100
|
|-weather|Sandstorm|[upkeep]
|-damage|p2a: Suicune|70/100 slp|[from] Sandstorm
|-heal|p2a: Suicune|76/100 slp|[from] item: Leftovers
|-heal|p1a: Tandoor|88/100|[from] item: Leftovers
|upkeep
|turn|22
|inactive|Emerald_Harrold has 270 seconds left.
|
|t:|1730774192
|switch|p1a: Egg|Blissey, F|21/100
|-curestatus|p2a: Suicune|slp|[msg]
|move|p2a: Suicune|Calm Mind|p2a: Suicune
|-boost|p2a: Suicune|spa|1
|-boost|p2a: Suicune|spd|1
|
|-weather|Sandstorm|[upkeep]
|-damage|p2a: Suicune|70/100|[from] Sandstorm
|-damage|p1a: Egg|15/100|[from] Sandstorm
|-heal|p2a: Suicune|76/100|[from] item: Leftovers
|-heal|p1a: Egg|21/100|[from] item: Leftovers
|upkeep
|turn|23
|
|t:|1730774196
|move|p2a: Suicune|Surf|p1a: Egg
|-damage|p1a: Egg|1/100
|move|p1a: Egg|Soft-Boiled|p1a: Egg
|-heal|p1a: Egg|51/100
|
|-weather|Sandstorm|[upkeep]
|-damage|p2a: Suicune|70/100|[from] Sandstorm
|-damage|p1a: Egg|45/100|[from] Sandstorm
|-heal|p2a: Suicune|76/100|[from] item: Leftovers
|-heal|p1a: Egg|51/100|[from] item: Leftovers
|upkeep
|turn|24
|
|t:|1730774228
|move|p2a: Suicune|Calm Mind|p2a: Suicune
|-boost|p2a: Suicune|spa|1
|-boost|p2a: Suicune|spd|1
|move|p1a: Egg|Toxic|p2a: Suicune
|-status|p2a: Suicune|tox
|
|-weather|Sandstorm|[upkeep]
|-damage|p2a: Suicune|70/100 tox|[from] Sandstorm
|-damage|p1a: Egg|45/100|[from] Sandstorm
|-heal|p2a: Suicune|76/100 tox|[from] item: Leftovers
|-damage|p2a: Suicune|70/100 tox|[from] psn
|-heal|p1a: Egg|51/100|[from] item: Leftovers
|upkeep
|turn|25
|
|t:|1730774242
|switch|p2a: Blissey|Blissey, F|67/100
|move|p1a: Egg|Soft-Boiled|p1a: Egg
|-heal|p1a: Egg|100/100
|
|-weather|Sandstorm|[upkeep]
|-damage|p2a: Blissey|61/100|[from] Sandstorm
|-damage|p1a: Egg|94/100|[from] Sandstorm
|-heal|p2a: Blissey|67/100|[from] item: Leftovers
|-heal|p1a: Egg|100/100|[from] item: Leftovers
|upkeep
|turn|26
|
|t:|1730774255
|move|p2a: Blissey|Aromatherapy|p2a: Blissey
|-cureteam|p2a: Blissey|[from] move: Aromatherapy
|move|p1a: Egg|Toxic|p2a: Blissey
|-status|p2a: Blissey|tox
|
|-weather|Sandstorm|[upkeep]
|-damage|p2a: Blissey|61/100 tox|[from] Sandstorm
|-damage|p1a: Egg|94/100|[from] Sandstorm
|-heal|p2a: Blissey|67/100 tox|[from] item: Leftovers
|-damage|p2a: Blissey|61/100 tox|[from] psn
|-heal|p1a: Egg|100/100|[from] item: Leftovers
|upkeep
|turn|27
|
|t:|1730774266
|-curestatus|p2a: Blissey|tox|[from] ability: Natural Cure
|switch|p2a: Suicune|Suicune|70/100
|switch|p1a: That's So Raven|Skarmory, F|38/100
|
|-weather|Sandstorm|[upkeep]
|-damage|p2a: Suicune|63/100|[from] Sandstorm
|-heal|p2a: Suicune|70/100|[from] item: Leftovers
|-heal|p1a: That's So Raven|44/100|[from] item: Leftovers
|upkeep
|turn|28
|
|t:|1730774277
|switch|p2a: Tyranitar|Tyranitar, F|19/100
|move|p1a: That's So Raven|Roar|p2a: Tyranitar
|drag|p2a: Suicune|Suicune|70/100
|
|-weather|Sandstorm|[upkeep]
|-damage|p2a: Suicune|63/100|[from] Sandstorm
|-heal|p2a: Suicune|70/100|[from] item: Leftovers
|-heal|p1a: That's So Raven|50/100|[from] item: Leftovers
|upkeep
|turn|29
|
|t:|1730774281
|move|p2a: Suicune|Surf|p1a: That's So Raven
|-damage|p1a: That's So Raven|22/100
|move|p1a: That's So Raven|Spikes|p2a: Suicune
|-sidestart|p2: cyberodin|Spikes
|
|-weather|Sandstorm|[upkeep]
|-damage|p2a: Suicune|63/100|[from] Sandstorm
|-heal|p2a: Suicune|70/100|[from] item: Leftovers
|-heal|p1a: That's So Raven|28/100|[from] item: Leftovers
|upkeep
|turn|30
|
|t:|1730774287
|switch|p1a: Egg|Blissey, F|100/100
|move|p2a: Suicune|Calm Mind|p2a: Suicune
|-boost|p2a: Suicune|spa|1
|-boost|p2a: Suicune|spd|1
|
|-weather|Sandstorm|[upkeep]
|-damage|p2a: Suicune|63/100|[from] Sandstorm
|-damage|p1a: Egg|94/100|[from] Sandstorm
|-heal|p2a: Suicune|70/100|[from] item: Leftovers
|-heal|p1a: Egg|100/100|[from] item: Leftovers
|upkeep
|turn|31
|
|t:|1730774292
|move|p1a: Egg|Seismic Toss|p2a: Suicune
|-damage|p2a: Suicune|45/100
|move|p2a: Suicune|Roar|p1a: Egg
|drag|p1a: Lemon-Lime|Jirachi|69/100
|
|-weather|Sandstorm|[upkeep]
|-damage|p2a: Suicune|39/100|[from] Sandstorm
|-heal|p1a: Lemon-Lime|75/100|[from] item: Leftovers
|-heal|p2a: Suicune|45/100|[from] item: Leftovers
|upkeep
|turn|32
|
|t:|1730774298
|switch|p1a: Egg|Blissey, F|100/100
|move|p2a: Suicune|Surf|p1a: Egg
|-damage|p1a: Egg|84/100
|
|-weather|Sandstorm|[upkeep]
|-damage|p2a: Suicune|39/100|[from] Sandstorm
|-damage|p1a: Egg|77/100|[from] Sandstorm
|-heal|p2a: Suicune|45/100|[from] item: Leftovers
|-heal|p1a: Egg|84/100|[from] item: Leftovers
|upkeep
|turn|33
|
|t:|1730774302
|switch|p2a: Claydol|Claydol|100/100
|move|p1a: Egg|Seismic Toss|p2a: Claydol
|-damage|p2a: Claydol|70/100
|
|-weather|Sandstorm|[upkeep]
|-damage|p1a: Egg|77/100|[from] Sandstorm
|-heal|p2a: Claydol|76/100|[from] item: Leftovers
|-heal|p1a: Egg|84/100|[from] item: Leftovers
|upkeep
|turn|34
|
|t:|1730774315
|switch|p1a: Nipple Brows|Tyranitar, M|80/100 tox
|move|p2a: Claydol|Rapid Spin|p1a: Nipple Brows
|-resisted|p1a: Nipple Brows
|-damage|p1a: Nipple Brows|78/100 tox
|-sideend|p2: cyberodin|Spikes|[from] move: Rapid Spin|[of] p2a: Claydol
|
|-weather|Sandstorm|[upkeep]
|-heal|p2a: Claydol|82/100|[from] item: Leftovers
|-heal|p1a: Nipple Brows|84/100 tox|[from] item: Leftovers
|-damage|p1a: Nipple Brows|78/100 tox|[from] psn
|upkeep
|turn|35
|
|t:|1730774322
|move|p2a: Claydol|Earthquake|p1a: Nipple Brows
|-supereffective|p1a: Nipple Brows
|-damage|p1a: Nipple Brows|10/100 tox
|move|p1a: Nipple Brows|Hidden Power|p2a: Claydol
|-supereffective|p2a: Claydol
|-damage|p2a: Claydol|43/100
|
|-weather|Sandstorm|[upkeep]
|-heal|p2a: Claydol|50/100|[from] item: Leftovers
|-heal|p1a: Nipple Brows|17/100 tox|[from] item: Leftovers
|-damage|p1a: Nipple Brows|4/100 tox|[from] psn
|upkeep
|turn|36
|
|t:|1730774351
|move|p2a: Claydol|Earthquake|p1a: Nipple Brows
|-supereffective|p1a: Nipple Brows
|-damage|p1a: Nipple Brows|0 fnt
|faint|p1a: Nipple Brows
|inactive|Emerald_Harrold has 270 seconds left.
|
|t:|1730774363
|switch|p1a: That's So Raven|Skarmory, F|28/100
|
|-weather|Sandstorm|[upkeep]
|-heal|p2a: Claydol|56/100|[from] item: Leftovers
|-heal|p1a: That's So Raven|34/100|[from] item: Leftovers
|upkeep
|turn|37
|
|t:|1730774375
|switch|p2a: Suicune|Suicune|45/100
|move|p1a: That's So Raven|Protect||[still]
|-fail|p1a: That's So Raven
|
|-weather|Sandstorm|[upkeep]
|-damage|p2a: Suicune|39/100|[from] Sandstorm
|-heal|p2a: Suicune|45/100|[from] item: Leftovers
|-heal|p1a: That's So Raven|40/100|[from] item: Leftovers
|upkeep
|turn|38
|
|t:|1730774381
|move|p2a: Suicune|Surf|p1a: That's So Raven
|-damage|p1a: That's So Raven|14/100
|move|p1a: That's So Raven|Roar|p2a: Suicune
|drag|p2a: Tyranitar|Tyranitar, F|19/100
|
|-weather|Sandstorm|[upkeep]
|-heal|p1a: That's So Raven|20/100|[from] item: Leftovers
|upkeep
|turn|39
|
|t:|1730774386
|move|p1a: That's So Raven|Protect|p1a: That's So Raven
|-singleturn|p1a: That's So Raven|Protect
|move|p2a: Tyranitar|Rock Slide|p1a: That's So Raven
|-activate|p1a: That's So Raven|Protect
|
|-weather|Sandstorm|[upkeep]
|-heal|p1a: That's So Raven|26/100|[from] item: Leftovers
|upkeep
|turn|40
|
|t:|1730774391
|switch|p1a: Tandoor|Claydol|88/100
|move|p2a: Tyranitar|Rock Slide|p1a: Tandoor
|-resisted|p1a: Tandoor
|-damage|p1a: Tandoor|58/100
|
|-weather|Sandstorm|[upkeep]
|-heal|p1a: Tandoor|64/100|[from] item: Leftovers
|upkeep
|turn|41
|
|t:|1730774399
|switch|p2a: Claydol|Claydol|56/100
|move|p1a: Tandoor|Earthquake|p2a: Claydol
|-immune|p2a: Claydol
|
|-weather|Sandstorm|[upkeep]
|-heal|p1a: Tandoor|70/100|[from] item: Leftovers
|-heal|p2a: Claydol|62/100|[from] item: Leftovers
|upkeep
|turn|42
|
|t:|1730774405
|switch|p2a: Suicune|Suicune|45/100
|move|p1a: Tandoor|Shadow Ball|p2a: Suicune
|-damage|p2a: Suicune|33/100
|
|-weather|Sandstorm|[upkeep]
|-damage|p2a: Suicune|27/100|[from] Sandstorm
|-heal|p2a: Suicune|33/100|[from] item: Leftovers
|-heal|p1a: Tandoor|76/100|[from] item: Leftovers
|upkeep
|turn|43
|
|t:|1730774410
|move|p2a: Suicune|Surf|p1a: Tandoor
|-supereffective|p1a: Tandoor
|-damage|p1a: Tandoor|21/100
|move|p1a: Tandoor|Explosion|p2a: Suicune
|-damage|p2a: Suicune|0 fnt
|faint|p1a: Tandoor
|faint|p2a: Suicune
|
|t:|1730774418
|switch|p2a: Blissey|Blissey, F|61/100
|switch|p1a: That's So Raven|Skarmory, F|26/100
|
|-weather|Sandstorm|[upkeep]
|-damage|p2a: Blissey|55/100|[from] Sandstorm
|-heal|p1a: That's So Raven|32/100|[from] item: Leftovers
|-heal|p2a: Blissey|61/100|[from] item: Leftovers
|upkeep
|turn|44
|
|t:|1730774428
|move|p1a: That's So Raven|Spikes|p2a: Blissey
|-sidestart|p2: cyberodin|Spikes
|move|p2a: Blissey|Seismic Toss|p1a: That's So Raven
|-damage|p1a: That's So Raven|2/100
|
|-weather|Sandstorm|[upkeep]
|-damage|p2a: Blissey|55/100|[from] Sandstorm
|-heal|p1a: That's So Raven|8/100|[from] item: Leftovers
|-heal|p2a: Blissey|61/100|[from] item: Leftovers
|upkeep
|turn|45
|
|t:|1730774439
|switch|p1a: Egg|Blissey, F|84/100
|move|p2a: Blissey|Seismic Toss|p1a: Egg
|-damage|p1a: Egg|68/100
|
|-weather|Sandstorm|[upkeep]
|-damage|p2a: Blissey|55/100|[from] Sandstorm
|-damage|p1a: Egg|62/100|[from] Sandstorm
|-heal|p2a: Blissey|61/100|[from] item: Leftovers
|-heal|p1a: Egg|68/100|[from] item: Leftovers
|upkeep
|turn|46
|
|t:|1730774444
|move|p2a: Blissey|Ice Beam|p1a: Egg
|-damage|p1a: Egg|59/100
|move|p1a: Egg|Soft-Boiled|p1a: Egg
|-heal|p1a: Egg|100/100
|
|-weather|Sandstorm|[upkeep]
|-damage|p2a: Blissey|55/100|[from] Sandstorm
|-damage|p1a: Egg|94/100|[from] Sandstorm
|-heal|p2a: Blissey|61/100|[from] item: Leftovers
|-heal|p1a: Egg|100/100|[from] item: Leftovers
|upkeep
|turn|47
|
|t:|1730774455
|switch|p2a: Claydol|Claydol|62/100
|move|p1a: Egg|Toxic|p2a: Claydol|[miss]
|-miss|p1a: Egg|p2a: Claydol
|
|-weather|Sandstorm|[upkeep]
|-damage|p1a: Egg|94/100|[from] Sandstorm
|-heal|p2a: Claydol|68/100|[from] item: Leftovers
|-heal|p1a: Egg|100/100|[from] item: Leftovers
|upkeep
|turn|48
|
|t:|1730774465
|move|p2a: Claydol|Rapid Spin|p1a: Egg
|-damage|p1a: Egg|95/100
|-sideend|p2: cyberodin|Spikes|[from] move: Rapid Spin|[of] p2a: Claydol
|move|p1a: Egg|Ice Beam|p2a: Claydol
|-supereffective|p2a: Claydol
|-damage|p2a: Claydol|23/100
|
|-weather|Sandstorm|[upkeep]
|-damage|p1a: Egg|89/100|[from] Sandstorm
|-heal|p2a: Claydol|30/100|[from] item: Leftovers
|-heal|p1a: Egg|95/100|[from] item: Leftovers
|upkeep
|turn|49
|
|t:|1730774481
|switch|p1a: That's So Raven|Skarmory, F|8/100
|move|p2a: Claydol|Explosion|p1a: That's So Raven
|-resisted|p1a: That's So Raven
|-damage|p1a: That's So Raven|0 fnt
|faint|p2a: Claydol
|faint|p1a: That's So Raven
|
|t:|1730774495
|switch|p2a: Blissey|Blissey, F|61/100
|switch|p1a: Lemon-Lime|Jirachi|75/100
|
|-weather|Sandstorm|[upkeep]
|-damage|p2a: Blissey|55/100|[from] Sandstorm
|-heal|p1a: Lemon-Lime|81/100|[from] item: Leftovers
|-heal|p2a: Blissey|61/100|[from] item: Leftovers
|upkeep
|turn|50
|
|t:|1730774501
|move|p1a: Lemon-Lime|Calm Mind|p1a: Lemon-Lime
|-boost|p1a: Lemon-Lime|spa|1
|-boost|p1a: Lemon-Lime|spd|1
|move|p2a: Blissey|Seismic Toss|p1a: Lemon-Lime
|-damage|p1a: Lemon-Lime|52/100
|
|-weather|Sandstorm|[upkeep]
|-damage|p2a: Blissey|55/100|[from] Sandstorm
|-heal|p1a: Lemon-Lime|58/100|[from] item: Leftovers
|-heal|p2a: Blissey|61/100|[from] item: Leftovers
|upkeep
|turn|51
|
|t:|1730774506
|move|p1a: Lemon-Lime|Psychic|p2a: Blissey
|-damage|p2a: Blissey|38/100
|move|p2a: Blissey|Seismic Toss|p1a: Lemon-Lime
|-damage|p1a: Lemon-Lime|29/100
|
|-weather|Sandstorm|[upkeep]
|-damage|p2a: Blissey|32/100|[from] Sandstorm
|-heal|p1a: Lemon-Lime|35/100|[from] item: Leftovers
|-heal|p2a: Blissey|38/100|[from] item: Leftovers
|upkeep
|turn|52
|
|t:|1730774512
|move|p1a: Lemon-Lime|Psychic|p2a: Blissey
|-damage|p2a: Blissey|16/100
|-unboost|p2a: Blissey|spd|1
|move|p2a: Blissey|Soft-Boiled|p2a: Blissey
|-heal|p2a: Blissey|66/100
|
|-weather|Sandstorm|[upkeep]
|-damage|p2a: Blissey|60/100|[from] Sandstorm
|-heal|p1a: Lemon-Lime|41/100|[from] item: Leftovers
|-heal|p2a: Blissey|66/100|[from] item: Leftovers
|upkeep
|turn|53
|
|t:|1730774522
|move|p1a: Lemon-Lime|Psychic|p2a: Blissey
|-damage|p2a: Blissey|31/100
|move|p2a: Blissey|Seismic Toss|p1a: Lemon-Lime
|-damage|p1a: Lemon-Lime|12/100
|
|-weather|Sandstorm|[upkeep]
|-damage|p2a: Blissey|25/100|[from] Sandstorm
|-heal|p1a: Lemon-Lime|18/100|[from] item: Leftovers
|-heal|p2a: Blissey|31/100|[from] item: Leftovers
|upkeep
|turn|54
|
|t:|1730774529
|switch|p2a: Salamence|Salamence, F|100/100
|-ability|p2a: Salamence|Intimidate|boost
|-unboost|p1a: Lemon-Lime|atk|1
|move|p1a: Lemon-Lime|Psychic|p2a: Salamence
|-damage|p2a: Salamence|34/100
|-unboost|p2a: Salamence|spd|1
|
|-weather|Sandstorm|[upkeep]
|-damage|p2a: Salamence|27/100|[from] Sandstorm
|-heal|p1a: Lemon-Lime|24/100|[from] item: Leftovers
|-heal|p2a: Salamence|34/100|[from] item: Leftovers
|upkeep
|turn|55
|
|t:|1730774538
|move|p1a: Lemon-Lime|Psychic|p2a: Salamence
|-damage|p2a: Salamence|0 fnt
|faint|p2a: Salamence
|
|t:|1730774542
|switch|p2a: Blissey|Blissey, F|31/100
|
|-weather|Sandstorm|[upkeep]
|-damage|p2a: Blissey|25/100|[from] Sandstorm
|-heal|p1a: Lemon-Lime|30/100|[from] item: Leftovers
|-heal|p2a: Blissey|31/100|[from] item: Leftovers
|upkeep
|turn|56
|
|t:|1730774547
|move|p1a: Lemon-Lime|Psychic|p2a: Blissey
|-damage|p2a: Blissey|6/100
|move|p2a: Blissey|Soft-Boiled|p2a: Blissey
|-heal|p2a: Blissey|56/100
|
|-weather|Sandstorm|[upkeep]
|-damage|p2a: Blissey|50/100|[from] Sandstorm
|-heal|p1a: Lemon-Lime|37/100|[from] item: Leftovers
|-heal|p2a: Blissey|56/100|[from] item: Leftovers
|upkeep
|turn|57
|
|t:|1730774552
|move|p1a: Lemon-Lime|Psychic|p2a: Blissey
|-damage|p2a: Blissey|32/100
|move|p2a: Blissey|Soft-Boiled|p2a: Blissey
|-heal|p2a: Blissey|82/100
|
|-weather|Sandstorm|[upkeep]
|-damage|p2a: Blissey|76/100|[from] Sandstorm
|-heal|p1a: Lemon-Lime|43/100|[from] item: Leftovers
|-heal|p2a: Blissey|82/100|[from] item: Leftovers
|upkeep
|turn|58
|
|t:|1730774555
|move|p1a: Lemon-Lime|Psychic|p2a: Blissey
|-damage|p2a: Blissey|58/100
|move|p2a: Blissey|Seismic Toss|p1a: Lemon-Lime
|-damage|p1a: Lemon-Lime|13/100
|
|-weather|Sandstorm|[upkeep]
|-damage|p2a: Blissey|52/100|[from] Sandstorm
|-heal|p1a: Lemon-Lime|20/100|[from] item: Leftovers
|-heal|p2a: Blissey|58/100|[from] item: Leftovers
|upkeep
|turn|59
|
|t:|1730774560
|move|p1a: Lemon-Lime|Psychic|p2a: Blissey
|-damage|p2a: Blissey|36/100
|move|p2a: Blissey|Seismic Toss|p1a: Lemon-Lime
|-damage|p1a: Lemon-Lime|0 fnt
|faint|p1a: Lemon-Lime
|
|t:|1730774564
|switch|p1a: Egg|Blissey, F|95/100
|
|-weather|Sandstorm|[upkeep]
|-damage|p2a: Blissey|30/100|[from] Sandstorm
|-damage|p1a: Egg|89/100|[from] Sandstorm
|-heal|p2a: Blissey|36/100|[from] item: Leftovers
|-heal|p1a: Egg|95/100|[from] item: Leftovers
|upkeep
|turn|60
|
|t:|1730774569
|move|p2a: Blissey|Soft-Boiled|p2a: Blissey
|-heal|p2a: Blissey|86/100
|move|p1a: Egg|Toxic|p2a: Blissey
|-status|p2a: Blissey|tox
|
|-weather|Sandstorm|[upkeep]
|-damage|p2a: Blissey|80/100 tox|[from] Sandstorm
|-damage|p1a: Egg|89/100|[from] Sandstorm
|-heal|p2a: Blissey|86/100 tox|[from] item: Leftovers
|-damage|p2a: Blissey|80/100 tox|[from] psn
|-heal|p1a: Egg|95/100|[from] item: Leftovers
|upkeep
|turn|61
|
|t:|1730774572
|move|p2a: Blissey|Ice Beam|p1a: Egg
|-damage|p1a: Egg|87/100
|move|p1a: Egg|Seismic Toss|p2a: Blissey
|-damage|p2a: Blissey|65/100 tox
|
|-weather|Sandstorm|[upkeep]
|-damage|p2a: Blissey|59/100 tox|[from] Sandstorm
|-damage|p1a: Egg|80/100|[from] Sandstorm
|-heal|p2a: Blissey|65/100 tox|[from] item: Leftovers
|-damage|p2a: Blissey|53/100 tox|[from] psn
|-heal|p1a: Egg|87/100|[from] item: Leftovers
|upkeep
|turn|62
|
|t:|1730774576
|move|p2a: Blissey|Aromatherapy|p2a: Blissey
|-cureteam|p2a: Blissey|[from] move: Aromatherapy
|move|p1a: Egg|Seismic Toss|p2a: Blissey
|-damage|p2a: Blissey|38/100
|
|-weather|Sandstorm|[upkeep]
|-damage|p2a: Blissey|31/100|[from] Sandstorm
|-damage|p1a: Egg|80/100|[from] Sandstorm
|-heal|p2a: Blissey|38/100|[from] item: Leftovers
|-heal|p1a: Egg|87/100|[from] item: Leftovers
|upkeep
|turn|63
|
|t:|1730774578
|move|p2a: Blissey|Soft-Boiled|p2a: Blissey
|-heal|p2a: Blissey|88/100
|move|p1a: Egg|Toxic|p2a: Blissey
|-status|p2a: Blissey|tox
|
|-weather|Sandstorm|[upkeep]
|-damage|p2a: Blissey|81/100 tox|[from] Sandstorm
|-damage|p1a: Egg|80/100|[from] Sandstorm
|-heal|p2a: Blissey|88/100 tox|[from] item: Leftovers
|-damage|p2a: Blissey|81/100 tox|[from] psn
|-heal|p1a: Egg|87/100|[from] item: Leftovers
|upkeep
|turn|64
|
|t:|1730774582
|move|p2a: Blissey|Ice Beam|p1a: Egg
|-damage|p1a: Egg|78/100
|move|p1a: Egg|Seismic Toss|p2a: Blissey
|-damage|p2a: Blissey|66/100 tox
|
|-weather|Sandstorm|[upkeep]
|-damage|p2a: Blissey|60/100 tox|[from] Sandstorm
|-damage|p1a: Egg|72/100|[from] Sandstorm
|-heal|p2a: Blissey|66/100 tox|[from] item: Leftovers
|-damage|p2a: Blissey|54/100 tox|[from] psn
|-heal|p1a: Egg|78/100|[from] item: Leftovers
|upkeep
|turn|65
|
|t:|1730774591
|move|p2a: Blissey|Aromatherapy|p2a: Blissey
|-cureteam|p2a: Blissey|[from] move: Aromatherapy
|move|p1a: Egg|Seismic Toss|p2a: Blissey
|-damage|p2a: Blissey|39/100
|
|-weather|Sandstorm|[upkeep]
|-damage|p2a: Blissey|33/100|[from] Sandstorm
|-damage|p1a: Egg|72/100|[from] Sandstorm
|-heal|p2a: Blissey|39/100|[from] item: Leftovers
|-heal|p1a: Egg|78/100|[from] item: Leftovers
|upkeep
|turn|66
|
|t:|1730774594
|move|p2a: Blissey|Ice Beam|p1a: Egg
|-damage|p1a: Egg|68/100
|move|p1a: Egg|Toxic|p2a: Blissey
|-status|p2a: Blissey|tox
|
|-weather|Sandstorm|[upkeep]
|-damage|p2a: Blissey|33/100 tox|[from] Sandstorm
|-damage|p1a: Egg|62/100|[from] Sandstorm
|-heal|p2a: Blissey|39/100 tox|[from] item: Leftovers
|-damage|p2a: Blissey|33/100 tox|[from] psn
|-heal|p1a: Egg|68/100|[from] item: Leftovers
|upkeep
|turn|67
|
|t:|1730774601
|move|p2a: Blissey|Soft-Boiled|p2a: Blissey
|-heal|p2a: Blissey|83/100 tox
|move|p1a: Egg|Soft-Boiled|p1a: Egg
|-heal|p1a: Egg|100/100
|
|-weather|Sandstorm|[upkeep]
|-damage|p2a: Blissey|76/100 tox|[from] Sandstorm
|-damage|p1a: Egg|94/100|[from] Sandstorm
|-heal|p2a: Blissey|83/100 tox|[from] item: Leftovers
|-damage|p2a: Blissey|70/100 tox|[from] psn
|-heal|p1a: Egg|100/100|[from] item: Leftovers
|upkeep
|turn|68
|
|t:|1730774604
|move|p2a: Blissey|Ice Beam|p1a: Egg
|-damage|p1a: Egg|91/100
|move|p1a: Egg|Seismic Toss|p2a: Blissey
|-damage|p2a: Blissey|55/100 tox
|
|-weather|Sandstorm|[upkeep]
|-damage|p2a: Blissey|49/100 tox|[from] Sandstorm
|-damage|p1a: Egg|85/100|[from] Sandstorm
|-heal|p2a: Blissey|55/100 tox|[from] item: Leftovers
|-damage|p2a: Blissey|36/100 tox|[from] psn
|-heal|p1a: Egg|91/100|[from] item: Leftovers
|upkeep
|turn|69
|
|t:|1730774612
|move|p2a: Blissey|Soft-Boiled|p2a: Blissey
|-heal|p2a: Blissey|86/100 tox
|move|p1a: Egg|Seismic Toss|p2a: Blissey
|-damage|p2a: Blissey|71/100 tox
|
|-weather|Sandstorm|[upkeep]
|-damage|p2a: Blissey|65/100 tox|[from] Sandstorm
|-damage|p1a: Egg|85/100|[from] Sandstorm
|-heal|p2a: Blissey|71/100 tox|[from] item: Leftovers
|-damage|p2a: Blissey|47/100 tox|[from] psn
|-heal|p1a: Egg|91/100|[from] item: Leftovers
|upkeep
|turn|70
|
|t:|1730774617
|move|p2a: Blissey|Aromatherapy|p2a: Blissey
|-cureteam|p2a: Blissey|[from] move: Aromatherapy
|move|p1a: Egg|Seismic Toss|p2a: Blissey
|-damage|p2a: Blissey|31/100
|
|-weather|Sandstorm|[upkeep]
|-damage|p2a: Blissey|25/100|[from] Sandstorm
|-damage|p1a: Egg|85/100|[from] Sandstorm
|-heal|p2a: Blissey|31/100|[from] item: Leftovers
|-heal|p1a: Egg|91/100|[from] item: Leftovers
|upkeep
|turn|71
|
|t:|1730774620
|move|p2a: Blissey|Soft-Boiled|p2a: Blissey
|-heal|p2a: Blissey|81/100
|move|p1a: Egg|Toxic|p2a: Blissey
|-status|p2a: Blissey|tox
|
|-weather|Sandstorm|[upkeep]
|-damage|p2a: Blissey|75/100 tox|[from] Sandstorm
|-damage|p1a: Egg|85/100|[from] Sandstorm
|-heal|p2a: Blissey|81/100 tox|[from] item: Leftovers
|-damage|p2a: Blissey|75/100 tox|[from] psn
|-heal|p1a: Egg|91/100|[from] item: Leftovers
|upkeep
|turn|72
|
|t:|1730774624
|move|p2a: Blissey|Ice Beam|p1a: Egg
|-damage|p1a: Egg|82/100
|-status|p1a: Egg|frz
|cant|p1a: Egg|frz
|
|-weather|Sandstorm|[upkeep]
|-damage|p2a: Blissey|69/100 tox|[from] Sandstorm
|-damage|p1a: Egg|76/100 frz|[from] Sandstorm
|-heal|p2a: Blissey|75/100 tox|[from] item: Leftovers
|-damage|p2a: Blissey|63/100 tox|[from] psn
|-heal|p1a: Egg|82/100 frz|[from] item: Leftovers
|upkeep
|turn|73
|
|t:|1730774628
|-curestatus|p2a: Blissey|tox|[from] ability: Natural Cure
|switch|p2a: Tyranitar|Tyranitar, F|19/100
|-curestatus|p1a: Egg|frz|[msg]
|move|p1a: Egg|Seismic Toss|p2a: Tyranitar
|-damage|p2a: Tyranitar|0 fnt
|faint|p2a: Tyranitar
|
|t:|1730774631
|switch|p2a: Blissey|Blissey, F|63/100
|
|-weather|Sandstorm|[upkeep]
|-damage|p2a: Blissey|57/100|[from] Sandstorm
|-damage|p1a: Egg|76/100|[from] Sandstorm
|-heal|p2a: Blissey|63/100|[from] item: Leftovers
|-heal|p1a: Egg|82/100|[from] item: Leftovers
|upkeep
|turn|74
|
|t:|1730774636
|move|p2a: Blissey|Ice Beam|p1a: Egg
|-damage|p1a: Egg|73/100
|move|p1a: Egg|Toxic|p2a: Blissey
|-status|p2a: Blissey|tox
|
|-weather|Sandstorm|[upkeep]
|-damage|p2a: Blissey|57/100 tox|[from] Sandstorm
|-damage|p1a: Egg|67/100|[from] Sandstorm
|-heal|p2a: Blissey|63/100 tox|[from] item: Leftovers
|-damage|p2a: Blissey|57/100 tox|[from] psn
|-heal|p1a: Egg|73/100|[from] item: Leftovers
|upkeep
|turn|75
|
|t:|1730774640
|move|p2a: Blissey|Ice Beam|p1a: Egg
|-damage|p1a: Egg|63/100
|move|p1a: Egg|Soft-Boiled|p1a: Egg
|-heal|p1a: Egg|100/100
|
|-weather|Sandstorm|[upkeep]
|-damage|p2a: Blissey|50/100 tox|[from] Sandstorm
|-damage|p1a: Egg|94/100|[from] Sandstorm
|-heal|p2a: Blissey|57/100 tox|[from] item: Leftovers
|-damage|p2a: Blissey|44/100 tox|[from] psn
|-heal|p1a: Egg|100/100|[from] item: Leftovers
|upkeep
|turn|76
|
|t:|1730774643
|move|p2a: Blissey|Aromatherapy|p2a: Blissey
|-cureteam|p2a: Blissey|[from] move: Aromatherapy
|move|p1a: Egg|Seismic Toss|p2a: Blissey
|-damage|p2a: Blissey|29/100
|
|-weather|Sandstorm|[upkeep]
|-damage|p2a: Blissey|23/100|[from] Sandstorm
|-damage|p1a: Egg|94/100|[from] Sandstorm
|-heal|p2a: Blissey|29/100|[from] item: Leftovers
|-heal|p1a: Egg|100/100|[from] item: Leftovers
|upkeep
|turn|77
|
|t:|1730774648
|move|p2a: Blissey|Soft-Boiled|p2a: Blissey
|-heal|p2a: Blissey|79/100
|move|p1a: Egg|Toxic|p2a: Blissey
|-status|p2a: Blissey|tox
|
|-weather|Sandstorm|[upkeep]
|-damage|p2a: Blissey|73/100 tox|[from] Sandstorm
|-damage|p1a: Egg|94/100|[from] Sandstorm
|-heal|p2a: Blissey|79/100 tox|[from] item: Leftovers
|-damage|p2a: Blissey|73/100 tox|[from] psn
|-heal|p1a: Egg|100/100|[from] item: Leftovers
|upkeep
|turn|78
|
|t:|1730774653
|move|p2a: Blissey|Ice Beam|p1a: Egg
|-damage|p1a: Egg|92/100
|move|p1a: Egg|Ice Beam|p2a: Blissey
|-damage|p2a: Blissey|62/100 tox
|
|-weather|Sandstorm|[upkeep]
|-damage|p2a: Blissey|56/100 tox|[from] Sandstorm
|-damage|p1a: Egg|86/100|[from] Sandstorm
|-heal|p2a: Blissey|62/100 tox|[from] item: Leftovers
|-damage|p2a: Blissey|50/100 tox|[from] psn
|-heal|p1a: Egg|92/100|[from] item: Leftovers
|upkeep
|turn|79
|
|t:|1730774659
|move|p2a: Blissey|Aromatherapy|p2a: Blissey
|-cureteam|p2a: Blissey|[from] move: Aromatherapy
|move|p1a: Egg|Seismic Toss|p2a: Blissey
|-damage|p2a: Blissey|35/100
|
|-weather|Sandstorm|[upkeep]
|-damage|p2a: Blissey|29/100|[from] Sandstorm
|-damage|p1a: Egg|86/100|[from] Sandstorm
|-heal|p2a: Blissey|35/100|[from] item: Leftovers
|-heal|p1a: Egg|92/100|[from] item: Leftovers
|upkeep
|turn|80
|
|t:|1730774662
|move|p2a: Blissey|Soft-Boiled|p2a: Blissey
|-heal|p2a: Blissey|85/100
|move|p1a: Egg|Toxic|p2a: Blissey
|-status|p2a: Blissey|tox
|
|-weather|Sandstorm|[upkeep]
|-damage|p2a: Blissey|79/100 tox|[from] Sandstorm
|-damage|p1a: Egg|86/100|[from] Sandstorm
|-heal|p2a: Blissey|85/100 tox|[from] item: Leftovers
|-damage|p2a: Blissey|79/100 tox|[from] psn
|-heal|p1a: Egg|92/100|[from] item: Leftovers
|upkeep
|turn|81
|
|t:|1730774667
|move|p2a: Blissey|Ice Beam|p1a: Egg
|-damage|p1a: Egg|83/100
|move|p1a: Egg|Ice Beam|p2a: Blissey
|-damage|p2a: Blissey|68/100 tox
|
|-weather|Sandstorm|[upkeep]
|-damage|p2a: Blissey|62/100 tox|[from] Sandstorm
|-damage|p1a: Egg|77/100|[from] Sandstorm
|-heal|p2a: Blissey|68/100 tox|[from] item: Leftovers
|-damage|p2a: Blissey|56/100 tox|[from] psn
|-heal|p1a: Egg|83/100|[from] item: Leftovers
|upkeep
|turn|82
|
|t:|1730774671
|move|p2a: Blissey|Ice Beam|p1a: Egg
|-damage|p1a: Egg|74/100
|move|p1a: Egg|Ice Beam|p2a: Blissey
|-damage|p2a: Blissey|46/100 tox
|
|-weather|Sandstorm|[upkeep]
|-damage|p2a: Blissey|39/100 tox|[from] Sandstorm
|-damage|p1a: Egg|68/100|[from] Sandstorm
|-heal|p2a: Blissey|46/100 tox|[from] item: Leftovers
|-damage|p2a: Blissey|27/100 tox|[from] psn
|-heal|p1a: Egg|74/100|[from] item: Leftovers
|upkeep
|turn|83
|
|t:|1730774675
|move|p2a: Blissey|Aromatherapy|p2a: Blissey
|-cureteam|p2a: Blissey|[from] move: Aromatherapy
|move|p1a: Egg|Seismic Toss|p2a: Blissey
|-damage|p2a: Blissey|12/100
|
|-weather|Sandstorm|[upkeep]
|-damage|p2a: Blissey|6/100|[from] Sandstorm
|-damage|p1a: Egg|68/100|[from] Sandstorm
|-heal|p2a: Blissey|12/100|[from] item: Leftovers
|-heal|p1a: Egg|74/100|[from] item: Leftovers
|upkeep
|turn|84
|
|t:|1730774679
|move|p2a: Blissey|Soft-Boiled|p2a: Blissey
|-heal|p2a: Blissey|62/100
|move|p1a: Egg|Ice Beam|p2a: Blissey
|-damage|p2a: Blissey|52/100
|-status|p2a: Blissey|frz
|
|-weather|Sandstorm|[upkeep]
|-damage|p2a: Blissey|45/100 frz|[from] Sandstorm
|-damage|p1a: Egg|68/100|[from] Sandstorm
|-heal|p2a: Blissey|52/100 frz|[from] item: Leftovers
|-heal|p1a: Egg|74/100|[from] item: Leftovers
|upkeep
|turn|85
|
|t:|1730774684
|cant|p2a: Blissey|frz
|move|p1a: Egg|Seismic Toss|p2a: Blissey
|-damage|p2a: Blissey|36/100 frz
|
|-weather|Sandstorm|[upkeep]
|-damage|p2a: Blissey|30/100 frz|[from] Sandstorm
|-damage|p1a: Egg|68/100|[from] Sandstorm
|-heal|p2a: Blissey|36/100 frz|[from] item: Leftovers
|-heal|p1a: Egg|74/100|[from] item: Leftovers
|upkeep
|turn|86
|
|t:|1730774688
|cant|p2a: Blissey|frz
|move|p1a: Egg|Seismic Toss|p2a: Blissey
|-damage|p2a: Blissey|21/100 frz
|
|-weather|Sandstorm|[upkeep]
|-damage|p2a: Blissey|15/100 frz|[from] Sandstorm
|-damage|p1a: Egg|68/100|[from] Sandstorm
|-heal|p2a: Blissey|21/100 frz|[from] item: Leftovers
|-heal|p1a: Egg|74/100|[from] item: Leftovers
|upkeep
|turn|87
|
|t:|1730774690
|cant|p2a: Blissey|frz
|move|p1a: Egg|Seismic Toss|p2a: Blissey
|-damage|p2a: Blissey|6/100 frz
|
|-weather|Sandstorm|[upkeep]
|-damage|p2a: Blissey|0 fnt|[from] Sandstorm
|-damage|p1a: Egg|68/100|[from] Sandstorm
|faint|p2a: Blissey
|
|win|Emerald_Harrold
|upkeep
|player|p2|
|c|☆Emerald_Harrold|wp luck went crazy

</script>
<script type="application/json" class="data" id="replaydata-smogtours-gen3ou-804857">
{"id":"smogtours-gen3ou-804857","format":"[Gen 3] OU","players":["Emerald_Harrold","cyberodin"],"uploadtime":1730774690,"views":68,"formatid":"gen3ou","rating":null,"private":0,"password":null}
</script>

<script defer src="js/replays.js?9d40a366"></script>
