<!DOCTYPE html>
<meta charset="utf-8" />
<meta name="viewport" content="width=device-width" />

<title>[Gen 3] OU: adv pride vs. verbatim - Replays - Pok&eacute;mon Showdown!</title>

<meta name="description" content="Watch a replay of a Pok&eacute;mon battle between adv pride and verbatim! Format: [Gen 3] OU; Date: Nov 2, 2024" />
<!--

Hey, you! Looking in the source for the replay log?

You can find them in JSON format, just add `.json` at the end of a replay URL.

https://replay.pokemonshowdown.com/gen7randomdoublesbattle-865046831.json

Or, if you only need the log itself, add `.log` instead:

https://replay.pokemonshowdown.com/gen7randomdoublesbattle-865046831.log

-->

<link rel="stylesheet" href="//pokemonshowdown.com/style/global.css?0.023195364461161105" />
<link rel="stylesheet" href="//play.pokemonshowdown.com/style/font-awesome.css?0.13261647063804238" />
<link rel="stylesheet" href="//play.pokemonshowdown.com/style/battle.css?0.8753245789963631" />
<link rel="stylesheet" href="//play.pokemonshowdown.com/style/utilichart.css?0.8627959624976733" />

<!-- Global site tag (gtag.js) - Google Analytics -->
<script async src="https://www.googletagmanager.com/gtag/js?id=UA-26211653-1"></script>
<script>
  window.dataLayer = window.dataLayer || [];
  function gtag(){dataLayer.push(arguments);}
  gtag('js', new Date());

  gtag('config', 'UA-26211653-1');
</script>
<!-- End Google Analytics -->
<!-- Venatus Ad Manager - Install in <HEAD> of page -->
	<script src="https://hb.vntsm.com/v3/live/ad-manager.min.js" type="text/javascript" data-site-id="642aba63ec9a7b11c3c9c1be" data-mode="scan" async></script>
<!-- / Venatus Ad Manager -->

<style>
	@media (max-width:820px) {
		.battle {
			margin: 0 auto;
		}
		.battle-log {
			margin: 7px auto 0;
			max-width: 640px;
			height: 300px;
			position: static;
		}
	}
	.optgroup {
		display: inline-block;
		line-height: 22px;
		font-size: 10pt;
	}
	.optgroup .button {
		height: 25px;
		padding-top: 0;
		padding-bottom: 0;
	}
	.optgroup button.button {
		padding-left: 12px;
		padding-right: 12px;
	}
	.linklist {
		list-style: none;
		margin: 0.5em 0;
		padding: 0;
	}
	.linklist li {
		padding: 2px 0;
	}
	.sidebar {
		float: left;
		width: 320px;
	}
	.bar-wrapper {
		max-width: 1100px;
		margin: 0 auto;
	}
	.bar-wrapper.has-sidebar {
		max-width: 1430px;
	}
	.mainbar {
		margin: 0;
		padding-right: 1px;
	}
	.mainbar.has-sidebar {
		margin-left: 330px;
	}
	@media (min-width: 1511px) {
		.sidebar {
			width: 400px;
		}
		.bar-wrapper.has-sidebar {
			max-width: 1510px;
		}
		.mainbar.has-sidebar {
			margin-left: 410px;
		}
	}
	.section.first-section {
		margin-top: 9px;
	}
	.blocklink small {
		white-space: normal;
	}
	.button {
		vertical-align: middle;
	}
	.replay-controls {
		padding-top: 10px;
	}
	.replay-controls h1 {
		font-size: 16pt;
		font-weight: normal;
		color: #CCC;
	}
	.pagelink {
		text-align: center;
	}
	.pagelink a {
		width: 150px;
	}
	.textbox, .button {
		font-size: 11pt;
		vertical-align: middle;
	}
	@media (max-width: 450px) {
		.button {
			font-size: 9pt;
		}
	}
</style>

<div>

	<header>
		<div class="nav-wrapper"><ul class="nav">
			<li><a class="button nav-first" href="//pokemonshowdown.com/"><img src="//pokemonshowdown.com/images/pokemonshowdownbeta.png" srcset="//pokemonshowdown.com/images/pokemonshowdownbeta.png 1x, //pokemonshowdown.com/images/pokemonshowdownbeta@2x.png 2x" alt="Pok&eacute;mon Showdown" width="146" height="44" /> Home</a></li>
			<li><a class="button" href="//pokemonshowdown.com/dex/">Pok&eacute;dex</a></li>
			<li><a class="button cur" href="/">Replays</a></li>
			<li><a class="button" href="//pokemonshowdown.com/ladder/">Ladder</a></li>
			<li><a class="button nav-last" href="//pokemonshowdown.com/forums/">Forum</a></li>
			<li><a class="button greenbutton nav-first nav-last" href="//play.pokemonshowdown.com/">Play</a></li>
		</ul></div>
	</header>

	<div class="main" id="main">

		<noscript><section class="section">You need to enable JavaScript to use this page; sorry!</section></noscript>

	</div>

</div>

<script defer nomodule src="//play.pokemonshowdown.com/js/lib/ps-polyfill.js"></script>
<script defer src="//play.pokemonshowdown.com/js/lib/preact.min.js"></script>

<script defer src="//play.pokemonshowdown.com/config/config.js?2bddbc15"></script>
<script defer src="//play.pokemonshowdown.com/js/lib/jquery-1.11.0.min.js"></script>
<script defer src="//play.pokemonshowdown.com/js/lib/html-sanitizer-minified.js"></script>
<script defer src="//play.pokemonshowdown.com/js/battle-sound.js"></script>
<script defer src="//play.pokemonshowdown.com/js/battledata.js?0.7209276989879541"></script>
<script defer src="//play.pokemonshowdown.com/data/pokedex-mini.js?0.6111056340867951"></script>
<script defer src="//play.pokemonshowdown.com/data/pokedex-mini-bw.js?0.3532142036491459"></script>
<script defer src="//play.pokemonshowdown.com/data/graphics.js?0.24223875632456182"></script>
<script defer src="//play.pokemonshowdown.com/data/pokedex.js?0.38839984266356864"></script>
<script defer src="//play.pokemonshowdown.com/data/moves.js?0.21866028504024015"></script>
<script defer src="//play.pokemonshowdown.com/data/abilities.js?0.2005157953846628"></script>
<script defer src="//play.pokemonshowdown.com/data/items.js?0.9894211263848525"></script>
<script defer src="//play.pokemonshowdown.com/data/teambuilder-tables.js?0.6008791140282215"></script>
<script defer src="//play.pokemonshowdown.com/js/battle-tooltips.js?0.7580118955022959"></script>
<script defer src="//play.pokemonshowdown.com/js/battle.js?0.6057722274234274"></script>

<script defer src="js/utils.js?e31f9a17"></script>
<script defer src="js/replays-battle.js?7008c182"></script>

<!-- don't scrape this data! just add .json or .log after the URL!
Full API docs: https://github.com/smogon/pokemon-showdown-client/blob/master/WEB-API.md -->
<script type="text/plain" class="log" id="replaylog-smogtours-gen3ou-804174">
|inactive|Battle timer is ON: inactive players will automatically lose when time's up.
|t:|1730589684
|gametype|singles
|player|p1|adv pride|101|
|player|p2|verbatim|#psstaffm|
|teamsize|p1|6
|teamsize|p2|6
|gen|3
|tier|[Gen 3] OU
|rule|Sleep Clause Mod: Limit one foe put to sleep
|rule|Switch Priority Clause Mod: Faster Pokémon switch first
|rule|Species Clause: Limit one of each Pokémon
|rule|OHKO Clause: OHKO moves are banned
|rule|Evasion Items Clause: Evasion items are banned
|rule|Evasion Moves Clause: Evasion moves are banned
|rule|Endless Battle Clause: Forcing endless battles is banned
|rule|HP Percentage Mod: HP is shown in percentages
|rule|One Boost Passer Clause: Limit one Baton Passer that has a way to boost its stats
|rule|Freeze Clause Mod: Limit one foe frozen
|
|t:|1730589684
|start
|switch|p1a: Tyranitar|Tyranitar, F|100/100
|switch|p2a: kill 2birds|Jirachi|100/100
|-weather|Sandstorm|[from] ability: Sand Stream|[of] p1a: Tyranitar
|turn|1
|
|t:|1730589698
|move|p2a: kill 2birds|Hidden Power|p1a: Tyranitar
|-supereffective|p1a: Tyranitar
|-damage|p1a: Tyranitar|0 fnt
|faint|p1a: Tyranitar
|
|t:|1730589701
|switch|p1a: Moltres|Moltres|100/100
|
|-weather|Sandstorm|[upkeep]
|-damage|p1a: Moltres|94/100|[from] Sandstorm
|-heal|p1a: Moltres|100/100|[from] item: Leftovers
|upkeep
|turn|2
|
|t:|1730589709
|switch|p2a: Lost my Marbles|Starmie|100/100
|move|p1a: Moltres|Flamethrower|p2a: Lost my Marbles
|-resisted|p2a: Lost my Marbles
|-damage|p2a: Lost my Marbles|73/100
|
|-weather|Sandstorm|[upkeep]
|-damage|p2a: Lost my Marbles|67/100|[from] Sandstorm
|-damage|p1a: Moltres|94/100|[from] Sandstorm
|-heal|p2a: Lost my Marbles|73/100|[from] item: Leftovers
|-heal|p1a: Moltres|100/100|[from] item: Leftovers
|upkeep
|turn|3
|inactive|adv pride has 270 seconds left.
|
|t:|1730589740
|switch|p1a: Zapdos|Zapdos|100/100
|move|p2a: Lost my Marbles|Surf|p1a: Zapdos
|-damage|p1a: Zapdos|76/100
|
|-weather|Sandstorm|[upkeep]
|-damage|p2a: Lost my Marbles|67/100|[from] Sandstorm
|-damage|p1a: Zapdos|70/100|[from] Sandstorm
|-heal|p2a: Lost my Marbles|73/100|[from] item: Leftovers
|-heal|p1a: Zapdos|76/100|[from] item: Leftovers
|upkeep
|turn|4
|
|t:|1730589746
|move|p2a: Lost my Marbles|Thunder Wave|p1a: Zapdos
|-status|p1a: Zapdos|par
|cant|p1a: Zapdos|par
|
|-weather|Sandstorm|[upkeep]
|-damage|p2a: Lost my Marbles|67/100|[from] Sandstorm
|-damage|p1a: Zapdos|70/100 par|[from] Sandstorm
|-heal|p2a: Lost my Marbles|73/100|[from] item: Leftovers
|-heal|p1a: Zapdos|76/100 par|[from] item: Leftovers
|upkeep
|turn|5
|
|t:|1730589752
|switch|p2a: 1stone|Tyranitar, F|100/100
|move|p1a: Zapdos|Thunderbolt|p2a: 1stone
|-damage|p2a: 1stone|63/100
|
|-weather|Sandstorm|[upkeep]
|-damage|p1a: Zapdos|70/100 par|[from] Sandstorm
|-heal|p1a: Zapdos|76/100 par|[from] item: Leftovers
|upkeep
|turn|6
|
|t:|1730589756
|switch|p1a: Flygon|Flygon, F|100/100
|move|p2a: 1stone|Ice Beam|p1a: Flygon
|-supereffective|p1a: Flygon
|-damage|p1a: Flygon|0 fnt
|faint|p1a: Flygon
|
|t:|1730589761
|switch|p1a: Skarmory|Skarmory, F|100/100
|
|-weather|Sandstorm|[upkeep]
|upkeep
|turn|7
|
|t:|1730589765
|move|p2a: 1stone|Fire Blast|p1a: Skarmory
|-supereffective|p1a: Skarmory
|-damage|p1a: Skarmory|29/100
|move|p1a: Skarmory|Hidden Power|p2a: 1stone
|-supereffective|p2a: 1stone
|-damage|p2a: 1stone|21/100
|
|-weather|Sandstorm|[upkeep]
|-heal|p1a: Skarmory|35/100|[from] item: Leftovers
|upkeep
|turn|8
|
|t:|1730589771
|move|p1a: Skarmory|Protect|p1a: Skarmory
|-singleturn|p1a: Skarmory|Protect
|move|p2a: 1stone|Fire Blast|p1a: Skarmory
|-activate|p1a: Skarmory|Protect
|
|-weather|Sandstorm|[upkeep]
|-heal|p1a: Skarmory|41/100|[from] item: Leftovers
|upkeep
|turn|9
|
|t:|1730589776
|switch|p1a: Moltres|Moltres|100/100
|move|p2a: 1stone|Fire Blast|p1a: Moltres
|-resisted|p1a: Moltres
|-damage|p1a: Moltres|79/100
|
|-weather|Sandstorm|[upkeep]
|-damage|p1a: Moltres|73/100|[from] Sandstorm
|-heal|p1a: Moltres|79/100|[from] item: Leftovers
|upkeep
|turn|10
|
|t:|1730589779
|move|p1a: Moltres|Hidden Power|p2a: 1stone
|-supereffective|p2a: 1stone
|-damage|p2a: 1stone|0 fnt
|faint|p2a: 1stone
|
|t:|1730589783
|switch|p2a: Lost my Marbles|Starmie|73/100
|
|-weather|Sandstorm|[upkeep]
|-damage|p2a: Lost my Marbles|67/100|[from] Sandstorm
|-damage|p1a: Moltres|73/100|[from] Sandstorm
|-heal|p2a: Lost my Marbles|73/100|[from] item: Leftovers
|-heal|p1a: Moltres|79/100|[from] item: Leftovers
|upkeep
|turn|11
|
|t:|1730589792
|switch|p1a: Zapdos|Zapdos|76/100 par
|move|p2a: Lost my Marbles|Surf|p1a: Zapdos
|-damage|p1a: Zapdos|53/100 par
|
|-weather|Sandstorm|[upkeep]
|-damage|p2a: Lost my Marbles|67/100|[from] Sandstorm
|-damage|p1a: Zapdos|47/100 par|[from] Sandstorm
|-heal|p2a: Lost my Marbles|73/100|[from] item: Leftovers
|-heal|p1a: Zapdos|53/100 par|[from] item: Leftovers
|upkeep
|turn|12
|
|t:|1730589802
|switch|p2a: Them Apples|Swampert, F|100/100
|move|p1a: Zapdos|Rest|p1a: Zapdos
|-status|p1a: Zapdos|slp|[from] move: Rest
|-heal|p1a: Zapdos|100/100 slp|[silent]
|
|-weather|Sandstorm|[upkeep]
|-damage|p1a: Zapdos|94/100 slp|[from] Sandstorm
|-heal|p1a: Zapdos|100/100 slp|[from] item: Leftovers
|upkeep
|turn|13
|
|t:|1730589811
|switch|p2a: kill 2birds|Jirachi|100/100
|cant|p1a: Zapdos|slp
|move|p1a: Zapdos|Sleep Talk|p1a: Zapdos
|move|p1a: Zapdos|Thunderbolt|p2a: kill 2birds|[from]Sleep Talk
|-damage|p2a: kill 2birds|57/100
|
|-weather|Sandstorm|[upkeep]
|-damage|p1a: Zapdos|94/100 slp|[from] Sandstorm
|-heal|p1a: Zapdos|100/100 slp|[from] item: Leftovers
|upkeep
|turn|14
|
|t:|1730589825
|switch|p1a: Moltres|Moltres|79/100
|move|p2a: kill 2birds|Doom Desire|p1a: Moltres
|-start|p2a: kill 2birds|Doom Desire
|
|-weather|Sandstorm|[upkeep]
|-damage|p1a: Moltres|73/100|[from] Sandstorm
|-heal|p1a: Moltres|79/100|[from] item: Leftovers
|upkeep
|turn|15
|
|t:|1730589835
|switch|p2a: 🔥 the Midnight 🛢|Charizard, M|100/100
|move|p1a: Moltres|Hidden Power|p2a: 🔥 the Midnight 🛢
|-resisted|p2a: 🔥 the Midnight 🛢
|-damage|p2a: 🔥 the Midnight 🛢|91/100
|
|-weather|Sandstorm|[upkeep]
|-damage|p1a: Moltres|73/100|[from] Sandstorm
|-damage|p2a: 🔥 the Midnight 🛢|85/100|[from] Sandstorm
|-heal|p1a: Moltres|79/100|[from] item: Leftovers
|-heal|p2a: 🔥 the Midnight 🛢|91/100|[from] item: Leftovers
|upkeep
|turn|16
|
|t:|1730589843
|move|p1a: Moltres|Toxic|p2a: 🔥 the Midnight 🛢
|-status|p2a: 🔥 the Midnight 🛢|tox
|move|p2a: 🔥 the Midnight 🛢|Fire Blast|p1a: Moltres
|-resisted|p1a: Moltres
|-damage|p1a: Moltres|43/100
|
|-weather|Sandstorm|[upkeep]
|-damage|p1a: Moltres|37/100|[from] Sandstorm
|-damage|p2a: 🔥 the Midnight 🛢|85/100 tox|[from] Sandstorm
|-heal|p1a: Moltres|43/100|[from] item: Leftovers
|-heal|p2a: 🔥 the Midnight 🛢|91/100 tox|[from] item: Leftovers
|-damage|p2a: 🔥 the Midnight 🛢|85/100 tox|[from] psn
|-end|p1a: Moltres|move: Doom Desire
|-damage|p1a: Moltres|0 fnt
|faint|p1a: Moltres
|upkeep
|
|t:|1730589864
|switch|p1a: Zapdos|Zapdos|100/100 slp
|turn|17
|
|t:|1730589869
|move|p2a: 🔥 the Midnight 🛢|Fire Blast|p1a: Zapdos
|-damage|p1a: Zapdos|62/100 slp
|cant|p1a: Zapdos|slp
|move|p1a: Zapdos|Sleep Talk|p1a: Zapdos
|move|p1a: Zapdos|Roar|p2a: 🔥 the Midnight 🛢|[from]Sleep Talk
|drag|p2a: Lost my Marbles|Starmie|73/100
|
|-weather|Sandstorm|[upkeep]
|-damage|p2a: Lost my Marbles|67/100|[from] Sandstorm
|-damage|p1a: Zapdos|56/100 slp|[from] Sandstorm
|-heal|p2a: Lost my Marbles|73/100|[from] item: Leftovers
|-heal|p1a: Zapdos|62/100 slp|[from] item: Leftovers
|upkeep
|turn|18
|
|t:|1730589886
|switch|p2a: Them Apples|Swampert, F|100/100
|switch|p1a: Gengar|Gengar, F|100/100
|
|-weather|Sandstorm|[upkeep]
|-damage|p1a: Gengar|94/100|[from] Sandstorm
|-heal|p1a: Gengar|100/100|[from] item: Leftovers
|upkeep
|turn|19
|
|t:|1730589910
|switch|p2a: Run of the Mill|Celebi|100/100
|move|p1a: Gengar|Will-O-Wisp|p2a: Run of the Mill|[miss]
|-miss|p1a: Gengar|p2a: Run of the Mill
|
|-weather|Sandstorm|[upkeep]
|-damage|p1a: Gengar|94/100|[from] Sandstorm
|-damage|p2a: Run of the Mill|94/100|[from] Sandstorm
|-heal|p1a: Gengar|100/100|[from] item: Leftovers
|-heal|p2a: Run of the Mill|100/100|[from] item: Leftovers
|upkeep
|turn|20
|
|t:|1730589917
|switch|p1a: Skarmory|Skarmory, F|41/100
|move|p2a: Run of the Mill|Calm Mind|p2a: Run of the Mill
|-boost|p2a: Run of the Mill|spa|1
|-boost|p2a: Run of the Mill|spd|1
|
|-weather|Sandstorm|[upkeep]
|-damage|p2a: Run of the Mill|94/100|[from] Sandstorm
|-heal|p2a: Run of the Mill|100/100|[from] item: Leftovers
|-heal|p1a: Skarmory|47/100|[from] item: Leftovers
|upkeep
|turn|21
|
|t:|1730589921
|move|p1a: Skarmory|Protect|p1a: Skarmory
|-singleturn|p1a: Skarmory|Protect
|move|p2a: Run of the Mill|Hidden Power|p1a: Skarmory
|-activate|p1a: Skarmory|Protect
|
|-weather|Sandstorm|[upkeep]
|-damage|p2a: Run of the Mill|94/100|[from] Sandstorm
|-heal|p2a: Run of the Mill|100/100|[from] item: Leftovers
|-heal|p1a: Skarmory|53/100|[from] item: Leftovers
|upkeep
|turn|22
|
|t:|1730589926
|move|p2a: Run of the Mill|Hidden Power|p1a: Skarmory
|-supereffective|p1a: Skarmory
|-damage|p1a: Skarmory|2/100
|move|p1a: Skarmory|Roar|p2a: Run of the Mill
|drag|p2a: Them Apples|Swampert, F|100/100
|
|-weather|Sandstorm|[upkeep]
|-heal|p1a: Skarmory|8/100|[from] item: Leftovers
|upkeep
|turn|23
|
|t:|1730589933
|move|p1a: Skarmory|Spikes|p2a: Them Apples
|-sidestart|p2: verbatim|Spikes
|move|p2a: Them Apples|Ice Beam|p1a: Skarmory
|-damage|p1a: Skarmory|0 fnt
|faint|p1a: Skarmory
|
|t:|1730589936
|switch|p1a: Gengar|Gengar, F|100/100
|
|-weather|Sandstorm|[upkeep]
|-damage|p1a: Gengar|94/100|[from] Sandstorm
|-heal|p1a: Gengar|100/100|[from] item: Leftovers
|upkeep
|turn|24
|
|t:|1730589938
|move|p1a: Gengar|Will-O-Wisp|p2a: Them Apples|[miss]
|-miss|p1a: Gengar|p2a: Them Apples
|move|p2a: Them Apples|Hydro Pump|p1a: Gengar
|-damage|p1a: Gengar|56/100
|
|-weather|Sandstorm|[upkeep]
|-damage|p1a: Gengar|50/100|[from] Sandstorm
|-heal|p1a: Gengar|56/100|[from] item: Leftovers
|upkeep
|turn|25
|
|t:|1730589945
|switch|p1a: Zapdos|Zapdos|62/100 slp
|move|p2a: Them Apples|Ice Beam|p1a: Zapdos
|-supereffective|p1a: Zapdos
|-damage|p1a: Zapdos|34/100 slp
|
|-weather|Sandstorm|[upkeep]
|-damage|p1a: Zapdos|28/100 slp|[from] Sandstorm
|-heal|p1a: Zapdos|34/100 slp|[from] item: Leftovers
|upkeep
|turn|26
|
|t:|1730589950
|cant|p1a: Zapdos|slp
|move|p2a: Them Apples|Ice Beam|p1a: Zapdos
|-supereffective|p1a: Zapdos
|-damage|p1a: Zapdos|8/100 slp
|
|-weather|Sandstorm|[upkeep]
|-damage|p1a: Zapdos|2/100 slp|[from] Sandstorm
|-heal|p1a: Zapdos|8/100 slp|[from] item: Leftovers
|upkeep
|turn|27
|
|t:|1730589956
|switch|p2a: kill 2birds|Jirachi|57/100
|-damage|p2a: kill 2birds|45/100|[from] Spikes
|cant|p1a: Zapdos|slp
|
|-weather|Sandstorm|[upkeep]
|-damage|p1a: Zapdos|2/100 slp|[from] Sandstorm
|-heal|p1a: Zapdos|8/100 slp|[from] item: Leftovers
|upkeep
|turn|28
|
|t:|1730589965
|move|p2a: kill 2birds|Shadow Ball|p1a: Zapdos
|-crit|p1a: Zapdos
|-damage|p1a: Zapdos|0 fnt
|faint|p1a: Zapdos
|
|t:|1730589967
|switch|p1a: Gengar|Gengar, F|56/100
|
|-weather|Sandstorm|[upkeep]
|-damage|p1a: Gengar|50/100|[from] Sandstorm
|-heal|p1a: Gengar|56/100|[from] item: Leftovers
|upkeep
|turn|29
|c|☆verbatim|oh right sleep talk reset
|
|t:|1730589972
|move|p1a: Gengar|Ice Punch|p2a: kill 2birds
|-resisted|p2a: kill 2birds
|-damage|p2a: kill 2birds|34/100
|-status|p2a: kill 2birds|frz
|cant|p2a: kill 2birds|frz
|
|-weather|Sandstorm|[upkeep]
|-damage|p1a: Gengar|50/100|[from] Sandstorm
|-heal|p1a: Gengar|56/100|[from] item: Leftovers
|upkeep
|turn|30
|
|t:|1730589976
|move|p1a: Gengar|Thunderbolt|p2a: kill 2birds
|-damage|p2a: kill 2birds|9/100 frz
|-curestatus|p2a: kill 2birds|frz|[msg]
|move|p2a: kill 2birds|Shadow Ball|p1a: Gengar
|-supereffective|p1a: Gengar
|-damage|p1a: Gengar|0 fnt
|faint|p1a: Gengar
|
|win|verbatim
|c|☆verbatim|gg
|c|☆adv pride|gg
|player|p1|
|player|p2|
|player|p1|adv pride|101|
|player|p2|verbatim|#psstaffm|

</script>
<script type="application/json" class="data" id="replaydata-smogtours-gen3ou-804174">
{"id":"smogtours-gen3ou-804174","format":"[Gen 3] OU","players":["adv pride","verbatim"],"uploadtime":1730589976,"views":51,"formatid":"gen3ou","rating":null,"private":0,"password":null}
</script>

<script defer src="js/replays.js?9d40a366"></script>
