<!DOCTYPE html>
<meta charset="utf-8" />
<meta name="viewport" content="width=device-width" />

<title>[Gen 3] OU: luisin vs. JoaF - Replays - Pok&eacute;mon Showdown!</title>

<meta name="description" content="Watch a replay of a Pok&eacute;mon battle between luisin and JoaF! Format: [Gen 3] OU; Date: Oct 15, 2024" />
<!--

Hey, you! Looking in the source for the replay log?

You can find them in JSON format, just add `.json` at the end of a replay URL.

https://replay.pokemonshowdown.com/gen7randomdoublesbattle-865046831.json

Or, if you only need the log itself, add `.log` instead:

https://replay.pokemonshowdown.com/gen7randomdoublesbattle-865046831.log

-->

<link rel="stylesheet" href="//pokemonshowdown.com/style/global.css?0.767286132409787" />
<link rel="stylesheet" href="//play.pokemonshowdown.com/style/font-awesome.css?0.9266228007934947" />
<link rel="stylesheet" href="//play.pokemonshowdown.com/style/battle.css?0.7924700842790926" />
<link rel="stylesheet" href="//play.pokemonshowdown.com/style/utilichart.css?0.8777417872839479" />

<!-- Global site tag (gtag.js) - Google Analytics -->
<script async src="https://www.googletagmanager.com/gtag/js?id=UA-26211653-1"></script>
<script>
  window.dataLayer = window.dataLayer || [];
  function gtag(){dataLayer.push(arguments);}
  gtag('js', new Date());

  gtag('config', 'UA-26211653-1');
</script>
<!-- End Google Analytics -->
<!-- Venatus Ad Manager - Install in <HEAD> of page -->
	<script src="https://hb.vntsm.com/v3/live/ad-manager.min.js" type="text/javascript" data-site-id="642aba63ec9a7b11c3c9c1be" data-mode="scan" async></script>
<!-- / Venatus Ad Manager -->

<style>
	@media (max-width:820px) {
		.battle {
			margin: 0 auto;
		}
		.battle-log {
			margin: 7px auto 0;
			max-width: 640px;
			height: 300px;
			position: static;
		}
	}
	.optgroup {
		display: inline-block;
		line-height: 22px;
		font-size: 10pt;
	}
	.optgroup .button {
		height: 25px;
		padding-top: 0;
		padding-bottom: 0;
	}
	.optgroup button.button {
		padding-left: 12px;
		padding-right: 12px;
	}
	.linklist {
		list-style: none;
		margin: 0.5em 0;
		padding: 0;
	}
	.linklist li {
		padding: 2px 0;
	}
	.sidebar {
		float: left;
		width: 320px;
	}
	.bar-wrapper {
		max-width: 1100px;
		margin: 0 auto;
	}
	.bar-wrapper.has-sidebar {
		max-width: 1430px;
	}
	.mainbar {
		margin: 0;
		padding-right: 1px;
	}
	.mainbar.has-sidebar {
		margin-left: 330px;
	}
	@media (min-width: 1511px) {
		.sidebar {
			width: 400px;
		}
		.bar-wrapper.has-sidebar {
			max-width: 1510px;
		}
		.mainbar.has-sidebar {
			margin-left: 410px;
		}
	}
	.section.first-section {
		margin-top: 9px;
	}
	.blocklink small {
		white-space: normal;
	}
	.button {
		vertical-align: middle;
	}
	.replay-controls {
		padding-top: 10px;
	}
	.replay-controls h1 {
		font-size: 16pt;
		font-weight: normal;
		color: #CCC;
	}
	.pagelink {
		text-align: center;
	}
	.pagelink a {
		width: 150px;
	}
	.textbox, .button {
		font-size: 11pt;
		vertical-align: middle;
	}
	@media (max-width: 450px) {
		.button {
			font-size: 9pt;
		}
	}
</style>

<div>

	<header>
		<div class="nav-wrapper"><ul class="nav">
			<li><a class="button nav-first" href="//pokemonshowdown.com/"><img src="//pokemonshowdown.com/images/pokemonshowdownbeta.png" srcset="//pokemonshowdown.com/images/pokemonshowdownbeta.png 1x, //pokemonshowdown.com/images/pokemonshowdownbeta@2x.png 2x" alt="Pok&eacute;mon Showdown" width="146" height="44" /> Home</a></li>
			<li><a class="button" href="//pokemonshowdown.com/dex/">Pok&eacute;dex</a></li>
			<li><a class="button cur" href="/">Replays</a></li>
			<li><a class="button" href="//pokemonshowdown.com/ladder/">Ladder</a></li>
			<li><a class="button nav-last" href="//pokemonshowdown.com/forums/">Forum</a></li>
			<li><a class="button greenbutton nav-first nav-last" href="//play.pokemonshowdown.com/">Play</a></li>
		</ul></div>
	</header>

	<div class="main" id="main">

		<noscript><section class="section">You need to enable JavaScript to use this page; sorry!</section></noscript>

	</div>

</div>

<script defer nomodule src="//play.pokemonshowdown.com/js/lib/ps-polyfill.js"></script>
<script defer src="//play.pokemonshowdown.com/js/lib/preact.min.js"></script>

<script defer src="//play.pokemonshowdown.com/config/config.js?6dec07f6"></script>
<script defer src="//play.pokemonshowdown.com/js/lib/jquery-1.11.0.min.js"></script>
<script defer src="//play.pokemonshowdown.com/js/lib/html-sanitizer-minified.js"></script>
<script defer src="//play.pokemonshowdown.com/js/battle-sound.js"></script>
<script defer src="//play.pokemonshowdown.com/js/battledata.js?0.6315294753075389"></script>
<script defer src="//play.pokemonshowdown.com/data/pokedex-mini.js?0.7603743185311358"></script>
<script defer src="//play.pokemonshowdown.com/data/pokedex-mini-bw.js?0.030888842834281283"></script>
<script defer src="//play.pokemonshowdown.com/data/graphics.js?0.05593094747507488"></script>
<script defer src="//play.pokemonshowdown.com/data/pokedex.js?0.47064822249611904"></script>
<script defer src="//play.pokemonshowdown.com/data/moves.js?0.8583693120512459"></script>
<script defer src="//play.pokemonshowdown.com/data/abilities.js?0.16017181182386842"></script>
<script defer src="//play.pokemonshowdown.com/data/items.js?0.4163379185673943"></script>
<script defer src="//play.pokemonshowdown.com/data/teambuilder-tables.js?0.31075597372830477"></script>
<script defer src="//play.pokemonshowdown.com/js/battle-tooltips.js?0.6536193500708172"></script>
<script defer src="//play.pokemonshowdown.com/js/battle.js?0.1916591943277901"></script>

<script defer src="js/utils.js?e31f9a17"></script>
<script defer src="js/replays-battle.js?7008c182"></script>

<!-- don't scrape this data! just add .json or .log after the URL!
Full API docs: https://github.com/smogon/pokemon-showdown-client/blob/master/WEB-API.md -->
<script type="text/plain" class="log" id="replaylog-smogtours-gen3ou-799051">
|inactive|Battle timer is ON: inactive players will automatically lose when time's up.
|t:|1729030574
|gametype|singles
|player|p1|luisin|#luisin|
|player|p2|JoaF|turo-ai|
|teamsize|p1|6
|teamsize|p2|6
|gen|3
|tier|[Gen 3] OU
|rule|Sleep Clause Mod: Limit one foe put to sleep
|rule|Switch Priority Clause Mod: Faster Pokémon switch first
|rule|Species Clause: Limit one of each Pokémon
|rule|OHKO Clause: OHKO moves are banned
|rule|Evasion Items Clause: Evasion items are banned
|rule|Evasion Moves Clause: Evasion moves are banned
|rule|Endless Battle Clause: Forcing endless battles is banned
|rule|HP Percentage Mod: HP is shown in percentages
|rule|One Boost Passer Clause: Limit one Baton Passer that has a way to boost its stats
|rule|Freeze Clause Mod: Limit one foe frozen
|
|t:|1729030574
|start
|switch|p1a: Salamence|Salamence, M|100/100
|switch|p2a: Metagross|Metagross|100/100
|-ability|p1a: Salamence|Intimidate|boost
|-fail|p2a: Metagross|unboost|[from] ability: Clear Body|[of] p2a: Metagross
|turn|1
|
|t:|1729030590
|switch|p1a: Skarmory|Skarmory, F|100/100
|switch|p2a: Claydol|Claydol, shiny|100/100
|
|upkeep
|turn|2
|
|t:|1729030594
|switch|p2a: Metagross|Metagross|100/100
|switch|p1a: Magneton|Magneton|100/100
|
|upkeep
|turn|3
|
|t:|1729030598
|move|p1a: Magneton|Protect|p1a: Magneton
|-singleturn|p1a: Magneton|Protect
|move|p2a: Metagross|Earthquake|p1a: Magneton
|-activate|p1a: Magneton|Protect
|
|upkeep
|turn|4
|
|t:|1729030608
|switch|p1a: Skarmory|Skarmory, F|100/100
|move|p2a: Metagross|Earthquake|p1a: Skarmory
|-immune|p1a: Skarmory
|
|upkeep
|turn|5
|
|t:|1729030615
|switch|p2a: Suicune|Suicune, shiny|100/100
|move|p1a: Skarmory|Toxic|p2a: Suicune|[miss]
|-miss|p1a: Skarmory|p2a: Suicune
|
|upkeep
|turn|6
|
|t:|1729030628
|switch|p2a: Metagross|Metagross|100/100
|move|p1a: Skarmory|Toxic|p2a: Metagross
|-immune|p2a: Metagross
|
|upkeep
|turn|7
|
|t:|1729030633
|move|p1a: Skarmory|Protect|p1a: Skarmory
|-singleturn|p1a: Skarmory|Protect
|move|p2a: Metagross|Meteor Mash|p1a: Skarmory
|-activate|p1a: Skarmory|Protect
|
|upkeep
|turn|8
|
|t:|1729030636
|move|p2a: Metagross|Meteor Mash|p1a: Skarmory
|-resisted|p1a: Skarmory
|-damage|p1a: Skarmory|69/100
|move|p1a: Skarmory|Spikes|p2a: Metagross
|-sidestart|p2: JoaF|Spikes
|
|-heal|p1a: Skarmory|75/100|[from] item: Leftovers
|upkeep
|turn|9
|
|t:|1729030641
|move|p1a: Skarmory|Protect|p1a: Skarmory
|-singleturn|p1a: Skarmory|Protect
|move|p2a: Metagross|Meteor Mash|p1a: Skarmory|[miss]
|-miss|p2a: Metagross|p1a: Skarmory
|
|-heal|p1a: Skarmory|81/100|[from] item: Leftovers
|upkeep
|turn|10
|
|t:|1729030643
|switch|p1a: Magneton|Magneton|100/100
|move|p2a: Metagross|Meteor Mash|p1a: Magneton
|-resisted|p1a: Magneton
|-damage|p1a: Magneton|66/100
|
|upkeep
|turn|11
|
|t:|1729030670
|move|p1a: Magneton|Hidden Power|p2a: Metagross
|-supereffective|p2a: Metagross
|-damage|p2a: Metagross|46/100
|move|p2a: Metagross|Meteor Mash|p1a: Magneton
|-resisted|p1a: Magneton
|-damage|p1a: Magneton|34/100
|
|upkeep
|turn|12
|
|t:|1729030676
|move|p1a: Magneton|Hidden Power|p2a: Metagross
|-supereffective|p2a: Metagross
|-damage|p2a: Metagross|0 fnt
|faint|p2a: Metagross
|
|t:|1729030682
|switch|p2a: Tyranitar|Tyranitar, F|100/100
|-damage|p2a: Tyranitar|88/100|[from] Spikes
|-weather|Sandstorm|[from] ability: Sand Stream|[of] p2a: Tyranitar
|
|-weather|Sandstorm|[upkeep]
|upkeep
|turn|13
|
|t:|1729030690
|move|p1a: Magneton|Thunderbolt|p2a: Tyranitar
|-damage|p2a: Tyranitar|46/100
|move|p2a: Tyranitar|Crunch|p1a: Magneton
|-resisted|p1a: Magneton
|-damage|p1a: Magneton|0 fnt
|faint|p1a: Magneton
|
|t:|1729030698
|switch|p1a: Salamence|Salamence, M|100/100
|-ability|p1a: Salamence|Intimidate|boost
|-unboost|p2a: Tyranitar|atk|1
|
|-weather|Sandstorm|[upkeep]
|-damage|p1a: Salamence|94/100|[from] Sandstorm
|upkeep
|turn|14
|
|t:|1729030703
|switch|p2a: Claydol|Claydol, shiny|100/100
|move|p1a: Salamence|Brick Break|p2a: Claydol
|-resisted|p2a: Claydol
|-damage|p2a: Claydol|74/100
|
|-weather|Sandstorm|[upkeep]
|-damage|p1a: Salamence|88/100|[from] Sandstorm
|-heal|p2a: Claydol|80/100|[from] item: Leftovers
|upkeep
|turn|15
|
|t:|1729030716
|switch|p1a: Skarmory|Skarmory, F|81/100
|move|p2a: Claydol|Rapid Spin|p1a: Skarmory
|-resisted|p1a: Skarmory
|-damage|p1a: Skarmory|79/100
|-sideend|p2: JoaF|Spikes|[from] move: Rapid Spin|[of] p2a: Claydol
|
|-weather|Sandstorm|[upkeep]
|-heal|p2a: Claydol|87/100|[from] item: Leftovers
|-heal|p1a: Skarmory|85/100|[from] item: Leftovers
|upkeep
|turn|16
|
|t:|1729030723
|switch|p2a: Tyranitar|Tyranitar, F|46/100
|move|p1a: Skarmory|Toxic|p2a: Tyranitar
|-status|p2a: Tyranitar|tox
|
|-weather|Sandstorm|[upkeep]
|-heal|p1a: Skarmory|91/100|[from] item: Leftovers
|-damage|p2a: Tyranitar|40/100 tox|[from] psn
|upkeep
|turn|17
|
|t:|1729030727
|move|p1a: Skarmory|Protect|p1a: Skarmory
|-singleturn|p1a: Skarmory|Protect
|move|p2a: Tyranitar|Fire Blast|p1a: Skarmory
|-activate|p1a: Skarmory|Protect
|
|-weather|Sandstorm|[upkeep]
|-heal|p1a: Skarmory|97/100|[from] item: Leftovers
|-damage|p2a: Tyranitar|27/100 tox|[from] psn
|upkeep
|turn|18
|
|t:|1729030732
|-activate|p1a: Skarmory|move: Pursuit
|move|p2a: Tyranitar|Pursuit|p1a: Skarmory|[from]Pursuit
|-resisted|p1a: Skarmory
|-damage|p1a: Skarmory|79/100
|switch|p1a: Swampert|Swampert, F|100/100
|
|-weather|Sandstorm|[upkeep]
|-damage|p2a: Tyranitar|9/100 tox|[from] psn
|upkeep
|turn|19
|
|t:|1729030738
|move|p1a: Swampert|Protect|p1a: Swampert
|-singleturn|p1a: Swampert|Protect
|move|p2a: Tyranitar|Hidden Power|p1a: Swampert
|-activate|p1a: Swampert|Protect
|
|-weather|Sandstorm|[upkeep]
|-damage|p2a: Tyranitar|0 fnt|[from] psn
|faint|p2a: Tyranitar
|upkeep
|
|t:|1729030751
|switch|p2a: Suicune|Suicune, shiny|100/100
|turn|20
|
|t:|1729030760
|switch|p1a: Zapdos|Zapdos|100/100
|move|p2a: Suicune|Calm Mind|p2a: Suicune
|-boost|p2a: Suicune|spa|1
|-boost|p2a: Suicune|spd|1
|
|-weather|Sandstorm|[upkeep]
|-damage|p2a: Suicune|94/100|[from] Sandstorm
|-damage|p1a: Zapdos|94/100|[from] Sandstorm
|-heal|p2a: Suicune|100/100|[from] item: Leftovers
|-heal|p1a: Zapdos|100/100|[from] item: Leftovers
|upkeep
|turn|21
|
|t:|1729030763
|move|p2a: Suicune|Ice Beam|p1a: Zapdos
|-supereffective|p1a: Zapdos
|-crit|p1a: Zapdos
|-damage|p1a: Zapdos|0 fnt
|faint|p1a: Zapdos
|
|t:|1729030767
|switch|p1a: Blissey|Blissey, F|100/100
|
|-weather|Sandstorm|[upkeep]
|-damage|p2a: Suicune|94/100|[from] Sandstorm
|-damage|p1a: Blissey|94/100|[from] Sandstorm
|-heal|p2a: Suicune|100/100|[from] item: Leftovers
|-heal|p1a: Blissey|100/100|[from] item: Leftovers
|upkeep
|turn|22
|
|t:|1729030776
|switch|p2a: Snorlax|Snorlax, F|100/100
|move|p1a: Blissey|Seismic Toss|p2a: Snorlax
|-damage|p2a: Snorlax|79/100
|
|-weather|Sandstorm|[upkeep]
|-damage|p1a: Blissey|94/100|[from] Sandstorm
|-damage|p2a: Snorlax|73/100|[from] Sandstorm
|-heal|p1a: Blissey|100/100|[from] item: Leftovers
|-heal|p2a: Snorlax|79/100|[from] item: Leftovers
|upkeep
|turn|23
|
|t:|1729030780
|switch|p1a: Skarmory|Skarmory, F|79/100
|move|p2a: Snorlax|Curse|p2a: Snorlax
|-unboost|p2a: Snorlax|spe|1
|-boost|p2a: Snorlax|atk|1
|-boost|p2a: Snorlax|def|1
|
|-weather|Sandstorm|[upkeep]
|-damage|p2a: Snorlax|73/100|[from] Sandstorm
|-heal|p1a: Skarmory|85/100|[from] item: Leftovers
|-heal|p2a: Snorlax|79/100|[from] item: Leftovers
|upkeep
|turn|24
|
|t:|1729030785
|-singleturn|p2a: Snorlax|move: Focus Punch
|move|p1a: Skarmory|Spikes|p2a: Snorlax
|-sidestart|p2: JoaF|Spikes
|move|p2a: Snorlax|Focus Punch|p1a: Skarmory
|-damage|p1a: Skarmory|31/100
|
|-weather|Sandstorm|[upkeep]
|-damage|p2a: Snorlax|73/100|[from] Sandstorm
|-heal|p1a: Skarmory|37/100|[from] item: Leftovers
|-heal|p2a: Snorlax|79/100|[from] item: Leftovers
|upkeep
|turn|25
|
|t:|1729030791
|-singleturn|p2a: Snorlax|move: Focus Punch
|move|p1a: Skarmory|Protect|p1a: Skarmory
|-singleturn|p1a: Skarmory|Protect
|move|p2a: Snorlax|Focus Punch|p1a: Skarmory
|-activate|p1a: Skarmory|Protect
|
|-weather|Sandstorm|[upkeep]
|-damage|p2a: Snorlax|73/100|[from] Sandstorm
|-heal|p1a: Skarmory|43/100|[from] item: Leftovers
|-heal|p2a: Snorlax|79/100|[from] item: Leftovers
|upkeep
|turn|26
|
|t:|1729030800
|switch|p1a: Salamence|Salamence, M|88/100
|-ability|p1a: Salamence|Intimidate|boost
|-unboost|p2a: Snorlax|atk|1
|move|p2a: Snorlax|Self-Destruct|p1a: Salamence
|-damage|p1a: Salamence|0 fnt
|faint|p2a: Snorlax
|faint|p1a: Salamence
|
|t:|1729030808
|switch|p1a: Skarmory|Skarmory, F|43/100
|switch|p2a: Suicune|Suicune, shiny|100/100
|-damage|p2a: Suicune|88/100|[from] Spikes
|
|-weather|Sandstorm|[upkeep]
|-damage|p2a: Suicune|82/100|[from] Sandstorm
|-heal|p2a: Suicune|88/100|[from] item: Leftovers
|-heal|p1a: Skarmory|49/100|[from] item: Leftovers
|upkeep
|turn|27
|
|t:|1729030816
|switch|p1a: Blissey|Blissey, F|100/100
|move|p2a: Suicune|Hydro Pump|p1a: Blissey
|-damage|p1a: Blissey|79/100
|
|-weather|Sandstorm|[upkeep]
|-damage|p2a: Suicune|82/100|[from] Sandstorm
|-damage|p1a: Blissey|73/100|[from] Sandstorm
|-heal|p2a: Suicune|88/100|[from] item: Leftovers
|-heal|p1a: Blissey|79/100|[from] item: Leftovers
|upkeep
|turn|28
|
|t:|1729030825
|move|p2a: Suicune|Calm Mind|p2a: Suicune
|-boost|p2a: Suicune|spa|1
|-boost|p2a: Suicune|spd|1
|move|p1a: Blissey|Seismic Toss|p2a: Suicune
|-damage|p2a: Suicune|61/100
|
|-weather|Sandstorm|[upkeep]
|-damage|p2a: Suicune|55/100|[from] Sandstorm
|-damage|p1a: Blissey|73/100|[from] Sandstorm
|-heal|p2a: Suicune|61/100|[from] item: Leftovers
|-heal|p1a: Blissey|79/100|[from] item: Leftovers
|upkeep
|turn|29
|
|t:|1729030828
|move|p1a: Blissey|Seismic Toss|p2a: Suicune
|-damage|p2a: Suicune|34/100
|move|p2a: Suicune|Roar|p1a: Blissey
|drag|p1a: Swampert|Swampert, F|100/100
|
|-weather|Sandstorm|[upkeep]
|-damage|p2a: Suicune|28/100|[from] Sandstorm
|-heal|p2a: Suicune|34/100|[from] item: Leftovers
|upkeep
|turn|30
|
|t:|1729030832
|switch|p1a: Blissey|Blissey, F|79/100
|move|p2a: Suicune|Hydro Pump|p1a: Blissey
|-damage|p1a: Blissey|45/100
|
|-weather|Sandstorm|[upkeep]
|-damage|p2a: Suicune|28/100|[from] Sandstorm
|-damage|p1a: Blissey|39/100|[from] Sandstorm
|-heal|p2a: Suicune|34/100|[from] item: Leftovers
|-heal|p1a: Blissey|45/100|[from] item: Leftovers
|upkeep
|turn|31
|
|t:|1729030837
|move|p1a: Blissey|Soft-Boiled|p1a: Blissey
|-heal|p1a: Blissey|95/100
|move|p2a: Suicune|Roar|p1a: Blissey
|drag|p1a: Skarmory|Skarmory, F|49/100
|
|-weather|Sandstorm|[upkeep]
|-damage|p2a: Suicune|28/100|[from] Sandstorm
|-heal|p2a: Suicune|34/100|[from] item: Leftovers
|-heal|p1a: Skarmory|55/100|[from] item: Leftovers
|upkeep
|turn|32
|
|t:|1729030842
|switch|p1a: Blissey|Blissey, F|95/100
|move|p2a: Suicune|Calm Mind|p2a: Suicune
|-boost|p2a: Suicune|spa|1
|-boost|p2a: Suicune|spd|1
|
|-weather|Sandstorm|[upkeep]
|-damage|p2a: Suicune|28/100|[from] Sandstorm
|-damage|p1a: Blissey|89/100|[from] Sandstorm
|-heal|p2a: Suicune|34/100|[from] item: Leftovers
|-heal|p1a: Blissey|95/100|[from] item: Leftovers
|upkeep
|turn|33
|
|t:|1729030845
|move|p2a: Suicune|Hydro Pump|p1a: Blissey
|-crit|p1a: Blissey
|-damage|p1a: Blissey|13/100
|move|p1a: Blissey|Seismic Toss|p2a: Suicune
|-damage|p2a: Suicune|6/100
|
|-weather|Sandstorm|[upkeep]
|-damage|p2a: Suicune|0 fnt|[from] Sandstorm
|-damage|p1a: Blissey|7/100|[from] Sandstorm
|faint|p2a: Suicune
|-heal|p1a: Blissey|13/100|[from] item: Leftovers
|upkeep
|inactive|JoaF has 270 seconds left.
|inactive|JoaF has 240 seconds left.
|
|t:|1729030911
|switch|p2a: Salamence|Salamence, F|100/100
|-ability|p2a: Salamence|Intimidate|boost
|-unboost|p1a: Blissey|atk|1
|turn|34
|
|t:|1729030918
|move|p2a: Salamence|Hidden Power|p1a: Blissey
|-damage|p1a: Blissey|0 fnt
|faint|p1a: Blissey
|
|t:|1729030932
|switch|p1a: Skarmory|Skarmory, F|55/100
|
|-weather|Sandstorm|[upkeep]
|-damage|p2a: Salamence|94/100|[from] Sandstorm
|-heal|p2a: Salamence|100/100|[from] item: Leftovers
|-heal|p1a: Skarmory|61/100|[from] item: Leftovers
|upkeep
|turn|35
|inactive|JoaF has 240 seconds left.
|
|t:|1729030969
|switch|p2a: Claydol|Claydol, shiny|87/100
|move|p1a: Skarmory|Toxic|p2a: Claydol
|-status|p2a: Claydol|tox
|
|-weather|Sandstorm|[upkeep]
|-heal|p2a: Claydol|93/100 tox|[from] item: Leftovers
|-damage|p2a: Claydol|87/100 tox|[from] psn
|-heal|p1a: Skarmory|67/100|[from] item: Leftovers
|upkeep
|turn|36
|
|t:|1729030976
|move|p1a: Skarmory|Protect|p1a: Skarmory
|-singleturn|p1a: Skarmory|Protect
|move|p2a: Claydol|Rapid Spin|p1a: Skarmory
|-activate|p1a: Skarmory|Protect
|
|-weather|Sandstorm|[upkeep]
|-heal|p2a: Claydol|93/100 tox|[from] item: Leftovers
|-damage|p2a: Claydol|80/100 tox|[from] psn
|-heal|p1a: Skarmory|73/100|[from] item: Leftovers
|upkeep
|turn|37
|
|t:|1729030987
|switch|p1a: Swampert|Swampert, F|100/100
|move|p2a: Claydol|Rock Slide|p1a: Swampert
|-resisted|p1a: Swampert
|-damage|p1a: Swampert|94/100
|
|-weather|Sandstorm|[upkeep]
|-heal|p2a: Claydol|87/100 tox|[from] item: Leftovers
|-damage|p2a: Claydol|68/100 tox|[from] psn
|-heal|p1a: Swampert|99/100|[from] item: Leftovers
|upkeep
|turn|38
|
|t:|1729030993
|move|p2a: Claydol|Earthquake|p1a: Swampert
|-crit|p1a: Swampert
|-damage|p1a: Swampert|47/100
|move|p1a: Swampert|Curse|p1a: Swampert
|-unboost|p1a: Swampert|spe|1
|-boost|p1a: Swampert|atk|1
|-boost|p1a: Swampert|def|1
|
|-weather|Sandstorm|[upkeep]
|-heal|p2a: Claydol|74/100 tox|[from] item: Leftovers
|-damage|p2a: Claydol|50/100 tox|[from] psn
|-heal|p1a: Swampert|53/100|[from] item: Leftovers
|upkeep
|turn|39
|
|t:|1729031001
|move|p1a: Swampert|Protect|p1a: Swampert
|-singleturn|p1a: Swampert|Protect
|move|p2a: Claydol|Earthquake|p1a: Swampert
|-activate|p1a: Swampert|Protect
|
|-weather|Sandstorm|[upkeep]
|-heal|p2a: Claydol|56/100 tox|[from] item: Leftovers
|-damage|p2a: Claydol|26/100 tox|[from] psn
|-heal|p1a: Swampert|59/100|[from] item: Leftovers
|upkeep
|turn|40
|
|t:|1729031006
|move|p2a: Claydol|Explosion|p1a: Swampert
|-damage|p1a: Swampert|2/100
|faint|p2a: Claydol
|
|t:|1729031011
|switch|p2a: Salamence|Salamence, F|100/100
|-ability|p2a: Salamence|Intimidate|boost
|-unboost|p1a: Swampert|atk|1
|
|-weather|Sandstorm|[upkeep]
|-damage|p2a: Salamence|94/100|[from] Sandstorm
|-heal|p2a: Salamence|100/100|[from] item: Leftovers
|-heal|p1a: Swampert|8/100|[from] item: Leftovers
|upkeep
|turn|41
|inactive|JoaF has 270 seconds left.
|
|t:|1729031017
|switch|p1a: Skarmory|Skarmory, F|73/100
|move|p2a: Salamence|Hidden Power|p1a: Skarmory
|-resisted|p1a: Skarmory
|-damage|p1a: Skarmory|56/100
|
|-weather|Sandstorm|[upkeep]
|-damage|p2a: Salamence|94/100|[from] Sandstorm
|-heal|p2a: Salamence|100/100|[from] item: Leftovers
|-heal|p1a: Skarmory|62/100|[from] item: Leftovers
|upkeep
|turn|42
|
|t:|1729031021
|move|p2a: Salamence|Dragon Dance|p2a: Salamence
|-boost|p2a: Salamence|atk|1
|-boost|p2a: Salamence|spe|1
|move|p1a: Skarmory|Toxic|p2a: Salamence
|-status|p2a: Salamence|tox
|
|-weather|Sandstorm|[upkeep]
|-damage|p2a: Salamence|94/100 tox|[from] Sandstorm
|-heal|p2a: Salamence|100/100 tox|[from] item: Leftovers
|-damage|p2a: Salamence|94/100 tox|[from] psn
|-heal|p1a: Skarmory|68/100|[from] item: Leftovers
|upkeep
|turn|43
|
|t:|1729031026
|move|p2a: Salamence|Dragon Dance|p2a: Salamence
|-boost|p2a: Salamence|atk|1
|-boost|p2a: Salamence|spe|1
|move|p1a: Skarmory|Roar||[still]
|-fail|p1a: Skarmory
|
|-weather|Sandstorm|[upkeep]
|-damage|p2a: Salamence|88/100 tox|[from] Sandstorm
|-heal|p2a: Salamence|94/100 tox|[from] item: Leftovers
|-damage|p2a: Salamence|82/100 tox|[from] psn
|-heal|p1a: Skarmory|74/100|[from] item: Leftovers
|upkeep
|turn|44
|
|t:|1729031041
|move|p1a: Skarmory|Protect|p1a: Skarmory
|-singleturn|p1a: Skarmory|Protect
|move|p2a: Salamence|Dragon Dance|p2a: Salamence
|-boost|p2a: Salamence|atk|1
|-boost|p2a: Salamence|spe|1
|
|-weather|Sandstorm|[upkeep]
|-damage|p2a: Salamence|76/100 tox|[from] Sandstorm
|-heal|p2a: Salamence|82/100 tox|[from] item: Leftovers
|-damage|p2a: Salamence|64/100 tox|[from] psn
|-heal|p1a: Skarmory|80/100|[from] item: Leftovers
|upkeep
|turn|45
|
|t:|1729031043
|switch|p1a: Swampert|Swampert, F|8/100
|move|p2a: Salamence|Rock Slide|p1a: Swampert
|-resisted|p1a: Swampert
|-damage|p1a: Swampert|0 fnt
|faint|p1a: Swampert
|
|t:|1729031045
|switch|p1a: Skarmory|Skarmory, F|80/100
|
|-weather|Sandstorm|[upkeep]
|-damage|p2a: Salamence|58/100 tox|[from] Sandstorm
|-heal|p2a: Salamence|64/100 tox|[from] item: Leftovers
|-damage|p2a: Salamence|39/100 tox|[from] psn
|-heal|p1a: Skarmory|86/100|[from] item: Leftovers
|upkeep
|turn|46
|
|t:|1729031052
|move|p1a: Skarmory|Protect|p1a: Skarmory
|-singleturn|p1a: Skarmory|Protect
|move|p2a: Salamence|Dragon Dance|p2a: Salamence
|-boost|p2a: Salamence|atk|1
|-boost|p2a: Salamence|spe|1
|
|-weather|Sandstorm|[upkeep]
|-damage|p2a: Salamence|33/100 tox|[from] Sandstorm
|-heal|p2a: Salamence|39/100 tox|[from] item: Leftovers
|-damage|p2a: Salamence|9/100 tox|[from] psn
|-heal|p1a: Skarmory|92/100|[from] item: Leftovers
|upkeep
|turn|47
|
|t:|1729031061
|move|p1a: Skarmory|Protect|p1a: Skarmory
|-singleturn|p1a: Skarmory|Protect
|move|p2a: Salamence|Rock Slide|p1a: Skarmory
|-activate|p1a: Skarmory|Protect
|
|-weather|Sandstorm|[upkeep]
|-damage|p2a: Salamence|3/100 tox|[from] Sandstorm
|-heal|p2a: Salamence|9/100 tox|[from] item: Leftovers
|-damage|p2a: Salamence|0 fnt|[from] psn
|faint|p2a: Salamence
|
|win|luisin
|upkeep
|c|☆luisin|ggs
|c|☆JoaF|gg

</script>
<script type="application/json" class="data" id="replaydata-smogtours-gen3ou-799051">
{"id":"smogtours-gen3ou-799051","format":"[Gen 3] OU","players":["luisin","JoaF"],"uploadtime":1729031061,"views":128,"formatid":"gen3ou","rating":null,"private":0,"password":null}
</script>

<script defer src="js/replays.js?9d40a366"></script>
