<!DOCTYPE html>
<meta charset="utf-8" />
<meta name="viewport" content="width=device-width" />

<title>[Gen 3] OU: datguycactus vs. brotha dog - Replays - Pok&eacute;mon Showdown!</title>

<meta name="description" content="Watch a replay of a Pok&eacute;mon battle between datguycactus and brotha dog! Format: [Gen 3] OU; Date: Oct 20, 2024" />
<!--

Hey, you! Looking in the source for the replay log?

You can find them in JSON format, just add `.json` at the end of a replay URL.

https://replay.pokemonshowdown.com/gen7randomdoublesbattle-865046831.json

Or, if you only need the log itself, add `.log` instead:

https://replay.pokemonshowdown.com/gen7randomdoublesbattle-865046831.log

-->

<link rel="stylesheet" href="//pokemonshowdown.com/style/global.css?0.023195364461161105" />
<link rel="stylesheet" href="//play.pokemonshowdown.com/style/font-awesome.css?0.13261647063804238" />
<link rel="stylesheet" href="//play.pokemonshowdown.com/style/battle.css?0.8753245789963631" />
<link rel="stylesheet" href="//play.pokemonshowdown.com/style/utilichart.css?0.8627959624976733" />

<!-- Global site tag (gtag.js) - Google Analytics -->
<script async src="https://www.googletagmanager.com/gtag/js?id=UA-26211653-1"></script>
<script>
  window.dataLayer = window.dataLayer || [];
  function gtag(){dataLayer.push(arguments);}
  gtag('js', new Date());

  gtag('config', 'UA-26211653-1');
</script>
<!-- End Google Analytics -->
<!-- Venatus Ad Manager - Install in <HEAD> of page -->
	<script src="https://hb.vntsm.com/v3/live/ad-manager.min.js" type="text/javascript" data-site-id="642aba63ec9a7b11c3c9c1be" data-mode="scan" async></script>
<!-- / Venatus Ad Manager -->

<style>
	@media (max-width:820px) {
		.battle {
			margin: 0 auto;
		}
		.battle-log {
			margin: 7px auto 0;
			max-width: 640px;
			height: 300px;
			position: static;
		}
	}
	.optgroup {
		display: inline-block;
		line-height: 22px;
		font-size: 10pt;
	}
	.optgroup .button {
		height: 25px;
		padding-top: 0;
		padding-bottom: 0;
	}
	.optgroup button.button {
		padding-left: 12px;
		padding-right: 12px;
	}
	.linklist {
		list-style: none;
		margin: 0.5em 0;
		padding: 0;
	}
	.linklist li {
		padding: 2px 0;
	}
	.sidebar {
		float: left;
		width: 320px;
	}
	.bar-wrapper {
		max-width: 1100px;
		margin: 0 auto;
	}
	.bar-wrapper.has-sidebar {
		max-width: 1430px;
	}
	.mainbar {
		margin: 0;
		padding-right: 1px;
	}
	.mainbar.has-sidebar {
		margin-left: 330px;
	}
	@media (min-width: 1511px) {
		.sidebar {
			width: 400px;
		}
		.bar-wrapper.has-sidebar {
			max-width: 1510px;
		}
		.mainbar.has-sidebar {
			margin-left: 410px;
		}
	}
	.section.first-section {
		margin-top: 9px;
	}
	.blocklink small {
		white-space: normal;
	}
	.button {
		vertical-align: middle;
	}
	.replay-controls {
		padding-top: 10px;
	}
	.replay-controls h1 {
		font-size: 16pt;
		font-weight: normal;
		color: #CCC;
	}
	.pagelink {
		text-align: center;
	}
	.pagelink a {
		width: 150px;
	}
	.textbox, .button {
		font-size: 11pt;
		vertical-align: middle;
	}
	@media (max-width: 450px) {
		.button {
			font-size: 9pt;
		}
	}
</style>

<div>

	<header>
		<div class="nav-wrapper"><ul class="nav">
			<li><a class="button nav-first" href="//pokemonshowdown.com/"><img src="//pokemonshowdown.com/images/pokemonshowdownbeta.png" srcset="//pokemonshowdown.com/images/pokemonshowdownbeta.png 1x, //pokemonshowdown.com/images/pokemonshowdownbeta@2x.png 2x" alt="Pok&eacute;mon Showdown" width="146" height="44" /> Home</a></li>
			<li><a class="button" href="//pokemonshowdown.com/dex/">Pok&eacute;dex</a></li>
			<li><a class="button cur" href="/">Replays</a></li>
			<li><a class="button" href="//pokemonshowdown.com/ladder/">Ladder</a></li>
			<li><a class="button nav-last" href="//pokemonshowdown.com/forums/">Forum</a></li>
			<li><a class="button greenbutton nav-first nav-last" href="//play.pokemonshowdown.com/">Play</a></li>
		</ul></div>
	</header>

	<div class="main" id="main">

		<noscript><section class="section">You need to enable JavaScript to use this page; sorry!</section></noscript>

	</div>

</div>

<script defer nomodule src="//play.pokemonshowdown.com/js/lib/ps-polyfill.js"></script>
<script defer src="//play.pokemonshowdown.com/js/lib/preact.min.js"></script>

<script defer src="//play.pokemonshowdown.com/config/config.js?2bddbc15"></script>
<script defer src="//play.pokemonshowdown.com/js/lib/jquery-1.11.0.min.js"></script>
<script defer src="//play.pokemonshowdown.com/js/lib/html-sanitizer-minified.js"></script>
<script defer src="//play.pokemonshowdown.com/js/battle-sound.js"></script>
<script defer src="//play.pokemonshowdown.com/js/battledata.js?0.7209276989879541"></script>
<script defer src="//play.pokemonshowdown.com/data/pokedex-mini.js?0.6111056340867951"></script>
<script defer src="//play.pokemonshowdown.com/data/pokedex-mini-bw.js?0.3532142036491459"></script>
<script defer src="//play.pokemonshowdown.com/data/graphics.js?0.24223875632456182"></script>
<script defer src="//play.pokemonshowdown.com/data/pokedex.js?0.38839984266356864"></script>
<script defer src="//play.pokemonshowdown.com/data/moves.js?0.21866028504024015"></script>
<script defer src="//play.pokemonshowdown.com/data/abilities.js?0.2005157953846628"></script>
<script defer src="//play.pokemonshowdown.com/data/items.js?0.9894211263848525"></script>
<script defer src="//play.pokemonshowdown.com/data/teambuilder-tables.js?0.6008791140282215"></script>
<script defer src="//play.pokemonshowdown.com/js/battle-tooltips.js?0.7580118955022959"></script>
<script defer src="//play.pokemonshowdown.com/js/battle.js?0.6057722274234274"></script>

<script defer src="js/utils.js?e31f9a17"></script>
<script defer src="js/replays-battle.js?7008c182"></script>

<!-- don't scrape this data! just add .json or .log after the URL!
Full API docs: https://github.com/smogon/pokemon-showdown-client/blob/master/WEB-API.md -->
<script type="text/plain" class="log" id="replaylog-smogtours-gen3ou-800943">
|inactive|Battle timer is ON: inactive players will automatically lose when time's up.
|t:|1729464055
|gametype|singles
|player|p1|datguycactus|266|
|player|p2|brotha dog|cynthia-masters|
|teamsize|p1|6
|teamsize|p2|6
|gen|3
|tier|[Gen 3] OU
|rule|Sleep Clause Mod: Limit one foe put to sleep
|rule|Switch Priority Clause Mod: Faster Pokémon switch first
|rule|Species Clause: Limit one of each Pokémon
|rule|OHKO Clause: OHKO moves are banned
|rule|Evasion Items Clause: Evasion items are banned
|rule|Evasion Moves Clause: Evasion moves are banned
|rule|Endless Battle Clause: Forcing endless battles is banned
|rule|HP Percentage Mod: HP is shown in percentages
|rule|One Boost Passer Clause: Limit one Baton Passer that has a way to boost its stats
|rule|Freeze Clause Mod: Limit one foe frozen
|
|t:|1729464055
|start
|switch|p1a: Metagross|Metagross|100/100
|switch|p2a: Tyranitar|Tyranitar, F|100/100
|-weather|Sandstorm|[from] ability: Sand Stream|[of] p2a: Tyranitar
|turn|1
|inactive|brotha dog also wants the timer to be on.
|
|t:|1729464081
|switch|p2a: Skarmory|Skarmory, M|100/100
|move|p1a: Metagross|Meteor Mash|p2a: Skarmory
|-resisted|p2a: Skarmory
|-damage|p2a: Skarmory|78/100
|
|-weather|Sandstorm|[upkeep]
|-heal|p2a: Skarmory|84/100|[from] item: Leftovers
|upkeep
|turn|2
|
|t:|1729464086
|switch|p1a: Magneton|Magneton|100/100
|move|p2a: Skarmory|Spikes|p1a: Magneton
|-sidestart|p1: datguycactus|Spikes
|
|-weather|Sandstorm|[upkeep]
|-heal|p2a: Skarmory|90/100|[from] item: Leftovers
|upkeep
|turn|3
|
|t:|1729464092
|move|p2a: Skarmory|Protect|p2a: Skarmory
|-singleturn|p2a: Skarmory|Protect
|move|p1a: Magneton|Thunderbolt|p2a: Skarmory
|-activate|p2a: Skarmory|Protect
|
|-weather|Sandstorm|[upkeep]
|-heal|p2a: Skarmory|96/100|[from] item: Leftovers
|upkeep
|turn|4
|
|t:|1729464095
|move|p1a: Magneton|Thunderbolt|p2a: Skarmory
|-supereffective|p2a: Skarmory
|-damage|p2a: Skarmory|12/100
|move|p2a: Skarmory|Spikes|p1a: Magneton
|-sidestart|p1: datguycactus|Spikes
|
|-weather|Sandstorm|[upkeep]
|-heal|p2a: Skarmory|18/100|[from] item: Leftovers
|upkeep
|turn|5
|
|t:|1729464100
|move|p1a: Magneton|Thunderbolt|p2a: Skarmory
|-supereffective|p2a: Skarmory
|-damage|p2a: Skarmory|0 fnt
|faint|p2a: Skarmory
|
|t:|1729464113
|switch|p2a: Flygon|Flygon, F|100/100
|
|-weather|Sandstorm|[upkeep]
|upkeep
|turn|6
|
|t:|1729464139
|switch|p1a: Gyarados|Gyarados, M|100/100
|-ability|p1a: Gyarados|Intimidate|boost
|-unboost|p2a: Flygon|atk|1
|move|p2a: Flygon|Toxic|p1a: Gyarados
|-status|p1a: Gyarados|tox
|
|-weather|Sandstorm|[upkeep]
|-damage|p1a: Gyarados|94/100 tox|[from] Sandstorm
|-heal|p1a: Gyarados|100/100 tox|[from] item: Leftovers
|-damage|p1a: Gyarados|94/100 tox|[from] psn
|upkeep
|turn|7
|inactive|brotha dog has 270 seconds left.
|
|t:|1729464183
|switch|p2a: Jirachi|Jirachi|100/100
|move|p1a: Gyarados|Dragon Dance|p1a: Gyarados
|-boost|p1a: Gyarados|atk|1
|-boost|p1a: Gyarados|spe|1
|
|-weather|Sandstorm|[upkeep]
|-damage|p1a: Gyarados|88/100 tox|[from] Sandstorm
|-heal|p1a: Gyarados|94/100 tox|[from] item: Leftovers
|-damage|p1a: Gyarados|82/100 tox|[from] psn
|upkeep
|turn|8
|
|t:|1729464191
|move|p1a: Gyarados|Dragon Dance|p1a: Gyarados
|-boost|p1a: Gyarados|atk|1
|-boost|p1a: Gyarados|spe|1
|move|p2a: Jirachi|Wish|p2a: Jirachi
|
|-weather|Sandstorm|[upkeep]
|-damage|p1a: Gyarados|76/100 tox|[from] Sandstorm
|-heal|p1a: Gyarados|82/100 tox|[from] item: Leftovers
|-damage|p1a: Gyarados|64/100 tox|[from] psn
|upkeep
|turn|9
|inactive|brotha dog has 270 seconds left.
|
|t:|1729464219
|switch|p2a: Flygon|Flygon, F|100/100
|move|p1a: Gyarados|Earthquake|p2a: Flygon
|-immune|p2a: Flygon
|
|-weather|Sandstorm|[upkeep]
|-damage|p1a: Gyarados|58/100 tox|[from] Sandstorm
|-heal|p1a: Gyarados|64/100 tox|[from] item: Leftovers
|-damage|p1a: Gyarados|40/100 tox|[from] psn
|upkeep
|turn|10
|
|t:|1729464228
|move|p2a: Flygon|Protect|p2a: Flygon
|-singleturn|p2a: Flygon|Protect
|move|p1a: Gyarados|Double-Edge|p2a: Flygon
|-activate|p2a: Flygon|Protect
|
|-weather|Sandstorm|[upkeep]
|-damage|p1a: Gyarados|34/100 tox|[from] Sandstorm
|-heal|p1a: Gyarados|40/100 tox|[from] item: Leftovers
|-damage|p1a: Gyarados|10/100 tox|[from] psn
|upkeep
|turn|11
|
|t:|1729464236
|switch|p2a: Duskull|Duskull, M|100/100
|move|p1a: Gyarados|Earthquake|p2a: Duskull
|-immune|p2a: Duskull
|
|-weather|Sandstorm|[upkeep]
|-damage|p1a: Gyarados|4/100 tox|[from] Sandstorm
|-damage|p2a: Duskull|94/100|[from] Sandstorm
|-heal|p1a: Gyarados|10/100 tox|[from] item: Leftovers
|-damage|p1a: Gyarados|0 fnt|[from] psn
|faint|p1a: Gyarados
|upkeep
|
|t:|1729464265
|switch|p1a: Magneton|Magneton|100/100
|-damage|p1a: Magneton|84/100|[from] Spikes
|turn|12
|inactive|brotha dog has 270 seconds left.
|
|t:|1729464277
|switch|p2a: Jirachi|Jirachi|100/100
|move|p1a: Magneton|Toxic|p2a: Jirachi
|-immune|p2a: Jirachi
|
|-weather|Sandstorm|[upkeep]
|-heal|p1a: Magneton|90/100|[from] item: Leftovers
|upkeep
|turn|13
|
|t:|1729464284
|move|p1a: Magneton|Thunder Wave|p2a: Jirachi
|-status|p2a: Jirachi|par
|move|p2a: Jirachi|Fire Punch|p1a: Magneton
|-supereffective|p1a: Magneton
|-damage|p1a: Magneton|34/100
|
|-weather|Sandstorm|[upkeep]
|-heal|p1a: Magneton|40/100|[from] item: Leftovers
|upkeep
|turn|14
|
|t:|1729464302
|switch|p1a: Milotic|Milotic, M|100/100
|-damage|p1a: Milotic|84/100|[from] Spikes
|cant|p2a: Jirachi|par
|
|-weather|Sandstorm|[upkeep]
|-damage|p1a: Milotic|78/100|[from] Sandstorm
|-heal|p1a: Milotic|84/100|[from] item: Leftovers
|upkeep
|turn|15
|inactive|brotha dog has 270 seconds left.
|
|t:|1729464335
|move|p1a: Milotic|Surf|p2a: Jirachi
|-damage|p2a: Jirachi|78/100 par
|cant|p2a: Jirachi|par
|
|-weather|Sandstorm|[upkeep]
|-damage|p1a: Milotic|78/100|[from] Sandstorm
|-heal|p1a: Milotic|84/100|[from] item: Leftovers
|-heal|p2a: Jirachi|84/100 par|[from] item: Leftovers
|upkeep
|turn|16
|
|t:|1729464341
|move|p1a: Milotic|Surf|p2a: Jirachi
|-damage|p2a: Jirachi|65/100 par
|move|p2a: Jirachi|Wish|p2a: Jirachi
|
|-weather|Sandstorm|[upkeep]
|-damage|p1a: Milotic|78/100|[from] Sandstorm
|-heal|p1a: Milotic|84/100|[from] item: Leftovers
|-heal|p2a: Jirachi|71/100 par|[from] item: Leftovers
|upkeep
|turn|17
|
|t:|1729464351
|move|p1a: Milotic|Surf|p2a: Jirachi
|-damage|p2a: Jirachi|49/100 par
|move|p2a: Jirachi|Toxic|p1a: Milotic
|-status|p1a: Milotic|tox
|
|-heal|p2a: Jirachi|99/100 par|[from] move: Wish|[wisher] Jirachi
|-weather|Sandstorm|[upkeep]
|-damage|p1a: Milotic|78/100 tox|[from] Sandstorm
|-heal|p1a: Milotic|84/100 tox|[from] item: Leftovers
|-damage|p1a: Milotic|78/100 tox|[from] psn
|-heal|p2a: Jirachi|100/100 par|[from] item: Leftovers
|upkeep
|turn|18
|
|t:|1729464358
|move|p1a: Milotic|Surf|p2a: Jirachi
|-damage|p2a: Jirachi|79/100 par
|cant|p2a: Jirachi|par
|
|-weather|Sandstorm|[upkeep]
|-damage|p1a: Milotic|72/100 tox|[from] Sandstorm
|-heal|p1a: Milotic|78/100 tox|[from] item: Leftovers
|-damage|p1a: Milotic|66/100 tox|[from] psn
|-heal|p2a: Jirachi|85/100 par|[from] item: Leftovers
|upkeep
|turn|19
|
|t:|1729464366
|switch|p1a: Celebi|Celebi|100/100
|-damage|p1a: Celebi|84/100|[from] Spikes
|switch|p2a: Duskull|Duskull, M|94/100
|
|-weather|Sandstorm|[upkeep]
|-damage|p1a: Celebi|78/100|[from] Sandstorm
|-damage|p2a: Duskull|88/100|[from] Sandstorm
|-heal|p1a: Celebi|84/100|[from] item: Leftovers
|upkeep
|turn|20
|
|t:|1729464371
|move|p1a: Celebi|Swords Dance|p1a: Celebi
|-boost|p1a: Celebi|atk|2
|move|p2a: Duskull|Thief|p1a: Celebi
|-supereffective|p1a: Celebi
|-damage|p1a: Celebi|77/100
|-enditem|p1a: Celebi|Leftovers|[silent]|[from] move: Thief|[of] p2a: Duskull
|-item|p2a: Duskull|Leftovers|[from] move: Thief|[of] p1a: Celebi
|
|-weather|Sandstorm|[upkeep]
|-damage|p1a: Celebi|70/100|[from] Sandstorm
|-damage|p2a: Duskull|82/100|[from] Sandstorm
|-heal|p2a: Duskull|88/100|[from] item: Leftovers
|upkeep
|turn|21
|
|t:|1729464382
|move|p1a: Celebi|Baton Pass|p1a: Celebi
|
|t:|1729464385
|switch|p1a: Heracross|Heracross, F|100/100|[from] Baton Pass
|-damage|p1a: Heracross|84/100|[from] Spikes
|move|p2a: Duskull|Will-O-Wisp|p1a: Heracross
|-status|p1a: Heracross|brn
|
|-weather|Sandstorm|[upkeep]
|-damage|p1a: Heracross|78/100 brn|[from] Sandstorm
|-damage|p2a: Duskull|82/100|[from] Sandstorm
|-heal|p1a: Heracross|84/100 brn|[from] item: Leftovers
|-damage|p1a: Heracross|71/100 brn|[from] brn
|-heal|p2a: Duskull|88/100|[from] item: Leftovers
|upkeep
|turn|22
|
|t:|1729464407
|move|p1a: Heracross|Megahorn|p2a: Duskull|[miss]
|-miss|p1a: Heracross|p2a: Duskull
|move|p2a: Duskull|Night Shade|p1a: Heracross
|-damage|p1a: Heracross|42/100 brn
|
|-weather|Sandstorm|[upkeep]
|-damage|p1a: Heracross|36/100 brn|[from] Sandstorm
|-damage|p2a: Duskull|82/100|[from] Sandstorm
|-heal|p1a: Heracross|42/100 brn|[from] item: Leftovers
|-damage|p1a: Heracross|29/100 brn|[from] brn
|-heal|p2a: Duskull|88/100|[from] item: Leftovers
|upkeep
|turn|23
|
|t:|1729464412
|move|p1a: Heracross|Megahorn|p2a: Duskull
|-resisted|p2a: Duskull
|-damage|p2a: Duskull|0 fnt
|faint|p2a: Duskull
|
|t:|1729464418
|switch|p2a: Moltres|Moltres|100/100
|
|-weather|Sandstorm|[upkeep]
|-damage|p2a: Moltres|94/100|[from] Sandstorm
|-damage|p1a: Heracross|23/100 brn|[from] Sandstorm
|-heal|p2a: Moltres|100/100|[from] item: Leftovers
|-heal|p1a: Heracross|29/100 brn|[from] item: Leftovers
|-damage|p1a: Heracross|17/100 brn|[from] brn
|upkeep
|turn|24
|
|t:|1729464427
|move|p2a: Moltres|Flamethrower|p1a: Heracross
|-supereffective|p1a: Heracross
|-damage|p1a: Heracross|0 fnt
|faint|p1a: Heracross
|
|t:|1729464429
|switch|p1a: Milotic|Milotic, M|66/100 tox
|-damage|p1a: Milotic|49/100 tox|[from] Spikes
|
|-weather|Sandstorm|[upkeep]
|-damage|p2a: Moltres|94/100|[from] Sandstorm
|-damage|p1a: Milotic|43/100 tox|[from] Sandstorm
|-heal|p2a: Moltres|100/100|[from] item: Leftovers
|-heal|p1a: Milotic|49/100 tox|[from] item: Leftovers
|-damage|p1a: Milotic|43/100 tox|[from] psn
|upkeep
|turn|25
|
|t:|1729464439
|move|p2a: Moltres|Hidden Power|p1a: Milotic
|-supereffective|p1a: Milotic
|-damage|p1a: Milotic|8/100 tox
|move|p1a: Milotic|Recover|p1a: Milotic
|-heal|p1a: Milotic|58/100 tox
|
|-weather|Sandstorm|[upkeep]
|-damage|p2a: Moltres|94/100|[from] Sandstorm
|-damage|p1a: Milotic|52/100 tox|[from] Sandstorm
|-heal|p2a: Moltres|100/100|[from] item: Leftovers
|-heal|p1a: Milotic|58/100 tox|[from] item: Leftovers
|-damage|p1a: Milotic|46/100 tox|[from] psn
|upkeep
|turn|26
|
|t:|1729464443
|move|p2a: Moltres|Hidden Power|p1a: Milotic
|-supereffective|p1a: Milotic
|-damage|p1a: Milotic|11/100 tox
|move|p1a: Milotic|Recover|p1a: Milotic
|-heal|p1a: Milotic|61/100 tox
|
|-weather|Sandstorm|[upkeep]
|-damage|p2a: Moltres|94/100|[from] Sandstorm
|-damage|p1a: Milotic|55/100 tox|[from] Sandstorm
|-heal|p2a: Moltres|100/100|[from] item: Leftovers
|-heal|p1a: Milotic|61/100 tox|[from] item: Leftovers
|-damage|p1a: Milotic|43/100 tox|[from] psn
|upkeep
|turn|27
|
|t:|1729464448
|switch|p1a: Magneton|Magneton|40/100
|-damage|p1a: Magneton|23/100|[from] Spikes
|move|p2a: Moltres|Hidden Power|p1a: Magneton
|-resisted|p1a: Magneton
|-damage|p1a: Magneton|3/100
|
|-weather|Sandstorm|[upkeep]
|-damage|p2a: Moltres|94/100|[from] Sandstorm
|-heal|p2a: Moltres|100/100|[from] item: Leftovers
|-heal|p1a: Magneton|10/100|[from] item: Leftovers
|upkeep
|turn|28
|
|t:|1729464459
|move|p2a: Moltres|Flamethrower|p1a: Magneton
|-supereffective|p1a: Magneton
|-damage|p1a: Magneton|0 fnt
|faint|p1a: Magneton
|
|t:|1729464461
|switch|p1a: Celebi|Celebi|70/100
|-damage|p1a: Celebi|54/100|[from] Spikes
|
|-weather|Sandstorm|[upkeep]
|-damage|p1a: Celebi|48/100|[from] Sandstorm
|-damage|p2a: Moltres|94/100|[from] Sandstorm
|-heal|p2a: Moltres|100/100|[from] item: Leftovers
|upkeep
|turn|29
|
|t:|1729464470
|move|p1a: Celebi|Hidden Power|p2a: Moltres
|-supereffective|p2a: Moltres
|-damage|p2a: Moltres|24/100
|move|p2a: Moltres|Flamethrower|p1a: Celebi
|-supereffective|p1a: Celebi
|-damage|p1a: Celebi|0 fnt
|faint|p1a: Celebi
|
|t:|1729464482
|switch|p1a: Milotic|Milotic, M|43/100 tox
|-damage|p1a: Milotic|26/100 tox|[from] Spikes
|
|-weather|Sandstorm|[upkeep]
|-damage|p2a: Moltres|18/100|[from] Sandstorm
|-damage|p1a: Milotic|20/100 tox|[from] Sandstorm
|-heal|p2a: Moltres|24/100|[from] item: Leftovers
|-heal|p1a: Milotic|26/100 tox|[from] item: Leftovers
|-damage|p1a: Milotic|20/100 tox|[from] psn
|upkeep
|turn|30
|
|t:|1729464484
|move|p2a: Moltres|Hidden Power|p1a: Milotic
|-supereffective|p1a: Milotic
|-damage|p1a: Milotic|0 fnt
|faint|p1a: Milotic
|
|t:|1729464485
|switch|p1a: Metagross|Metagross|100/100
|-damage|p1a: Metagross|84/100|[from] Spikes
|
|-weather|Sandstorm|[upkeep]
|-damage|p2a: Moltres|18/100|[from] Sandstorm
|-heal|p2a: Moltres|24/100|[from] item: Leftovers
|-heal|p1a: Metagross|90/100|[from] item: Leftovers
|upkeep
|turn|31
|
|t:|1729464488
|move|p2a: Moltres|Flamethrower|p1a: Metagross
|-supereffective|p1a: Metagross
|-damage|p1a: Metagross|0 fnt
|faint|p1a: Metagross
|
|win|brotha dog

</script>
<script type="application/json" class="data" id="replaydata-smogtours-gen3ou-800943">
{"id":"smogtours-gen3ou-800943","format":"[Gen 3] OU","players":["datguycactus","brotha dog"],"uploadtime":1729464488,"views":92,"formatid":"gen3ou","rating":null,"private":0,"password":null}
</script>

<script defer src="js/replays.js?9d40a366"></script>
