<!DOCTYPE html>
<meta charset="utf-8" />
<meta name="viewport" content="width=device-width" />

<title>[Gen 3] OU: Seradess vs. JCEntrena - Replays - Pok&eacute;mon Showdown!</title>

<meta name="description" content="Watch a replay of a Pok&eacute;mon battle between Seradess and JCEntrena! Format: [Gen 3] OU; Date: Oct 11, 2024" />
<!--

Hey, you! Looking in the source for the replay log?

You can find them in JSON format, just add `.json` at the end of a replay URL.

https://replay.pokemonshowdown.com/gen7randomdoublesbattle-865046831.json

Or, if you only need the log itself, add `.log` instead:

https://replay.pokemonshowdown.com/gen7randomdoublesbattle-865046831.log

-->

<link rel="stylesheet" href="//pokemonshowdown.com/style/global.css?0.023195364461161105" />
<link rel="stylesheet" href="//play.pokemonshowdown.com/style/font-awesome.css?0.13261647063804238" />
<link rel="stylesheet" href="//play.pokemonshowdown.com/style/battle.css?0.8753245789963631" />
<link rel="stylesheet" href="//play.pokemonshowdown.com/style/utilichart.css?0.8627959624976733" />

<!-- Global site tag (gtag.js) - Google Analytics -->
<script async src="https://www.googletagmanager.com/gtag/js?id=UA-26211653-1"></script>
<script>
  window.dataLayer = window.dataLayer || [];
  function gtag(){dataLayer.push(arguments);}
  gtag('js', new Date());

  gtag('config', 'UA-26211653-1');
</script>
<!-- End Google Analytics -->
<!-- Venatus Ad Manager - Install in <HEAD> of page -->
	<script src="https://hb.vntsm.com/v3/live/ad-manager.min.js" type="text/javascript" data-site-id="642aba63ec9a7b11c3c9c1be" data-mode="scan" async></script>
<!-- / Venatus Ad Manager -->

<style>
	@media (max-width:820px) {
		.battle {
			margin: 0 auto;
		}
		.battle-log {
			margin: 7px auto 0;
			max-width: 640px;
			height: 300px;
			position: static;
		}
	}
	.optgroup {
		display: inline-block;
		line-height: 22px;
		font-size: 10pt;
	}
	.optgroup .button {
		height: 25px;
		padding-top: 0;
		padding-bottom: 0;
	}
	.optgroup button.button {
		padding-left: 12px;
		padding-right: 12px;
	}
	.linklist {
		list-style: none;
		margin: 0.5em 0;
		padding: 0;
	}
	.linklist li {
		padding: 2px 0;
	}
	.sidebar {
		float: left;
		width: 320px;
	}
	.bar-wrapper {
		max-width: 1100px;
		margin: 0 auto;
	}
	.bar-wrapper.has-sidebar {
		max-width: 1430px;
	}
	.mainbar {
		margin: 0;
		padding-right: 1px;
	}
	.mainbar.has-sidebar {
		margin-left: 330px;
	}
	@media (min-width: 1511px) {
		.sidebar {
			width: 400px;
		}
		.bar-wrapper.has-sidebar {
			max-width: 1510px;
		}
		.mainbar.has-sidebar {
			margin-left: 410px;
		}
	}
	.section.first-section {
		margin-top: 9px;
	}
	.blocklink small {
		white-space: normal;
	}
	.button {
		vertical-align: middle;
	}
	.replay-controls {
		padding-top: 10px;
	}
	.replay-controls h1 {
		font-size: 16pt;
		font-weight: normal;
		color: #CCC;
	}
	.pagelink {
		text-align: center;
	}
	.pagelink a {
		width: 150px;
	}
	.textbox, .button {
		font-size: 11pt;
		vertical-align: middle;
	}
	@media (max-width: 450px) {
		.button {
			font-size: 9pt;
		}
	}
</style>

<div>

	<header>
		<div class="nav-wrapper"><ul class="nav">
			<li><a class="button nav-first" href="//pokemonshowdown.com/"><img src="//pokemonshowdown.com/images/pokemonshowdownbeta.png" srcset="//pokemonshowdown.com/images/pokemonshowdownbeta.png 1x, //pokemonshowdown.com/images/pokemonshowdownbeta@2x.png 2x" alt="Pok&eacute;mon Showdown" width="146" height="44" /> Home</a></li>
			<li><a class="button" href="//pokemonshowdown.com/dex/">Pok&eacute;dex</a></li>
			<li><a class="button cur" href="/">Replays</a></li>
			<li><a class="button" href="//pokemonshowdown.com/ladder/">Ladder</a></li>
			<li><a class="button nav-last" href="//pokemonshowdown.com/forums/">Forum</a></li>
			<li><a class="button greenbutton nav-first nav-last" href="//play.pokemonshowdown.com/">Play</a></li>
		</ul></div>
	</header>

	<div class="main" id="main">

		<noscript><section class="section">You need to enable JavaScript to use this page; sorry!</section></noscript>

	</div>

</div>

<script defer nomodule src="//play.pokemonshowdown.com/js/lib/ps-polyfill.js"></script>
<script defer src="//play.pokemonshowdown.com/js/lib/preact.min.js"></script>

<script defer src="//play.pokemonshowdown.com/config/config.js?2bddbc15"></script>
<script defer src="//play.pokemonshowdown.com/js/lib/jquery-1.11.0.min.js"></script>
<script defer src="//play.pokemonshowdown.com/js/lib/html-sanitizer-minified.js"></script>
<script defer src="//play.pokemonshowdown.com/js/battle-sound.js"></script>
<script defer src="//play.pokemonshowdown.com/js/battledata.js?0.7209276989879541"></script>
<script defer src="//play.pokemonshowdown.com/data/pokedex-mini.js?0.6111056340867951"></script>
<script defer src="//play.pokemonshowdown.com/data/pokedex-mini-bw.js?0.3532142036491459"></script>
<script defer src="//play.pokemonshowdown.com/data/graphics.js?0.24223875632456182"></script>
<script defer src="//play.pokemonshowdown.com/data/pokedex.js?0.38839984266356864"></script>
<script defer src="//play.pokemonshowdown.com/data/moves.js?0.21866028504024015"></script>
<script defer src="//play.pokemonshowdown.com/data/abilities.js?0.2005157953846628"></script>
<script defer src="//play.pokemonshowdown.com/data/items.js?0.9894211263848525"></script>
<script defer src="//play.pokemonshowdown.com/data/teambuilder-tables.js?0.6008791140282215"></script>
<script defer src="//play.pokemonshowdown.com/js/battle-tooltips.js?0.7580118955022959"></script>
<script defer src="//play.pokemonshowdown.com/js/battle.js?0.6057722274234274"></script>

<script defer src="js/utils.js?e31f9a17"></script>
<script defer src="js/replays-battle.js?7008c182"></script>

<!-- don't scrape this data! just add .json or .log after the URL!
Full API docs: https://github.com/smogon/pokemon-showdown-client/blob/master/WEB-API.md -->
<script type="text/plain" class="log" id="replaylog-smogtours-gen3ou-797203">
|inactive|Battle timer is ON: inactive players will automatically lose when time's up.
|t:|1728663542
|gametype|singles
|player|p1|Seradess|170|
|player|p2|JCEntrena|veteran|
|teamsize|p1|6
|teamsize|p2|6
|gen|3
|tier|[Gen 3] OU
|rule|Sleep Clause Mod: Limit one foe put to sleep
|rule|Switch Priority Clause Mod: Faster Pokémon switch first
|rule|Species Clause: Limit one of each Pokémon
|rule|OHKO Clause: OHKO moves are banned
|rule|Evasion Items Clause: Evasion items are banned
|rule|Evasion Moves Clause: Evasion moves are banned
|rule|Endless Battle Clause: Forcing endless battles is banned
|rule|HP Percentage Mod: HP is shown in percentages
|rule|One Boost Passer Clause: Limit one Baton Passer that has a way to boost its stats
|rule|Freeze Clause Mod: Limit one foe frozen
|
|t:|1728663542
|start
|switch|p1a: Tundra|Tyranitar, F, shiny|100/100
|switch|p2a: Salamence|Salamence, M|100/100
|-ability|p2a: Salamence|Intimidate|boost
|-unboost|p1a: Tundra|atk|1
|-weather|Sandstorm|[from] ability: Sand Stream|[of] p1a: Tundra
|turn|1
|c|☆JCEntrena|glhf
|
|t:|1728663568
|switch|p1a: Skarmory|Skarmory, F|100/100
|move|p2a: Salamence|Brick Break|p1a: Skarmory
|-crit|p1a: Skarmory
|-damage|p1a: Skarmory|36/100
|
|-weather|Sandstorm|[upkeep]
|-damage|p2a: Salamence|94/100|[from] Sandstorm
|-heal|p1a: Skarmory|42/100|[from] item: Leftovers
|upkeep
|turn|2
|
|t:|1728663589
|switch|p2a: Magneton|Magneton|100/100
|move|p1a: Skarmory|Spikes|p2a: Magneton
|-sidestart|p2: JCEntrena|Spikes
|
|-weather|Sandstorm|[upkeep]
|-heal|p1a: Skarmory|48/100|[from] item: Leftovers
|upkeep
|turn|3
|
|t:|1728663593
|move|p2a: Magneton|Thunderbolt|p1a: Skarmory
|-supereffective|p1a: Skarmory
|-damage|p1a: Skarmory|0 fnt
|faint|p1a: Skarmory
|
|t:|1728663600
|switch|p1a: Tundra|Tyranitar, F, shiny|100/100
|
|-weather|Sandstorm|[upkeep]
|upkeep
|turn|4
|
|t:|1728663607
|move|p2a: Magneton|Toxic|p1a: Tundra
|-status|p1a: Tundra|tox
|move|p1a: Tundra|Flamethrower|p2a: Magneton
|-supereffective|p2a: Magneton
|-damage|p2a: Magneton|0 fnt
|faint|p2a: Magneton
|inactive|JCEntrena has 270 seconds left.
|
|t:|1728663650
|switch|p2a: Snorlax|Snorlax, M, shiny|100/100
|-damage|p2a: Snorlax|88/100|[from] Spikes
|
|-weather|Sandstorm|[upkeep]
|-damage|p2a: Snorlax|82/100|[from] Sandstorm
|-damage|p1a: Tundra|94/100 tox|[from] psn
|-heal|p2a: Snorlax|88/100|[from] item: Leftovers
|upkeep
|turn|5
|
|t:|1728663662
|move|p1a: Tundra|Brick Break|p2a: Snorlax
|-supereffective|p2a: Snorlax
|-damage|p2a: Snorlax|52/100
|move|p2a: Snorlax|Curse|p2a: Snorlax
|-unboost|p2a: Snorlax|spe|1
|-boost|p2a: Snorlax|atk|1
|-boost|p2a: Snorlax|def|1
|
|-weather|Sandstorm|[upkeep]
|-damage|p2a: Snorlax|46/100|[from] Sandstorm
|-heal|p1a: Tundra|100/100 tox|[from] item: Leftovers
|-damage|p1a: Tundra|88/100 tox|[from] psn
|-heal|p2a: Snorlax|52/100|[from] item: Leftovers
|upkeep
|turn|6
|inactive|JCEntrena has 270 seconds left.
|
|t:|1728663677
|move|p1a: Tundra|Crunch|p2a: Snorlax
|-damage|p2a: Snorlax|32/100
|move|p2a: Snorlax|Rest|p2a: Snorlax
|-status|p2a: Snorlax|slp|[from] move: Rest
|-heal|p2a: Snorlax|100/100 slp|[silent]
|
|-weather|Sandstorm|[upkeep]
|-damage|p2a: Snorlax|94/100 slp|[from] Sandstorm
|-heal|p1a: Tundra|94/100 tox|[from] item: Leftovers
|-damage|p1a: Tundra|76/100 tox|[from] psn
|-heal|p2a: Snorlax|100/100 slp|[from] item: Leftovers
|upkeep
|turn|7
|inactive|JCEntrena has 270 seconds left.
|
|t:|1728663685
|switch|p1a: LeBron|Swampert, M, shiny|100/100
|cant|p2a: Snorlax|slp
|
|-weather|Sandstorm|[upkeep]
|-damage|p2a: Snorlax|94/100 slp|[from] Sandstorm
|-heal|p2a: Snorlax|100/100 slp|[from] item: Leftovers
|upkeep
|turn|8
|inactive|JCEntrena has 270 seconds left.
|
|t:|1728663698
|switch|p2a: Celebi|Celebi|100/100
|-damage|p2a: Celebi|88/100|[from] Spikes
|move|p1a: LeBron|Curse|p1a: LeBron
|-unboost|p1a: LeBron|spe|1
|-boost|p1a: LeBron|atk|1
|-boost|p1a: LeBron|def|1
|
|-weather|Sandstorm|[upkeep]
|-damage|p2a: Celebi|82/100|[from] Sandstorm
|-heal|p2a: Celebi|88/100|[from] item: Leftovers
|upkeep
|turn|9
|
|t:|1728663706
|switch|p1a: Jirachi|Jirachi|100/100
|move|p2a: Celebi|Leech Seed|p1a: Jirachi
|-start|p1a: Jirachi|move: Leech Seed
|
|-weather|Sandstorm|[upkeep]
|-damage|p2a: Celebi|82/100|[from] Sandstorm
|-damage|p1a: Jirachi|88/100|[from] Leech Seed|[of] p2a: Celebi
|-heal|p2a: Celebi|92/100|[silent]
|-heal|p2a: Celebi|99/100|[from] item: Leftovers
|upkeep
|turn|10
|inactive|JCEntrena has 270 seconds left.
|
|t:|1728663727
|switch|p2a: Claydol|Claydol|100/100
|move|p1a: Jirachi|Body Slam|p2a: Claydol
|-damage|p2a: Claydol|83/100
|-status|p2a: Claydol|par
|
|-weather|Sandstorm|[upkeep]
|-heal|p1a: Jirachi|94/100|[from] item: Leftovers
|-damage|p1a: Jirachi|82/100|[from] Leech Seed|[of] p2a: Claydol
|-heal|p2a: Claydol|96/100 par|[silent]
|-heal|p2a: Claydol|100/100 par|[from] item: Leftovers
|upkeep
|turn|11
|inactive|JCEntrena has 270 seconds left.
|
|t:|1728663741
|switch|p1a: Tundra|Tyranitar, F, shiny|76/100 tox
|move|p2a: Claydol|Rapid Spin|p1a: Tundra
|-resisted|p1a: Tundra
|-damage|p1a: Tundra|74/100 tox
|-sideend|p2: JCEntrena|Spikes|[from] move: Rapid Spin|[of] p2a: Claydol
|
|-weather|Sandstorm|[upkeep]
|-heal|p1a: Tundra|80/100 tox|[from] item: Leftovers
|-damage|p1a: Tundra|74/100 tox|[from] psn
|upkeep
|turn|12
|inactive|JCEntrena has 270 seconds left.
|
|t:|1728663753
|move|p1a: Tundra|Crunch|p2a: Claydol
|-supereffective|p2a: Claydol
|-damage|p2a: Claydol|37/100 par
|move|p2a: Claydol|Earthquake|p1a: Tundra
|-supereffective|p1a: Tundra
|-damage|p1a: Tundra|25/100 tox
|
|-weather|Sandstorm|[upkeep]
|-heal|p1a: Tundra|31/100 tox|[from] item: Leftovers
|-damage|p1a: Tundra|19/100 tox|[from] psn
|-heal|p2a: Claydol|44/100 par|[from] item: Leftovers
|upkeep
|turn|13
|inactive|JCEntrena has 270 seconds left.
|
|t:|1728663768
|move|p1a: Tundra|Crunch|p2a: Claydol
|-supereffective|p2a: Claydol
|-damage|p2a: Claydol|0 fnt
|faint|p2a: Claydol
|inactive|JCEntrena has 270 seconds left.
|
|t:|1728663781
|switch|p2a: Suicune|Suicune|100/100
|
|-weather|Sandstorm|[upkeep]
|-damage|p2a: Suicune|94/100|[from] Sandstorm
|-heal|p2a: Suicune|100/100|[from] item: Leftovers
|-heal|p1a: Tundra|25/100 tox|[from] item: Leftovers
|-damage|p1a: Tundra|6/100 tox|[from] psn
|upkeep
|turn|14
|inactive|JCEntrena has 270 seconds left.
|
|t:|1728663787
|move|p2a: Suicune|Calm Mind|p2a: Suicune
|-boost|p2a: Suicune|spa|1
|-boost|p2a: Suicune|spd|1
|move|p1a: Tundra|Crunch|p2a: Suicune
|-damage|p2a: Suicune|81/100
|
|-weather|Sandstorm|[upkeep]
|-damage|p2a: Suicune|75/100|[from] Sandstorm
|-heal|p2a: Suicune|81/100|[from] item: Leftovers
|-heal|p1a: Tundra|12/100 tox|[from] item: Leftovers
|-damage|p1a: Tundra|0 fnt|[from] psn
|faint|p1a: Tundra
|upkeep
|
|t:|1728663795
|switch|p1a: Blissey|Blissey, F|100/100
|turn|15
|
|t:|1728663801
|move|p2a: Suicune|Calm Mind|p2a: Suicune
|-boost|p2a: Suicune|spa|1
|-boost|p2a: Suicune|spd|1
|move|p1a: Blissey|Thunderbolt|p2a: Suicune
|-supereffective|p2a: Suicune
|-damage|p2a: Suicune|63/100
|
|-weather|Sandstorm|[upkeep]
|-damage|p2a: Suicune|57/100|[from] Sandstorm
|-damage|p1a: Blissey|94/100|[from] Sandstorm
|-heal|p2a: Suicune|63/100|[from] item: Leftovers
|-heal|p1a: Blissey|100/100|[from] item: Leftovers
|upkeep
|turn|16
|
|t:|1728663808
|move|p2a: Suicune|Calm Mind|p2a: Suicune
|-boost|p2a: Suicune|spa|1
|-boost|p2a: Suicune|spd|1
|move|p1a: Blissey|Calm Mind|p1a: Blissey
|-boost|p1a: Blissey|spa|1
|-boost|p1a: Blissey|spd|1
|
|-weather|Sandstorm|[upkeep]
|-damage|p2a: Suicune|57/100|[from] Sandstorm
|-damage|p1a: Blissey|94/100|[from] Sandstorm
|-heal|p2a: Suicune|63/100|[from] item: Leftovers
|-heal|p1a: Blissey|100/100|[from] item: Leftovers
|upkeep
|turn|17
|
|t:|1728663813
|move|p2a: Suicune|Calm Mind|p2a: Suicune
|-boost|p2a: Suicune|spa|1
|-boost|p2a: Suicune|spd|1
|move|p1a: Blissey|Calm Mind|p1a: Blissey
|-boost|p1a: Blissey|spa|1
|-boost|p1a: Blissey|spd|1
|
|-weather|Sandstorm|[upkeep]
|-damage|p2a: Suicune|57/100|[from] Sandstorm
|-damage|p1a: Blissey|94/100|[from] Sandstorm
|-heal|p2a: Suicune|63/100|[from] item: Leftovers
|-heal|p1a: Blissey|100/100|[from] item: Leftovers
|upkeep
|turn|18
|
|t:|1728663818
|move|p2a: Suicune|Calm Mind|p2a: Suicune
|-boost|p2a: Suicune|spa|1
|-boost|p2a: Suicune|spd|1
|move|p1a: Blissey|Thunderbolt|p2a: Suicune
|-supereffective|p2a: Suicune
|-damage|p2a: Suicune|39/100
|
|-weather|Sandstorm|[upkeep]
|-damage|p2a: Suicune|33/100|[from] Sandstorm
|-damage|p1a: Blissey|94/100|[from] Sandstorm
|-heal|p2a: Suicune|39/100|[from] item: Leftovers
|-heal|p1a: Blissey|100/100|[from] item: Leftovers
|upkeep
|turn|19
|
|t:|1728663831
|move|p2a: Suicune|Rest|p2a: Suicune
|-status|p2a: Suicune|slp|[from] move: Rest
|-heal|p2a: Suicune|100/100 slp|[silent]
|move|p1a: Blissey|Thunderbolt|p2a: Suicune
|-supereffective|p2a: Suicune
|-damage|p2a: Suicune|77/100 slp
|
|-weather|Sandstorm|[upkeep]
|-damage|p2a: Suicune|70/100 slp|[from] Sandstorm
|-damage|p1a: Blissey|94/100|[from] Sandstorm
|-heal|p2a: Suicune|77/100 slp|[from] item: Leftovers
|-heal|p1a: Blissey|100/100|[from] item: Leftovers
|upkeep
|turn|20
|
|t:|1728663837
|move|p1a: Blissey|Calm Mind|p1a: Blissey
|-boost|p1a: Blissey|spa|1
|-boost|p1a: Blissey|spd|1
|cant|p2a: Suicune|slp
|
|-weather|Sandstorm|[upkeep]
|-damage|p2a: Suicune|70/100 slp|[from] Sandstorm
|-damage|p1a: Blissey|94/100|[from] Sandstorm
|-heal|p2a: Suicune|77/100 slp|[from] item: Leftovers
|-heal|p1a: Blissey|100/100|[from] item: Leftovers
|upkeep
|turn|21
|
|t:|1728663845
|move|p1a: Blissey|Thunderbolt|p2a: Suicune
|-supereffective|p2a: Suicune
|-damage|p2a: Suicune|51/100 slp
|cant|p2a: Suicune|slp
|
|-weather|Sandstorm|[upkeep]
|-damage|p2a: Suicune|44/100 slp|[from] Sandstorm
|-damage|p1a: Blissey|94/100|[from] Sandstorm
|-heal|p2a: Suicune|51/100 slp|[from] item: Leftovers
|-heal|p1a: Blissey|100/100|[from] item: Leftovers
|upkeep
|turn|22
|
|t:|1728663849
|move|p1a: Blissey|Thunderbolt|p2a: Suicune
|-supereffective|p2a: Suicune
|-damage|p2a: Suicune|22/100 slp
|-curestatus|p2a: Suicune|slp|[msg]
|move|p2a: Suicune|Roar|p1a: Blissey
|drag|p1a: Jirachi|Jirachi|82/100
|
|-weather|Sandstorm|[upkeep]
|-damage|p2a: Suicune|16/100|[from] Sandstorm
|-heal|p1a: Jirachi|88/100|[from] item: Leftovers
|-heal|p2a: Suicune|22/100|[from] item: Leftovers
|upkeep
|turn|23
|
|t:|1728663868
|switch|p2a: Celebi|Celebi|99/100
|move|p1a: Jirachi|Body Slam|p2a: Celebi
|-damage|p2a: Celebi|86/100
|-status|p2a: Celebi|par
|
|-weather|Sandstorm|[upkeep]
|-damage|p2a: Celebi|79/100 par|[from] Sandstorm
|-heal|p1a: Jirachi|94/100|[from] item: Leftovers
|-heal|p2a: Celebi|86/100 par|[from] item: Leftovers
|upkeep
|turn|24
|
|t:|1728663876
|move|p1a: Jirachi|Fire Punch|p2a: Celebi
|-supereffective|p2a: Celebi
|-damage|p2a: Celebi|49/100 par
|move|p2a: Celebi|Leech Seed|p1a: Jirachi
|-start|p1a: Jirachi|move: Leech Seed
|
|-weather|Sandstorm|[upkeep]
|-damage|p2a: Celebi|42/100 par|[from] Sandstorm
|-heal|p1a: Jirachi|100/100|[from] item: Leftovers
|-damage|p1a: Jirachi|88/100|[from] Leech Seed|[of] p2a: Celebi
|-heal|p2a: Celebi|53/100 par|[silent]
|-heal|p2a: Celebi|59/100 par|[from] item: Leftovers
|upkeep
|turn|25
|inactive|Seradess has 270 seconds left.
|
|t:|1728663909
|move|p1a: Jirachi|Body Slam|p2a: Celebi
|-damage|p2a: Celebi|45/100 par
|move|p2a: Celebi|Recover|p2a: Celebi
|-heal|p2a: Celebi|95/100 par
|
|-weather|Sandstorm|[upkeep]
|-damage|p2a: Celebi|89/100 par|[from] Sandstorm
|-heal|p1a: Jirachi|94/100|[from] item: Leftovers
|-damage|p1a: Jirachi|82/100|[from] Leech Seed|[of] p2a: Celebi
|-heal|p2a: Celebi|99/100 par|[silent]
|-heal|p2a: Celebi|100/100 par|[from] item: Leftovers
|upkeep
|turn|26
|inactive|Seradess has 270 seconds left.
|
|t:|1728663926
|switch|p1a: Aleithilithos|Aerodactyl, M, shiny|100/100
|-curestatus|p2a: Celebi|par|[from] ability: Natural Cure
|switch|p2a: Snorlax|Snorlax, M, shiny|100/100 slp
|
|-weather|Sandstorm|[upkeep]
|-damage|p2a: Snorlax|94/100 slp|[from] Sandstorm
|-heal|p2a: Snorlax|100/100 slp|[from] item: Leftovers
|upkeep
|turn|27
|
|t:|1728663937
|move|p1a: Aleithilithos|Double-Edge|p2a: Snorlax
|-damage|p2a: Snorlax|53/100 slp
|cant|p2a: Snorlax|slp
|
|-weather|Sandstorm|[upkeep]
|-damage|p2a: Snorlax|47/100 slp|[from] Sandstorm
|-heal|p2a: Snorlax|53/100 slp|[from] item: Leftovers
|upkeep
|turn|28
|inactive|JCEntrena has 270 seconds left.
|
|t:|1728663961
|switch|p1a: LeBron|Swampert, M, shiny|100/100
|switch|p2a: Salamence|Salamence, M|94/100
|-ability|p2a: Salamence|Intimidate|boost
|-unboost|p1a: LeBron|atk|1
|
|-weather|Sandstorm|[upkeep]
|-damage|p2a: Salamence|88/100|[from] Sandstorm
|upkeep
|turn|29
|inactive|JCEntrena has 270 seconds left.
|inactive|Seradess has 270 seconds left.
|
|t:|1728663996
|switch|p1a: Jirachi|Jirachi|82/100
|move|p2a: Salamence|Earthquake|p1a: Jirachi
|-supereffective|p1a: Jirachi
|-crit|p1a: Jirachi
|-damage|p1a: Jirachi|0 fnt
|faint|p1a: Jirachi
|
|t:|1728664000
|switch|p1a: Aleithilithos|Aerodactyl, M, shiny|100/100
|
|-weather|Sandstorm|[upkeep]
|-damage|p2a: Salamence|82/100|[from] Sandstorm
|upkeep
|turn|30
|
|t:|1728664012
|switch|p2a: Suicune|Suicune|22/100
|move|p1a: Aleithilithos|Double-Edge|p2a: Suicune
|-damage|p2a: Suicune|0 fnt
|faint|p2a: Suicune
|
|t:|1728664018
|switch|p2a: Salamence|Salamence, M|82/100
|-ability|p2a: Salamence|Intimidate|boost
|-unboost|p1a: Aleithilithos|atk|1
|
|-weather|Sandstorm|[upkeep]
|-damage|p2a: Salamence|76/100|[from] Sandstorm
|upkeep
|turn|31
|
|t:|1728664031
|switch|p1a: Blissey|Blissey, F|100/100
|move|p2a: Salamence|Brick Break|p1a: Blissey
|-supereffective|p1a: Blissey
|-damage|p1a: Blissey|16/100
|
|-weather|Sandstorm|[upkeep]
|-damage|p2a: Salamence|70/100|[from] Sandstorm
|-damage|p1a: Blissey|10/100|[from] Sandstorm
|-heal|p1a: Blissey|16/100|[from] item: Leftovers
|upkeep
|turn|32
|
|t:|1728664037
|move|p2a: Salamence|Brick Break|p1a: Blissey
|-supereffective|p1a: Blissey
|-damage|p1a: Blissey|0 fnt
|faint|p1a: Blissey
|
|t:|1728664041
|switch|p1a: Aleithilithos|Aerodactyl, M, shiny|100/100
|
|-weather|Sandstorm|[upkeep]
|-damage|p2a: Salamence|64/100|[from] Sandstorm
|upkeep
|turn|33
|inactive|JCEntrena has 270 seconds left.
|
|t:|1728664052
|switch|p2a: Snorlax|Snorlax, M, shiny|53/100 slp
|move|p1a: Aleithilithos|Double-Edge|p2a: Snorlax
|-damage|p2a: Snorlax|9/100 slp
|
|-weather|Sandstorm|[upkeep]
|-damage|p2a: Snorlax|3/100 slp|[from] Sandstorm
|-heal|p2a: Snorlax|9/100 slp|[from] item: Leftovers
|upkeep
|turn|34
|
|t:|1728664059
|move|p1a: Aleithilithos|Double-Edge|p2a: Snorlax
|-damage|p2a: Snorlax|0 fnt
|faint|p2a: Snorlax
|
|t:|1728664064
|switch|p2a: Salamence|Salamence, M|64/100
|-ability|p2a: Salamence|Intimidate|boost
|-unboost|p1a: Aleithilithos|atk|1
|
|-weather|Sandstorm|[upkeep]
|-damage|p2a: Salamence|58/100|[from] Sandstorm
|upkeep
|turn|35
|inactive|JCEntrena has 270 seconds left.
|
|t:|1728664091
|switch|p1a: LeBron|Swampert, M, shiny|100/100
|move|p2a: Salamence|Rock Slide|p1a: LeBron
|-resisted|p1a: LeBron
|-damage|p1a: LeBron|83/100
|
|-weather|Sandstorm|[upkeep]
|-damage|p2a: Salamence|52/100|[from] Sandstorm
|-heal|p1a: LeBron|89/100|[from] item: Leftovers
|upkeep
|turn|36
|
|t:|1728664107
|switch|p2a: Celebi|Celebi|100/100
|move|p1a: LeBron|Ice Beam|p2a: Celebi
|-supereffective|p2a: Celebi
|-damage|p2a: Celebi|67/100
|
|-weather|Sandstorm|[upkeep]
|-damage|p2a: Celebi|60/100|[from] Sandstorm
|-heal|p2a: Celebi|67/100|[from] item: Leftovers
|-heal|p1a: LeBron|96/100|[from] item: Leftovers
|upkeep
|turn|37
|
|t:|1728664114
|switch|p1a: Aleithilithos|Aerodactyl, M, shiny|100/100
|move|p2a: Celebi|Leech Seed|p1a: Aleithilithos
|-start|p1a: Aleithilithos|move: Leech Seed
|
|-weather|Sandstorm|[upkeep]
|-damage|p2a: Celebi|60/100|[from] Sandstorm
|-damage|p1a: Aleithilithos|88/100|[from] Leech Seed|[of] p2a: Celebi
|-heal|p2a: Celebi|69/100|[silent]
|-heal|p2a: Celebi|76/100|[from] item: Leftovers
|upkeep
|turn|38
|
|t:|1728664136
|move|p1a: Aleithilithos|Hidden Power|p2a: Celebi
|-supereffective|p2a: Celebi
|-damage|p2a: Celebi|0 fnt
|faint|p2a: Celebi
|
|t:|1728664139
|switch|p2a: Salamence|Salamence, M|52/100
|-ability|p2a: Salamence|Intimidate|boost
|-unboost|p1a: Aleithilithos|atk|1
|
|-weather|Sandstorm|[upkeep]
|-damage|p2a: Salamence|46/100|[from] Sandstorm
|-damage|p1a: Aleithilithos|76/100|[from] Leech Seed|[of] p2a: Salamence
|-heal|p2a: Salamence|57/100|[silent]
|upkeep
|turn|39
|
|t:|1728664187
|move|p1a: Aleithilithos|Hidden Power|p2a: Salamence
|-resisted|p2a: Salamence
|-damage|p2a: Salamence|45/100
|move|p2a: Salamence|Hidden Power|p1a: Aleithilithos
|-resisted|p1a: Aleithilithos
|-damage|p1a: Aleithilithos|30/100
|
|-weather|Sandstorm|[upkeep]
|-damage|p2a: Salamence|39/100|[from] Sandstorm
|-damage|p1a: Aleithilithos|17/100|[from] Leech Seed|[of] p2a: Salamence
|-heal|p2a: Salamence|50/100|[silent]
|upkeep
|turn|40
|
|t:|1728664194
|move|p1a: Aleithilithos|Hidden Power|p2a: Salamence
|-resisted|p2a: Salamence
|-damage|p2a: Salamence|36/100
|move|p2a: Salamence|Hidden Power|p1a: Aleithilithos
|-resisted|p1a: Aleithilithos
|-damage|p1a: Aleithilithos|0 fnt
|faint|p1a: Aleithilithos
|
|t:|1728664198
|switch|p1a: LeBron|Swampert, M, shiny|96/100
|
|-weather|Sandstorm|[upkeep]
|-damage|p2a: Salamence|30/100|[from] Sandstorm
|-heal|p1a: LeBron|100/100|[from] item: Leftovers
|upkeep
|turn|41
|
|t:|1728664201
|move|p2a: Salamence|Hidden Power|p1a: LeBron
|-crit|p1a: LeBron
|-damage|p1a: LeBron|10/100
|move|p1a: LeBron|Ice Beam|p2a: Salamence
|-supereffective|p2a: Salamence
|-damage|p2a: Salamence|0 fnt
|faint|p2a: Salamence
|
|win|Seradess
|c|☆Seradess|gg
|c|☆JCEntrena|gg

</script>
<script type="application/json" class="data" id="replaydata-smogtours-gen3ou-797203">
{"id":"smogtours-gen3ou-797203","format":"[Gen 3] OU","players":["Seradess","JCEntrena"],"uploadtime":1728664201,"views":205,"formatid":"gen3ou","rating":null,"private":0,"password":null}
</script>

<script defer src="js/replays.js?9d40a366"></script>
