<!DOCTYPE html>
<meta charset="utf-8" />
<meta name="viewport" content="width=device-width" />

<title>[Gen 3] OU: cyberas vs. kydreith33 - Replays - Pok&eacute;mon Showdown!</title>

<meta name="description" content="Watch a replay of a Pok&eacute;mon battle between cyberas and kydreith33! Format: [Gen 3] OU; Date: Nov 9, 2024" />
<!--

Hey, you! Looking in the source for the replay log?

You can find them in JSON format, just add `.json` at the end of a replay URL.

https://replay.pokemonshowdown.com/gen7randomdoublesbattle-865046831.json

Or, if you only need the log itself, add `.log` instead:

https://replay.pokemonshowdown.com/gen7randomdoublesbattle-865046831.log

-->

<link rel="stylesheet" href="//pokemonshowdown.com/style/global.css?0.023195364461161105" />
<link rel="stylesheet" href="//play.pokemonshowdown.com/style/font-awesome.css?0.13261647063804238" />
<link rel="stylesheet" href="//play.pokemonshowdown.com/style/battle.css?0.8753245789963631" />
<link rel="stylesheet" href="//play.pokemonshowdown.com/style/utilichart.css?0.8627959624976733" />

<!-- Global site tag (gtag.js) - Google Analytics -->
<script async src="https://www.googletagmanager.com/gtag/js?id=UA-26211653-1"></script>
<script>
  window.dataLayer = window.dataLayer || [];
  function gtag(){dataLayer.push(arguments);}
  gtag('js', new Date());

  gtag('config', 'UA-26211653-1');
</script>
<!-- End Google Analytics -->
<!-- Venatus Ad Manager - Install in <HEAD> of page -->
	<script src="https://hb.vntsm.com/v3/live/ad-manager.min.js" type="text/javascript" data-site-id="642aba63ec9a7b11c3c9c1be" data-mode="scan" async></script>
<!-- / Venatus Ad Manager -->

<style>
	@media (max-width:820px) {
		.battle {
			margin: 0 auto;
		}
		.battle-log {
			margin: 7px auto 0;
			max-width: 640px;
			height: 300px;
			position: static;
		}
	}
	.optgroup {
		display: inline-block;
		line-height: 22px;
		font-size: 10pt;
	}
	.optgroup .button {
		height: 25px;
		padding-top: 0;
		padding-bottom: 0;
	}
	.optgroup button.button {
		padding-left: 12px;
		padding-right: 12px;
	}
	.linklist {
		list-style: none;
		margin: 0.5em 0;
		padding: 0;
	}
	.linklist li {
		padding: 2px 0;
	}
	.sidebar {
		float: left;
		width: 320px;
	}
	.bar-wrapper {
		max-width: 1100px;
		margin: 0 auto;
	}
	.bar-wrapper.has-sidebar {
		max-width: 1430px;
	}
	.mainbar {
		margin: 0;
		padding-right: 1px;
	}
	.mainbar.has-sidebar {
		margin-left: 330px;
	}
	@media (min-width: 1511px) {
		.sidebar {
			width: 400px;
		}
		.bar-wrapper.has-sidebar {
			max-width: 1510px;
		}
		.mainbar.has-sidebar {
			margin-left: 410px;
		}
	}
	.section.first-section {
		margin-top: 9px;
	}
	.blocklink small {
		white-space: normal;
	}
	.button {
		vertical-align: middle;
	}
	.replay-controls {
		padding-top: 10px;
	}
	.replay-controls h1 {
		font-size: 16pt;
		font-weight: normal;
		color: #CCC;
	}
	.pagelink {
		text-align: center;
	}
	.pagelink a {
		width: 150px;
	}
	.textbox, .button {
		font-size: 11pt;
		vertical-align: middle;
	}
	@media (max-width: 450px) {
		.button {
			font-size: 9pt;
		}
	}
</style>

<div>

	<header>
		<div class="nav-wrapper"><ul class="nav">
			<li><a class="button nav-first" href="//pokemonshowdown.com/"><img src="//pokemonshowdown.com/images/pokemonshowdownbeta.png" srcset="//pokemonshowdown.com/images/pokemonshowdownbeta.png 1x, //pokemonshowdown.com/images/pokemonshowdownbeta@2x.png 2x" alt="Pok&eacute;mon Showdown" width="146" height="44" /> Home</a></li>
			<li><a class="button" href="//pokemonshowdown.com/dex/">Pok&eacute;dex</a></li>
			<li><a class="button cur" href="/">Replays</a></li>
			<li><a class="button" href="//pokemonshowdown.com/ladder/">Ladder</a></li>
			<li><a class="button nav-last" href="//pokemonshowdown.com/forums/">Forum</a></li>
			<li><a class="button greenbutton nav-first nav-last" href="//play.pokemonshowdown.com/">Play</a></li>
		</ul></div>
	</header>

	<div class="main" id="main">

		<noscript><section class="section">You need to enable JavaScript to use this page; sorry!</section></noscript>

	</div>

</div>

<script defer nomodule src="//play.pokemonshowdown.com/js/lib/ps-polyfill.js"></script>
<script defer src="//play.pokemonshowdown.com/js/lib/preact.min.js"></script>

<script defer src="//play.pokemonshowdown.com/config/config.js?2bddbc15"></script>
<script defer src="//play.pokemonshowdown.com/js/lib/jquery-1.11.0.min.js"></script>
<script defer src="//play.pokemonshowdown.com/js/lib/html-sanitizer-minified.js"></script>
<script defer src="//play.pokemonshowdown.com/js/battle-sound.js"></script>
<script defer src="//play.pokemonshowdown.com/js/battledata.js?0.7209276989879541"></script>
<script defer src="//play.pokemonshowdown.com/data/pokedex-mini.js?0.6111056340867951"></script>
<script defer src="//play.pokemonshowdown.com/data/pokedex-mini-bw.js?0.3532142036491459"></script>
<script defer src="//play.pokemonshowdown.com/data/graphics.js?0.24223875632456182"></script>
<script defer src="//play.pokemonshowdown.com/data/pokedex.js?0.38839984266356864"></script>
<script defer src="//play.pokemonshowdown.com/data/moves.js?0.21866028504024015"></script>
<script defer src="//play.pokemonshowdown.com/data/abilities.js?0.2005157953846628"></script>
<script defer src="//play.pokemonshowdown.com/data/items.js?0.9894211263848525"></script>
<script defer src="//play.pokemonshowdown.com/data/teambuilder-tables.js?0.6008791140282215"></script>
<script defer src="//play.pokemonshowdown.com/js/battle-tooltips.js?0.7580118955022959"></script>
<script defer src="//play.pokemonshowdown.com/js/battle.js?0.6057722274234274"></script>

<script defer src="js/utils.js?e31f9a17"></script>
<script defer src="js/replays-battle.js?7008c182"></script>

<!-- don't scrape this data! just add .json or .log after the URL!
Full API docs: https://github.com/smogon/pokemon-showdown-client/blob/master/WEB-API.md -->
<script type="text/plain" class="log" id="replaylog-smogtours-gen3ou-805446">
|inactive|Battle timer is ON: inactive players will automatically lose when time's up.
|t:|1731169290
|gametype|singles
|player|p1|cyberas|palmer|
|player|p2|kydreith33|clair|
|teamsize|p1|6
|teamsize|p2|6
|gen|3
|tier|[Gen 3] OU
|rule|Sleep Clause Mod: Limit one foe put to sleep
|rule|Switch Priority Clause Mod: Faster Pokémon switch first
|rule|Species Clause: Limit one of each Pokémon
|rule|OHKO Clause: OHKO moves are banned
|rule|Evasion Items Clause: Evasion items are banned
|rule|Evasion Moves Clause: Evasion moves are banned
|rule|Endless Battle Clause: Forcing endless battles is banned
|rule|HP Percentage Mod: HP is shown in percentages
|rule|One Boost Passer Clause: Limit one Baton Passer that has a way to boost its stats
|rule|Freeze Clause Mod: Limit one foe frozen
|
|t:|1731169290
|start
|switch|p1a: Salamence|Salamence, M|100/100
|switch|p2a: Tyranitar|Tyranitar, M|100/100
|-ability|p1a: Salamence|Intimidate|boost
|-unboost|p2a: Tyranitar|atk|1
|-weather|Sandstorm|[from] ability: Sand Stream|[of] p2a: Tyranitar
|turn|1
|
|t:|1731169309
|switch|p2a: Claydol|Claydol|100/100
|move|p1a: Salamence|Brick Break|p2a: Claydol
|-resisted|p2a: Claydol
|-damage|p2a: Claydol|89/100
|
|-weather|Sandstorm|[upkeep]
|-damage|p1a: Salamence|94/100|[from] Sandstorm
|-heal|p1a: Salamence|100/100|[from] item: Leftovers
|-heal|p2a: Claydol|96/100|[from] item: Leftovers
|upkeep
|turn|2
|
|t:|1731169337
|switch|p1a: Skarmory|Skarmory, M|100/100
|move|p2a: Claydol|Psychic|p1a: Skarmory
|-resisted|p1a: Skarmory
|-damage|p1a: Skarmory|91/100
|
|-weather|Sandstorm|[upkeep]
|-heal|p2a: Claydol|100/100|[from] item: Leftovers
|-heal|p1a: Skarmory|97/100|[from] item: Leftovers
|upkeep
|turn|3
|
|t:|1731169346
|switch|p2a: Charizard|Charizard, F, shiny|100/100
|move|p1a: Skarmory|Toxic|p2a: Charizard
|-status|p2a: Charizard|tox
|
|-weather|Sandstorm|[upkeep]
|-damage|p2a: Charizard|94/100 tox|[from] Sandstorm
|-heal|p2a: Charizard|100/100 tox|[from] item: Leftovers
|-damage|p2a: Charizard|94/100 tox|[from] psn
|-heal|p1a: Skarmory|100/100|[from] item: Leftovers
|upkeep
|turn|4
|inactive|cyberas has 270 seconds left.
|
|t:|1731169381
|switch|p1a: Salamence|Salamence, M|100/100
|-ability|p1a: Salamence|Intimidate|boost
|-unboost|p2a: Charizard|atk|1
|move|p2a: Charizard|Substitute|p2a: Charizard
|-start|p2a: Charizard|Substitute
|-damage|p2a: Charizard|70/100 tox
|
|-weather|Sandstorm|[upkeep]
|-damage|p2a: Charizard|63/100 tox|[from] Sandstorm
|-damage|p1a: Salamence|94/100|[from] Sandstorm
|-heal|p2a: Charizard|70/100 tox|[from] item: Leftovers
|-damage|p2a: Charizard|57/100 tox|[from] psn
|-heal|p1a: Salamence|100/100|[from] item: Leftovers
|upkeep
|turn|5
|inactive|cyberas has 270 seconds left.
|
|t:|1731169394
|switch|p1a: Swampert|Swampert, F|100/100
|move|p2a: Charizard|Fire Blast|p1a: Swampert
|-resisted|p1a: Swampert
|-damage|p1a: Swampert|76/100
|
|-weather|Sandstorm|[upkeep]
|-damage|p2a: Charizard|51/100 tox|[from] Sandstorm
|-heal|p2a: Charizard|57/100 tox|[from] item: Leftovers
|-damage|p2a: Charizard|39/100 tox|[from] psn
|-heal|p1a: Swampert|82/100|[from] item: Leftovers
|upkeep
|turn|6
|inactive|cyberas has 270 seconds left.
|
|t:|1731169406
|-singleturn|p2a: Charizard|move: Focus Punch
|move|p1a: Swampert|Protect|p1a: Swampert
|-singleturn|p1a: Swampert|Protect
|move|p2a: Charizard|Focus Punch|p1a: Swampert
|-activate|p1a: Swampert|Protect
|
|-weather|Sandstorm|[upkeep]
|-damage|p2a: Charizard|33/100 tox|[from] Sandstorm
|-heal|p2a: Charizard|39/100 tox|[from] item: Leftovers
|-damage|p2a: Charizard|15/100 tox|[from] psn
|-heal|p1a: Swampert|88/100|[from] item: Leftovers
|upkeep
|turn|7
|inactive|cyberas has 270 seconds left.
|
|t:|1731169422
|switch|p1a: Salamence|Salamence, M|100/100
|move|p2a: Charizard|Hidden Power|p1a: Salamence
|-resisted|p1a: Salamence
|-damage|p1a: Salamence|95/100
|
|-weather|Sandstorm|[upkeep]
|-damage|p2a: Charizard|9/100 tox|[from] Sandstorm
|-damage|p1a: Salamence|89/100|[from] Sandstorm
|-heal|p2a: Charizard|15/100 tox|[from] item: Leftovers
|-damage|p2a: Charizard|0 fnt|[from] psn
|faint|p2a: Charizard
|-heal|p1a: Salamence|95/100|[from] item: Leftovers
|upkeep
|
|t:|1731169434
|switch|p2a: Starmie|Starmie|100/100
|turn|8
|inactive|cyberas has 270 seconds left.
|
|t:|1731169460
|switch|p1a: Jirachi|Jirachi|100/100
|move|p2a: Starmie|Ice Beam|p1a: Jirachi
|-resisted|p1a: Jirachi
|-damage|p1a: Jirachi|92/100
|
|-weather|Sandstorm|[upkeep]
|-damage|p2a: Starmie|94/100|[from] Sandstorm
|-heal|p2a: Starmie|100/100|[from] item: Leftovers
|-heal|p1a: Jirachi|98/100|[from] item: Leftovers
|upkeep
|turn|9
|inactive|cyberas has 240 seconds left.
|
|t:|1731169494
|switch|p2a: Snorlax|Snorlax, F|100/100
|move|p1a: Jirachi|Toxic|p2a: Snorlax
|-immune|p2a: Snorlax|[from] ability: Immunity
|
|-weather|Sandstorm|[upkeep]
|-damage|p2a: Snorlax|94/100|[from] Sandstorm
|-heal|p1a: Jirachi|100/100|[from] item: Leftovers
|-heal|p2a: Snorlax|100/100|[from] item: Leftovers
|upkeep
|turn|10
|inactive|cyberas has 240 seconds left.
|
|t:|1731169511
|switch|p1a: Skarmory|Skarmory, M|100/100
|move|p2a: Snorlax|Body Slam|p1a: Skarmory
|-resisted|p1a: Skarmory
|-damage|p1a: Skarmory|87/100
|
|-weather|Sandstorm|[upkeep]
|-damage|p2a: Snorlax|94/100|[from] Sandstorm
|-heal|p1a: Skarmory|93/100|[from] item: Leftovers
|-heal|p2a: Snorlax|100/100|[from] item: Leftovers
|upkeep
|turn|11
|
|t:|1731169525
|switch|p2a: Starmie|Starmie|100/100
|move|p1a: Skarmory|Spikes|p2a: Starmie
|-sidestart|p2: kydreith33|Spikes
|
|-weather|Sandstorm|[upkeep]
|-damage|p2a: Starmie|94/100|[from] Sandstorm
|-heal|p2a: Starmie|100/100|[from] item: Leftovers
|-heal|p1a: Skarmory|99/100|[from] item: Leftovers
|upkeep
|turn|12
|
|t:|1731169536
|move|p1a: Skarmory|Protect|p1a: Skarmory
|-singleturn|p1a: Skarmory|Protect
|move|p2a: Starmie|Hydro Pump|p1a: Skarmory
|-activate|p1a: Skarmory|Protect
|
|-weather|Sandstorm|[upkeep]
|-damage|p2a: Starmie|94/100|[from] Sandstorm
|-heal|p2a: Starmie|100/100|[from] item: Leftovers
|-heal|p1a: Skarmory|100/100|[from] item: Leftovers
|upkeep
|turn|13
|
|t:|1731169545
|switch|p1a: Jirachi|Jirachi|100/100
|move|p2a: Starmie|Thunderbolt|p1a: Jirachi
|-damage|p1a: Jirachi|81/100
|-status|p1a: Jirachi|par
|
|-weather|Sandstorm|[upkeep]
|-damage|p2a: Starmie|94/100|[from] Sandstorm
|-heal|p2a: Starmie|100/100|[from] item: Leftovers
|-heal|p1a: Jirachi|87/100 par|[from] item: Leftovers
|upkeep
|turn|14
|
|t:|1731169561
|move|p2a: Starmie|Hydro Pump|p1a: Jirachi
|-damage|p1a: Jirachi|51/100 par
|move|p1a: Jirachi|Wish|p1a: Jirachi
|
|-weather|Sandstorm|[upkeep]
|-damage|p2a: Starmie|94/100|[from] Sandstorm
|-heal|p2a: Starmie|100/100|[from] item: Leftovers
|-heal|p1a: Jirachi|57/100 par|[from] item: Leftovers
|upkeep
|turn|15
|
|t:|1731169580
|switch|p2a: Claydol|Claydol|100/100
|move|p1a: Jirachi|Protect||[still]
|-fail|p1a: Jirachi
|
|-heal|p1a: Jirachi|100/100 par|[from] move: Wish|[wisher] Jirachi
|-weather|Sandstorm|[upkeep]
|upkeep
|turn|16
|
|t:|1731169604
|switch|p1a: Tyranitar|Tyranitar, M|100/100
|move|p2a: Claydol|Rapid Spin|p1a: Tyranitar
|-resisted|p1a: Tyranitar
|-damage|p1a: Tyranitar|99/100
|-sideend|p2: kydreith33|Spikes|[from] move: Rapid Spin|[of] p2a: Claydol
|
|-weather|Sandstorm|[upkeep]
|-heal|p1a: Tyranitar|100/100|[from] item: Leftovers
|upkeep
|turn|17
|
|t:|1731169621
|move|p2a: Claydol|Earthquake|p1a: Tyranitar
|-supereffective|p1a: Tyranitar
|-damage|p1a: Tyranitar|39/100
|move|p1a: Tyranitar|Crunch|p2a: Claydol
|-supereffective|p2a: Claydol
|-damage|p2a: Claydol|31/100
|
|-weather|Sandstorm|[upkeep]
|-heal|p2a: Claydol|37/100|[from] item: Leftovers
|-heal|p1a: Tyranitar|46/100|[from] item: Leftovers
|upkeep
|turn|18
|
|t:|1731169632
|switch|p1a: Skarmory|Skarmory, M|100/100
|move|p2a: Claydol|Earthquake|p1a: Skarmory
|-immune|p1a: Skarmory
|
|-weather|Sandstorm|[upkeep]
|-heal|p2a: Claydol|43/100|[from] item: Leftovers
|upkeep
|turn|19
|
|t:|1731169640
|switch|p2a: Starmie|Starmie|100/100
|move|p1a: Skarmory|Spikes|p2a: Starmie
|-sidestart|p2: kydreith33|Spikes
|
|-weather|Sandstorm|[upkeep]
|-damage|p2a: Starmie|94/100|[from] Sandstorm
|-heal|p2a: Starmie|100/100|[from] item: Leftovers
|upkeep
|turn|20
|
|t:|1731169650
|move|p1a: Skarmory|Protect|p1a: Skarmory
|-singleturn|p1a: Skarmory|Protect
|move|p2a: Starmie|Thunderbolt|p1a: Skarmory
|-activate|p1a: Skarmory|Protect
|
|-weather|Sandstorm|[upkeep]
|-damage|p2a: Starmie|94/100|[from] Sandstorm
|-heal|p2a: Starmie|100/100|[from] item: Leftovers
|upkeep
|turn|21
|
|t:|1731169658
|switch|p1a: Jirachi|Jirachi|100/100 par
|move|p2a: Starmie|Hydro Pump|p1a: Jirachi
|-damage|p1a: Jirachi|66/100 par
|
|-weather|Sandstorm|[upkeep]
|-damage|p2a: Starmie|94/100|[from] Sandstorm
|-heal|p2a: Starmie|100/100|[from] item: Leftovers
|-heal|p1a: Jirachi|73/100 par|[from] item: Leftovers
|upkeep
|turn|22
|
|t:|1731169667
|move|p2a: Starmie|Hydro Pump|p1a: Jirachi
|-damage|p1a: Jirachi|38/100 par
|move|p1a: Jirachi|Wish|p1a: Jirachi
|
|-weather|Sandstorm|[upkeep]
|-damage|p2a: Starmie|94/100|[from] Sandstorm
|-heal|p2a: Starmie|100/100|[from] item: Leftovers
|-heal|p1a: Jirachi|45/100 par|[from] item: Leftovers
|upkeep
|turn|23
|
|t:|1731169681
|cant|p1a: Jirachi|par
|move|p2a: Starmie|Hydro Pump|p1a: Jirachi|[miss]
|-miss|p2a: Starmie|p1a: Jirachi
|
|-heal|p1a: Jirachi|95/100 par|[from] move: Wish|[wisher] Jirachi
|-weather|Sandstorm|[upkeep]
|-damage|p2a: Starmie|94/100|[from] Sandstorm
|-heal|p2a: Starmie|100/100|[from] item: Leftovers
|-heal|p1a: Jirachi|100/100 par|[from] item: Leftovers
|upkeep
|turn|24
|
|t:|1731169693
|switch|p2a: Snorlax|Snorlax, F|100/100
|-damage|p2a: Snorlax|88/100|[from] Spikes
|move|p1a: Jirachi|Wish|p1a: Jirachi
|
|-weather|Sandstorm|[upkeep]
|-damage|p2a: Snorlax|82/100|[from] Sandstorm
|-heal|p2a: Snorlax|88/100|[from] item: Leftovers
|upkeep
|turn|25
|
|t:|1731169702
|switch|p1a: Gengar|Gengar, F|100/100
|move|p2a: Snorlax|Body Slam|p1a: Gengar
|-immune|p1a: Gengar
|
|-weather|Sandstorm|[upkeep]
|-damage|p1a: Gengar|95/100|[from] Sandstorm
|-damage|p2a: Snorlax|82/100|[from] Sandstorm
|-heal|p1a: Gengar|100/100|[from] item: Leftovers
|-heal|p2a: Snorlax|88/100|[from] item: Leftovers
|upkeep
|turn|26
|
|t:|1731169716
|switch|p2a: Starmie|Starmie|100/100
|-damage|p2a: Starmie|88/100|[from] Spikes
|move|p1a: Gengar|Will-O-Wisp|p2a: Starmie
|-status|p2a: Starmie|brn
|
|-weather|Sandstorm|[upkeep]
|-damage|p2a: Starmie|82/100 brn|[from] Sandstorm
|-damage|p1a: Gengar|95/100|[from] Sandstorm
|-heal|p2a: Starmie|88/100 brn|[from] item: Leftovers
|-damage|p2a: Starmie|76/100 brn|[from] brn
|-heal|p1a: Gengar|100/100|[from] item: Leftovers
|upkeep
|turn|27
|
|t:|1731169737
|move|p2a: Starmie|Hydro Pump|p1a: Gengar
|-damage|p1a: Gengar|34/100
|move|p1a: Gengar|Thunderbolt|p2a: Starmie
|-supereffective|p2a: Starmie
|-damage|p2a: Starmie|0 fnt
|faint|p2a: Starmie
|
|t:|1731169750
|switch|p2a: Claydol|Claydol|43/100
|
|-weather|Sandstorm|[upkeep]
|-damage|p1a: Gengar|28/100|[from] Sandstorm
|-heal|p1a: Gengar|34/100|[from] item: Leftovers
|-heal|p2a: Claydol|49/100|[from] item: Leftovers
|upkeep
|turn|28
|
|t:|1731169759
|switch|p1a: Swampert|Swampert, F|88/100
|move|p2a: Claydol|Psychic|p1a: Swampert
|-damage|p1a: Swampert|69/100
|
|-weather|Sandstorm|[upkeep]
|-heal|p2a: Claydol|55/100|[from] item: Leftovers
|-heal|p1a: Swampert|75/100|[from] item: Leftovers
|upkeep
|turn|29
|
|t:|1731169776
|move|p2a: Claydol|Explosion|p1a: Swampert
|-damage|p1a: Swampert|0 fnt
|faint|p2a: Claydol
|faint|p1a: Swampert
|
|t:|1731169785
|switch|p2a: Tyranitar|Tyranitar, M|100/100
|switch|p1a: Salamence|Salamence, M|95/100
|-ability|p1a: Salamence|Intimidate|boost
|-unboost|p2a: Tyranitar|atk|1
|-damage|p2a: Tyranitar|88/100|[from] Spikes
|
|-weather|Sandstorm|[upkeep]
|-damage|p1a: Salamence|89/100|[from] Sandstorm
|-heal|p1a: Salamence|95/100|[from] item: Leftovers
|-heal|p2a: Tyranitar|94/100|[from] item: Leftovers
|upkeep
|turn|30
|
|t:|1731169813
|move|p1a: Salamence|Brick Break|p2a: Tyranitar
|-supereffective|p2a: Tyranitar
|-crit|p2a: Tyranitar
|-damage|p2a: Tyranitar|0 fnt
|faint|p2a: Tyranitar
|
|t:|1731169818
|switch|p2a: Metagross|Metagross|100/100
|-damage|p2a: Metagross|88/100|[from] Spikes
|
|-weather|Sandstorm|[upkeep]
|-damage|p1a: Salamence|89/100|[from] Sandstorm
|-heal|p1a: Salamence|95/100|[from] item: Leftovers
|-heal|p2a: Metagross|94/100|[from] item: Leftovers
|upkeep
|turn|31
|
|t:|1731169827
|switch|p1a: Skarmory|Skarmory, M|100/100
|move|p2a: Metagross|Protect||[still]
|-fail|p2a: Metagross
|
|-weather|Sandstorm|[upkeep]
|-heal|p2a: Metagross|99/100|[from] item: Leftovers
|upkeep
|turn|32
|
|t:|1731169834
|move|p2a: Metagross|Meteor Mash|p1a: Skarmory|[miss]
|-miss|p2a: Metagross|p1a: Skarmory
|move|p1a: Skarmory|Spikes|p2a: Metagross
|-sidestart|p2: kydreith33|Spikes
|
|-weather|Sandstorm|[upkeep]
|-heal|p2a: Metagross|100/100|[from] item: Leftovers
|upkeep
|turn|33
|
|t:|1731169841
|move|p2a: Metagross|Meteor Mash|p1a: Skarmory
|-resisted|p1a: Skarmory
|-damage|p1a: Skarmory|82/100
|move|p1a: Skarmory|Spikes|p2a: Metagross
|-sidestart|p2: kydreith33|Spikes
|
|-weather|Sandstorm|[upkeep]
|-heal|p1a: Skarmory|88/100|[from] item: Leftovers
|upkeep
|turn|34
|
|t:|1731169849
|move|p1a: Skarmory|Protect|p1a: Skarmory
|-singleturn|p1a: Skarmory|Protect
|move|p2a: Metagross|Meteor Mash|p1a: Skarmory
|-activate|p1a: Skarmory|Protect
|
|-weather|Sandstorm|[upkeep]
|-heal|p1a: Skarmory|94/100|[from] item: Leftovers
|upkeep
|turn|35
|
|t:|1731169857
|move|p2a: Metagross|Meteor Mash|p1a: Skarmory|[miss]
|-miss|p2a: Metagross|p1a: Skarmory
|move|p1a: Skarmory|Roar|p2a: Metagross
|drag|p2a: Snorlax|Snorlax, F|88/100
|-damage|p2a: Snorlax|63/100|[from] Spikes
|
|-weather|Sandstorm|[upkeep]
|-damage|p2a: Snorlax|57/100|[from] Sandstorm
|-heal|p1a: Skarmory|99/100|[from] item: Leftovers
|-heal|p2a: Snorlax|63/100|[from] item: Leftovers
|upkeep
|turn|36
|
|t:|1731169876
|move|p2a: Snorlax|Body Slam|p1a: Skarmory
|-resisted|p1a: Skarmory
|-damage|p1a: Skarmory|84/100
|move|p1a: Skarmory|Roar|p2a: Snorlax
|drag|p2a: Metagross|Metagross|100/100
|-damage|p2a: Metagross|75/100|[from] Spikes
|
|-weather|Sandstorm|[upkeep]
|-heal|p2a: Metagross|82/100|[from] item: Leftovers
|-heal|p1a: Skarmory|91/100|[from] item: Leftovers
|upkeep
|turn|37
|
|t:|1731169891
|move|p1a: Skarmory|Protect|p1a: Skarmory
|-singleturn|p1a: Skarmory|Protect
|move|p2a: Metagross|Meteor Mash|p1a: Skarmory
|-activate|p1a: Skarmory|Protect
|
|-weather|Sandstorm|[upkeep]
|-heal|p2a: Metagross|88/100|[from] item: Leftovers
|-heal|p1a: Skarmory|97/100|[from] item: Leftovers
|upkeep
|turn|38
|
|t:|1731169901
|move|p2a: Metagross|Protect|p2a: Metagross
|-singleturn|p2a: Metagross|Protect
|move|p1a: Skarmory|Roar|p2a: Metagross
|-activate|p2a: Metagross|Protect
|
|-weather|Sandstorm|[upkeep]
|-heal|p2a: Metagross|94/100|[from] item: Leftovers
|-heal|p1a: Skarmory|100/100|[from] item: Leftovers
|upkeep
|turn|39
|
|t:|1731169909
|move|p2a: Metagross|Meteor Mash|p1a: Skarmory
|-resisted|p1a: Skarmory
|-damage|p1a: Skarmory|81/100
|move|p1a: Skarmory|Roar|p2a: Metagross
|drag|p2a: Snorlax|Snorlax, F|63/100
|-damage|p2a: Snorlax|38/100|[from] Spikes
|
|-weather|Sandstorm|[upkeep]
|-damage|p2a: Snorlax|32/100|[from] Sandstorm
|-heal|p1a: Skarmory|87/100|[from] item: Leftovers
|-heal|p2a: Snorlax|38/100|[from] item: Leftovers
|upkeep
|turn|40
|
|t:|1731169921
|move|p2a: Snorlax|Body Slam|p1a: Skarmory
|-resisted|p1a: Skarmory
|-damage|p1a: Skarmory|71/100
|move|p1a: Skarmory|Roar|p2a: Snorlax
|drag|p2a: Metagross|Metagross|94/100
|-damage|p2a: Metagross|69/100|[from] Spikes
|
|-weather|Sandstorm|[upkeep]
|-heal|p2a: Metagross|75/100|[from] item: Leftovers
|-heal|p1a: Skarmory|77/100|[from] item: Leftovers
|upkeep
|turn|41
|
|t:|1731169931
|move|p2a: Metagross|Meteor Mash|p1a: Skarmory
|-resisted|p1a: Skarmory
|-crit|p1a: Skarmory
|-damage|p1a: Skarmory|39/100
|-boost|p2a: Metagross|atk|1
|move|p1a: Skarmory|Roar|p2a: Metagross
|drag|p2a: Snorlax|Snorlax, F|38/100
|-damage|p2a: Snorlax|13/100|[from] Spikes
|
|-weather|Sandstorm|[upkeep]
|-damage|p2a: Snorlax|7/100|[from] Sandstorm
|-heal|p1a: Skarmory|45/100|[from] item: Leftovers
|-heal|p2a: Snorlax|13/100|[from] item: Leftovers
|upkeep
|turn|42
|
|t:|1731169948
|move|p2a: Snorlax|Self-Destruct|p1a: Skarmory
|-resisted|p1a: Skarmory
|-damage|p1a: Skarmory|0 fnt
|faint|p2a: Snorlax
|faint|p1a: Skarmory
|
|t:|1731169953
|switch|p1a: Gengar|Gengar, F|34/100
|switch|p2a: Metagross|Metagross|75/100
|-damage|p2a: Metagross|50/100|[from] Spikes
|
|-weather|Sandstorm|[upkeep]
|-damage|p1a: Gengar|28/100|[from] Sandstorm
|-heal|p1a: Gengar|34/100|[from] item: Leftovers
|-heal|p2a: Metagross|56/100|[from] item: Leftovers
|upkeep
|turn|43
|
|t:|1731169961
|move|p2a: Metagross|Protect|p2a: Metagross
|-singleturn|p2a: Metagross|Protect
|move|p1a: Gengar|Destiny Bond|p1a: Gengar
|-singlemove|p1a: Gengar|Destiny Bond
|
|-weather|Sandstorm|[upkeep]
|-damage|p1a: Gengar|28/100|[from] Sandstorm
|-heal|p1a: Gengar|34/100|[from] item: Leftovers
|-heal|p2a: Metagross|62/100|[from] item: Leftovers
|upkeep
|turn|44
|
|t:|1731169974
|move|p2a: Metagross|Protect|p2a: Metagross
|-singleturn|p2a: Metagross|Protect
|move|p1a: Gengar|Will-O-Wisp|p2a: Metagross
|-activate|p2a: Metagross|Protect
|
|-weather|Sandstorm|[upkeep]
|-damage|p1a: Gengar|28/100|[from] Sandstorm
|-heal|p1a: Gengar|34/100|[from] item: Leftovers
|-heal|p2a: Metagross|68/100|[from] item: Leftovers
|upkeep
|turn|45
|
|t:|1731169984
|move|p1a: Gengar|Destiny Bond|p1a: Gengar
|-singlemove|p1a: Gengar|Destiny Bond
|move|p2a: Metagross|Meteor Mash|p1a: Gengar
|-crit|p1a: Gengar
|-damage|p1a: Gengar|0 fnt
|faint|p1a: Gengar
|-activate|p1a: Gengar|move: Destiny Bond
|faint|p2a: Metagross
|
|win|cyberas
|c|☆kydreith33|gg
|c|☆cyberas|gg

</script>
<script type="application/json" class="data" id="replaydata-smogtours-gen3ou-805446">
{"id":"smogtours-gen3ou-805446","format":"[Gen 3] OU","players":["cyberas","kydreith33"],"uploadtime":1731169984,"views":16,"formatid":"gen3ou","rating":null,"private":0,"password":null}
</script>

<script defer src="js/replays.js?9d40a366"></script>
