<!DOCTYPE html>
<meta charset="utf-8" />
<meta name="viewport" content="width=device-width" />

<title>[Gen 3] OU: Vholtninja vs. Depres_ionCher_y - Replays - Pok&eacute;mon Showdown!</title>

<meta name="description" content="Watch a replay of a Pok&eacute;mon battle between Vholtninja and Depres_ionCher_y! Format: [Gen 3] OU; Date: Oct 4, 2024" />
<!--

Hey, you! Looking in the source for the replay log?

You can find them in JSON format, just add `.json` at the end of a replay URL.

https://replay.pokemonshowdown.com/gen7randomdoublesbattle-865046831.json

Or, if you only need the log itself, add `.log` instead:

https://replay.pokemonshowdown.com/gen7randomdoublesbattle-865046831.log

-->

<link rel="stylesheet" href="//pokemonshowdown.com/style/global.css?0.023195364461161105" />
<link rel="stylesheet" href="//play.pokemonshowdown.com/style/font-awesome.css?0.13261647063804238" />
<link rel="stylesheet" href="//play.pokemonshowdown.com/style/battle.css?0.8753245789963631" />
<link rel="stylesheet" href="//play.pokemonshowdown.com/style/utilichart.css?0.8627959624976733" />

<!-- Global site tag (gtag.js) - Google Analytics -->
<script async src="https://www.googletagmanager.com/gtag/js?id=UA-26211653-1"></script>
<script>
  window.dataLayer = window.dataLayer || [];
  function gtag(){dataLayer.push(arguments);}
  gtag('js', new Date());

  gtag('config', 'UA-26211653-1');
</script>
<!-- End Google Analytics -->
<!-- Venatus Ad Manager - Install in <HEAD> of page -->
	<script src="https://hb.vntsm.com/v3/live/ad-manager.min.js" type="text/javascript" data-site-id="642aba63ec9a7b11c3c9c1be" data-mode="scan" async></script>
<!-- / Venatus Ad Manager -->

<style>
	@media (max-width:820px) {
		.battle {
			margin: 0 auto;
		}
		.battle-log {
			margin: 7px auto 0;
			max-width: 640px;
			height: 300px;
			position: static;
		}
	}
	.optgroup {
		display: inline-block;
		line-height: 22px;
		font-size: 10pt;
	}
	.optgroup .button {
		height: 25px;
		padding-top: 0;
		padding-bottom: 0;
	}
	.optgroup button.button {
		padding-left: 12px;
		padding-right: 12px;
	}
	.linklist {
		list-style: none;
		margin: 0.5em 0;
		padding: 0;
	}
	.linklist li {
		padding: 2px 0;
	}
	.sidebar {
		float: left;
		width: 320px;
	}
	.bar-wrapper {
		max-width: 1100px;
		margin: 0 auto;
	}
	.bar-wrapper.has-sidebar {
		max-width: 1430px;
	}
	.mainbar {
		margin: 0;
		padding-right: 1px;
	}
	.mainbar.has-sidebar {
		margin-left: 330px;
	}
	@media (min-width: 1511px) {
		.sidebar {
			width: 400px;
		}
		.bar-wrapper.has-sidebar {
			max-width: 1510px;
		}
		.mainbar.has-sidebar {
			margin-left: 410px;
		}
	}
	.section.first-section {
		margin-top: 9px;
	}
	.blocklink small {
		white-space: normal;
	}
	.button {
		vertical-align: middle;
	}
	.replay-controls {
		padding-top: 10px;
	}
	.replay-controls h1 {
		font-size: 16pt;
		font-weight: normal;
		color: #CCC;
	}
	.pagelink {
		text-align: center;
	}
	.pagelink a {
		width: 150px;
	}
	.textbox, .button {
		font-size: 11pt;
		vertical-align: middle;
	}
	@media (max-width: 450px) {
		.button {
			font-size: 9pt;
		}
	}
</style>

<div>

	<header>
		<div class="nav-wrapper"><ul class="nav">
			<li><a class="button nav-first" href="//pokemonshowdown.com/"><img src="//pokemonshowdown.com/images/pokemonshowdownbeta.png" srcset="//pokemonshowdown.com/images/pokemonshowdownbeta.png 1x, //pokemonshowdown.com/images/pokemonshowdownbeta@2x.png 2x" alt="Pok&eacute;mon Showdown" width="146" height="44" /> Home</a></li>
			<li><a class="button" href="//pokemonshowdown.com/dex/">Pok&eacute;dex</a></li>
			<li><a class="button cur" href="/">Replays</a></li>
			<li><a class="button" href="//pokemonshowdown.com/ladder/">Ladder</a></li>
			<li><a class="button nav-last" href="//pokemonshowdown.com/forums/">Forum</a></li>
			<li><a class="button greenbutton nav-first nav-last" href="//play.pokemonshowdown.com/">Play</a></li>
		</ul></div>
	</header>

	<div class="main" id="main">

		<noscript><section class="section">You need to enable JavaScript to use this page; sorry!</section></noscript>

	</div>

</div>

<script defer nomodule src="//play.pokemonshowdown.com/js/lib/ps-polyfill.js"></script>
<script defer src="//play.pokemonshowdown.com/js/lib/preact.min.js"></script>

<script defer src="//play.pokemonshowdown.com/config/config.js?2bddbc15"></script>
<script defer src="//play.pokemonshowdown.com/js/lib/jquery-1.11.0.min.js"></script>
<script defer src="//play.pokemonshowdown.com/js/lib/html-sanitizer-minified.js"></script>
<script defer src="//play.pokemonshowdown.com/js/battle-sound.js"></script>
<script defer src="//play.pokemonshowdown.com/js/battledata.js?0.7209276989879541"></script>
<script defer src="//play.pokemonshowdown.com/data/pokedex-mini.js?0.6111056340867951"></script>
<script defer src="//play.pokemonshowdown.com/data/pokedex-mini-bw.js?0.3532142036491459"></script>
<script defer src="//play.pokemonshowdown.com/data/graphics.js?0.24223875632456182"></script>
<script defer src="//play.pokemonshowdown.com/data/pokedex.js?0.38839984266356864"></script>
<script defer src="//play.pokemonshowdown.com/data/moves.js?0.21866028504024015"></script>
<script defer src="//play.pokemonshowdown.com/data/abilities.js?0.2005157953846628"></script>
<script defer src="//play.pokemonshowdown.com/data/items.js?0.9894211263848525"></script>
<script defer src="//play.pokemonshowdown.com/data/teambuilder-tables.js?0.6008791140282215"></script>
<script defer src="//play.pokemonshowdown.com/js/battle-tooltips.js?0.7580118955022959"></script>
<script defer src="//play.pokemonshowdown.com/js/battle.js?0.6057722274234274"></script>

<script defer src="js/utils.js?e31f9a17"></script>
<script defer src="js/replays-battle.js?7008c182"></script>

<!-- don't scrape this data! just add .json or .log after the URL!
Full API docs: https://github.com/smogon/pokemon-showdown-client/blob/master/WEB-API.md -->
<script type="text/plain" class="log" id="replaylog-smogtours-gen3ou-794557">
|inactive|Battle timer is ON: inactive players will automatically lose when time's up.
|t:|1728054362
|gametype|singles
|player|p1|Vholtninja|serena-masters2|
|player|p2|Depres_ionCher_y|waitress-gen4|
|teamsize|p1|6
|teamsize|p2|6
|gen|3
|tier|[Gen 3] OU
|rule|Sleep Clause Mod: Limit one foe put to sleep
|rule|Switch Priority Clause Mod: Faster Pokémon switch first
|rule|Species Clause: Limit one of each Pokémon
|rule|OHKO Clause: OHKO moves are banned
|rule|Evasion Items Clause: Evasion items are banned
|rule|Evasion Moves Clause: Evasion moves are banned
|rule|Endless Battle Clause: Forcing endless battles is banned
|rule|HP Percentage Mod: HP is shown in percentages
|rule|One Boost Passer Clause: Limit one Baton Passer that has a way to boost its stats
|rule|Freeze Clause Mod: Limit one foe frozen
|
|t:|1728054362
|start
|switch|p1a: Tyranitar|Tyranitar, M|100/100
|switch|p2a: Tyranitar|Tyranitar, M|100/100
|-weather|Sandstorm|[from] ability: Sand Stream|[of] p1a: Tyranitar
|turn|1
|c|☆Depres_ionCher_y|glhf
|c|☆Vholtninja|u2
|
|t:|1728054374
|switch|p2a: Milotic|Milotic, F|100/100
|move|p1a: Tyranitar|Earthquake|p2a: Milotic
|-damage|p2a: Milotic|73/100
|
|-weather|Sandstorm|[upkeep]
|-damage|p2a: Milotic|66/100|[from] Sandstorm
|-heal|p2a: Milotic|73/100|[from] item: Leftovers
|upkeep
|turn|2
|
|t:|1728054382
|switch|p1a: Starmie|Starmie|100/100
|move|p2a: Milotic|Surf|p1a: Starmie
|-resisted|p1a: Starmie
|-damage|p1a: Starmie|75/100
|
|-weather|Sandstorm|[upkeep]
|-damage|p1a: Starmie|69/100|[from] Sandstorm
|-damage|p2a: Milotic|66/100|[from] Sandstorm
|-heal|p1a: Starmie|75/100|[from] item: Leftovers
|-heal|p2a: Milotic|73/100|[from] item: Leftovers
|upkeep
|turn|3
|
|t:|1728054391
|switch|p1a: Tyranitar|Tyranitar, M|100/100
|move|p2a: Milotic|Recover|p2a: Milotic
|-heal|p2a: Milotic|100/100
|
|-weather|Sandstorm|[upkeep]
|-damage|p2a: Milotic|94/100|[from] Sandstorm
|-heal|p2a: Milotic|100/100|[from] item: Leftovers
|upkeep
|turn|4
|
|t:|1728054395
|switch|p1a: Starmie|Starmie|75/100
|move|p2a: Milotic|Toxic|p1a: Starmie
|-status|p1a: Starmie|tox
|
|-weather|Sandstorm|[upkeep]
|-damage|p1a: Starmie|69/100 tox|[from] Sandstorm
|-damage|p2a: Milotic|94/100|[from] Sandstorm
|-heal|p1a: Starmie|75/100 tox|[from] item: Leftovers
|-damage|p1a: Starmie|69/100 tox|[from] psn
|-heal|p2a: Milotic|100/100|[from] item: Leftovers
|upkeep
|turn|5
|
|t:|1728054401
|move|p1a: Starmie|Recover|p1a: Starmie
|-heal|p1a: Starmie|100/100 tox
|move|p2a: Milotic|Surf|p1a: Starmie
|-resisted|p1a: Starmie
|-damage|p1a: Starmie|78/100 tox
|
|-weather|Sandstorm|[upkeep]
|-damage|p1a: Starmie|72/100 tox|[from] Sandstorm
|-damage|p2a: Milotic|94/100|[from] Sandstorm
|-heal|p1a: Starmie|78/100 tox|[from] item: Leftovers
|-damage|p1a: Starmie|66/100 tox|[from] psn
|-heal|p2a: Milotic|100/100|[from] item: Leftovers
|upkeep
|turn|6
|
|t:|1728054407
|move|p1a: Starmie|Thunderbolt|p2a: Milotic
|-supereffective|p2a: Milotic
|-damage|p2a: Milotic|63/100
|move|p2a: Milotic|Surf|p1a: Starmie
|-resisted|p1a: Starmie
|-damage|p1a: Starmie|43/100 tox
|
|-weather|Sandstorm|[upkeep]
|-damage|p1a: Starmie|37/100 tox|[from] Sandstorm
|-damage|p2a: Milotic|57/100|[from] Sandstorm
|-heal|p1a: Starmie|43/100 tox|[from] item: Leftovers
|-damage|p1a: Starmie|25/100 tox|[from] psn
|-heal|p2a: Milotic|63/100|[from] item: Leftovers
|upkeep
|turn|7
|
|t:|1728054413
|move|p1a: Starmie|Recover|p1a: Starmie
|-heal|p1a: Starmie|75/100 tox
|move|p2a: Milotic|Recover|p2a: Milotic
|-heal|p2a: Milotic|100/100
|
|-weather|Sandstorm|[upkeep]
|-damage|p1a: Starmie|69/100 tox|[from] Sandstorm
|-damage|p2a: Milotic|94/100|[from] Sandstorm
|-heal|p1a: Starmie|75/100 tox|[from] item: Leftovers
|-damage|p1a: Starmie|50/100 tox|[from] psn
|-heal|p2a: Milotic|100/100|[from] item: Leftovers
|upkeep
|turn|8
|
|t:|1728054420
|move|p1a: Starmie|Recover|p1a: Starmie
|-heal|p1a: Starmie|100/100 tox
|move|p2a: Milotic|Surf|p1a: Starmie
|-resisted|p1a: Starmie
|-damage|p1a: Starmie|75/100 tox
|
|-weather|Sandstorm|[upkeep]
|-damage|p1a: Starmie|69/100 tox|[from] Sandstorm
|-damage|p2a: Milotic|94/100|[from] Sandstorm
|-heal|p1a: Starmie|75/100 tox|[from] item: Leftovers
|-damage|p1a: Starmie|45/100 tox|[from] psn
|-heal|p2a: Milotic|100/100|[from] item: Leftovers
|upkeep
|turn|9
|
|t:|1728054428
|move|p1a: Starmie|Recover|p1a: Starmie
|-heal|p1a: Starmie|95/100 tox
|move|p2a: Milotic|Surf|p1a: Starmie
|-resisted|p1a: Starmie
|-damage|p1a: Starmie|70/100 tox
|
|-weather|Sandstorm|[upkeep]
|-damage|p1a: Starmie|64/100 tox|[from] Sandstorm
|-damage|p2a: Milotic|94/100|[from] Sandstorm
|-heal|p1a: Starmie|70/100 tox|[from] item: Leftovers
|-damage|p1a: Starmie|34/100 tox|[from] psn
|-heal|p2a: Milotic|100/100|[from] item: Leftovers
|upkeep
|turn|10
|
|t:|1728054434
|-curestatus|p1a: Starmie|tox|[from] ability: Natural Cure
|switch|p1a: Snorlax|Snorlax, F|100/100
|move|p2a: Milotic|Surf|p1a: Snorlax
|-crit|p1a: Snorlax
|-damage|p1a: Snorlax|66/100
|
|-weather|Sandstorm|[upkeep]
|-damage|p2a: Milotic|94/100|[from] Sandstorm
|-damage|p1a: Snorlax|60/100|[from] Sandstorm
|-heal|p2a: Milotic|100/100|[from] item: Leftovers
|-heal|p1a: Snorlax|66/100|[from] item: Leftovers
|upkeep
|turn|11
|
|t:|1728054443
|switch|p2a: Forretress|Forretress, M|100/100
|move|p1a: Snorlax|Body Slam|p2a: Forretress
|-resisted|p2a: Forretress
|-damage|p2a: Forretress|85/100
|-status|p2a: Forretress|par
|
|-weather|Sandstorm|[upkeep]
|-damage|p1a: Snorlax|60/100|[from] Sandstorm
|-heal|p1a: Snorlax|66/100|[from] item: Leftovers
|-heal|p2a: Forretress|91/100 par|[from] item: Leftovers
|upkeep
|turn|12
|
|t:|1728054448
|switch|p1a: Claydol|Claydol|100/100
|cant|p2a: Forretress|par
|
|-weather|Sandstorm|[upkeep]
|-heal|p2a: Forretress|97/100 par|[from] item: Leftovers
|upkeep
|turn|13
|
|t:|1728054455
|switch|p1a: Charizard|Charizard, M|100/100
|move|p2a: Forretress|Spikes|p1a: Charizard
|-sidestart|p1: Vholtninja|Spikes
|
|-weather|Sandstorm|[upkeep]
|-damage|p1a: Charizard|94/100|[from] Sandstorm
|-heal|p1a: Charizard|100/100|[from] item: Leftovers
|-heal|p2a: Forretress|100/100 par|[from] item: Leftovers
|upkeep
|turn|14
|
|t:|1728054460
|-singleturn|p1a: Charizard|move: Focus Punch
|switch|p2a: Milotic|Milotic, F|100/100
|move|p1a: Charizard|Focus Punch|p2a: Milotic
|-damage|p2a: Milotic|77/100
|
|-weather|Sandstorm|[upkeep]
|-damage|p1a: Charizard|94/100|[from] Sandstorm
|-damage|p2a: Milotic|71/100|[from] Sandstorm
|-heal|p1a: Charizard|100/100|[from] item: Leftovers
|-heal|p2a: Milotic|77/100|[from] item: Leftovers
|upkeep
|turn|15
|
|t:|1728054473
|move|p1a: Charizard|Hidden Power|p2a: Milotic
|-supereffective|p2a: Milotic
|-damage|p2a: Milotic|48/100
|move|p2a: Milotic|Surf|p1a: Charizard
|-supereffective|p1a: Charizard
|-damage|p1a: Charizard|14/100
|
|-weather|Sandstorm|[upkeep]
|-damage|p1a: Charizard|8/100|[from] Sandstorm
|-damage|p2a: Milotic|42/100|[from] Sandstorm
|-heal|p1a: Charizard|14/100|[from] item: Leftovers
|-heal|p2a: Milotic|48/100|[from] item: Leftovers
|upkeep
|turn|16
|
|t:|1728054477
|switch|p1a: Snorlax|Snorlax, F|66/100
|-damage|p1a: Snorlax|54/100|[from] Spikes
|move|p2a: Milotic|Recover|p2a: Milotic
|-heal|p2a: Milotic|98/100
|
|-weather|Sandstorm|[upkeep]
|-damage|p2a: Milotic|92/100|[from] Sandstorm
|-damage|p1a: Snorlax|48/100|[from] Sandstorm
|-heal|p2a: Milotic|98/100|[from] item: Leftovers
|-heal|p1a: Snorlax|54/100|[from] item: Leftovers
|upkeep
|turn|17
|
|t:|1728054484
|switch|p2a: Forretress|Forretress, M|100/100 par
|switch|p1a: Claydol|Claydol|100/100
|
|-weather|Sandstorm|[upkeep]
|upkeep
|turn|18
|
|t:|1728054492
|move|p1a: Claydol|Rapid Spin|p2a: Forretress
|-resisted|p2a: Forretress
|-damage|p2a: Forretress|99/100 par
|-sideend|p1: Vholtninja|Spikes|[from] move: Rapid Spin|[of] p1a: Claydol
|move|p2a: Forretress|Spikes|p1a: Claydol
|-sidestart|p1: Vholtninja|Spikes
|
|-weather|Sandstorm|[upkeep]
|-heal|p2a: Forretress|100/100 par|[from] item: Leftovers
|upkeep
|turn|19
|
|t:|1728054514
|switch|p2a: Jirachi|Jirachi|100/100
|move|p1a: Claydol|Earthquake|p2a: Jirachi
|-supereffective|p2a: Jirachi
|-damage|p2a: Jirachi|44/100
|
|-weather|Sandstorm|[upkeep]
|-heal|p2a: Jirachi|51/100|[from] item: Leftovers
|upkeep
|turn|20
|
|t:|1728054523
|switch|p2a: Salamence|Salamence, F|100/100
|-ability|p2a: Salamence|Intimidate|boost
|-unboost|p1a: Claydol|atk|1
|move|p1a: Claydol|Earthquake|p2a: Salamence
|-immune|p2a: Salamence
|
|-weather|Sandstorm|[upkeep]
|-damage|p2a: Salamence|94/100|[from] Sandstorm
|-heal|p2a: Salamence|100/100|[from] item: Leftovers
|upkeep
|turn|21
|
|t:|1728054526
|switch|p2a: Tyranitar|Tyranitar, M|100/100
|move|p1a: Claydol|Rapid Spin|p2a: Tyranitar
|-resisted|p2a: Tyranitar
|-damage|p2a: Tyranitar|99/100
|-sideend|p1: Vholtninja|Spikes|[from] move: Rapid Spin|[of] p1a: Claydol
|
|-weather|Sandstorm|[upkeep]
|-heal|p2a: Tyranitar|100/100|[from] item: Leftovers
|upkeep
|turn|22
|
|t:|1728054533
|move|p1a: Claydol|Earthquake|p2a: Tyranitar
|-supereffective|p2a: Tyranitar
|-damage|p2a: Tyranitar|60/100
|move|p2a: Tyranitar|Crunch|p1a: Claydol
|-supereffective|p1a: Claydol
|-damage|p1a: Claydol|30/100
|
|-weather|Sandstorm|[upkeep]
|-heal|p1a: Claydol|36/100|[from] item: Leftovers
|-heal|p2a: Tyranitar|66/100|[from] item: Leftovers
|upkeep
|turn|23
|
|t:|1728054545
|switch|p1a: Charizard|Charizard, M|14/100
|move|p2a: Tyranitar|Crunch|p1a: Charizard
|-damage|p1a: Charizard|0 fnt
|faint|p1a: Charizard
|
|t:|1728054547
|switch|p1a: Starmie|Starmie|34/100
|
|-weather|Sandstorm|[upkeep]
|-damage|p1a: Starmie|28/100|[from] Sandstorm
|-heal|p1a: Starmie|34/100|[from] item: Leftovers
|-heal|p2a: Tyranitar|72/100|[from] item: Leftovers
|upkeep
|turn|24
|
|t:|1728054551
|switch|p2a: Jirachi|Jirachi|51/100
|move|p1a: Starmie|Recover|p1a: Starmie
|-heal|p1a: Starmie|84/100
|
|-weather|Sandstorm|[upkeep]
|-damage|p1a: Starmie|78/100|[from] Sandstorm
|-heal|p1a: Starmie|84/100|[from] item: Leftovers
|-heal|p2a: Jirachi|57/100|[from] item: Leftovers
|upkeep
|turn|25
|
|t:|1728054556
|move|p1a: Starmie|Hydro Pump|p2a: Jirachi
|-damage|p2a: Jirachi|22/100
|move|p2a: Jirachi|Wish|p2a: Jirachi
|
|-weather|Sandstorm|[upkeep]
|-damage|p1a: Starmie|78/100|[from] Sandstorm
|-heal|p1a: Starmie|84/100|[from] item: Leftovers
|-heal|p2a: Jirachi|28/100|[from] item: Leftovers
|upkeep
|turn|26
|
|t:|1728054562
|switch|p1a: Tyranitar|Tyranitar, M|100/100
|move|p2a: Jirachi|Protect||[still]
|-fail|p2a: Jirachi
|
|-heal|p2a: Jirachi|78/100|[from] move: Wish|[wisher] Jirachi
|-weather|Sandstorm|[upkeep]
|-heal|p2a: Jirachi|84/100|[from] item: Leftovers
|upkeep
|turn|27
|
|t:|1728054566
|-singleturn|p1a: Tyranitar|move: Focus Punch
|move|p2a: Jirachi|Toxic|p1a: Tyranitar
|-status|p1a: Tyranitar|tox
|move|p1a: Tyranitar|Focus Punch|p2a: Jirachi
|-damage|p2a: Jirachi|43/100
|
|-weather|Sandstorm|[upkeep]
|-heal|p2a: Jirachi|49/100|[from] item: Leftovers
|-damage|p1a: Tyranitar|94/100 tox|[from] psn
|upkeep
|turn|28
|
|t:|1728054574
|move|p2a: Jirachi|Protect|p2a: Jirachi
|-singleturn|p2a: Jirachi|Protect
|move|p1a: Tyranitar|Earthquake|p2a: Jirachi
|-activate|p2a: Jirachi|Protect
|
|-weather|Sandstorm|[upkeep]
|-heal|p2a: Jirachi|56/100|[from] item: Leftovers
|-heal|p1a: Tyranitar|100/100 tox|[from] item: Leftovers
|-damage|p1a: Tyranitar|88/100 tox|[from] psn
|upkeep
|turn|29
|
|t:|1728054577
|switch|p2a: Milotic|Milotic, F|98/100
|switch|p1a: Snorlax|Snorlax, F|54/100
|
|-weather|Sandstorm|[upkeep]
|-damage|p2a: Milotic|92/100|[from] Sandstorm
|-damage|p1a: Snorlax|48/100|[from] Sandstorm
|-heal|p2a: Milotic|98/100|[from] item: Leftovers
|-heal|p1a: Snorlax|54/100|[from] item: Leftovers
|upkeep
|turn|30
|
|t:|1728054584
|switch|p2a: Forretress|Forretress, M|100/100 par
|switch|p1a: Starmie|Starmie|84/100
|
|-weather|Sandstorm|[upkeep]
|-damage|p1a: Starmie|78/100|[from] Sandstorm
|-heal|p1a: Starmie|84/100|[from] item: Leftovers
|upkeep
|turn|31
|
|t:|1728054587
|move|p1a: Starmie|Hydro Pump|p2a: Forretress
|-damage|p2a: Forretress|54/100 par
|move|p2a: Forretress|Spikes|p1a: Starmie
|-sidestart|p1: Vholtninja|Spikes
|
|-weather|Sandstorm|[upkeep]
|-damage|p1a: Starmie|78/100|[from] Sandstorm
|-heal|p1a: Starmie|84/100|[from] item: Leftovers
|-heal|p2a: Forretress|61/100 par|[from] item: Leftovers
|upkeep
|turn|32
|
|t:|1728054597
|switch|p2a: Milotic|Milotic, F|98/100
|move|p1a: Starmie|Hydro Pump|p2a: Milotic
|-resisted|p2a: Milotic
|-crit|p2a: Milotic
|-damage|p2a: Milotic|62/100
|
|-weather|Sandstorm|[upkeep]
|-damage|p1a: Starmie|78/100|[from] Sandstorm
|-damage|p2a: Milotic|56/100|[from] Sandstorm
|-heal|p1a: Starmie|84/100|[from] item: Leftovers
|-heal|p2a: Milotic|62/100|[from] item: Leftovers
|upkeep
|turn|33
|
|t:|1728054602
|move|p1a: Starmie|Thunderbolt|p2a: Milotic
|-supereffective|p2a: Milotic
|-damage|p2a: Milotic|25/100
|move|p2a: Milotic|Recover|p2a: Milotic
|-heal|p2a: Milotic|75/100
|
|-weather|Sandstorm|[upkeep]
|-damage|p1a: Starmie|78/100|[from] Sandstorm
|-damage|p2a: Milotic|69/100|[from] Sandstorm
|-heal|p1a: Starmie|84/100|[from] item: Leftovers
|-heal|p2a: Milotic|75/100|[from] item: Leftovers
|upkeep
|turn|34
|
|t:|1728054620
|move|p1a: Starmie|Thunderbolt|p2a: Milotic
|-supereffective|p2a: Milotic
|-damage|p2a: Milotic|38/100
|-status|p2a: Milotic|par
|move|p2a: Milotic|Recover|p2a: Milotic
|-heal|p2a: Milotic|88/100 par
|
|-weather|Sandstorm|[upkeep]
|-damage|p1a: Starmie|78/100|[from] Sandstorm
|-damage|p2a: Milotic|82/100 par|[from] Sandstorm
|-heal|p1a: Starmie|84/100|[from] item: Leftovers
|-heal|p2a: Milotic|88/100 par|[from] item: Leftovers
|upkeep
|turn|35
|
|t:|1728054627
|switch|p2a: Forretress|Forretress, M|61/100 par
|move|p1a: Starmie|Thunderbolt|p2a: Forretress
|-damage|p2a: Forretress|33/100 par
|
|-weather|Sandstorm|[upkeep]
|-damage|p1a: Starmie|78/100|[from] Sandstorm
|-heal|p1a: Starmie|84/100|[from] item: Leftovers
|-heal|p2a: Forretress|39/100 par|[from] item: Leftovers
|upkeep
|turn|36
|
|t:|1728054631
|move|p1a: Starmie|Hydro Pump|p2a: Forretress
|-damage|p2a: Forretress|0 fnt
|faint|p2a: Forretress
|
|t:|1728054647
|switch|p2a: Jirachi|Jirachi|56/100
|
|-weather|Sandstorm|[upkeep]
|-damage|p1a: Starmie|78/100|[from] Sandstorm
|-heal|p1a: Starmie|84/100|[from] item: Leftovers
|-heal|p2a: Jirachi|62/100|[from] item: Leftovers
|upkeep
|turn|37
|
|t:|1728054652
|switch|p1a: Claydol|Claydol|36/100
|move|p2a: Jirachi|Wish|p2a: Jirachi
|
|-weather|Sandstorm|[upkeep]
|-heal|p2a: Jirachi|68/100|[from] item: Leftovers
|-heal|p1a: Claydol|42/100|[from] item: Leftovers
|upkeep
|turn|38
|
|t:|1728054654
|move|p2a: Jirachi|Toxic|p1a: Claydol|[miss]
|-miss|p2a: Jirachi|p1a: Claydol
|move|p1a: Claydol|Rapid Spin|p2a: Jirachi
|-resisted|p2a: Jirachi
|-damage|p2a: Jirachi|66/100
|-sideend|p1: Vholtninja|Spikes|[from] move: Rapid Spin|[of] p1a: Claydol
|
|-heal|p2a: Jirachi|100/100|[from] move: Wish|[wisher] Jirachi
|-weather|Sandstorm|[upkeep]
|-heal|p1a: Claydol|49/100|[from] item: Leftovers
|upkeep
|turn|39
|
|t:|1728054657
|move|p2a: Jirachi|Toxic|p1a: Claydol
|-status|p1a: Claydol|tox
|move|p1a: Claydol|Earthquake|p2a: Jirachi
|-supereffective|p2a: Jirachi
|-damage|p2a: Jirachi|46/100
|
|-weather|Sandstorm|[upkeep]
|-heal|p2a: Jirachi|52/100|[from] item: Leftovers
|-heal|p1a: Claydol|55/100 tox|[from] item: Leftovers
|-damage|p1a: Claydol|49/100 tox|[from] psn
|upkeep
|turn|40
|
|t:|1728054662
|switch|p1a: Snorlax|Snorlax, F|54/100
|move|p2a: Jirachi|Protect||[still]
|-fail|p2a: Jirachi
|
|-weather|Sandstorm|[upkeep]
|-damage|p1a: Snorlax|48/100|[from] Sandstorm
|-heal|p2a: Jirachi|59/100|[from] item: Leftovers
|-heal|p1a: Snorlax|54/100|[from] item: Leftovers
|upkeep
|turn|41
|
|t:|1728054667
|move|p2a: Jirachi|Protect|p2a: Jirachi
|-singleturn|p2a: Jirachi|Protect
|move|p1a: Snorlax|Earthquake|p2a: Jirachi
|-activate|p2a: Jirachi|Protect
|
|-weather|Sandstorm|[upkeep]
|-damage|p1a: Snorlax|48/100|[from] Sandstorm
|-heal|p2a: Jirachi|65/100|[from] item: Leftovers
|-heal|p1a: Snorlax|54/100|[from] item: Leftovers
|upkeep
|turn|42
|
|t:|1728054671
|switch|p2a: Claydol|Claydol|100/100
|move|p1a: Snorlax|Self-Destruct|p2a: Claydol
|-damage|p2a: Claydol|0 fnt
|faint|p1a: Snorlax
|faint|p2a: Claydol
|
|t:|1728054676
|switch|p2a: Tyranitar|Tyranitar, M|72/100
|switch|p1a: Starmie|Starmie|84/100
|
|-weather|Sandstorm|[upkeep]
|-damage|p1a: Starmie|78/100|[from] Sandstorm
|-heal|p1a: Starmie|84/100|[from] item: Leftovers
|-heal|p2a: Tyranitar|78/100|[from] item: Leftovers
|upkeep
|turn|43
|
|t:|1728054680
|switch|p2a: Jirachi|Jirachi|65/100
|move|p1a: Starmie|Hydro Pump|p2a: Jirachi|[miss]
|-miss|p1a: Starmie|p2a: Jirachi
|
|-weather|Sandstorm|[upkeep]
|-damage|p1a: Starmie|78/100|[from] Sandstorm
|-heal|p1a: Starmie|84/100|[from] item: Leftovers
|-heal|p2a: Jirachi|71/100|[from] item: Leftovers
|upkeep
|turn|44
|
|t:|1728054684
|move|p1a: Starmie|Hydro Pump|p2a: Jirachi
|-damage|p2a: Jirachi|35/100
|move|p2a: Jirachi|Wish|p2a: Jirachi
|
|-weather|Sandstorm|[upkeep]
|-damage|p1a: Starmie|78/100|[from] Sandstorm
|-heal|p1a: Starmie|84/100|[from] item: Leftovers
|-heal|p2a: Jirachi|42/100|[from] item: Leftovers
|upkeep
|turn|45
|
|t:|1728054693
|move|p2a: Jirachi|Protect|p2a: Jirachi
|-singleturn|p2a: Jirachi|Protect
|move|p1a: Starmie|Thunderbolt|p2a: Jirachi
|-activate|p2a: Jirachi|Protect
|
|-heal|p2a: Jirachi|92/100|[from] move: Wish|[wisher] Jirachi
|-weather|Sandstorm|[upkeep]
|-damage|p1a: Starmie|78/100|[from] Sandstorm
|-heal|p1a: Starmie|84/100|[from] item: Leftovers
|-heal|p2a: Jirachi|98/100|[from] item: Leftovers
|upkeep
|turn|46
|
|t:|1728054695
|move|p1a: Starmie|Thunderbolt|p2a: Jirachi
|-damage|p2a: Jirachi|79/100
|move|p2a: Jirachi|Wish|p2a: Jirachi
|
|-weather|Sandstorm|[upkeep]
|-damage|p1a: Starmie|78/100|[from] Sandstorm
|-heal|p1a: Starmie|84/100|[from] item: Leftovers
|-heal|p2a: Jirachi|85/100|[from] item: Leftovers
|upkeep
|turn|47
|
|t:|1728054698
|move|p1a: Starmie|Thunderbolt|p2a: Jirachi
|-damage|p2a: Jirachi|67/100
|move|p2a: Jirachi|Toxic|p1a: Starmie
|-status|p1a: Starmie|tox
|
|-heal|p2a: Jirachi|100/100|[from] move: Wish|[wisher] Jirachi
|-weather|Sandstorm|[upkeep]
|-damage|p1a: Starmie|78/100 tox|[from] Sandstorm
|-heal|p1a: Starmie|84/100 tox|[from] item: Leftovers
|-damage|p1a: Starmie|78/100 tox|[from] psn
|upkeep
|turn|48
|
|t:|1728054701
|move|p1a: Starmie|Thunderbolt|p2a: Jirachi
|-damage|p2a: Jirachi|80/100
|move|p2a: Jirachi|Fire Punch|p1a: Starmie
|-resisted|p1a: Starmie
|-damage|p1a: Starmie|65/100 tox
|
|-weather|Sandstorm|[upkeep]
|-damage|p1a: Starmie|59/100 tox|[from] Sandstorm
|-heal|p1a: Starmie|65/100 tox|[from] item: Leftovers
|-damage|p1a: Starmie|52/100 tox|[from] psn
|-heal|p2a: Jirachi|86/100|[from] item: Leftovers
|upkeep
|turn|49
|
|t:|1728054707
|-curestatus|p1a: Starmie|tox|[from] ability: Natural Cure
|switch|p1a: Metagross|Metagross|100/100
|move|p2a: Jirachi|Fire Punch|p1a: Metagross
|-supereffective|p1a: Metagross
|-damage|p1a: Metagross|65/100
|-status|p1a: Metagross|brn
|
|-weather|Sandstorm|[upkeep]
|-heal|p2a: Jirachi|93/100|[from] item: Leftovers
|-heal|p1a: Metagross|71/100 brn|[from] item: Leftovers
|-damage|p1a: Metagross|58/100 brn|[from] brn
|upkeep
|turn|50
|
|t:|1728054713
|move|p2a: Jirachi|Protect|p2a: Jirachi
|-singleturn|p2a: Jirachi|Protect
|move|p1a: Metagross|Earthquake|p2a: Jirachi
|-activate|p2a: Jirachi|Protect
|
|-weather|Sandstorm|[upkeep]
|-heal|p2a: Jirachi|99/100|[from] item: Leftovers
|-heal|p1a: Metagross|65/100 brn|[from] item: Leftovers
|-damage|p1a: Metagross|52/100 brn|[from] brn
|upkeep
|turn|51
|
|t:|1728054718
|switch|p2a: Tyranitar|Tyranitar, M|78/100
|move|p1a: Metagross|Earthquake|p2a: Tyranitar
|-supereffective|p2a: Tyranitar
|-damage|p2a: Tyranitar|49/100
|
|-weather|Sandstorm|[upkeep]
|-heal|p1a: Metagross|58/100 brn|[from] item: Leftovers
|-damage|p1a: Metagross|46/100 brn|[from] brn
|-heal|p2a: Tyranitar|55/100|[from] item: Leftovers
|upkeep
|turn|52
|
|t:|1728054728
|switch|p2a: Jirachi|Jirachi|99/100
|move|p1a: Metagross|Meteor Mash|p2a: Jirachi
|-resisted|p2a: Jirachi
|-damage|p2a: Jirachi|89/100
|
|-weather|Sandstorm|[upkeep]
|-heal|p2a: Jirachi|95/100|[from] item: Leftovers
|-heal|p1a: Metagross|52/100 brn|[from] item: Leftovers
|-damage|p1a: Metagross|40/100 brn|[from] brn
|upkeep
|turn|53
|
|t:|1728054733
|switch|p1a: Claydol|Claydol|49/100 tox
|move|p2a: Jirachi|Wish|p2a: Jirachi
|
|-weather|Sandstorm|[upkeep]
|-heal|p2a: Jirachi|100/100|[from] item: Leftovers
|-heal|p1a: Claydol|55/100 tox|[from] item: Leftovers
|-damage|p1a: Claydol|49/100 tox|[from] psn
|upkeep
|turn|54
|
|t:|1728054737
|switch|p2a: Milotic|Milotic, F|88/100 par
|move|p1a: Claydol|Earthquake|p2a: Milotic
|-damage|p2a: Milotic|69/100 par
|
|-heal|p2a: Milotic|100/100 par|[from] move: Wish|[wisher] Jirachi
|-weather|Sandstorm|[upkeep]
|-damage|p2a: Milotic|94/100 par|[from] Sandstorm
|-heal|p1a: Claydol|55/100 tox|[from] item: Leftovers
|-damage|p1a: Claydol|42/100 tox|[from] psn
|-heal|p2a: Milotic|100/100 par|[from] item: Leftovers
|upkeep
|turn|55
|
|t:|1728054741
|move|p1a: Claydol|Explosion|p2a: Milotic
|-damage|p2a: Milotic|38/100 par
|faint|p1a: Claydol
|
|t:|1728054744
|switch|p1a: Starmie|Starmie|52/100
|
|-weather|Sandstorm|[upkeep]
|-damage|p1a: Starmie|46/100|[from] Sandstorm
|-damage|p2a: Milotic|32/100 par|[from] Sandstorm
|-heal|p1a: Starmie|52/100|[from] item: Leftovers
|-heal|p2a: Milotic|38/100 par|[from] item: Leftovers
|upkeep
|turn|56
|
|t:|1728054748
|move|p1a: Starmie|Thunderbolt|p2a: Milotic
|-supereffective|p2a: Milotic
|-damage|p2a: Milotic|0 fnt
|faint|p2a: Milotic
|
|t:|1728054751
|switch|p2a: Jirachi|Jirachi|100/100
|
|-weather|Sandstorm|[upkeep]
|-damage|p1a: Starmie|46/100|[from] Sandstorm
|-heal|p1a: Starmie|52/100|[from] item: Leftovers
|upkeep
|turn|57
|
|t:|1728054756
|move|p1a: Starmie|Recover|p1a: Starmie
|-heal|p1a: Starmie|100/100
|move|p2a: Jirachi|Toxic|p1a: Starmie|[miss]
|-miss|p2a: Jirachi|p1a: Starmie
|
|-weather|Sandstorm|[upkeep]
|-damage|p1a: Starmie|94/100|[from] Sandstorm
|-heal|p1a: Starmie|100/100|[from] item: Leftovers
|upkeep
|turn|58
|
|t:|1728054761
|switch|p1a: Metagross|Metagross|40/100 brn
|move|p2a: Jirachi|Toxic||[still]
|-fail|p2a: Jirachi
|
|-weather|Sandstorm|[upkeep]
|-heal|p1a: Metagross|46/100 brn|[from] item: Leftovers
|-damage|p1a: Metagross|33/100 brn|[from] brn
|upkeep
|turn|59
|
|t:|1728054763
|move|p2a: Jirachi|Protect|p2a: Jirachi
|-singleturn|p2a: Jirachi|Protect
|move|p1a: Metagross|Earthquake|p2a: Jirachi
|-activate|p2a: Jirachi|Protect
|
|-weather|Sandstorm|[upkeep]
|-heal|p1a: Metagross|39/100 brn|[from] item: Leftovers
|-damage|p1a: Metagross|27/100 brn|[from] brn
|upkeep
|turn|60
|
|t:|1728054766
|move|p1a: Metagross|Protect|p1a: Metagross
|-singleturn|p1a: Metagross|Protect
|move|p2a: Jirachi|Wish|p2a: Jirachi
|
|-weather|Sandstorm|[upkeep]
|-heal|p1a: Metagross|33/100 brn|[from] item: Leftovers
|-damage|p1a: Metagross|21/100 brn|[from] brn
|upkeep
|turn|61
|
|t:|1728054769
|move|p2a: Jirachi|Fire Punch|p1a: Metagross
|-supereffective|p1a: Metagross
|-damage|p1a: Metagross|0 fnt
|faint|p1a: Metagross
|
|t:|1728054772
|switch|p1a: Tyranitar|Tyranitar, M|88/100 tox
|
|-weather|Sandstorm|[upkeep]
|-heal|p1a: Tyranitar|94/100 tox|[from] item: Leftovers
|-damage|p1a: Tyranitar|88/100 tox|[from] psn
|upkeep
|turn|62
|
|t:|1728054778
|move|p2a: Jirachi|Protect|p2a: Jirachi
|-singleturn|p2a: Jirachi|Protect
|move|p1a: Tyranitar|Rock Slide|p2a: Jirachi
|-activate|p2a: Jirachi|Protect
|
|-weather|Sandstorm|[upkeep]
|-heal|p1a: Tyranitar|94/100 tox|[from] item: Leftovers
|-damage|p1a: Tyranitar|82/100 tox|[from] psn
|upkeep
|turn|63
|
|t:|1728054785
|move|p2a: Jirachi|Wish|p2a: Jirachi
|move|p1a: Tyranitar|Earthquake|p2a: Jirachi
|-supereffective|p2a: Jirachi
|-damage|p2a: Jirachi|45/100
|
|-weather|Sandstorm|[upkeep]
|-heal|p2a: Jirachi|52/100|[from] item: Leftovers
|-heal|p1a: Tyranitar|88/100 tox|[from] item: Leftovers
|-damage|p1a: Tyranitar|70/100 tox|[from] psn
|upkeep
|turn|64
|
|t:|1728054791
|move|p2a: Jirachi|Protect|p2a: Jirachi
|-singleturn|p2a: Jirachi|Protect
|move|p1a: Tyranitar|Substitute|p1a: Tyranitar
|-start|p1a: Tyranitar|Substitute
|-damage|p1a: Tyranitar|45/100 tox
|
|-heal|p2a: Jirachi|100/100|[from] move: Wish|[wisher] Jirachi
|-weather|Sandstorm|[upkeep]
|-heal|p1a: Tyranitar|51/100 tox|[from] item: Leftovers
|-damage|p1a: Tyranitar|26/100 tox|[from] psn
|upkeep
|turn|65
|
|t:|1728054799
|move|p2a: Jirachi|Wish|p2a: Jirachi
|move|p1a: Tyranitar|Earthquake|p2a: Jirachi
|-supereffective|p2a: Jirachi
|-damage|p2a: Jirachi|41/100
|
|-weather|Sandstorm|[upkeep]
|-heal|p2a: Jirachi|48/100|[from] item: Leftovers
|-heal|p1a: Tyranitar|32/100 tox|[from] item: Leftovers
|-damage|p1a: Tyranitar|1/100 tox|[from] psn
|upkeep
|turn|66
|
|t:|1728054808
|move|p2a: Jirachi|Protect|p2a: Jirachi
|-singleturn|p2a: Jirachi|Protect
|move|p1a: Tyranitar|Earthquake|p2a: Jirachi
|-activate|p2a: Jirachi|Protect
|
|-heal|p2a: Jirachi|98/100|[from] move: Wish|[wisher] Jirachi
|-weather|Sandstorm|[upkeep]
|-heal|p2a: Jirachi|100/100|[from] item: Leftovers
|-heal|p1a: Tyranitar|7/100 tox|[from] item: Leftovers
|-damage|p1a: Tyranitar|0 fnt|[from] psn
|faint|p1a: Tyranitar
|upkeep
|
|t:|1728054810
|switch|p1a: Starmie|Starmie|100/100
|turn|67
|
|t:|1728054812
|move|p1a: Starmie|Hydro Pump|p2a: Jirachi
|-damage|p2a: Jirachi|63/100
|move|p2a: Jirachi|Toxic|p1a: Starmie
|-status|p1a: Starmie|tox
|
|-weather|Sandstorm|[upkeep]
|-damage|p1a: Starmie|94/100 tox|[from] Sandstorm
|-heal|p1a: Starmie|100/100 tox|[from] item: Leftovers
|-damage|p1a: Starmie|94/100 tox|[from] psn
|-heal|p2a: Jirachi|69/100|[from] item: Leftovers
|upkeep
|turn|68
|
|t:|1728054816
|move|p2a: Jirachi|Protect|p2a: Jirachi
|-singleturn|p2a: Jirachi|Protect
|move|p1a: Starmie|Hydro Pump|p2a: Jirachi
|-activate|p2a: Jirachi|Protect
|
|-weather|Sandstorm|[upkeep]
|-damage|p1a: Starmie|88/100 tox|[from] Sandstorm
|-heal|p1a: Starmie|94/100 tox|[from] item: Leftovers
|-damage|p1a: Starmie|82/100 tox|[from] psn
|-heal|p2a: Jirachi|76/100|[from] item: Leftovers
|upkeep
|turn|69
|
|t:|1728054820
|move|p1a: Starmie|Thunderbolt|p2a: Jirachi
|-damage|p2a: Jirachi|57/100
|-status|p2a: Jirachi|par
|move|p2a: Jirachi|Wish|p2a: Jirachi
|
|-weather|Sandstorm|[upkeep]
|-damage|p1a: Starmie|76/100 tox|[from] Sandstorm
|-heal|p1a: Starmie|82/100 tox|[from] item: Leftovers
|-damage|p1a: Starmie|64/100 tox|[from] psn
|-heal|p2a: Jirachi|63/100 par|[from] item: Leftovers
|upkeep
|turn|70
|
|t:|1728054827
|switch|p2a: Tyranitar|Tyranitar, M|55/100
|move|p1a: Starmie|Thunderbolt|p2a: Tyranitar
|-damage|p2a: Tyranitar|31/100
|
|-heal|p2a: Tyranitar|80/100|[from] move: Wish|[wisher] Jirachi
|-weather|Sandstorm|[upkeep]
|-damage|p1a: Starmie|58/100 tox|[from] Sandstorm
|-heal|p1a: Starmie|64/100 tox|[from] item: Leftovers
|-damage|p1a: Starmie|39/100 tox|[from] psn
|-heal|p2a: Tyranitar|87/100|[from] item: Leftovers
|upkeep
|turn|71
|
|t:|1728054830
|move|p1a: Starmie|Thunderbolt|p2a: Tyranitar
|-damage|p2a: Tyranitar|62/100
|move|p2a: Tyranitar|Crunch|p1a: Starmie
|-supereffective|p1a: Starmie
|-damage|p1a: Starmie|0 fnt
|faint|p1a: Starmie
|
|win|Depres_ionCher_y
|c|☆Vholtninja|gg
|c|☆Depres_ionCher_y|ggs

</script>
<script type="application/json" class="data" id="replaydata-smogtours-gen3ou-794557">
{"id":"smogtours-gen3ou-794557","format":"[Gen 3] OU","players":["Vholtninja","Depres_ionCher_y"],"uploadtime":1728054830,"views":115,"formatid":"gen3ou","rating":null,"private":0,"password":null}
</script>

<script defer src="js/replays.js?9d40a366"></script>
