<!DOCTYPE html>
<meta charset="utf-8" />
<meta name="viewport" content="width=device-width" />

<title>[Gen 3] OU: DiegoIn vs. smollest brian - Replays - Pok&eacute;mon Showdown!</title>

<meta name="description" content="Watch a replay of a Pok&eacute;mon battle between DiegoIn and smollest brian! Format: [Gen 3] OU; Date: Oct 18, 2024" />
<!--

Hey, you! Looking in the source for the replay log?

You can find them in JSON format, just add `.json` at the end of a replay URL.

https://replay.pokemonshowdown.com/gen7randomdoublesbattle-865046831.json

Or, if you only need the log itself, add `.log` instead:

https://replay.pokemonshowdown.com/gen7randomdoublesbattle-865046831.log

-->

<link rel="stylesheet" href="//pokemonshowdown.com/style/global.css?0.023195364461161105" />
<link rel="stylesheet" href="//play.pokemonshowdown.com/style/font-awesome.css?0.13261647063804238" />
<link rel="stylesheet" href="//play.pokemonshowdown.com/style/battle.css?0.8753245789963631" />
<link rel="stylesheet" href="//play.pokemonshowdown.com/style/utilichart.css?0.8627959624976733" />

<!-- Global site tag (gtag.js) - Google Analytics -->
<script async src="https://www.googletagmanager.com/gtag/js?id=UA-26211653-1"></script>
<script>
  window.dataLayer = window.dataLayer || [];
  function gtag(){dataLayer.push(arguments);}
  gtag('js', new Date());

  gtag('config', 'UA-26211653-1');
</script>
<!-- End Google Analytics -->
<!-- Venatus Ad Manager - Install in <HEAD> of page -->
	<script src="https://hb.vntsm.com/v3/live/ad-manager.min.js" type="text/javascript" data-site-id="642aba63ec9a7b11c3c9c1be" data-mode="scan" async></script>
<!-- / Venatus Ad Manager -->

<style>
	@media (max-width:820px) {
		.battle {
			margin: 0 auto;
		}
		.battle-log {
			margin: 7px auto 0;
			max-width: 640px;
			height: 300px;
			position: static;
		}
	}
	.optgroup {
		display: inline-block;
		line-height: 22px;
		font-size: 10pt;
	}
	.optgroup .button {
		height: 25px;
		padding-top: 0;
		padding-bottom: 0;
	}
	.optgroup button.button {
		padding-left: 12px;
		padding-right: 12px;
	}
	.linklist {
		list-style: none;
		margin: 0.5em 0;
		padding: 0;
	}
	.linklist li {
		padding: 2px 0;
	}
	.sidebar {
		float: left;
		width: 320px;
	}
	.bar-wrapper {
		max-width: 1100px;
		margin: 0 auto;
	}
	.bar-wrapper.has-sidebar {
		max-width: 1430px;
	}
	.mainbar {
		margin: 0;
		padding-right: 1px;
	}
	.mainbar.has-sidebar {
		margin-left: 330px;
	}
	@media (min-width: 1511px) {
		.sidebar {
			width: 400px;
		}
		.bar-wrapper.has-sidebar {
			max-width: 1510px;
		}
		.mainbar.has-sidebar {
			margin-left: 410px;
		}
	}
	.section.first-section {
		margin-top: 9px;
	}
	.blocklink small {
		white-space: normal;
	}
	.button {
		vertical-align: middle;
	}
	.replay-controls {
		padding-top: 10px;
	}
	.replay-controls h1 {
		font-size: 16pt;
		font-weight: normal;
		color: #CCC;
	}
	.pagelink {
		text-align: center;
	}
	.pagelink a {
		width: 150px;
	}
	.textbox, .button {
		font-size: 11pt;
		vertical-align: middle;
	}
	@media (max-width: 450px) {
		.button {
			font-size: 9pt;
		}
	}
</style>

<div>

	<header>
		<div class="nav-wrapper"><ul class="nav">
			<li><a class="button nav-first" href="//pokemonshowdown.com/"><img src="//pokemonshowdown.com/images/pokemonshowdownbeta.png" srcset="//pokemonshowdown.com/images/pokemonshowdownbeta.png 1x, //pokemonshowdown.com/images/pokemonshowdownbeta@2x.png 2x" alt="Pok&eacute;mon Showdown" width="146" height="44" /> Home</a></li>
			<li><a class="button" href="//pokemonshowdown.com/dex/">Pok&eacute;dex</a></li>
			<li><a class="button cur" href="/">Replays</a></li>
			<li><a class="button" href="//pokemonshowdown.com/ladder/">Ladder</a></li>
			<li><a class="button nav-last" href="//pokemonshowdown.com/forums/">Forum</a></li>
			<li><a class="button greenbutton nav-first nav-last" href="//play.pokemonshowdown.com/">Play</a></li>
		</ul></div>
	</header>

	<div class="main" id="main">

		<noscript><section class="section">You need to enable JavaScript to use this page; sorry!</section></noscript>

	</div>

</div>

<script defer nomodule src="//play.pokemonshowdown.com/js/lib/ps-polyfill.js"></script>
<script defer src="//play.pokemonshowdown.com/js/lib/preact.min.js"></script>

<script defer src="//play.pokemonshowdown.com/config/config.js?2bddbc15"></script>
<script defer src="//play.pokemonshowdown.com/js/lib/jquery-1.11.0.min.js"></script>
<script defer src="//play.pokemonshowdown.com/js/lib/html-sanitizer-minified.js"></script>
<script defer src="//play.pokemonshowdown.com/js/battle-sound.js"></script>
<script defer src="//play.pokemonshowdown.com/js/battledata.js?0.7209276989879541"></script>
<script defer src="//play.pokemonshowdown.com/data/pokedex-mini.js?0.6111056340867951"></script>
<script defer src="//play.pokemonshowdown.com/data/pokedex-mini-bw.js?0.3532142036491459"></script>
<script defer src="//play.pokemonshowdown.com/data/graphics.js?0.24223875632456182"></script>
<script defer src="//play.pokemonshowdown.com/data/pokedex.js?0.38839984266356864"></script>
<script defer src="//play.pokemonshowdown.com/data/moves.js?0.21866028504024015"></script>
<script defer src="//play.pokemonshowdown.com/data/abilities.js?0.2005157953846628"></script>
<script defer src="//play.pokemonshowdown.com/data/items.js?0.9894211263848525"></script>
<script defer src="//play.pokemonshowdown.com/data/teambuilder-tables.js?0.6008791140282215"></script>
<script defer src="//play.pokemonshowdown.com/js/battle-tooltips.js?0.7580118955022959"></script>
<script defer src="//play.pokemonshowdown.com/js/battle.js?0.6057722274234274"></script>

<script defer src="js/utils.js?e31f9a17"></script>
<script defer src="js/replays-battle.js?7008c182"></script>

<!-- don't scrape this data! just add .json or .log after the URL!
Full API docs: https://github.com/smogon/pokemon-showdown-client/blob/master/WEB-API.md -->
<script type="text/plain" class="log" id="replaylog-smogtours-gen3ou-799516">
|inactive|Battle timer is ON: inactive players will automatically lose when time's up.
|t:|1729263242
|gametype|singles
|player|p1|DiegoIn|ethan|
|player|p2|smollest brian|miku-ground|
|teamsize|p1|6
|teamsize|p2|6
|gen|3
|tier|[Gen 3] OU
|rule|Sleep Clause Mod: Limit one foe put to sleep
|rule|Switch Priority Clause Mod: Faster Pokémon switch first
|rule|Species Clause: Limit one of each Pokémon
|rule|OHKO Clause: OHKO moves are banned
|rule|Evasion Items Clause: Evasion items are banned
|rule|Evasion Moves Clause: Evasion moves are banned
|rule|Endless Battle Clause: Forcing endless battles is banned
|rule|HP Percentage Mod: HP is shown in percentages
|rule|One Boost Passer Clause: Limit one Baton Passer that has a way to boost its stats
|rule|Freeze Clause Mod: Limit one foe frozen
|
|t:|1729263242
|start
|switch|p1a: Suicune|Suicune|100/100
|switch|p2a: Tyranitar|Tyranitar, M|100/100
|-weather|Sandstorm|[from] ability: Sand Stream|[of] p2a: Tyranitar
|turn|1
|
|t:|1729263249
|switch|p2a: Ludicolo|Ludicolo, F|100/100
|move|p1a: Suicune|Toxic|p2a: Ludicolo
|-status|p2a: Ludicolo|tox
|
|-weather|Sandstorm|[upkeep]
|-damage|p2a: Ludicolo|94/100 tox|[from] Sandstorm
|-damage|p1a: Suicune|94/100|[from] Sandstorm
|-heal|p2a: Ludicolo|100/100 tox|[from] item: Leftovers
|-damage|p2a: Ludicolo|94/100 tox|[from] psn
|-heal|p1a: Suicune|100/100|[from] item: Leftovers
|upkeep
|turn|2
|c|☆smollest brian|hf
|
|t:|1729263258
|switch|p1a: SUMMER|Blissey, F, shiny|100/100
|move|p2a: Ludicolo|Leech Seed|p1a: SUMMER|[miss]
|-miss|p2a: Ludicolo|p1a: SUMMER
|
|-weather|Sandstorm|[upkeep]
|-damage|p2a: Ludicolo|88/100 tox|[from] Sandstorm
|-damage|p1a: SUMMER|94/100|[from] Sandstorm
|-heal|p2a: Ludicolo|94/100 tox|[from] item: Leftovers
|-damage|p2a: Ludicolo|82/100 tox|[from] psn
|-heal|p1a: SUMMER|100/100|[from] item: Leftovers
|upkeep
|turn|3
|
|t:|1729263269
|switch|p2a: Machamp|Machamp, M|100/100
|switch|p1a: PANDORA|Breloom, F|100/100
|
|-weather|Sandstorm|[upkeep]
|-damage|p1a: PANDORA|94/100|[from] Sandstorm
|-damage|p2a: Machamp|95/100|[from] Sandstorm
|-heal|p1a: PANDORA|100/100|[from] item: Leftovers
|-heal|p2a: Machamp|100/100|[from] item: Leftovers
|upkeep
|turn|4
|
|t:|1729263277
|switch|p2a: Tyranitar|Tyranitar, M|100/100
|move|p1a: PANDORA|Substitute|p1a: PANDORA
|-start|p1a: PANDORA|Substitute
|-damage|p1a: PANDORA|76/100
|
|-weather|Sandstorm|[upkeep]
|-damage|p1a: PANDORA|70/100|[from] Sandstorm
|-heal|p1a: PANDORA|76/100|[from] item: Leftovers
|upkeep
|turn|5
|
|t:|1729263283
|switch|p2a: Gengar|Gengar, F|100/100
|move|p1a: PANDORA|Spore|p2a: Gengar
|-status|p2a: Gengar|slp|[from] move: Spore
|
|-weather|Sandstorm|[upkeep]
|-damage|p2a: Gengar|94/100 slp|[from] Sandstorm
|-damage|p1a: PANDORA|70/100|[from] Sandstorm
|-heal|p2a: Gengar|100/100 slp|[from] item: Leftovers
|-heal|p1a: PANDORA|76/100|[from] item: Leftovers
|upkeep
|turn|6
|
|t:|1729263289
|cant|p2a: Gengar|slp
|move|p1a: PANDORA|Leech Seed|p2a: Gengar|[miss]
|-miss|p1a: PANDORA|p2a: Gengar
|
|-weather|Sandstorm|[upkeep]
|-damage|p2a: Gengar|94/100 slp|[from] Sandstorm
|-damage|p1a: PANDORA|70/100|[from] Sandstorm
|-heal|p2a: Gengar|100/100 slp|[from] item: Leftovers
|-heal|p1a: PANDORA|76/100|[from] item: Leftovers
|upkeep
|turn|7
|
|t:|1729263296
|-curestatus|p2a: Gengar|slp|[msg]
|move|p2a: Gengar|Ice Punch|p1a: PANDORA
|-supereffective|p1a: PANDORA
|-end|p1a: PANDORA|Substitute
|move|p1a: PANDORA|Leech Seed|p2a: Gengar
|-start|p2a: Gengar|move: Leech Seed
|
|-weather|Sandstorm|[upkeep]
|-damage|p2a: Gengar|94/100|[from] Sandstorm
|-damage|p1a: PANDORA|70/100|[from] Sandstorm
|-heal|p2a: Gengar|100/100|[from] item: Leftovers
|-damage|p2a: Gengar|88/100|[from] Leech Seed|[of] p1a: PANDORA
|-heal|p1a: PANDORA|85/100|[silent]
|-heal|p1a: PANDORA|91/100|[from] item: Leftovers
|upkeep
|turn|8
|
|t:|1729263307
|switch|p1a: SUMMER|Blissey, F, shiny|100/100
|move|p2a: Gengar|Will-O-Wisp|p1a: SUMMER
|-status|p1a: SUMMER|brn
|
|-weather|Sandstorm|[upkeep]
|-damage|p2a: Gengar|82/100|[from] Sandstorm
|-damage|p1a: SUMMER|94/100 brn|[from] Sandstorm
|-heal|p2a: Gengar|88/100|[from] item: Leftovers
|-damage|p2a: Gengar|76/100|[from] Leech Seed|[of] p1a: SUMMER
|-heal|p1a: SUMMER|99/100 brn|[silent]
|-heal|p1a: SUMMER|100/100 brn|[from] item: Leftovers
|-damage|p1a: SUMMER|88/100 brn|[from] brn
|upkeep
|turn|9
|
|t:|1729263316
|switch|p2a: Machamp|Machamp, M|100/100
|move|p1a: SUMMER|Wish|p1a: SUMMER
|
|-weather|Sandstorm|[upkeep]
|-damage|p2a: Machamp|95/100|[from] Sandstorm
|-damage|p1a: SUMMER|82/100 brn|[from] Sandstorm
|-heal|p2a: Machamp|100/100|[from] item: Leftovers
|-heal|p1a: SUMMER|88/100 brn|[from] item: Leftovers
|-damage|p1a: SUMMER|76/100 brn|[from] brn
|upkeep
|turn|10
|
|t:|1729263322
|-singleturn|p2a: Machamp|move: Focus Punch
|-curestatus|p1a: SUMMER|brn|[from] ability: Natural Cure
|switch|p1a: EVAN|Salamence, M|100/100
|-ability|p1a: EVAN|Intimidate|boost
|-unboost|p2a: Machamp|atk|1
|move|p2a: Machamp|Focus Punch|p1a: EVAN
|-resisted|p1a: EVAN
|-damage|p1a: EVAN|64/100
|
|-heal|p1a: EVAN|100/100|[from] move: Wish|[wisher] SUMMER
|-weather|Sandstorm|[upkeep]
|-damage|p1a: EVAN|94/100|[from] Sandstorm
|-damage|p2a: Machamp|95/100|[from] Sandstorm
|-heal|p2a: Machamp|100/100|[from] item: Leftovers
|upkeep
|turn|11
|
|t:|1729263343
|switch|p2a: Tyranitar|Tyranitar, M|100/100
|move|p1a: EVAN|Hidden Power|p2a: Tyranitar
|-resisted|p2a: Tyranitar
|-damage|p2a: Tyranitar|83/100
|
|-weather|Sandstorm|[upkeep]
|-damage|p1a: EVAN|88/100|[from] Sandstorm
|upkeep
|turn|12
|
|t:|1729263351
|-singleturn|p2a: Tyranitar|move: Focus Punch
|switch|p1a: Suicune|Suicune|100/100
|move|p2a: Tyranitar|Focus Punch|p1a: Suicune
|-damage|p1a: Suicune|49/100
|
|-weather|Sandstorm|[upkeep]
|-damage|p1a: Suicune|43/100|[from] Sandstorm
|-heal|p1a: Suicune|49/100|[from] item: Leftovers
|upkeep
|turn|13
|
|t:|1729263366
|switch|p2a: Jirachi|Jirachi|100/100
|move|p1a: Suicune|Surf|p2a: Jirachi
|-damage|p2a: Jirachi|80/100
|
|-weather|Sandstorm|[upkeep]
|-damage|p1a: Suicune|43/100|[from] Sandstorm
|-heal|p2a: Jirachi|86/100|[from] item: Leftovers
|-heal|p1a: Suicune|49/100|[from] item: Leftovers
|upkeep
|turn|14
|
|t:|1729263392
|switch|p1a: SUMMER|Blissey, F, shiny|76/100
|move|p2a: Jirachi|Body Slam|p1a: SUMMER
|-damage|p1a: SUMMER|56/100
|-status|p1a: SUMMER|par
|
|-weather|Sandstorm|[upkeep]
|-damage|p1a: SUMMER|50/100 par|[from] Sandstorm
|-heal|p2a: Jirachi|93/100|[from] item: Leftovers
|-heal|p1a: SUMMER|56/100 par|[from] item: Leftovers
|upkeep
|turn|15
|
|t:|1729263398
|switch|p2a: Machamp|Machamp, M|100/100
|move|p1a: SUMMER|Thunder Wave|p2a: Machamp
|-status|p2a: Machamp|par
|
|-weather|Sandstorm|[upkeep]
|-damage|p2a: Machamp|95/100 par|[from] Sandstorm
|-damage|p1a: SUMMER|50/100 par|[from] Sandstorm
|-heal|p2a: Machamp|100/100 par|[from] item: Leftovers
|-heal|p1a: SUMMER|56/100 par|[from] item: Leftovers
|upkeep
|turn|16
|inactive|DiegoIn has 270 seconds left.
|
|t:|1729263419
|move|p2a: Machamp|Cross Chop|p1a: SUMMER|[miss]
|-miss|p2a: Machamp|p1a: SUMMER
|move|p1a: SUMMER|Wish|p1a: SUMMER
|
|-weather|Sandstorm|[upkeep]
|-damage|p2a: Machamp|95/100 par|[from] Sandstorm
|-damage|p1a: SUMMER|50/100 par|[from] Sandstorm
|-heal|p2a: Machamp|100/100 par|[from] item: Leftovers
|-heal|p1a: SUMMER|56/100 par|[from] item: Leftovers
|upkeep
|turn|17
|
|t:|1729263424
|-curestatus|p1a: SUMMER|par|[from] ability: Natural Cure
|switch|p1a: EVAN|Salamence, M|88/100
|-ability|p1a: EVAN|Intimidate|boost
|-unboost|p2a: Machamp|atk|1
|move|p2a: Machamp|Rock Slide|p1a: EVAN
|-supereffective|p1a: EVAN
|-damage|p1a: EVAN|19/100
|
|-heal|p1a: EVAN|69/100|[from] move: Wish|[wisher] SUMMER
|-weather|Sandstorm|[upkeep]
|-damage|p1a: EVAN|63/100|[from] Sandstorm
|-damage|p2a: Machamp|95/100 par|[from] Sandstorm
|-heal|p2a: Machamp|100/100 par|[from] item: Leftovers
|upkeep
|turn|18
|
|t:|1729263439
|move|p1a: EVAN|Dragon Dance|p1a: EVAN
|-boost|p1a: EVAN|atk|1
|-boost|p1a: EVAN|spe|1
|move|p2a: Machamp|Rock Slide|p1a: EVAN
|-supereffective|p1a: EVAN
|-damage|p1a: EVAN|0 fnt
|faint|p1a: EVAN
|inactive|DiegoIn has 270 seconds left.
|
|t:|1729263463
|switch|p1a: PANDORA|Breloom, F|91/100
|
|-weather|Sandstorm|[upkeep]
|-damage|p1a: PANDORA|85/100|[from] Sandstorm
|-damage|p2a: Machamp|95/100 par|[from] Sandstorm
|-heal|p1a: PANDORA|91/100|[from] item: Leftovers
|-heal|p2a: Machamp|100/100 par|[from] item: Leftovers
|upkeep
|turn|19
|
|t:|1729263466
|move|p1a: PANDORA|Substitute|p1a: PANDORA
|-start|p1a: PANDORA|Substitute
|-damage|p1a: PANDORA|66/100
|move|p2a: Machamp|Cross Chop|p1a: PANDORA
|-end|p1a: PANDORA|Substitute
|
|-weather|Sandstorm|[upkeep]
|-damage|p1a: PANDORA|60/100|[from] Sandstorm
|-damage|p2a: Machamp|95/100 par|[from] Sandstorm
|-heal|p1a: PANDORA|66/100|[from] item: Leftovers
|-heal|p2a: Machamp|100/100 par|[from] item: Leftovers
|upkeep
|turn|20
|
|t:|1729263472
|move|p1a: PANDORA|Substitute|p1a: PANDORA
|-start|p1a: PANDORA|Substitute
|-damage|p1a: PANDORA|41/100
|move|p2a: Machamp|Hidden Power|p1a: PANDORA
|-end|p1a: PANDORA|Substitute
|
|-weather|Sandstorm|[upkeep]
|-damage|p1a: PANDORA|35/100|[from] Sandstorm
|-damage|p2a: Machamp|95/100 par|[from] Sandstorm
|-heal|p1a: PANDORA|41/100|[from] item: Leftovers
|-heal|p2a: Machamp|100/100 par|[from] item: Leftovers
|upkeep
|turn|21
|
|t:|1729263484
|move|p1a: PANDORA|Substitute|p1a: PANDORA
|-start|p1a: PANDORA|Substitute
|-damage|p1a: PANDORA|17/100
|move|p2a: Machamp|Hidden Power|p1a: PANDORA
|-end|p1a: PANDORA|Substitute
|
|-weather|Sandstorm|[upkeep]
|-damage|p1a: PANDORA|10/100|[from] Sandstorm
|-damage|p2a: Machamp|95/100 par|[from] Sandstorm
|-heal|p1a: PANDORA|17/100|[from] item: Leftovers
|-heal|p2a: Machamp|100/100 par|[from] item: Leftovers
|upkeep
|turn|22
|
|t:|1729263489
|switch|p1a: Zapdos|Zapdos|100/100
|cant|p2a: Machamp|par
|
|-weather|Sandstorm|[upkeep]
|-damage|p1a: Zapdos|94/100|[from] Sandstorm
|-damage|p2a: Machamp|95/100 par|[from] Sandstorm
|-heal|p1a: Zapdos|100/100|[from] item: Leftovers
|-heal|p2a: Machamp|100/100 par|[from] item: Leftovers
|upkeep
|turn|23
|
|t:|1729263496
|switch|p2a: Ludicolo|Ludicolo, F|82/100 tox
|move|p1a: Zapdos|Substitute|p1a: Zapdos
|-start|p1a: Zapdos|Substitute
|-damage|p1a: Zapdos|76/100
|
|-weather|Sandstorm|[upkeep]
|-damage|p1a: Zapdos|69/100|[from] Sandstorm
|-damage|p2a: Ludicolo|76/100 tox|[from] Sandstorm
|-heal|p1a: Zapdos|76/100|[from] item: Leftovers
|-heal|p2a: Ludicolo|82/100 tox|[from] item: Leftovers
|-damage|p2a: Ludicolo|76/100 tox|[from] psn
|upkeep
|turn|24
|
|t:|1729263505
|move|p1a: Zapdos|Thunderbolt|p2a: Ludicolo
|-damage|p2a: Ludicolo|20/100 tox
|move|p2a: Ludicolo|Ice Beam|p1a: Zapdos
|-supereffective|p1a: Zapdos
|-end|p1a: Zapdos|Substitute
|
|-weather|Sandstorm|[upkeep]
|-damage|p1a: Zapdos|69/100|[from] Sandstorm
|-damage|p2a: Ludicolo|14/100 tox|[from] Sandstorm
|-heal|p1a: Zapdos|76/100|[from] item: Leftovers
|-heal|p2a: Ludicolo|20/100 tox|[from] item: Leftovers
|-damage|p2a: Ludicolo|8/100 tox|[from] psn
|upkeep
|turn|25
|
|t:|1729263513
|move|p1a: Zapdos|Thunderbolt|p2a: Ludicolo
|-damage|p2a: Ludicolo|0 fnt
|faint|p2a: Ludicolo
|
|t:|1729263518
|switch|p2a: Tyranitar|Tyranitar, M|83/100
|
|-weather|Sandstorm|[upkeep]
|-damage|p1a: Zapdos|69/100|[from] Sandstorm
|-heal|p1a: Zapdos|76/100|[from] item: Leftovers
|upkeep
|turn|26
|
|t:|1729263536
|move|p1a: Zapdos|Substitute|p1a: Zapdos
|-start|p1a: Zapdos|Substitute
|-damage|p1a: Zapdos|51/100
|move|p2a: Tyranitar|Rock Slide|p1a: Zapdos
|-supereffective|p1a: Zapdos
|-end|p1a: Zapdos|Substitute
|
|-weather|Sandstorm|[upkeep]
|-damage|p1a: Zapdos|45/100|[from] Sandstorm
|-heal|p1a: Zapdos|51/100|[from] item: Leftovers
|upkeep
|turn|27
|
|t:|1729263557
|switch|p1a: Suicune|Suicune|49/100
|move|p2a: Tyranitar|Rock Slide|p1a: Suicune
|-damage|p1a: Suicune|11/100
|
|-weather|Sandstorm|[upkeep]
|-damage|p1a: Suicune|5/100|[from] Sandstorm
|-heal|p1a: Suicune|11/100|[from] item: Leftovers
|upkeep
|turn|28
|
|t:|1729263565
|move|p2a: Tyranitar|Rock Slide|p1a: Suicune
|-damage|p1a: Suicune|0 fnt
|faint|p1a: Suicune
|
|t:|1729263569
|switch|p1a: SIGMA|Dugtrio, M|100/100
|
|-weather|Sandstorm|[upkeep]
|upkeep
|turn|29
|
|t:|1729263571
|move|p1a: SIGMA|Earthquake|p2a: Tyranitar
|-supereffective|p2a: Tyranitar
|-damage|p2a: Tyranitar|0 fnt
|faint|p2a: Tyranitar
|
|t:|1729263578
|switch|p2a: Gengar|Gengar, F|76/100
|
|-weather|Sandstorm|[upkeep]
|-damage|p2a: Gengar|70/100|[from] Sandstorm
|-heal|p2a: Gengar|76/100|[from] item: Leftovers
|upkeep
|turn|30
|
|t:|1729263584
|switch|p1a: SUMMER|Blissey, F, shiny|56/100
|move|p2a: Gengar|Will-O-Wisp|p1a: SUMMER
|-status|p1a: SUMMER|brn
|
|-weather|Sandstorm|[upkeep]
|-damage|p2a: Gengar|70/100|[from] Sandstorm
|-damage|p1a: SUMMER|50/100 brn|[from] Sandstorm
|-heal|p2a: Gengar|76/100|[from] item: Leftovers
|-heal|p1a: SUMMER|56/100 brn|[from] item: Leftovers
|-damage|p1a: SUMMER|44/100 brn|[from] brn
|upkeep
|turn|31
|
|t:|1729263592
|move|p2a: Gengar|Explosion|p1a: SUMMER
|-damage|p1a: SUMMER|0 fnt
|faint|p2a: Gengar
|faint|p1a: SUMMER
|
|t:|1729263601
|switch|p2a: Jirachi|Jirachi|93/100
|switch|p1a: Zapdos|Zapdos|51/100
|
|-weather|Sandstorm|[upkeep]
|-damage|p1a: Zapdos|45/100|[from] Sandstorm
|-heal|p1a: Zapdos|51/100|[from] item: Leftovers
|-heal|p2a: Jirachi|99/100|[from] item: Leftovers
|upkeep
|turn|32
|
|t:|1729263607
|move|p1a: Zapdos|Substitute|p1a: Zapdos
|-start|p1a: Zapdos|Substitute
|-damage|p1a: Zapdos|26/100
|move|p2a: Jirachi|Body Slam|p1a: Zapdos
|-activate|p1a: Zapdos|Substitute|[damage]
|
|-weather|Sandstorm|[upkeep]
|-damage|p1a: Zapdos|20/100|[from] Sandstorm
|-heal|p1a: Zapdos|26/100|[from] item: Leftovers
|-heal|p2a: Jirachi|100/100|[from] item: Leftovers
|upkeep
|turn|33
|
|t:|1729263616
|move|p1a: Zapdos|Thunderbolt|p2a: Jirachi
|-damage|p2a: Jirachi|67/100
|move|p2a: Jirachi|Body Slam|p1a: Zapdos
|-end|p1a: Zapdos|Substitute
|
|-weather|Sandstorm|[upkeep]
|-damage|p1a: Zapdos|20/100|[from] Sandstorm
|-heal|p1a: Zapdos|26/100|[from] item: Leftovers
|-heal|p2a: Jirachi|73/100|[from] item: Leftovers
|upkeep
|turn|34
|
|t:|1729263629
|move|p1a: Zapdos|Thunderbolt|p2a: Jirachi
|-damage|p2a: Jirachi|39/100
|move|p2a: Jirachi|Body Slam|p1a: Zapdos
|-damage|p1a: Zapdos|1/100
|
|-weather|Sandstorm|[upkeep]
|-damage|p1a: Zapdos|0 fnt|[from] Sandstorm
|faint|p1a: Zapdos
|-heal|p2a: Jirachi|45/100|[from] item: Leftovers
|upkeep
|
|t:|1729263635
|switch|p1a: SIGMA|Dugtrio, M|100/100
|turn|35
|
|t:|1729263637
|move|p1a: SIGMA|Earthquake|p2a: Jirachi
|-supereffective|p2a: Jirachi
|-damage|p2a: Jirachi|0 fnt
|faint|p2a: Jirachi
|
|t:|1729263640
|switch|p2a: Machamp|Machamp, M|100/100 par
|
|-weather|Sandstorm|[upkeep]
|-damage|p2a: Machamp|95/100 par|[from] Sandstorm
|-heal|p2a: Machamp|100/100 par|[from] item: Leftovers
|upkeep
|turn|36
|
|t:|1729263664
|move|p1a: SIGMA|Earthquake|p2a: Machamp
|-damage|p2a: Machamp|33/100 par
|move|p2a: Machamp|Hidden Power|p1a: SIGMA
|-damage|p1a: SIGMA|0 fnt
|faint|p1a: SIGMA
|
|t:|1729263670
|switch|p1a: PANDORA|Breloom, F|17/100
|
|-weather|Sandstorm|[upkeep]
|-damage|p1a: PANDORA|10/100|[from] Sandstorm
|-damage|p2a: Machamp|27/100 par|[from] Sandstorm
|-heal|p1a: PANDORA|17/100|[from] item: Leftovers
|-heal|p2a: Machamp|33/100 par|[from] item: Leftovers
|upkeep
|turn|37
|
|t:|1729263675
|-singleturn|p1a: PANDORA|move: Focus Punch
|cant|p2a: Machamp|par
|move|p1a: PANDORA|Focus Punch|p2a: Machamp
|-damage|p2a: Machamp|0 fnt
|faint|p2a: Machamp
|
|t:|1729263678
|switch|p2a: Starmie|Starmie|100/100
|
|-weather|Sandstorm|[upkeep]
|-damage|p2a: Starmie|94/100|[from] Sandstorm
|-damage|p1a: PANDORA|10/100|[from] Sandstorm
|-heal|p2a: Starmie|100/100|[from] item: Leftovers
|-heal|p1a: PANDORA|17/100|[from] item: Leftovers
|upkeep
|turn|38
|c|☆smollest brian|gg
|
|t:|1729263691
|move|p2a: Starmie|Ice Beam|p1a: PANDORA
|-supereffective|p1a: PANDORA
|-damage|p1a: PANDORA|0 fnt
|faint|p1a: PANDORA
|
|win|smollest brian

</script>
<script type="application/json" class="data" id="replaydata-smogtours-gen3ou-799516">
{"id":"smogtours-gen3ou-799516","format":"[Gen 3] OU","players":["DiegoIn","smollest brian"],"uploadtime":1729263691,"views":103,"formatid":"gen3ou","rating":null,"private":0,"password":null}
</script>

<script defer src="js/replays.js?9d40a366"></script>
