<!DOCTYPE html>
<meta charset="utf-8" />
<meta name="viewport" content="width=device-width" />

<title>[Gen 3] OU: aahaahaah vs. RevivalTyp - Replays - Pok&eacute;mon Showdown!</title>

<meta name="description" content="Watch a replay of a Pok&eacute;mon battle between aahaahaah and RevivalTyp! Format: [Gen 3] OU; Date: Oct 9, 2024" />
<!--

Hey, you! Looking in the source for the replay log?

You can find them in JSON format, just add `.json` at the end of a replay URL.

https://replay.pokemonshowdown.com/gen7randomdoublesbattle-865046831.json

Or, if you only need the log itself, add `.log` instead:

https://replay.pokemonshowdown.com/gen7randomdoublesbattle-865046831.log

-->

<link rel="stylesheet" href="//pokemonshowdown.com/style/global.css?0.023195364461161105" />
<link rel="stylesheet" href="//play.pokemonshowdown.com/style/font-awesome.css?0.13261647063804238" />
<link rel="stylesheet" href="//play.pokemonshowdown.com/style/battle.css?0.8753245789963631" />
<link rel="stylesheet" href="//play.pokemonshowdown.com/style/utilichart.css?0.8627959624976733" />

<!-- Global site tag (gtag.js) - Google Analytics -->
<script async src="https://www.googletagmanager.com/gtag/js?id=UA-26211653-1"></script>
<script>
  window.dataLayer = window.dataLayer || [];
  function gtag(){dataLayer.push(arguments);}
  gtag('js', new Date());

  gtag('config', 'UA-26211653-1');
</script>
<!-- End Google Analytics -->
<!-- Venatus Ad Manager - Install in <HEAD> of page -->
	<script src="https://hb.vntsm.com/v3/live/ad-manager.min.js" type="text/javascript" data-site-id="642aba63ec9a7b11c3c9c1be" data-mode="scan" async></script>
<!-- / Venatus Ad Manager -->

<style>
	@media (max-width:820px) {
		.battle {
			margin: 0 auto;
		}
		.battle-log {
			margin: 7px auto 0;
			max-width: 640px;
			height: 300px;
			position: static;
		}
	}
	.optgroup {
		display: inline-block;
		line-height: 22px;
		font-size: 10pt;
	}
	.optgroup .button {
		height: 25px;
		padding-top: 0;
		padding-bottom: 0;
	}
	.optgroup button.button {
		padding-left: 12px;
		padding-right: 12px;
	}
	.linklist {
		list-style: none;
		margin: 0.5em 0;
		padding: 0;
	}
	.linklist li {
		padding: 2px 0;
	}
	.sidebar {
		float: left;
		width: 320px;
	}
	.bar-wrapper {
		max-width: 1100px;
		margin: 0 auto;
	}
	.bar-wrapper.has-sidebar {
		max-width: 1430px;
	}
	.mainbar {
		margin: 0;
		padding-right: 1px;
	}
	.mainbar.has-sidebar {
		margin-left: 330px;
	}
	@media (min-width: 1511px) {
		.sidebar {
			width: 400px;
		}
		.bar-wrapper.has-sidebar {
			max-width: 1510px;
		}
		.mainbar.has-sidebar {
			margin-left: 410px;
		}
	}
	.section.first-section {
		margin-top: 9px;
	}
	.blocklink small {
		white-space: normal;
	}
	.button {
		vertical-align: middle;
	}
	.replay-controls {
		padding-top: 10px;
	}
	.replay-controls h1 {
		font-size: 16pt;
		font-weight: normal;
		color: #CCC;
	}
	.pagelink {
		text-align: center;
	}
	.pagelink a {
		width: 150px;
	}
	.textbox, .button {
		font-size: 11pt;
		vertical-align: middle;
	}
	@media (max-width: 450px) {
		.button {
			font-size: 9pt;
		}
	}
</style>

<div>

	<header>
		<div class="nav-wrapper"><ul class="nav">
			<li><a class="button nav-first" href="//pokemonshowdown.com/"><img src="//pokemonshowdown.com/images/pokemonshowdownbeta.png" srcset="//pokemonshowdown.com/images/pokemonshowdownbeta.png 1x, //pokemonshowdown.com/images/pokemonshowdownbeta@2x.png 2x" alt="Pok&eacute;mon Showdown" width="146" height="44" /> Home</a></li>
			<li><a class="button" href="//pokemonshowdown.com/dex/">Pok&eacute;dex</a></li>
			<li><a class="button cur" href="/">Replays</a></li>
			<li><a class="button" href="//pokemonshowdown.com/ladder/">Ladder</a></li>
			<li><a class="button nav-last" href="//pokemonshowdown.com/forums/">Forum</a></li>
			<li><a class="button greenbutton nav-first nav-last" href="//play.pokemonshowdown.com/">Play</a></li>
		</ul></div>
	</header>

	<div class="main" id="main">

		<noscript><section class="section">You need to enable JavaScript to use this page; sorry!</section></noscript>

	</div>

</div>

<script defer nomodule src="//play.pokemonshowdown.com/js/lib/ps-polyfill.js"></script>
<script defer src="//play.pokemonshowdown.com/js/lib/preact.min.js"></script>

<script defer src="//play.pokemonshowdown.com/config/config.js?2bddbc15"></script>
<script defer src="//play.pokemonshowdown.com/js/lib/jquery-1.11.0.min.js"></script>
<script defer src="//play.pokemonshowdown.com/js/lib/html-sanitizer-minified.js"></script>
<script defer src="//play.pokemonshowdown.com/js/battle-sound.js"></script>
<script defer src="//play.pokemonshowdown.com/js/battledata.js?0.7209276989879541"></script>
<script defer src="//play.pokemonshowdown.com/data/pokedex-mini.js?0.6111056340867951"></script>
<script defer src="//play.pokemonshowdown.com/data/pokedex-mini-bw.js?0.3532142036491459"></script>
<script defer src="//play.pokemonshowdown.com/data/graphics.js?0.24223875632456182"></script>
<script defer src="//play.pokemonshowdown.com/data/pokedex.js?0.38839984266356864"></script>
<script defer src="//play.pokemonshowdown.com/data/moves.js?0.21866028504024015"></script>
<script defer src="//play.pokemonshowdown.com/data/abilities.js?0.2005157953846628"></script>
<script defer src="//play.pokemonshowdown.com/data/items.js?0.9894211263848525"></script>
<script defer src="//play.pokemonshowdown.com/data/teambuilder-tables.js?0.6008791140282215"></script>
<script defer src="//play.pokemonshowdown.com/js/battle-tooltips.js?0.7580118955022959"></script>
<script defer src="//play.pokemonshowdown.com/js/battle.js?0.6057722274234274"></script>

<script defer src="js/utils.js?e31f9a17"></script>
<script defer src="js/replays-battle.js?7008c182"></script>

<!-- don't scrape this data! just add .json or .log after the URL!
Full API docs: https://github.com/smogon/pokemon-showdown-client/blob/master/WEB-API.md -->
<script type="text/plain" class="log" id="replaylog-smogtours-gen3ou-796607">
|inactive|Battle timer is ON: inactive players will automatically lose when time's up.
|t:|1728476255
|gametype|singles
|player|p1|aahaahaah|1|
|player|p2|RevivalTyp|170|
|teamsize|p1|6
|teamsize|p2|6
|gen|3
|tier|[Gen 3] OU
|rule|Sleep Clause Mod: Limit one foe put to sleep
|rule|Switch Priority Clause Mod: Faster Pokémon switch first
|rule|Species Clause: Limit one of each Pokémon
|rule|OHKO Clause: OHKO moves are banned
|rule|Evasion Items Clause: Evasion items are banned
|rule|Evasion Moves Clause: Evasion moves are banned
|rule|Endless Battle Clause: Forcing endless battles is banned
|rule|HP Percentage Mod: HP is shown in percentages
|rule|One Boost Passer Clause: Limit one Baton Passer that has a way to boost its stats
|rule|Freeze Clause Mod: Limit one foe frozen
|
|t:|1728476255
|start
|switch|p1a: Jirachi|Jirachi|100/100
|switch|p2a: Zapdos|Zapdos|100/100
|turn|1
|c|☆RevivalTyp|Have fun!
|c|☆aahaahaah|u2
|
|t:|1728476280
|move|p2a: Zapdos|Thunder Wave|p1a: Jirachi
|-status|p1a: Jirachi|par
|move|p1a: Jirachi|Toxic|p2a: Zapdos
|-status|p2a: Zapdos|tox
|
|-damage|p2a: Zapdos|94/100 tox|[from] psn
|upkeep
|turn|2
|
|t:|1728476302
|switch|p2a: Metagross|Metagross|100/100
|move|p1a: Jirachi|Fire Punch|p2a: Metagross
|-supereffective|p2a: Metagross
|-damage|p2a: Metagross|67/100
|-status|p2a: Metagross|brn
|
|-damage|p2a: Metagross|54/100 brn|[from] brn
|upkeep
|turn|3
|
|t:|1728476317
|move|p2a: Metagross|Explosion|p1a: Jirachi
|-resisted|p1a: Jirachi
|-damage|p1a: Jirachi|55/100 par
|faint|p2a: Metagross
|
|t:|1728476326
|switch|p2a: Skarmory|Skarmory, F|100/100
|
|-heal|p1a: Jirachi|61/100 par|[from] item: Leftovers
|upkeep
|turn|4
|
|t:|1728476332
|move|p2a: Skarmory|Spikes|p1a: Jirachi
|-sidestart|p1: aahaahaah|Spikes
|move|p1a: Jirachi|Fire Punch|p2a: Skarmory
|-supereffective|p2a: Skarmory
|-damage|p2a: Skarmory|70/100
|
|-heal|p2a: Skarmory|76/100|[from] item: Leftovers
|-heal|p1a: Jirachi|68/100 par|[from] item: Leftovers
|upkeep
|turn|5
|
|t:|1728476352
|cant|p1a: Jirachi|par
|move|p2a: Skarmory|Roar|p1a: Jirachi
|drag|p1a: Celebi|Celebi|100/100
|-damage|p1a: Celebi|88/100|[from] Spikes
|
|-heal|p1a: Celebi|94/100|[from] item: Leftovers
|-heal|p2a: Skarmory|82/100|[from] item: Leftovers
|upkeep
|turn|6
|
|t:|1728476364
|move|p1a: Celebi|Leech Seed|p2a: Skarmory
|-start|p2a: Skarmory|move: Leech Seed
|move|p2a: Skarmory|Roar|p1a: Celebi
|drag|p1a: Claydol|Claydol|100/100
|
|-heal|p2a: Skarmory|88/100|[from] item: Leftovers
|-damage|p2a: Skarmory|76/100|[from] Leech Seed|[of] p1a: Claydol
|upkeep
|turn|7
|
|t:|1728476374
|move|p1a: Claydol|Psychic|p2a: Skarmory
|-resisted|p2a: Skarmory
|-damage|p2a: Skarmory|66/100
|move|p2a: Skarmory|Toxic|p1a: Claydol
|-status|p1a: Claydol|tox
|
|-damage|p1a: Claydol|94/100 tox|[from] psn
|-heal|p2a: Skarmory|72/100|[from] item: Leftovers
|-damage|p2a: Skarmory|59/100|[from] Leech Seed|[of] p1a: Claydol
|-heal|p1a: Claydol|100/100 tox|[silent]
|upkeep
|turn|8
|
|t:|1728476386
|switch|p2a: Swampert|Swampert, F|100/100
|move|p1a: Claydol|Refresh|p1a: Claydol
|-curestatus|p1a: Claydol|tox|[msg]
|
|upkeep
|turn|9
|
|t:|1728476395
|switch|p1a: Celebi|Celebi|94/100
|-damage|p1a: Celebi|82/100|[from] Spikes
|move|p2a: Swampert|Ice Beam|p1a: Celebi
|-supereffective|p1a: Celebi
|-damage|p1a: Celebi|49/100
|
|-heal|p1a: Celebi|55/100|[from] item: Leftovers
|upkeep
|turn|10
|
|t:|1728476411
|switch|p2a: Skarmory|Skarmory, F|59/100
|move|p1a: Celebi|Leech Seed|p2a: Skarmory|[miss]
|-miss|p1a: Celebi|p2a: Skarmory
|
|-heal|p1a: Celebi|62/100|[from] item: Leftovers
|-heal|p2a: Skarmory|65/100|[from] item: Leftovers
|upkeep
|turn|11
|
|t:|1728476423
|move|p1a: Celebi|Leech Seed|p2a: Skarmory
|-start|p2a: Skarmory|move: Leech Seed
|move|p2a: Skarmory|Toxic|p1a: Celebi
|-status|p1a: Celebi|tox
|
|-heal|p1a: Celebi|68/100 tox|[from] item: Leftovers
|-damage|p1a: Celebi|62/100 tox|[from] psn
|-heal|p2a: Skarmory|71/100|[from] item: Leftovers
|-damage|p2a: Skarmory|59/100|[from] Leech Seed|[of] p1a: Celebi
|-heal|p1a: Celebi|72/100 tox|[silent]
|upkeep
|turn|12
|
|t:|1728476438
|-curestatus|p1a: Celebi|tox|[from] ability: Natural Cure
|switch|p1a: Claydol|Claydol|100/100
|switch|p2a: Blissey|Blissey, F|100/100
|
|upkeep
|turn|13
|
|t:|1728476447
|move|p1a: Claydol|Rapid Spin|p2a: Blissey
|-damage|p2a: Blissey|96/100
|-sideend|p1: aahaahaah|Spikes|[from] move: Rapid Spin|[of] p1a: Claydol
|move|p2a: Blissey|Ice Beam|p1a: Claydol
|-supereffective|p1a: Claydol
|-damage|p1a: Claydol|54/100
|
|-heal|p1a: Claydol|60/100|[from] item: Leftovers
|-heal|p2a: Blissey|100/100|[from] item: Leftovers
|upkeep
|turn|14
|
|t:|1728476472
|switch|p1a: Skarmory|Skarmory, M|100/100
|switch|p2a: Skarmory|Skarmory, F|59/100
|
|-heal|p2a: Skarmory|65/100|[from] item: Leftovers
|upkeep
|turn|15
|
|t:|1728476478
|move|p1a: Skarmory|Spikes|p2a: Skarmory
|-sidestart|p2: RevivalTyp|Spikes
|move|p2a: Skarmory|Spikes|p1a: Skarmory
|-sidestart|p1: aahaahaah|Spikes
|
|-heal|p2a: Skarmory|71/100|[from] item: Leftovers
|upkeep
|turn|16
|
|t:|1728476488
|switch|p1a: Claydol|Claydol|60/100
|move|p2a: Skarmory|Roar|p1a: Claydol
|drag|p1a: Jirachi|Jirachi|68/100 par
|-damage|p1a: Jirachi|55/100 par|[from] Spikes
|
|-heal|p2a: Skarmory|77/100|[from] item: Leftovers
|-heal|p1a: Jirachi|61/100 par|[from] item: Leftovers
|upkeep
|turn|17
|
|t:|1728476506
|switch|p2a: Swampert|Swampert, F|100/100
|-damage|p2a: Swampert|88/100|[from] Spikes
|cant|p1a: Jirachi|par
|
|-heal|p2a: Swampert|94/100|[from] item: Leftovers
|-heal|p1a: Jirachi|68/100 par|[from] item: Leftovers
|upkeep
|turn|18
|
|t:|1728476523
|switch|p1a: Skarmory|Skarmory, M|100/100
|move|p2a: Swampert|Surf|p1a: Skarmory
|-damage|p1a: Skarmory|62/100
|
|-heal|p1a: Skarmory|68/100|[from] item: Leftovers
|-heal|p2a: Swampert|100/100|[from] item: Leftovers
|upkeep
|turn|19
|
|t:|1728476534
|move|p1a: Skarmory|Toxic|p2a: Swampert
|-status|p2a: Swampert|tox
|move|p2a: Swampert|Surf|p1a: Skarmory
|-damage|p1a: Skarmory|30/100
|
|-heal|p1a: Skarmory|36/100|[from] item: Leftovers
|-damage|p2a: Swampert|94/100 tox|[from] psn
|upkeep
|turn|20
|
|t:|1728476542
|move|p1a: Skarmory|Protect|p1a: Skarmory
|-singleturn|p1a: Skarmory|Protect
|move|p2a: Swampert|Refresh|p2a: Swampert
|-curestatus|p2a: Swampert|tox|[msg]
|
|-heal|p1a: Skarmory|42/100|[from] item: Leftovers
|-heal|p2a: Swampert|100/100|[from] item: Leftovers
|upkeep
|turn|21
|
|t:|1728476557
|switch|p1a: Celebi|Celebi|72/100
|-damage|p1a: Celebi|59/100|[from] Spikes
|move|p2a: Swampert|Ice Beam|p1a: Celebi
|-supereffective|p1a: Celebi
|-damage|p1a: Celebi|27/100
|
|-heal|p1a: Celebi|33/100|[from] item: Leftovers
|upkeep
|turn|22
|
|t:|1728476582
|switch|p2a: Aerodactyl|Aerodactyl, F|100/100
|move|p1a: Celebi|Recover|p1a: Celebi
|-heal|p1a: Celebi|83/100
|
|-heal|p1a: Celebi|89/100|[from] item: Leftovers
|upkeep
|turn|23
|
|t:|1728476595
|switch|p1a: Jirachi|Jirachi|68/100 par
|-damage|p1a: Jirachi|55/100 par|[from] Spikes
|move|p2a: Aerodactyl|Hidden Power|p1a: Jirachi
|-resisted|p1a: Jirachi
|-damage|p1a: Jirachi|41/100 par
|
|-heal|p1a: Jirachi|47/100 par|[from] item: Leftovers
|upkeep
|turn|24
|
|t:|1728476607
|switch|p2a: Skarmory|Skarmory, F|77/100
|cant|p1a: Jirachi|par
|
|-heal|p2a: Skarmory|83/100|[from] item: Leftovers
|-heal|p1a: Jirachi|53/100 par|[from] item: Leftovers
|upkeep
|turn|25
|
|t:|1728476621
|move|p2a: Skarmory|Spikes|p1a: Jirachi
|-sidestart|p1: aahaahaah|Spikes
|move|p1a: Jirachi|Fire Punch|p2a: Skarmory
|-supereffective|p2a: Skarmory
|-damage|p2a: Skarmory|48/100
|
|-heal|p2a: Skarmory|54/100|[from] item: Leftovers
|-heal|p1a: Jirachi|60/100 par|[from] item: Leftovers
|upkeep
|turn|26
|
|t:|1728476634
|switch|p2a: Blissey|Blissey, F|100/100
|-damage|p2a: Blissey|88/100|[from] Spikes
|cant|p1a: Jirachi|par
|
|-heal|p2a: Blissey|94/100|[from] item: Leftovers
|-heal|p1a: Jirachi|66/100 par|[from] item: Leftovers
|upkeep
|turn|27
|
|t:|1728476650
|switch|p2a: Skarmory|Skarmory, F|54/100
|move|p1a: Jirachi|Toxic|p2a: Skarmory
|-immune|p2a: Skarmory
|
|-heal|p2a: Skarmory|60/100|[from] item: Leftovers
|-heal|p1a: Jirachi|72/100 par|[from] item: Leftovers
|upkeep
|turn|28
|
|t:|1728476658
|switch|p2a: Blissey|Blissey, F|94/100
|-damage|p2a: Blissey|82/100|[from] Spikes
|switch|p1a: Claydol|Claydol|60/100
|
|-heal|p1a: Claydol|67/100|[from] item: Leftovers
|-heal|p2a: Blissey|88/100|[from] item: Leftovers
|upkeep
|turn|29
|
|t:|1728476679
|switch|p1a: Jirachi|Jirachi|72/100 par
|-damage|p1a: Jirachi|55/100 par|[from] Spikes
|move|p2a: Blissey|Ice Beam|p1a: Jirachi
|-resisted|p1a: Jirachi
|-damage|p1a: Jirachi|44/100 par
|
|-heal|p2a: Blissey|94/100|[from] item: Leftovers
|-heal|p1a: Jirachi|50/100 par|[from] item: Leftovers
|upkeep
|turn|30
|
|t:|1728476698
|move|p2a: Blissey|Ice Beam|p1a: Jirachi
|-resisted|p1a: Jirachi
|-damage|p1a: Jirachi|40/100 par
|cant|p1a: Jirachi|par
|
|-heal|p2a: Blissey|99/100|[from] item: Leftovers
|-heal|p1a: Jirachi|46/100 par|[from] item: Leftovers
|upkeep
|turn|31
|
|t:|1728476708
|move|p2a: Blissey|Ice Beam|p1a: Jirachi
|-resisted|p1a: Jirachi
|-damage|p1a: Jirachi|34/100 par
|move|p1a: Jirachi|Wish|p1a: Jirachi
|
|-heal|p2a: Blissey|100/100|[from] item: Leftovers
|-heal|p1a: Jirachi|41/100 par|[from] item: Leftovers
|upkeep
|turn|32
|
|t:|1728476719
|switch|p1a: Skarmory|Skarmory, M|42/100
|move|p2a: Blissey|Ice Beam|p1a: Skarmory
|-damage|p1a: Skarmory|8/100
|
|-heal|p1a: Skarmory|58/100|[from] move: Wish|[wisher] Jirachi
|-heal|p1a: Skarmory|64/100|[from] item: Leftovers
|upkeep
|turn|33
|
|t:|1728476733
|switch|p2a: Zapdos|Zapdos|94/100 tox
|move|p1a: Skarmory|Protect||[still]
|-fail|p1a: Skarmory
|
|-heal|p2a: Zapdos|100/100 tox|[from] item: Leftovers
|-damage|p2a: Zapdos|94/100 tox|[from] psn
|-heal|p1a: Skarmory|70/100|[from] item: Leftovers
|upkeep
|turn|34
|
|t:|1728476743
|move|p1a: Skarmory|Protect|p1a: Skarmory
|-singleturn|p1a: Skarmory|Protect
|move|p2a: Zapdos|Baton Pass|p2a: Zapdos
|
|t:|1728476748
|switch|p2a: Skarmory|Skarmory, F|60/100|[from] Baton Pass
|
|-heal|p1a: Skarmory|76/100|[from] item: Leftovers
|-heal|p2a: Skarmory|66/100|[from] item: Leftovers
|upkeep
|turn|35
|
|t:|1728476758
|move|p1a: Skarmory|Spikes|p2a: Skarmory
|-sidestart|p2: RevivalTyp|Spikes
|move|p2a: Skarmory|Roar|p1a: Skarmory
|drag|p1a: Blissey|Blissey, F|100/100
|-damage|p1a: Blissey|84/100|[from] Spikes
|
|-heal|p2a: Skarmory|72/100|[from] item: Leftovers
|-heal|p1a: Blissey|90/100|[from] item: Leftovers
|upkeep
|turn|36
|
|t:|1728476767
|move|p2a: Skarmory|Toxic|p1a: Blissey
|-status|p1a: Blissey|tox
|move|p1a: Blissey|Seismic Toss|p2a: Skarmory
|-damage|p2a: Skarmory|42/100
|
|-heal|p2a: Skarmory|48/100|[from] item: Leftovers
|-heal|p1a: Blissey|96/100 tox|[from] item: Leftovers
|-damage|p1a: Blissey|90/100 tox|[from] psn
|upkeep
|turn|37
|
|t:|1728476780
|move|p2a: Skarmory|Protect|p2a: Skarmory
|-singleturn|p2a: Skarmory|Protect
|move|p1a: Blissey|Seismic Toss|p2a: Skarmory
|-activate|p2a: Skarmory|Protect
|
|-heal|p2a: Skarmory|54/100|[from] item: Leftovers
|-heal|p1a: Blissey|96/100 tox|[from] item: Leftovers
|-damage|p1a: Blissey|84/100 tox|[from] psn
|upkeep
|turn|38
|
|t:|1728476794
|switch|p2a: Blissey|Blissey, F|100/100
|-damage|p2a: Blissey|84/100|[from] Spikes
|-curestatus|p1a: Blissey|tox|[from] ability: Natural Cure
|switch|p1a: Claydol|Claydol|67/100
|
|-heal|p1a: Claydol|73/100|[from] item: Leftovers
|-heal|p2a: Blissey|90/100|[from] item: Leftovers
|upkeep
|turn|39
|
|t:|1728476811
|switch|p1a: Jirachi|Jirachi|41/100 par
|-damage|p1a: Jirachi|24/100 par|[from] Spikes
|move|p2a: Blissey|Ice Beam|p1a: Jirachi
|-resisted|p1a: Jirachi
|-damage|p1a: Jirachi|14/100 par
|
|-heal|p2a: Blissey|96/100|[from] item: Leftovers
|-heal|p1a: Jirachi|21/100 par|[from] item: Leftovers
|upkeep
|turn|40
|
|t:|1728476828
|switch|p2a: Swampert|Swampert, F|100/100
|-damage|p2a: Swampert|84/100|[from] Spikes
|move|p1a: Jirachi|Wish|p1a: Jirachi
|
|-heal|p2a: Swampert|90/100|[from] item: Leftovers
|-heal|p1a: Jirachi|27/100 par|[from] item: Leftovers
|upkeep
|turn|41
|
|t:|1728476840
|move|p1a: Jirachi|Protect|p1a: Jirachi
|-singleturn|p1a: Jirachi|Protect
|move|p2a: Swampert|Surf|p1a: Jirachi
|-activate|p1a: Jirachi|Protect
|
|-heal|p1a: Jirachi|77/100 par|[from] move: Wish|[wisher] Jirachi
|-heal|p2a: Swampert|96/100|[from] item: Leftovers
|-heal|p1a: Jirachi|83/100 par|[from] item: Leftovers
|upkeep
|turn|42
|
|t:|1728476851
|move|p2a: Swampert|Surf|p1a: Jirachi
|-damage|p1a: Jirachi|58/100 par
|move|p1a: Jirachi|Wish|p1a: Jirachi
|
|-heal|p2a: Swampert|100/100|[from] item: Leftovers
|-heal|p1a: Jirachi|65/100 par|[from] item: Leftovers
|upkeep
|turn|43
|
|t:|1728476861
|switch|p2a: Skarmory|Skarmory, F|54/100
|switch|p1a: Skarmory|Skarmory, M|76/100
|
|-heal|p1a: Skarmory|100/100|[from] move: Wish|[wisher] Jirachi
|-heal|p2a: Skarmory|60/100|[from] item: Leftovers
|upkeep
|turn|44
|
|t:|1728476869
|move|p2a: Skarmory|Spikes|p1a: Skarmory
|-sidestart|p1: aahaahaah|Spikes
|move|p1a: Skarmory|Spikes|p2a: Skarmory
|-sidestart|p2: RevivalTyp|Spikes
|
|-heal|p2a: Skarmory|66/100|[from] item: Leftovers
|upkeep
|turn|45
|
|t:|1728476876
|move|p2a: Skarmory|Roar|p1a: Skarmory
|drag|p1a: Claydol|Claydol|73/100
|
|-heal|p1a: Claydol|79/100|[from] item: Leftovers
|-heal|p2a: Skarmory|72/100|[from] item: Leftovers
|upkeep
|turn|46
|
|t:|1728476885
|move|p1a: Claydol|Rapid Spin|p2a: Skarmory
|-resisted|p2a: Skarmory
|-damage|p2a: Skarmory|71/100
|-sideend|p1: aahaahaah|Spikes|[from] move: Rapid Spin|[of] p1a: Claydol
|move|p2a: Skarmory|Toxic|p1a: Claydol
|-status|p1a: Claydol|tox
|
|-heal|p1a: Claydol|85/100 tox|[from] item: Leftovers
|-damage|p1a: Claydol|79/100 tox|[from] psn
|-heal|p2a: Skarmory|77/100|[from] item: Leftovers
|upkeep
|turn|47
|
|t:|1728476895
|move|p1a: Claydol|Refresh|p1a: Claydol
|-curestatus|p1a: Claydol|tox|[msg]
|move|p2a: Skarmory|Roar|p1a: Claydol
|drag|p1a: Milotic|Milotic, F|100/100
|
|-heal|p2a: Skarmory|83/100|[from] item: Leftovers
|upkeep
|turn|48
|
|t:|1728476903
|move|p1a: Milotic|Hidden Power|p2a: Skarmory
|-supereffective|p2a: Skarmory
|-damage|p2a: Skarmory|52/100
|move|p2a: Skarmory|Spikes|p1a: Milotic
|-sidestart|p1: aahaahaah|Spikes
|
|-heal|p2a: Skarmory|58/100|[from] item: Leftovers
|upkeep
|turn|49
|
|t:|1728476912
|switch|p2a: Swampert|Swampert, F|100/100
|-damage|p2a: Swampert|76/100|[from] Spikes
|move|p1a: Milotic|Hidden Power|p2a: Swampert
|-resisted|p2a: Swampert
|-damage|p2a: Swampert|69/100
|
|-heal|p2a: Swampert|75/100|[from] item: Leftovers
|upkeep
|turn|50
|
|t:|1728476926
|switch|p2a: Blissey|Blissey, F|96/100
|-damage|p2a: Blissey|71/100|[from] Spikes
|move|p1a: Milotic|Surf|p2a: Blissey
|-damage|p2a: Blissey|57/100
|
|-heal|p2a: Blissey|64/100|[from] item: Leftovers
|upkeep
|turn|51
|
|t:|1728476942
|switch|p1a: Celebi|Celebi|89/100
|-damage|p1a: Celebi|77/100|[from] Spikes
|move|p2a: Blissey|Soft-Boiled|p2a: Blissey
|-heal|p2a: Blissey|100/100
|
|-heal|p1a: Celebi|83/100|[from] item: Leftovers
|upkeep
|turn|52
|
|t:|1728476954
|move|p1a: Celebi|Leech Seed|p2a: Blissey
|-start|p2a: Blissey|move: Leech Seed
|move|p2a: Blissey|Toxic|p1a: Celebi|[miss]
|-miss|p2a: Blissey|p1a: Celebi
|
|-heal|p1a: Celebi|89/100|[from] item: Leftovers
|-damage|p2a: Blissey|88/100|[from] Leech Seed|[of] p1a: Celebi
|-heal|p1a: Celebi|100/100|[silent]
|upkeep
|turn|53
|
|t:|1728476966
|move|p1a: Celebi|Calm Mind|p1a: Celebi
|-boost|p1a: Celebi|spa|1
|-boost|p1a: Celebi|spd|1
|move|p2a: Blissey|Toxic|p1a: Celebi
|-status|p1a: Celebi|tox
|
|-damage|p1a: Celebi|94/100 tox|[from] psn
|-heal|p2a: Blissey|94/100|[from] item: Leftovers
|-damage|p2a: Blissey|82/100|[from] Leech Seed|[of] p1a: Celebi
|-heal|p1a: Celebi|100/100 tox|[silent]
|upkeep
|turn|54
|
|t:|1728476978
|switch|p2a: Skarmory|Skarmory, F|58/100
|move|p1a: Celebi|Calm Mind|p1a: Celebi
|-boost|p1a: Celebi|spa|1
|-boost|p1a: Celebi|spd|1
|
|-damage|p1a: Celebi|88/100 tox|[from] psn
|-heal|p2a: Skarmory|64/100|[from] item: Leftovers
|upkeep
|turn|55
|
|t:|1728476991
|move|p1a: Celebi|Leech Seed|p2a: Skarmory
|-start|p2a: Skarmory|move: Leech Seed
|move|p2a: Skarmory|Roar|p1a: Celebi
|-curestatus|p1a: Celebi|tox|[from] ability: Natural Cure
|drag|p1a: Blissey|Blissey, F|84/100
|-damage|p1a: Blissey|72/100|[from] Spikes
|
|-heal|p2a: Skarmory|70/100|[from] item: Leftovers
|-damage|p2a: Skarmory|57/100|[from] Leech Seed|[of] p1a: Blissey
|-heal|p1a: Blissey|78/100|[silent]
|-heal|p1a: Blissey|84/100|[from] item: Leftovers
|upkeep
|turn|56
|
|t:|1728477005
|switch|p2a: Blissey|Blissey, F|82/100
|-damage|p2a: Blissey|57/100|[from] Spikes
|move|p1a: Blissey|Seismic Toss|p2a: Blissey
|-damage|p2a: Blissey|42/100
|
|-heal|p2a: Blissey|48/100|[from] item: Leftovers
|-heal|p1a: Blissey|90/100|[from] item: Leftovers
|upkeep
|turn|57
|
|t:|1728477015
|switch|p1a: Skarmory|Skarmory, M|100/100
|move|p2a: Blissey|Soft-Boiled|p2a: Blissey
|-heal|p2a: Blissey|98/100
|
|-heal|p2a: Blissey|100/100|[from] item: Leftovers
|upkeep
|turn|58
|
|t:|1728477022
|move|p1a: Skarmory|Toxic|p2a: Blissey
|-status|p2a: Blissey|tox
|move|p2a: Blissey|Ice Beam|p1a: Skarmory
|-crit|p1a: Skarmory
|-damage|p1a: Skarmory|26/100
|
|-heal|p1a: Skarmory|32/100|[from] item: Leftovers
|-damage|p2a: Blissey|94/100 tox|[from] psn
|upkeep
|turn|59
|
|t:|1728477036
|-curestatus|p2a: Blissey|tox|[from] ability: Natural Cure
|switch|p2a: Zapdos|Zapdos|94/100 tox
|move|p1a: Skarmory|Protect||[still]
|-fail|p1a: Skarmory
|
|-heal|p2a: Zapdos|100/100 tox|[from] item: Leftovers
|-damage|p2a: Zapdos|94/100 tox|[from] psn
|-heal|p1a: Skarmory|38/100|[from] item: Leftovers
|upkeep
|turn|60
|
|t:|1728477050
|switch|p1a: Celebi|Celebi|88/100
|-damage|p1a: Celebi|76/100|[from] Spikes
|move|p2a: Zapdos|Thunderbolt|p1a: Celebi
|-resisted|p1a: Celebi
|-damage|p1a: Celebi|57/100
|
|-heal|p2a: Zapdos|100/100 tox|[from] item: Leftovers
|-damage|p2a: Zapdos|88/100 tox|[from] psn
|-heal|p1a: Celebi|63/100|[from] item: Leftovers
|upkeep
|turn|61
|
|t:|1728477063
|switch|p2a: Blissey|Blissey, F|94/100
|-damage|p2a: Blissey|69/100|[from] Spikes
|move|p1a: Celebi|Leech Seed|p2a: Blissey
|-start|p2a: Blissey|move: Leech Seed
|
|-heal|p1a: Celebi|69/100|[from] item: Leftovers
|-heal|p2a: Blissey|76/100|[from] item: Leftovers
|-damage|p2a: Blissey|63/100|[from] Leech Seed|[of] p1a: Celebi
|-heal|p1a: Celebi|89/100|[silent]
|upkeep
|turn|62
|
|t:|1728477074
|move|p1a: Celebi|Calm Mind|p1a: Celebi
|-boost|p1a: Celebi|spa|1
|-boost|p1a: Celebi|spd|1
|move|p2a: Blissey|Soft-Boiled|p2a: Blissey
|-heal|p2a: Blissey|100/100
|
|-heal|p1a: Celebi|95/100|[from] item: Leftovers
|-damage|p2a: Blissey|88/100|[from] Leech Seed|[of] p1a: Celebi
|-heal|p1a: Celebi|100/100|[silent]
|upkeep
|turn|63
|
|t:|1728477083
|switch|p2a: Skarmory|Skarmory, F|57/100
|move|p1a: Celebi|Calm Mind|p1a: Celebi
|-boost|p1a: Celebi|spa|1
|-boost|p1a: Celebi|spd|1
|
|-heal|p2a: Skarmory|63/100|[from] item: Leftovers
|upkeep
|turn|64
|
|t:|1728477091
|move|p2a: Skarmory|Protect|p2a: Skarmory
|-singleturn|p2a: Skarmory|Protect
|move|p1a: Celebi|Hidden Power|p2a: Skarmory
|-activate|p2a: Skarmory|Protect
|
|-heal|p2a: Skarmory|69/100|[from] item: Leftovers
|upkeep
|turn|65
|
|t:|1728477103
|move|p1a: Celebi|Hidden Power|p2a: Skarmory
|-resisted|p2a: Skarmory
|-damage|p2a: Skarmory|58/100
|move|p2a: Skarmory|Roar|p1a: Celebi
|drag|p1a: Jirachi|Jirachi|65/100 par
|-damage|p1a: Jirachi|52/100 par|[from] Spikes
|
|-heal|p2a: Skarmory|64/100|[from] item: Leftovers
|-heal|p1a: Jirachi|58/100 par|[from] item: Leftovers
|upkeep
|turn|66
|
|t:|1728477114
|switch|p2a: Blissey|Blissey, F|88/100
|-damage|p2a: Blissey|63/100|[from] Spikes
|move|p1a: Jirachi|Fire Punch|p2a: Blissey
|-damage|p2a: Blissey|56/100
|-status|p2a: Blissey|brn
|
|-heal|p2a: Blissey|62/100 brn|[from] item: Leftovers
|-damage|p2a: Blissey|50/100 brn|[from] brn
|-heal|p1a: Jirachi|65/100 par|[from] item: Leftovers
|upkeep
|turn|67
|
|t:|1728477127
|move|p2a: Blissey|Soft-Boiled|p2a: Blissey
|-heal|p2a: Blissey|99/100 brn
|move|p1a: Jirachi|Wish|p1a: Jirachi
|
|-heal|p2a: Blissey|100/100 brn|[from] item: Leftovers
|-damage|p2a: Blissey|88/100 brn|[from] brn
|-heal|p1a: Jirachi|71/100 par|[from] item: Leftovers
|upkeep
|turn|68
|
|t:|1728477142
|-curestatus|p2a: Blissey|brn|[from] ability: Natural Cure
|switch|p2a: Zapdos|Zapdos|88/100 tox
|cant|p1a: Jirachi|par
|
|-heal|p1a: Jirachi|100/100 par|[from] move: Wish|[wisher] Jirachi
|-heal|p2a: Zapdos|94/100 tox|[from] item: Leftovers
|-damage|p2a: Zapdos|88/100 tox|[from] psn
|upkeep
|turn|69
|
|t:|1728477155
|move|p2a: Zapdos|Baton Pass|p2a: Zapdos
|
|t:|1728477158
|switch|p2a: Blissey|Blissey, F|88/100|[from] Baton Pass
|-damage|p2a: Blissey|63/100|[from] Spikes
|move|p1a: Jirachi|Fire Punch|p2a: Blissey
|-damage|p2a: Blissey|56/100
|
|-heal|p2a: Blissey|62/100|[from] item: Leftovers
|upkeep
|turn|70
|
|t:|1728477174
|move|p2a: Blissey|Soft-Boiled|p2a: Blissey
|-heal|p2a: Blissey|100/100
|cant|p1a: Jirachi|par
|
|upkeep
|turn|71
|
|t:|1728477180
|switch|p2a: Skarmory|Skarmory, F|64/100
|move|p1a: Jirachi|Toxic|p2a: Skarmory
|-immune|p2a: Skarmory
|
|-heal|p2a: Skarmory|70/100|[from] item: Leftovers
|upkeep
|turn|72
|
|t:|1728477189
|switch|p1a: Claydol|Claydol|79/100
|move|p2a: Skarmory|Protect||[still]
|-fail|p2a: Skarmory
|
|-heal|p1a: Claydol|85/100|[from] item: Leftovers
|-heal|p2a: Skarmory|76/100|[from] item: Leftovers
|upkeep
|turn|73
|
|t:|1728477201
|move|p1a: Claydol|Rapid Spin|p2a: Skarmory
|-resisted|p2a: Skarmory
|-damage|p2a: Skarmory|74/100
|-sideend|p1: aahaahaah|Spikes|[from] move: Rapid Spin|[of] p1a: Claydol
|move|p2a: Skarmory|Toxic|p1a: Claydol
|-status|p1a: Claydol|tox
|
|-heal|p1a: Claydol|91/100 tox|[from] item: Leftovers
|-damage|p1a: Claydol|85/100 tox|[from] psn
|-heal|p2a: Skarmory|80/100|[from] item: Leftovers
|upkeep
|turn|74
|
|t:|1728477211
|move|p1a: Claydol|Refresh|p1a: Claydol
|-curestatus|p1a: Claydol|tox|[msg]
|move|p2a: Skarmory|Spikes|p1a: Claydol
|-sidestart|p1: aahaahaah|Spikes
|
|-heal|p1a: Claydol|91/100|[from] item: Leftovers
|-heal|p2a: Skarmory|86/100|[from] item: Leftovers
|upkeep
|turn|75
|
|t:|1728477218
|move|p1a: Claydol|Rapid Spin|p2a: Skarmory
|-resisted|p2a: Skarmory
|-damage|p2a: Skarmory|84/100
|-sideend|p1: aahaahaah|Spikes|[from] move: Rapid Spin|[of] p1a: Claydol
|move|p2a: Skarmory|Toxic|p1a: Claydol|[miss]
|-miss|p2a: Skarmory|p1a: Claydol
|
|-heal|p1a: Claydol|97/100|[from] item: Leftovers
|-heal|p2a: Skarmory|90/100|[from] item: Leftovers
|upkeep
|turn|76
|
|t:|1728477230
|move|p1a: Claydol|Psychic|p2a: Skarmory
|-resisted|p2a: Skarmory
|-damage|p2a: Skarmory|81/100
|move|p2a: Skarmory|Toxic|p1a: Claydol
|-status|p1a: Claydol|tox
|
|-heal|p1a: Claydol|100/100 tox|[from] item: Leftovers
|-damage|p1a: Claydol|94/100 tox|[from] psn
|-heal|p2a: Skarmory|87/100|[from] item: Leftovers
|upkeep
|turn|77
|
|t:|1728477241
|move|p1a: Claydol|Refresh|p1a: Claydol
|-curestatus|p1a: Claydol|tox|[msg]
|move|p2a: Skarmory|Roar|p1a: Claydol
|drag|p1a: Celebi|Celebi|100/100
|
|-heal|p2a: Skarmory|93/100|[from] item: Leftovers
|upkeep
|turn|78
|
|t:|1728477250
|switch|p1a: Claydol|Claydol|94/100
|move|p2a: Skarmory|Spikes|p1a: Claydol
|-sidestart|p1: aahaahaah|Spikes
|
|-heal|p1a: Claydol|100/100|[from] item: Leftovers
|-heal|p2a: Skarmory|99/100|[from] item: Leftovers
|upkeep
|turn|79
|
|t:|1728477275
|switch|p2a: Zapdos|Zapdos|88/100 tox
|move|p1a: Claydol|Rapid Spin|p2a: Zapdos
|-damage|p2a: Zapdos|82/100 tox
|-sideend|p1: aahaahaah|Spikes|[from] move: Rapid Spin|[of] p1a: Claydol
|
|-heal|p2a: Zapdos|88/100 tox|[from] item: Leftovers
|-damage|p2a: Zapdos|82/100 tox|[from] psn
|upkeep
|turn|80
|
|t:|1728477287
|switch|p1a: Blissey|Blissey, F|90/100
|move|p2a: Zapdos|Baton Pass|p2a: Zapdos
|
|t:|1728477294
|switch|p2a: Skarmory|Skarmory, F|99/100|[from] Baton Pass
|
|-heal|p2a: Skarmory|100/100|[from] item: Leftovers
|-heal|p1a: Blissey|96/100|[from] item: Leftovers
|upkeep
|turn|81
|
|t:|1728477302
|switch|p1a: Claydol|Claydol|100/100
|move|p2a: Skarmory|Spikes|p1a: Claydol
|-sidestart|p1: aahaahaah|Spikes
|
|upkeep
|turn|82
|
|t:|1728477308
|move|p1a: Claydol|Rapid Spin|p2a: Skarmory
|-resisted|p2a: Skarmory
|-damage|p2a: Skarmory|99/100
|-sideend|p1: aahaahaah|Spikes|[from] move: Rapid Spin|[of] p1a: Claydol
|move|p2a: Skarmory|Toxic|p1a: Claydol
|-status|p1a: Claydol|tox
|
|-damage|p1a: Claydol|94/100 tox|[from] psn
|-heal|p2a: Skarmory|100/100|[from] item: Leftovers
|upkeep
|turn|83
|
|t:|1728477335
|switch|p2a: Blissey|Blissey, F|100/100
|-damage|p2a: Blissey|76/100|[from] Spikes
|move|p1a: Claydol|Refresh|p1a: Claydol
|-curestatus|p1a: Claydol|tox|[msg]
|
|-heal|p1a: Claydol|100/100|[from] item: Leftovers
|-heal|p2a: Blissey|82/100|[from] item: Leftovers
|upkeep
|turn|84
|
|t:|1728477346
|switch|p1a: Celebi|Celebi|100/100
|move|p2a: Blissey|Toxic|p1a: Celebi
|-status|p1a: Celebi|tox
|
|-damage|p1a: Celebi|94/100 tox|[from] psn
|-heal|p2a: Blissey|88/100|[from] item: Leftovers
|upkeep
|turn|85
|
|t:|1728477359
|move|p2a: Blissey|Protect|p2a: Blissey
|-singleturn|p2a: Blissey|Protect
|move|p1a: Celebi|Leech Seed|p2a: Blissey
|-activate|p2a: Blissey|Protect
|
|-heal|p1a: Celebi|100/100 tox|[from] item: Leftovers
|-damage|p1a: Celebi|88/100 tox|[from] psn
|-heal|p2a: Blissey|94/100|[from] item: Leftovers
|upkeep
|turn|86
|
|t:|1728477374
|move|p1a: Celebi|Leech Seed|p2a: Blissey|[miss]
|-miss|p1a: Celebi|p2a: Blissey
|move|p2a: Blissey|Ice Beam|p1a: Celebi
|-supereffective|p1a: Celebi
|-damage|p1a: Celebi|49/100 tox
|
|-heal|p1a: Celebi|55/100 tox|[from] item: Leftovers
|-damage|p1a: Celebi|37/100 tox|[from] psn
|-heal|p2a: Blissey|99/100|[from] item: Leftovers
|upkeep
|turn|87
|inactive|RevivalTyp has 270 seconds left.
|
|t:|1728477391
|-curestatus|p1a: Celebi|tox|[from] ability: Natural Cure
|switch|p1a: Jirachi|Jirachi|100/100 par
|move|p2a: Blissey|Ice Beam|p1a: Jirachi
|-resisted|p1a: Jirachi
|-damage|p1a: Jirachi|90/100 par
|
|-heal|p2a: Blissey|100/100|[from] item: Leftovers
|-heal|p1a: Jirachi|96/100 par|[from] item: Leftovers
|upkeep
|turn|88
|inactive|RevivalTyp has 270 seconds left.
|
|t:|1728477402
|switch|p2a: Skarmory|Skarmory, F|100/100
|move|p1a: Jirachi|Toxic|p2a: Skarmory
|-immune|p2a: Skarmory
|
|-heal|p1a: Jirachi|100/100 par|[from] item: Leftovers
|upkeep
|turn|89
|
|t:|1728477412
|switch|p1a: Claydol|Claydol|100/100
|move|p2a: Skarmory|Toxic|p1a: Claydol
|-status|p1a: Claydol|tox
|
|-damage|p1a: Claydol|94/100 tox|[from] psn
|upkeep
|turn|90
|
|t:|1728477425
|switch|p2a: Blissey|Blissey, F|100/100
|-damage|p2a: Blissey|76/100|[from] Spikes
|move|p1a: Claydol|Refresh|p1a: Claydol
|-curestatus|p1a: Claydol|tox|[msg]
|
|-heal|p1a: Claydol|100/100|[from] item: Leftovers
|-heal|p2a: Blissey|82/100|[from] item: Leftovers
|upkeep
|turn|91
|
|t:|1728477435
|switch|p1a: Blissey|Blissey, F|96/100
|move|p2a: Blissey|Toxic|p1a: Blissey
|-status|p1a: Blissey|tox
|
|-heal|p2a: Blissey|88/100|[from] item: Leftovers
|-heal|p1a: Blissey|100/100 tox|[from] item: Leftovers
|-damage|p1a: Blissey|94/100 tox|[from] psn
|upkeep
|turn|92
|
|t:|1728477445
|switch|p2a: Skarmory|Skarmory, F|100/100
|move|p1a: Blissey|Seismic Toss|p2a: Skarmory
|-damage|p2a: Skarmory|71/100
|
|-heal|p2a: Skarmory|77/100|[from] item: Leftovers
|-heal|p1a: Blissey|100/100 tox|[from] item: Leftovers
|-damage|p1a: Blissey|88/100 tox|[from] psn
|upkeep
|turn|93
|
|t:|1728477458
|-curestatus|p1a: Blissey|tox|[from] ability: Natural Cure
|switch|p1a: Claydol|Claydol|100/100
|move|p2a: Skarmory|Spikes|p1a: Claydol
|-sidestart|p1: aahaahaah|Spikes
|
|-heal|p2a: Skarmory|83/100|[from] item: Leftovers
|upkeep
|turn|94
|
|t:|1728477474
|switch|p2a: Zapdos|Zapdos|82/100 tox
|move|p1a: Claydol|Rapid Spin|p2a: Zapdos
|-damage|p2a: Zapdos|76/100 tox
|-sideend|p1: aahaahaah|Spikes|[from] move: Rapid Spin|[of] p1a: Claydol
|
|-heal|p2a: Zapdos|82/100 tox|[from] item: Leftovers
|-damage|p2a: Zapdos|76/100 tox|[from] psn
|upkeep
|turn|95
|
|t:|1728477483
|switch|p1a: Blissey|Blissey, F|88/100
|move|p2a: Zapdos|Baton Pass|p2a: Zapdos
|
|t:|1728477490
|switch|p2a: Skarmory|Skarmory, F|83/100|[from] Baton Pass
|
|-heal|p2a: Skarmory|89/100|[from] item: Leftovers
|-heal|p1a: Blissey|94/100|[from] item: Leftovers
|upkeep
|turn|96
|
|t:|1728477503
|switch|p2a: Blissey|Blissey, F|88/100
|-damage|p2a: Blissey|63/100|[from] Spikes
|switch|p1a: Claydol|Claydol|100/100
|
|-heal|p2a: Blissey|69/100|[from] item: Leftovers
|upkeep
|turn|97
|
|t:|1728477523
|switch|p1a: Blissey|Blissey, F|94/100
|switch|p2a: Skarmory|Skarmory, F|89/100
|
|-heal|p2a: Skarmory|95/100|[from] item: Leftovers
|-heal|p1a: Blissey|100/100|[from] item: Leftovers
|upkeep
|turn|98
|
|t:|1728477536
|move|p2a: Skarmory|Toxic|p1a: Blissey|[miss]
|-miss|p2a: Skarmory|p1a: Blissey
|move|p1a: Blissey|Seismic Toss|p2a: Skarmory
|-damage|p2a: Skarmory|65/100
|
|-heal|p2a: Skarmory|71/100|[from] item: Leftovers
|upkeep
|turn|99
|
|t:|1728477548
|switch|p1a: Claydol|Claydol|100/100
|move|p2a: Skarmory|Toxic|p1a: Claydol|[miss]
|-miss|p2a: Skarmory|p1a: Claydol
|
|-heal|p2a: Skarmory|77/100|[from] item: Leftovers
|upkeep
|turn|100
|
|t:|1728477563
|move|p1a: Claydol|Psychic|p2a: Skarmory
|-resisted|p2a: Skarmory
|-damage|p2a: Skarmory|67/100
|move|p2a: Skarmory|Toxic|p1a: Claydol
|-status|p1a: Claydol|tox
|
|-damage|p1a: Claydol|94/100 tox|[from] psn
|-heal|p2a: Skarmory|73/100|[from] item: Leftovers
|upkeep
|turn|101
|
|t:|1728477582
|move|p1a: Claydol|Refresh|p1a: Claydol
|-curestatus|p1a: Claydol|tox|[msg]
|move|p2a: Skarmory|Spikes|p1a: Claydol
|-sidestart|p1: aahaahaah|Spikes
|
|-heal|p1a: Claydol|100/100|[from] item: Leftovers
|-heal|p2a: Skarmory|79/100|[from] item: Leftovers
|upkeep
|turn|102
|inactive|RevivalTyp has 270 seconds left.
|
|t:|1728477598
|switch|p2a: Blissey|Blissey, F|69/100
|-damage|p2a: Blissey|44/100|[from] Spikes
|move|p1a: Claydol|Rapid Spin|p2a: Blissey
|-damage|p2a: Blissey|39/100
|-sideend|p1: aahaahaah|Spikes|[from] move: Rapid Spin|[of] p1a: Claydol
|
|-heal|p2a: Blissey|45/100|[from] item: Leftovers
|upkeep
|turn|103
|
|t:|1728477606
|switch|p1a: Jirachi|Jirachi|100/100 par
|move|p2a: Blissey|Soft-Boiled|p2a: Blissey
|-heal|p2a: Blissey|95/100
|
|-heal|p2a: Blissey|100/100|[from] item: Leftovers
|upkeep
|turn|104
|inactive|RevivalTyp has 270 seconds left.
|
|t:|1728477622
|move|p2a: Blissey|Ice Beam|p1a: Jirachi
|-resisted|p1a: Jirachi
|-damage|p1a: Jirachi|89/100 par
|move|p1a: Jirachi|Fire Punch|p2a: Blissey
|-damage|p2a: Blissey|93/100
|
|-heal|p2a: Blissey|99/100|[from] item: Leftovers
|-heal|p1a: Jirachi|95/100 par|[from] item: Leftovers
|upkeep
|turn|105
|inactive|RevivalTyp has 270 seconds left.
|
|t:|1728477635
|switch|p2a: Skarmory|Skarmory, F|79/100
|move|p1a: Jirachi|Toxic|p2a: Skarmory
|-immune|p2a: Skarmory
|
|-heal|p2a: Skarmory|85/100|[from] item: Leftovers
|-heal|p1a: Jirachi|100/100 par|[from] item: Leftovers
|upkeep
|turn|106
|inactive|RevivalTyp has 270 seconds left.
|
|t:|1728477645
|switch|p2a: Blissey|Blissey, F|99/100
|-damage|p2a: Blissey|74/100|[from] Spikes
|move|p1a: Jirachi|Fire Punch|p2a: Blissey
|-damage|p2a: Blissey|67/100
|
|-heal|p2a: Blissey|73/100|[from] item: Leftovers
|upkeep
|turn|107
|inactive|RevivalTyp has 270 seconds left.
|
|t:|1728477658
|switch|p2a: Skarmory|Skarmory, F|85/100
|move|p1a: Jirachi|Toxic|p2a: Skarmory
|-immune|p2a: Skarmory
|
|-heal|p2a: Skarmory|91/100|[from] item: Leftovers
|upkeep
|turn|108
|inactive|RevivalTyp has 270 seconds left.
|
|t:|1728477669
|switch|p2a: Swampert|Swampert, F|75/100
|-damage|p2a: Swampert|50/100|[from] Spikes
|switch|p1a: Claydol|Claydol|100/100
|
|-heal|p2a: Swampert|57/100|[from] item: Leftovers
|upkeep
|turn|109
|
|t:|1728477677
|switch|p1a: Blissey|Blissey, F|100/100
|move|p2a: Swampert|Ice Beam|p1a: Blissey
|-damage|p1a: Blissey|93/100
|
|-heal|p2a: Swampert|63/100|[from] item: Leftovers
|-heal|p1a: Blissey|99/100|[from] item: Leftovers
|upkeep
|turn|110
|
|t:|1728477688
|move|p2a: Swampert|Surf|p1a: Blissey
|-damage|p1a: Blissey|88/100
|move|p1a: Blissey|Seismic Toss|p2a: Swampert
|-damage|p2a: Swampert|38/100
|
|-heal|p2a: Swampert|44/100|[from] item: Leftovers
|-heal|p1a: Blissey|94/100|[from] item: Leftovers
|upkeep
|turn|111
|
|t:|1728477697
|move|p2a: Swampert|Protect|p2a: Swampert
|-singleturn|p2a: Swampert|Protect
|move|p1a: Blissey|Seismic Toss|p2a: Swampert
|-activate|p2a: Swampert|Protect
|
|-heal|p2a: Swampert|50/100|[from] item: Leftovers
|-heal|p1a: Blissey|99/100|[from] item: Leftovers
|upkeep
|turn|112
|
|t:|1728477711
|switch|p2a: Blissey|Blissey, F|73/100
|-damage|p2a: Blissey|48/100|[from] Spikes
|move|p1a: Blissey|Seismic Toss|p2a: Blissey
|-damage|p2a: Blissey|33/100
|
|-heal|p2a: Blissey|39/100|[from] item: Leftovers
|-heal|p1a: Blissey|100/100|[from] item: Leftovers
|upkeep
|turn|113
|
|t:|1728477721
|move|p2a: Blissey|Toxic|p1a: Blissey
|-status|p1a: Blissey|tox
|move|p1a: Blissey|Toxic|p2a: Blissey|[miss]
|-miss|p1a: Blissey|p2a: Blissey
|
|-heal|p2a: Blissey|45/100|[from] item: Leftovers
|-damage|p1a: Blissey|94/100 tox|[from] psn
|upkeep
|turn|114
|
|t:|1728477730
|-curestatus|p1a: Blissey|tox|[from] ability: Natural Cure
|switch|p1a: Jirachi|Jirachi|100/100 par
|move|p2a: Blissey|Soft-Boiled|p2a: Blissey
|-heal|p2a: Blissey|95/100
|
|-heal|p2a: Blissey|100/100|[from] item: Leftovers
|upkeep
|turn|115
|
|t:|1728477739
|switch|p2a: Skarmory|Skarmory, F|91/100
|move|p1a: Jirachi|Toxic|p2a: Skarmory|[miss]
|-miss|p1a: Jirachi|p2a: Skarmory
|
|-heal|p2a: Skarmory|97/100|[from] item: Leftovers
|upkeep
|turn|116
|
|t:|1728477747
|switch|p1a: Claydol|Claydol|100/100
|move|p2a: Skarmory|Spikes|p1a: Claydol
|-sidestart|p1: aahaahaah|Spikes
|
|-heal|p2a: Skarmory|100/100|[from] item: Leftovers
|upkeep
|turn|117
|
|t:|1728477755
|switch|p2a: Blissey|Blissey, F|100/100
|-damage|p2a: Blissey|76/100|[from] Spikes
|move|p1a: Claydol|Rapid Spin|p2a: Blissey
|-damage|p2a: Blissey|71/100
|-sideend|p1: aahaahaah|Spikes|[from] move: Rapid Spin|[of] p1a: Claydol
|
|-heal|p2a: Blissey|77/100|[from] item: Leftovers
|upkeep
|turn|118
|
|t:|1728477766
|switch|p1a: Jirachi|Jirachi|100/100 par
|move|p2a: Blissey|Toxic||[still]
|-fail|p2a: Blissey
|
|-heal|p2a: Blissey|83/100|[from] item: Leftovers
|upkeep
|turn|119
|
|t:|1728477774
|switch|p2a: Skarmory|Skarmory, F|100/100
|cant|p1a: Jirachi|par
|
|upkeep
|turn|120
|
|t:|1728477783
|switch|p2a: Blissey|Blissey, F|83/100
|-damage|p2a: Blissey|58/100|[from] Spikes
|move|p1a: Jirachi|Fire Punch|p2a: Blissey
|-damage|p2a: Blissey|51/100
|
|-heal|p2a: Blissey|57/100|[from] item: Leftovers
|upkeep
|turn|121
|
|t:|1728477797
|switch|p2a: Skarmory|Skarmory, F|100/100
|switch|p1a: Blissey|Blissey, F|94/100
|
|-heal|p1a: Blissey|100/100|[from] item: Leftovers
|upkeep
|turn|122
|
|t:|1728477811
|move|p2a: Skarmory|Spikes|p1a: Blissey
|-sidestart|p1: aahaahaah|Spikes
|move|p1a: Blissey|Seismic Toss|p2a: Skarmory
|-damage|p2a: Skarmory|71/100
|
|-heal|p2a: Skarmory|77/100|[from] item: Leftovers
|upkeep
|turn|123
|
|t:|1728477821
|move|p1a: Blissey|Toxic|p2a: Skarmory
|-immune|p2a: Skarmory
|move|p2a: Skarmory|Roar|p1a: Blissey
|drag|p1a: Jirachi|Jirachi|100/100 par
|-damage|p1a: Jirachi|88/100 par|[from] Spikes
|
|-heal|p2a: Skarmory|83/100|[from] item: Leftovers
|-heal|p1a: Jirachi|94/100 par|[from] item: Leftovers
|upkeep
|turn|124
|
|t:|1728477839
|cant|p1a: Jirachi|par
|move|p2a: Skarmory|Roar|p1a: Jirachi
|drag|p1a: Blissey|Blissey, F|100/100
|-damage|p1a: Blissey|88/100|[from] Spikes
|
|-heal|p2a: Skarmory|89/100|[from] item: Leftovers
|-heal|p1a: Blissey|94/100|[from] item: Leftovers
|upkeep
|turn|125
|
|t:|1728477847
|move|p2a: Skarmory|Spikes|p1a: Blissey
|-sidestart|p1: aahaahaah|Spikes
|move|p1a: Blissey|Seismic Toss|p2a: Skarmory
|-damage|p2a: Skarmory|59/100
|
|-heal|p2a: Skarmory|65/100|[from] item: Leftovers
|-heal|p1a: Blissey|99/100|[from] item: Leftovers
|upkeep
|turn|126
|
|t:|1728477859
|move|p1a: Blissey|Seismic Toss|p2a: Skarmory
|-damage|p2a: Skarmory|35/100
|move|p2a: Skarmory|Roar|p1a: Blissey
|drag|p1a: Skarmory|Skarmory, M|38/100
|
|-heal|p2a: Skarmory|41/100|[from] item: Leftovers
|-heal|p1a: Skarmory|44/100|[from] item: Leftovers
|upkeep
|turn|127
|
|t:|1728477877
|switch|p2a: Zapdos|Zapdos|76/100 tox
|switch|p1a: Claydol|Claydol|100/100
|
|-heal|p2a: Zapdos|82/100 tox|[from] item: Leftovers
|-damage|p2a: Zapdos|76/100 tox|[from] psn
|upkeep
|turn|128
|
|t:|1728477886
|move|p2a: Zapdos|Hidden Power|p1a: Claydol
|-supereffective|p1a: Claydol
|-damage|p1a: Claydol|56/100
|move|p1a: Claydol|Rapid Spin|p2a: Zapdos
|-damage|p2a: Zapdos|69/100 tox
|-sideend|p1: aahaahaah|Spikes|[from] move: Rapid Spin|[of] p1a: Claydol
|
|-heal|p2a: Zapdos|76/100 tox|[from] item: Leftovers
|-damage|p2a: Zapdos|63/100 tox|[from] psn
|-heal|p1a: Claydol|62/100|[from] item: Leftovers
|upkeep
|turn|129
|
|t:|1728477897
|switch|p1a: Blissey|Blissey, F|99/100
|move|p2a: Zapdos|Baton Pass|p2a: Zapdos
|
|t:|1728477905
|switch|p2a: Aerodactyl|Aerodactyl, F|100/100|[from] Baton Pass
|
|-heal|p1a: Blissey|100/100|[from] item: Leftovers
|upkeep
|turn|130
|
|t:|1728477920
|switch|p1a: Milotic|Milotic, F|100/100
|move|p2a: Aerodactyl|Earthquake|p1a: Milotic
|-damage|p1a: Milotic|69/100
|
|-heal|p1a: Milotic|75/100|[from] item: Leftovers
|upkeep
|turn|131
|
|t:|1728477929
|switch|p2a: Blissey|Blissey, F|57/100
|-damage|p2a: Blissey|32/100|[from] Spikes
|move|p1a: Milotic|Recover|p1a: Milotic
|-heal|p1a: Milotic|100/100
|
|-heal|p2a: Blissey|38/100|[from] item: Leftovers
|upkeep
|turn|132
|
|t:|1728477939
|move|p1a: Milotic|Surf|p2a: Blissey
|-damage|p2a: Blissey|25/100
|move|p2a: Blissey|Soft-Boiled|p2a: Blissey
|-heal|p2a: Blissey|75/100
|
|-heal|p2a: Blissey|81/100|[from] item: Leftovers
|upkeep
|turn|133
|
|t:|1728477948
|switch|p1a: Blissey|Blissey, F|100/100
|move|p2a: Blissey|Toxic|p1a: Blissey
|-status|p1a: Blissey|tox
|
|-heal|p2a: Blissey|88/100|[from] item: Leftovers
|-damage|p1a: Blissey|94/100 tox|[from] psn
|upkeep
|turn|134
|
|t:|1728477958
|switch|p2a: Skarmory|Skarmory, F|41/100
|-curestatus|p1a: Blissey|tox|[from] ability: Natural Cure
|switch|p1a: Jirachi|Jirachi|94/100 par
|
|-heal|p2a: Skarmory|47/100|[from] item: Leftovers
|-heal|p1a: Jirachi|100/100 par|[from] item: Leftovers
|upkeep
|turn|135
|
|t:|1728477971
|switch|p2a: Blissey|Blissey, F|88/100
|-damage|p2a: Blissey|63/100|[from] Spikes
|move|p1a: Jirachi|Fire Punch|p2a: Blissey
|-damage|p2a: Blissey|55/100
|
|-heal|p2a: Blissey|61/100|[from] item: Leftovers
|upkeep
|turn|136
|
|t:|1728477981
|move|p2a: Blissey|Protect|p2a: Blissey
|-singleturn|p2a: Blissey|Protect
|move|p1a: Jirachi|Wish|p1a: Jirachi
|
|-heal|p2a: Blissey|68/100|[from] item: Leftovers
|upkeep
|turn|137
|
|t:|1728477994
|switch|p1a: Skarmory|Skarmory, M|44/100
|move|p2a: Blissey|Protect||[still]
|-fail|p2a: Blissey
|
|-heal|p1a: Skarmory|94/100|[from] move: Wish|[wisher] Jirachi
|-heal|p1a: Skarmory|99/100|[from] item: Leftovers
|-heal|p2a: Blissey|74/100|[from] item: Leftovers
|upkeep
|turn|138
|
|t:|1728478004
|switch|p2a: Skarmory|Skarmory, F|47/100
|move|p1a: Skarmory|Roar|p2a: Skarmory
|drag|p2a: Aerodactyl|Aerodactyl, F|100/100
|
|-heal|p1a: Skarmory|100/100|[from] item: Leftovers
|upkeep
|turn|139
|
|t:|1728478013
|move|p2a: Aerodactyl|Double-Edge|p1a: Skarmory
|-resisted|p1a: Skarmory
|-damage|p1a: Skarmory|84/100
|move|p1a: Skarmory|Toxic|p2a: Aerodactyl
|-status|p2a: Aerodactyl|tox
|
|-damage|p2a: Aerodactyl|95/100 tox|[from] psn
|-heal|p1a: Skarmory|90/100|[from] item: Leftovers
|upkeep
|turn|140
|
|t:|1728478026
|switch|p2a: Zapdos|Zapdos|63/100 tox
|move|p1a: Skarmory|Roar|p2a: Zapdos
|drag|p2a: Blissey|Blissey, F|74/100
|-damage|p2a: Blissey|49/100|[from] Spikes
|
|-heal|p1a: Skarmory|96/100|[from] item: Leftovers
|-heal|p2a: Blissey|55/100|[from] item: Leftovers
|upkeep
|turn|141
|
|t:|1728478037
|move|p2a: Blissey|Soft-Boiled|p2a: Blissey
|-heal|p2a: Blissey|100/100
|move|p1a: Skarmory|Roar|p2a: Blissey
|drag|p2a: Swampert|Swampert, F|50/100
|-damage|p2a: Swampert|26/100|[from] Spikes
|
|-heal|p1a: Skarmory|100/100|[from] item: Leftovers
|-heal|p2a: Swampert|32/100|[from] item: Leftovers
|upkeep
|turn|142
|
|t:|1728478047
|move|p2a: Swampert|Surf|p1a: Skarmory
|-damage|p1a: Skarmory|40/100
|move|p1a: Skarmory|Roar|p2a: Swampert
|drag|p2a: Skarmory|Skarmory, F|47/100
|
|-heal|p2a: Skarmory|53/100|[from] item: Leftovers
|-heal|p1a: Skarmory|46/100|[from] item: Leftovers
|upkeep
|turn|143
|
|t:|1728478057
|switch|p2a: Aerodactyl|Aerodactyl, F|95/100 tox
|switch|p1a: Claydol|Claydol|62/100
|
|-damage|p2a: Aerodactyl|89/100 tox|[from] psn
|-heal|p1a: Claydol|68/100|[from] item: Leftovers
|upkeep
|turn|144
|
|t:|1728478066
|switch|p1a: Milotic|Milotic, F|100/100
|move|p2a: Aerodactyl|Double-Edge|p1a: Milotic
|-damage|p1a: Milotic|65/100
|
|-damage|p2a: Aerodactyl|77/100 tox|[from] psn
|-heal|p1a: Milotic|71/100|[from] item: Leftovers
|upkeep
|turn|145
|
|t:|1728478079
|switch|p2a: Blissey|Blissey, F|100/100
|-damage|p2a: Blissey|76/100|[from] Spikes
|move|p1a: Milotic|Surf|p2a: Blissey
|-crit|p2a: Blissey
|-damage|p2a: Blissey|48/100
|
|-heal|p1a: Milotic|77/100|[from] item: Leftovers
|-heal|p2a: Blissey|55/100|[from] item: Leftovers
|upkeep
|turn|146
|
|t:|1728478093
|switch|p2a: Aerodactyl|Aerodactyl, F|77/100 tox
|move|p1a: Milotic|Surf|p2a: Aerodactyl
|-supereffective|p2a: Aerodactyl
|-damage|p2a: Aerodactyl|0 fnt
|faint|p2a: Aerodactyl
|
|t:|1728478101
|switch|p2a: Swampert|Swampert, F|32/100
|-damage|p2a: Swampert|7/100|[from] Spikes
|
|-heal|p1a: Milotic|83/100|[from] item: Leftovers
|-heal|p2a: Swampert|13/100|[from] item: Leftovers
|upkeep
|turn|147
|c|☆RevivalTyp|gg
|c|☆aahaahaah|gg
|-message|RevivalTyp forfeited.
|
|win|aahaahaah
|player|p2|
|player|p1|
|player|p1|aahaahaah|1|
|player|p2|RevivalTyp|170|

</script>
<script type="application/json" class="data" id="replaydata-smogtours-gen3ou-796607">
{"id":"smogtours-gen3ou-796607","format":"[Gen 3] OU","players":["aahaahaah","RevivalTyp"],"uploadtime":1728478112,"views":81,"formatid":"gen3ou","rating":null,"private":0,"password":null}
</script>

<script defer src="js/replays.js?9d40a366"></script>
