<!DOCTYPE html>
<meta charset="utf-8" />
<meta name="viewport" content="width=device-width" />

<title>[Gen 3] OU: yt-cyber-dj vs. Buzzed27 - Replays - Pok&eacute;mon Showdown!</title>

<meta name="description" content="Watch a replay of a Pok&eacute;mon battle between yt-cyber-dj and Buzzed27! Format: [Gen 3] OU; Date: Oct 11, 2024" />
<!--

Hey, you! Looking in the source for the replay log?

You can find them in JSON format, just add `.json` at the end of a replay URL.

https://replay.pokemonshowdown.com/gen7randomdoublesbattle-865046831.json

Or, if you only need the log itself, add `.log` instead:

https://replay.pokemonshowdown.com/gen7randomdoublesbattle-865046831.log

-->

<link rel="stylesheet" href="//pokemonshowdown.com/style/global.css?0.023195364461161105" />
<link rel="stylesheet" href="//play.pokemonshowdown.com/style/font-awesome.css?0.13261647063804238" />
<link rel="stylesheet" href="//play.pokemonshowdown.com/style/battle.css?0.8753245789963631" />
<link rel="stylesheet" href="//play.pokemonshowdown.com/style/utilichart.css?0.8627959624976733" />

<!-- Global site tag (gtag.js) - Google Analytics -->
<script async src="https://www.googletagmanager.com/gtag/js?id=UA-26211653-1"></script>
<script>
  window.dataLayer = window.dataLayer || [];
  function gtag(){dataLayer.push(arguments);}
  gtag('js', new Date());

  gtag('config', 'UA-26211653-1');
</script>
<!-- End Google Analytics -->
<!-- Venatus Ad Manager - Install in <HEAD> of page -->
	<script src="https://hb.vntsm.com/v3/live/ad-manager.min.js" type="text/javascript" data-site-id="642aba63ec9a7b11c3c9c1be" data-mode="scan" async></script>
<!-- / Venatus Ad Manager -->

<style>
	@media (max-width:820px) {
		.battle {
			margin: 0 auto;
		}
		.battle-log {
			margin: 7px auto 0;
			max-width: 640px;
			height: 300px;
			position: static;
		}
	}
	.optgroup {
		display: inline-block;
		line-height: 22px;
		font-size: 10pt;
	}
	.optgroup .button {
		height: 25px;
		padding-top: 0;
		padding-bottom: 0;
	}
	.optgroup button.button {
		padding-left: 12px;
		padding-right: 12px;
	}
	.linklist {
		list-style: none;
		margin: 0.5em 0;
		padding: 0;
	}
	.linklist li {
		padding: 2px 0;
	}
	.sidebar {
		float: left;
		width: 320px;
	}
	.bar-wrapper {
		max-width: 1100px;
		margin: 0 auto;
	}
	.bar-wrapper.has-sidebar {
		max-width: 1430px;
	}
	.mainbar {
		margin: 0;
		padding-right: 1px;
	}
	.mainbar.has-sidebar {
		margin-left: 330px;
	}
	@media (min-width: 1511px) {
		.sidebar {
			width: 400px;
		}
		.bar-wrapper.has-sidebar {
			max-width: 1510px;
		}
		.mainbar.has-sidebar {
			margin-left: 410px;
		}
	}
	.section.first-section {
		margin-top: 9px;
	}
	.blocklink small {
		white-space: normal;
	}
	.button {
		vertical-align: middle;
	}
	.replay-controls {
		padding-top: 10px;
	}
	.replay-controls h1 {
		font-size: 16pt;
		font-weight: normal;
		color: #CCC;
	}
	.pagelink {
		text-align: center;
	}
	.pagelink a {
		width: 150px;
	}
	.textbox, .button {
		font-size: 11pt;
		vertical-align: middle;
	}
	@media (max-width: 450px) {
		.button {
			font-size: 9pt;
		}
	}
</style>

<div>

	<header>
		<div class="nav-wrapper"><ul class="nav">
			<li><a class="button nav-first" href="//pokemonshowdown.com/"><img src="//pokemonshowdown.com/images/pokemonshowdownbeta.png" srcset="//pokemonshowdown.com/images/pokemonshowdownbeta.png 1x, //pokemonshowdown.com/images/pokemonshowdownbeta@2x.png 2x" alt="Pok&eacute;mon Showdown" width="146" height="44" /> Home</a></li>
			<li><a class="button" href="//pokemonshowdown.com/dex/">Pok&eacute;dex</a></li>
			<li><a class="button cur" href="/">Replays</a></li>
			<li><a class="button" href="//pokemonshowdown.com/ladder/">Ladder</a></li>
			<li><a class="button nav-last" href="//pokemonshowdown.com/forums/">Forum</a></li>
			<li><a class="button greenbutton nav-first nav-last" href="//play.pokemonshowdown.com/">Play</a></li>
		</ul></div>
	</header>

	<div class="main" id="main">

		<noscript><section class="section">You need to enable JavaScript to use this page; sorry!</section></noscript>

	</div>

</div>

<script defer nomodule src="//play.pokemonshowdown.com/js/lib/ps-polyfill.js"></script>
<script defer src="//play.pokemonshowdown.com/js/lib/preact.min.js"></script>

<script defer src="//play.pokemonshowdown.com/config/config.js?2bddbc15"></script>
<script defer src="//play.pokemonshowdown.com/js/lib/jquery-1.11.0.min.js"></script>
<script defer src="//play.pokemonshowdown.com/js/lib/html-sanitizer-minified.js"></script>
<script defer src="//play.pokemonshowdown.com/js/battle-sound.js"></script>
<script defer src="//play.pokemonshowdown.com/js/battledata.js?0.7209276989879541"></script>
<script defer src="//play.pokemonshowdown.com/data/pokedex-mini.js?0.6111056340867951"></script>
<script defer src="//play.pokemonshowdown.com/data/pokedex-mini-bw.js?0.3532142036491459"></script>
<script defer src="//play.pokemonshowdown.com/data/graphics.js?0.24223875632456182"></script>
<script defer src="//play.pokemonshowdown.com/data/pokedex.js?0.38839984266356864"></script>
<script defer src="//play.pokemonshowdown.com/data/moves.js?0.21866028504024015"></script>
<script defer src="//play.pokemonshowdown.com/data/abilities.js?0.2005157953846628"></script>
<script defer src="//play.pokemonshowdown.com/data/items.js?0.9894211263848525"></script>
<script defer src="//play.pokemonshowdown.com/data/teambuilder-tables.js?0.6008791140282215"></script>
<script defer src="//play.pokemonshowdown.com/js/battle-tooltips.js?0.7580118955022959"></script>
<script defer src="//play.pokemonshowdown.com/js/battle.js?0.6057722274234274"></script>

<script defer src="js/utils.js?e31f9a17"></script>
<script defer src="js/replays-battle.js?7008c182"></script>

<!-- don't scrape this data! just add .json or .log after the URL!
Full API docs: https://github.com/smogon/pokemon-showdown-client/blob/master/WEB-API.md -->
<script type="text/plain" class="log" id="replaylog-smogtours-gen3ou-797212">
|inactive|Battle timer is ON: inactive players will automatically lose when time's up.
|t:|1728664384
|gametype|singles
|player|p1|yt-cyber-dj|gambler|
|player|p2|Buzzed27|clay|
|teamsize|p1|6
|teamsize|p2|6
|gen|3
|tier|[Gen 3] OU
|rule|Sleep Clause Mod: Limit one foe put to sleep
|rule|Switch Priority Clause Mod: Faster Pokémon switch first
|rule|Species Clause: Limit one of each Pokémon
|rule|OHKO Clause: OHKO moves are banned
|rule|Evasion Items Clause: Evasion items are banned
|rule|Evasion Moves Clause: Evasion moves are banned
|rule|Endless Battle Clause: Forcing endless battles is banned
|rule|HP Percentage Mod: HP is shown in percentages
|rule|One Boost Passer Clause: Limit one Baton Passer that has a way to boost its stats
|rule|Freeze Clause Mod: Limit one foe frozen
|
|t:|1728664384
|start
|switch|p1a: Oceanic Gamer|Salamence, M, shiny|100/100
|switch|p2a: Zapdos|Zapdos|100/100
|-ability|p1a: Oceanic Gamer|Intimidate|boost
|-unboost|p2a: Zapdos|atk|1
|turn|1
|
|t:|1728664405
|switch|p1a: Sotina's Journey|Blissey, F|100/100
|move|p2a: Zapdos|Toxic|p1a: Sotina's Journey
|-status|p1a: Sotina's Journey|tox
|
|-damage|p1a: Sotina's Journey|94/100 tox|[from] psn
|upkeep
|turn|2
|
|t:|1728664416
|switch|p2a: Swampert|Swampert, F|100/100
|move|p1a: Sotina's Journey|Sing|p2a: Swampert
|-status|p2a: Swampert|slp|[from] move: Sing
|
|-heal|p1a: Sotina's Journey|100/100 tox|[from] item: Leftovers
|-damage|p1a: Sotina's Journey|88/100 tox|[from] psn
|upkeep
|turn|3
|
|t:|1728664428
|-curestatus|p1a: Sotina's Journey|tox|[from] ability: Natural Cure
|switch|p1a: Lemon LC|Skarmory, M|100/100
|switch|p2a: Forretress|Forretress, M|100/100
|
|upkeep
|turn|4
|
|t:|1728664438
|move|p1a: Lemon LC|Spikes|p2a: Forretress
|-sidestart|p2: Buzzed27|Spikes
|move|p2a: Forretress|Spikes|p1a: Lemon LC
|-sidestart|p1: yt-cyber-dj|Spikes
|
|upkeep
|turn|5
|
|t:|1728664441
|switch|p1a: Oceanic Gamer|Salamence, M, shiny|100/100
|-ability|p1a: Oceanic Gamer|Intimidate|boost
|-unboost|p2a: Forretress|atk|1
|move|p2a: Forretress|Rapid Spin|p1a: Oceanic Gamer
|-crit|p1a: Oceanic Gamer
|-damage|p1a: Oceanic Gamer|90/100
|-sideend|p2: Buzzed27|Spikes|[from] move: Rapid Spin|[of] p2a: Forretress
|
|-heal|p1a: Oceanic Gamer|96/100|[from] item: Leftovers
|upkeep
|turn|6
|
|t:|1728664476
|switch|p2a: Tyranitar|Tyranitar, M|100/100
|-weather|Sandstorm|[from] ability: Sand Stream|[of] p2a: Tyranitar
|move|p1a: Oceanic Gamer|Fire Blast|p2a: Tyranitar
|-resisted|p2a: Tyranitar
|-damage|p2a: Tyranitar|82/100
|
|-weather|Sandstorm|[upkeep]
|-damage|p1a: Oceanic Gamer|90/100|[from] Sandstorm
|-heal|p1a: Oceanic Gamer|96/100|[from] item: Leftovers
|-heal|p2a: Tyranitar|88/100|[from] item: Leftovers
|upkeep
|turn|7
|inactive|yt-cyber-dj has 270 seconds left.
|
|t:|1728664498
|switch|p1a: Lemon LC|Skarmory, M|100/100
|switch|p2a: Zapdos|Zapdos|100/100
|
|-weather|Sandstorm|[upkeep]
|-damage|p2a: Zapdos|94/100|[from] Sandstorm
|-heal|p2a: Zapdos|100/100|[from] item: Leftovers
|upkeep
|turn|8
|inactive|yt-cyber-dj has 270 seconds left.
|
|t:|1728664507
|switch|p2a: Forretress|Forretress, M|100/100
|switch|p1a: Sotina's Journey|Blissey, F|88/100
|-damage|p1a: Sotina's Journey|76/100|[from] Spikes
|
|-weather|Sandstorm|[upkeep]
|-damage|p1a: Sotina's Journey|70/100|[from] Sandstorm
|-heal|p1a: Sotina's Journey|76/100|[from] item: Leftovers
|upkeep
|turn|9
|
|t:|1728664513
|switch|p1a: KineSquad|Claydol|100/100
|switch|p2a: Swampert|Swampert, F|100/100 slp
|
|-weather|Sandstorm|[upkeep]
|upkeep
|turn|10
|
|t:|1728664517
|move|p1a: KineSquad|Rapid Spin|p2a: Swampert
|-damage|p2a: Swampert|97/100 slp
|-sideend|p1: yt-cyber-dj|Spikes|[from] move: Rapid Spin|[of] p1a: KineSquad
|cant|p2a: Swampert|slp
|
|-weather|Sandstorm|[upkeep]
|-heal|p2a: Swampert|100/100 slp|[from] item: Leftovers
|upkeep
|turn|11
|
|t:|1728664534
|switch|p1a: Lemon LC|Skarmory, M|100/100
|switch|p2a: Zapdos|Zapdos|100/100
|
|-weather|Sandstorm|[upkeep]
|-damage|p2a: Zapdos|94/100|[from] Sandstorm
|-heal|p2a: Zapdos|100/100|[from] item: Leftovers
|upkeep
|turn|12
|
|t:|1728664544
|switch|p1a: KineSquad|Claydol|100/100
|move|p2a: Zapdos|Thunderbolt|p1a: KineSquad
|-immune|p1a: KineSquad
|
|-weather|Sandstorm|[upkeep]
|-damage|p2a: Zapdos|94/100|[from] Sandstorm
|-heal|p2a: Zapdos|100/100|[from] item: Leftovers
|upkeep
|turn|13
|
|t:|1728664549
|switch|p1a: Sotina's Journey|Blissey, F|76/100
|move|p2a: Zapdos|Toxic|p1a: Sotina's Journey
|-status|p1a: Sotina's Journey|tox
|
|-weather|Sandstorm|[upkeep]
|-damage|p2a: Zapdos|94/100|[from] Sandstorm
|-damage|p1a: Sotina's Journey|70/100 tox|[from] Sandstorm
|-heal|p2a: Zapdos|100/100|[from] item: Leftovers
|-heal|p1a: Sotina's Journey|76/100 tox|[from] item: Leftovers
|-damage|p1a: Sotina's Journey|70/100 tox|[from] psn
|upkeep
|turn|14
|
|t:|1728664557
|move|p2a: Zapdos|Thunderbolt|p1a: Sotina's Journey
|-damage|p1a: Sotina's Journey|54/100 tox
|move|p1a: Sotina's Journey|Soft-Boiled|p1a: Sotina's Journey
|-heal|p1a: Sotina's Journey|100/100 tox
|
|-weather|Sandstorm|[upkeep]
|-damage|p2a: Zapdos|94/100|[from] Sandstorm
|-damage|p1a: Sotina's Journey|94/100 tox|[from] Sandstorm
|-heal|p2a: Zapdos|100/100|[from] item: Leftovers
|-heal|p1a: Sotina's Journey|100/100 tox|[from] item: Leftovers
|-damage|p1a: Sotina's Journey|88/100 tox|[from] psn
|upkeep
|turn|15
|
|t:|1728664560
|move|p2a: Zapdos|Thunderbolt|p1a: Sotina's Journey
|-damage|p1a: Sotina's Journey|71/100 tox
|move|p1a: Sotina's Journey|Ice Beam|p2a: Zapdos
|-supereffective|p2a: Zapdos
|-damage|p2a: Zapdos|64/100
|-status|p2a: Zapdos|frz
|
|-weather|Sandstorm|[upkeep]
|-damage|p2a: Zapdos|58/100 frz|[from] Sandstorm
|-damage|p1a: Sotina's Journey|65/100 tox|[from] Sandstorm
|-heal|p2a: Zapdos|64/100 frz|[from] item: Leftovers
|-heal|p1a: Sotina's Journey|71/100 tox|[from] item: Leftovers
|-damage|p1a: Sotina's Journey|53/100 tox|[from] psn
|upkeep
|turn|16
|
|t:|1728664567
|-curestatus|p1a: Sotina's Journey|tox|[from] ability: Natural Cure
|switch|p1a: KineSquad|Claydol|100/100
|cant|p2a: Zapdos|frz
|
|-weather|Sandstorm|[upkeep]
|-damage|p2a: Zapdos|58/100 frz|[from] Sandstorm
|-heal|p2a: Zapdos|64/100 frz|[from] item: Leftovers
|upkeep
|turn|17
|
|t:|1728664571
|switch|p1a: Oceanic Gamer|Salamence, M, shiny|96/100
|-ability|p1a: Oceanic Gamer|Intimidate|boost
|-unboost|p2a: Zapdos|atk|1
|cant|p2a: Zapdos|frz
|
|-weather|Sandstorm|[upkeep]
|-damage|p1a: Oceanic Gamer|90/100|[from] Sandstorm
|-damage|p2a: Zapdos|58/100 frz|[from] Sandstorm
|-heal|p1a: Oceanic Gamer|96/100|[from] item: Leftovers
|-heal|p2a: Zapdos|64/100 frz|[from] item: Leftovers
|upkeep
|turn|18
|
|t:|1728664597
|switch|p2a: Jirachi|Jirachi|100/100
|move|p1a: Oceanic Gamer|Dragon Claw|p2a: Jirachi
|-resisted|p2a: Jirachi
|-damage|p2a: Jirachi|86/100
|
|-weather|Sandstorm|[upkeep]
|-damage|p1a: Oceanic Gamer|90/100|[from] Sandstorm
|-heal|p1a: Oceanic Gamer|96/100|[from] item: Leftovers
|-heal|p2a: Jirachi|93/100|[from] item: Leftovers
|upkeep
|turn|19
|
|t:|1728664602
|switch|p1a: Sotina's Journey|Blissey, F|53/100
|move|p2a: Jirachi|Fire Punch|p1a: Sotina's Journey
|-damage|p1a: Sotina's Journey|46/100
|-status|p1a: Sotina's Journey|brn
|
|-weather|Sandstorm|[upkeep]
|-damage|p1a: Sotina's Journey|40/100 brn|[from] Sandstorm
|-heal|p2a: Jirachi|99/100|[from] item: Leftovers
|-heal|p1a: Sotina's Journey|46/100 brn|[from] item: Leftovers
|-damage|p1a: Sotina's Journey|34/100 brn|[from] brn
|upkeep
|turn|20
|
|t:|1728664606
|move|p2a: Jirachi|Wish|p2a: Jirachi
|move|p1a: Sotina's Journey|Soft-Boiled|p1a: Sotina's Journey
|-heal|p1a: Sotina's Journey|84/100 brn
|
|-weather|Sandstorm|[upkeep]
|-damage|p1a: Sotina's Journey|77/100 brn|[from] Sandstorm
|-heal|p2a: Jirachi|100/100|[from] item: Leftovers
|-heal|p1a: Sotina's Journey|84/100 brn|[from] item: Leftovers
|-damage|p1a: Sotina's Journey|71/100 brn|[from] brn
|upkeep
|turn|21
|
|t:|1728664611
|switch|p2a: Zapdos|Zapdos|64/100 frz
|-curestatus|p1a: Sotina's Journey|brn|[from] ability: Natural Cure
|switch|p1a: Lemon LC|Skarmory, M|100/100
|
|-heal|p2a: Zapdos|100/100 frz|[from] move: Wish|[wisher] Jirachi
|-weather|Sandstorm|[upkeep]
|-damage|p2a: Zapdos|94/100 frz|[from] Sandstorm
|-heal|p2a: Zapdos|100/100 frz|[from] item: Leftovers
|upkeep
|turn|22
|
|t:|1728664614
|cant|p2a: Zapdos|frz
|move|p1a: Lemon LC|Spikes|p2a: Zapdos
|-sidestart|p2: Buzzed27|Spikes
|
|-weather|Sandstorm|[upkeep]
|-damage|p2a: Zapdos|94/100 frz|[from] Sandstorm
|-heal|p2a: Zapdos|100/100 frz|[from] item: Leftovers
|upkeep
|turn|23
|
|t:|1728664619
|switch|p2a: Forretress|Forretress, M|100/100
|-damage|p2a: Forretress|88/100|[from] Spikes
|switch|p1a: Sotina's Journey|Blissey, F|71/100
|
|-weather|Sandstorm|[upkeep]
|-damage|p1a: Sotina's Journey|65/100|[from] Sandstorm
|-heal|p1a: Sotina's Journey|71/100|[from] item: Leftovers
|-heal|p2a: Forretress|94/100|[from] item: Leftovers
|upkeep
|turn|24
|
|t:|1728664625
|switch|p1a: Oceanic Gamer|Salamence, M, shiny|96/100
|-ability|p1a: Oceanic Gamer|Intimidate|boost
|-unboost|p2a: Forretress|atk|1
|move|p2a: Forretress|Rapid Spin|p1a: Oceanic Gamer
|-damage|p1a: Oceanic Gamer|93/100
|-sideend|p2: Buzzed27|Spikes|[from] move: Rapid Spin|[of] p2a: Forretress
|
|-weather|Sandstorm|[upkeep]
|-damage|p1a: Oceanic Gamer|87/100|[from] Sandstorm
|-heal|p1a: Oceanic Gamer|93/100|[from] item: Leftovers
|-heal|p2a: Forretress|100/100|[from] item: Leftovers
|upkeep
|turn|25
|
|t:|1728664635
|switch|p2a: Jirachi|Jirachi|100/100
|move|p1a: Oceanic Gamer|Dragon Claw|p2a: Jirachi
|-resisted|p2a: Jirachi
|-damage|p2a: Jirachi|88/100
|
|-weather|Sandstorm|[upkeep]
|-damage|p1a: Oceanic Gamer|87/100|[from] Sandstorm
|-heal|p1a: Oceanic Gamer|93/100|[from] item: Leftovers
|-heal|p2a: Jirachi|94/100|[from] item: Leftovers
|upkeep
|turn|26
|
|t:|1728664651
|switch|p1a: Lemon LC|Skarmory, M|100/100
|move|p2a: Jirachi|Toxic|p1a: Lemon LC
|-immune|p1a: Lemon LC
|
|-weather|Sandstorm|[upkeep]
|-heal|p2a: Jirachi|99/100|[from] item: Leftovers
|upkeep
|turn|27
|
|t:|1728664656
|move|p2a: Jirachi|Fire Punch|p1a: Lemon LC
|-supereffective|p1a: Lemon LC
|-damage|p1a: Lemon LC|70/100
|-status|p1a: Lemon LC|brn
|move|p1a: Lemon LC|Spikes|p2a: Jirachi
|-sidestart|p2: Buzzed27|Spikes
|
|-weather|Sandstorm|[upkeep]
|-heal|p2a: Jirachi|100/100|[from] item: Leftovers
|-heal|p1a: Lemon LC|77/100 brn|[from] item: Leftovers
|-damage|p1a: Lemon LC|64/100 brn|[from] brn
|upkeep
|turn|28
|
|t:|1728664664
|switch|p2a: Forretress|Forretress, M|100/100
|-damage|p2a: Forretress|88/100|[from] Spikes
|switch|p1a: GroundBack|Tyranitar, F|100/100
|
|-weather|Sandstorm|[upkeep]
|-heal|p2a: Forretress|94/100|[from] item: Leftovers
|upkeep
|turn|29
|
|t:|1728664675
|switch|p2a: Swampert|Swampert, F|100/100 slp
|-damage|p2a: Swampert|88/100 slp|[from] Spikes
|move|p1a: GroundBack|Dragon Dance|p1a: GroundBack
|-boost|p1a: GroundBack|atk|1
|-boost|p1a: GroundBack|spe|1
|
|-weather|Sandstorm|[upkeep]
|-heal|p2a: Swampert|94/100 slp|[from] item: Leftovers
|upkeep
|turn|30
|
|t:|1728664681
|move|p1a: GroundBack|Dragon Dance|p1a: GroundBack
|-boost|p1a: GroundBack|atk|1
|-boost|p1a: GroundBack|spe|1
|cant|p2a: Swampert|slp
|
|-weather|Sandstorm|[upkeep]
|-heal|p2a: Swampert|100/100 slp|[from] item: Leftovers
|upkeep
|turn|31
|
|t:|1728664684
|move|p1a: GroundBack|Earthquake|p2a: Swampert
|-damage|p2a: Swampert|51/100 slp
|cant|p2a: Swampert|slp
|
|-weather|Sandstorm|[upkeep]
|-heal|p2a: Swampert|57/100 slp|[from] item: Leftovers
|upkeep
|turn|32
|
|t:|1728664689
|move|p1a: GroundBack|Earthquake|p2a: Swampert
|-damage|p2a: Swampert|15/100 slp
|-curestatus|p2a: Swampert|slp|[msg]
|move|p2a: Swampert|Hydro Pump|p1a: GroundBack
|-supereffective|p1a: GroundBack
|-damage|p1a: GroundBack|14/100
|
|-weather|Sandstorm|[upkeep]
|-heal|p1a: GroundBack|20/100|[from] item: Leftovers
|-heal|p2a: Swampert|21/100|[from] item: Leftovers
|upkeep
|turn|33
|inactive|yt-cyber-dj has 270 seconds left.
|
|t:|1728664721
|move|p2a: Swampert|Protect|p2a: Swampert
|-singleturn|p2a: Swampert|Protect
|move|p1a: GroundBack|Rock Slide|p2a: Swampert
|-activate|p2a: Swampert|Protect
|
|-weather|Sandstorm|[upkeep]
|-heal|p1a: GroundBack|26/100|[from] item: Leftovers
|-heal|p2a: Swampert|27/100|[from] item: Leftovers
|upkeep
|turn|34
|
|t:|1728664726
|switch|p2a: Gyarados|Gyarados, M|100/100
|-ability|p2a: Gyarados|Intimidate|boost
|-unboost|p1a: GroundBack|atk|1
|move|p1a: GroundBack|Earthquake|p2a: Gyarados
|-immune|p2a: Gyarados
|
|-weather|Sandstorm|[upkeep]
|-damage|p2a: Gyarados|94/100|[from] Sandstorm
|-heal|p1a: GroundBack|33/100|[from] item: Leftovers
|-heal|p2a: Gyarados|100/100|[from] item: Leftovers
|upkeep
|turn|35
|inactive|Buzzed27 has 270 seconds left.
|
|t:|1728664756
|switch|p2a: Swampert|Swampert, F|27/100
|-damage|p2a: Swampert|15/100|[from] Spikes
|move|p1a: GroundBack|Rock Slide|p2a: Swampert
|-resisted|p2a: Swampert
|-damage|p2a: Swampert|0 fnt
|faint|p2a: Swampert
|
|t:|1728664759
|switch|p2a: Gyarados|Gyarados, M|100/100
|-ability|p2a: Gyarados|Intimidate|boost
|-unboost|p1a: GroundBack|atk|1
|
|-weather|Sandstorm|[upkeep]
|-damage|p2a: Gyarados|94/100|[from] Sandstorm
|-heal|p1a: GroundBack|39/100|[from] item: Leftovers
|-heal|p2a: Gyarados|100/100|[from] item: Leftovers
|upkeep
|turn|36
|
|t:|1728664771
|switch|p1a: Lemon LC|Skarmory, M|64/100 brn
|move|p2a: Gyarados|Earthquake|p1a: Lemon LC
|-immune|p1a: Lemon LC
|
|-weather|Sandstorm|[upkeep]
|-damage|p2a: Gyarados|94/100|[from] Sandstorm
|-heal|p2a: Gyarados|100/100|[from] item: Leftovers
|-heal|p1a: Lemon LC|70/100 brn|[from] item: Leftovers
|-damage|p1a: Lemon LC|58/100 brn|[from] brn
|upkeep
|turn|37
|
|t:|1728664775
|move|p2a: Gyarados|Taunt|p1a: Lemon LC
|-start|p1a: Lemon LC|move: Taunt
|cant|p1a: Lemon LC|move: Taunt|Toxic
|
|-weather|Sandstorm|[upkeep]
|-damage|p2a: Gyarados|94/100|[from] Sandstorm
|-heal|p2a: Gyarados|100/100|[from] item: Leftovers
|-heal|p1a: Lemon LC|64/100 brn|[from] item: Leftovers
|-damage|p1a: Lemon LC|51/100 brn|[from] brn
|upkeep
|turn|38
|
|t:|1728664781
|switch|p1a: Oceanic Gamer|Salamence, M, shiny|93/100
|-ability|p1a: Oceanic Gamer|Intimidate|boost
|-unboost|p2a: Gyarados|atk|1
|move|p2a: Gyarados|Dragon Dance|p2a: Gyarados
|-boost|p2a: Gyarados|atk|1
|-boost|p2a: Gyarados|spe|1
|
|-weather|Sandstorm|[upkeep]
|-damage|p2a: Gyarados|94/100|[from] Sandstorm
|-damage|p1a: Oceanic Gamer|87/100|[from] Sandstorm
|-heal|p2a: Gyarados|100/100|[from] item: Leftovers
|-heal|p1a: Oceanic Gamer|93/100|[from] item: Leftovers
|upkeep
|turn|39
|
|t:|1728664788
|move|p2a: Gyarados|Hidden Power|p1a: Oceanic Gamer
|-supereffective|p1a: Oceanic Gamer
|-damage|p1a: Oceanic Gamer|30/100
|move|p1a: Oceanic Gamer|Dragon Claw|p2a: Gyarados
|-damage|p2a: Gyarados|64/100
|
|-weather|Sandstorm|[upkeep]
|-damage|p2a: Gyarados|58/100|[from] Sandstorm
|-damage|p1a: Oceanic Gamer|23/100|[from] Sandstorm
|-heal|p2a: Gyarados|64/100|[from] item: Leftovers
|-heal|p1a: Oceanic Gamer|30/100|[from] item: Leftovers
|upkeep
|turn|40
|
|t:|1728664803
|switch|p2a: Zapdos|Zapdos|100/100 frz
|switch|p1a: KineSquad|Claydol|100/100
|
|-weather|Sandstorm|[upkeep]
|-damage|p2a: Zapdos|94/100 frz|[from] Sandstorm
|-heal|p2a: Zapdos|100/100 frz|[from] item: Leftovers
|upkeep
|turn|41
|
|t:|1728664813
|switch|p1a: GroundBack|Tyranitar, F|39/100
|-curestatus|p2a: Zapdos|frz|[msg]
|move|p2a: Zapdos|Toxic|p1a: GroundBack
|-status|p1a: GroundBack|tox
|
|-weather|Sandstorm|[upkeep]
|-damage|p2a: Zapdos|94/100|[from] Sandstorm
|-heal|p2a: Zapdos|100/100|[from] item: Leftovers
|-heal|p1a: GroundBack|45/100 tox|[from] item: Leftovers
|-damage|p1a: GroundBack|39/100 tox|[from] psn
|upkeep
|turn|42
|
|t:|1728664832
|switch|p1a: Sotina's Journey|Blissey, F|71/100
|move|p2a: Zapdos|Thunderbolt|p1a: Sotina's Journey
|-damage|p1a: Sotina's Journey|55/100
|
|-weather|Sandstorm|[upkeep]
|-damage|p2a: Zapdos|94/100|[from] Sandstorm
|-damage|p1a: Sotina's Journey|49/100|[from] Sandstorm
|-heal|p2a: Zapdos|100/100|[from] item: Leftovers
|-heal|p1a: Sotina's Journey|55/100|[from] item: Leftovers
|upkeep
|turn|43
|
|t:|1728664840
|switch|p2a: Tyranitar|Tyranitar, M|88/100
|-damage|p2a: Tyranitar|76/100|[from] Spikes
|move|p1a: Sotina's Journey|Soft-Boiled|p1a: Sotina's Journey
|-heal|p1a: Sotina's Journey|100/100
|
|-weather|Sandstorm|[upkeep]
|-damage|p1a: Sotina's Journey|94/100|[from] Sandstorm
|-heal|p2a: Tyranitar|82/100|[from] item: Leftovers
|-heal|p1a: Sotina's Journey|100/100|[from] item: Leftovers
|upkeep
|turn|44
|
|t:|1728664850
|switch|p1a: KineSquad|Claydol|100/100
|move|p2a: Tyranitar|Crunch|p1a: KineSquad
|-supereffective|p1a: KineSquad
|-damage|p1a: KineSquad|38/100
|
|-weather|Sandstorm|[upkeep]
|-heal|p1a: KineSquad|45/100|[from] item: Leftovers
|-heal|p2a: Tyranitar|88/100|[from] item: Leftovers
|upkeep
|turn|45
|
|t:|1728664859
|move|p1a: KineSquad|Earthquake|p2a: Tyranitar
|-supereffective|p2a: Tyranitar
|-damage|p2a: Tyranitar|35/100
|move|p2a: Tyranitar|Pursuit|p1a: KineSquad
|-supereffective|p1a: KineSquad
|-damage|p1a: KineSquad|11/100
|
|-weather|Sandstorm|[upkeep]
|-heal|p1a: KineSquad|17/100|[from] item: Leftovers
|-heal|p2a: Tyranitar|41/100|[from] item: Leftovers
|upkeep
|turn|46
|
|t:|1728664865
|switch|p2a: Gyarados|Gyarados, M|64/100
|-ability|p2a: Gyarados|Intimidate|boost
|-unboost|p1a: KineSquad|atk|1
|move|p1a: KineSquad|Psychic|p2a: Gyarados
|-damage|p2a: Gyarados|44/100
|
|-weather|Sandstorm|[upkeep]
|-damage|p2a: Gyarados|38/100|[from] Sandstorm
|-heal|p2a: Gyarados|44/100|[from] item: Leftovers
|-heal|p1a: KineSquad|23/100|[from] item: Leftovers
|upkeep
|turn|47
|
|t:|1728664871
|switch|p1a: Blip_Exists|Metagross, shiny|100/100
|move|p2a: Gyarados|Dragon Dance|p2a: Gyarados
|-boost|p2a: Gyarados|atk|1
|-boost|p2a: Gyarados|spe|1
|
|-weather|Sandstorm|[upkeep]
|-damage|p2a: Gyarados|38/100|[from] Sandstorm
|-heal|p2a: Gyarados|44/100|[from] item: Leftovers
|upkeep
|turn|48
|
|t:|1728664879
|move|p2a: Gyarados|Earthquake|p1a: Blip_Exists
|-supereffective|p1a: Blip_Exists
|-damage|p1a: Blip_Exists|39/100
|move|p1a: Blip_Exists|Meteor Mash|p2a: Gyarados
|-resisted|p2a: Gyarados
|-crit|p2a: Gyarados
|-damage|p2a: Gyarados|0 fnt
|faint|p2a: Gyarados
|
|t:|1728664887
|switch|p2a: Zapdos|Zapdos|100/100
|
|-weather|Sandstorm|[upkeep]
|-damage|p2a: Zapdos|94/100|[from] Sandstorm
|-heal|p2a: Zapdos|100/100|[from] item: Leftovers
|-heal|p1a: Blip_Exists|45/100|[from] item: Leftovers
|upkeep
|turn|49
|
|t:|1728664890
|move|p1a: Blip_Exists|Protect|p1a: Blip_Exists
|-singleturn|p1a: Blip_Exists|Protect
|move|p2a: Zapdos|Thunderbolt|p1a: Blip_Exists
|-activate|p1a: Blip_Exists|Protect
|
|-weather|Sandstorm|[upkeep]
|-damage|p2a: Zapdos|94/100|[from] Sandstorm
|-heal|p2a: Zapdos|100/100|[from] item: Leftovers
|-heal|p1a: Blip_Exists|51/100|[from] item: Leftovers
|upkeep
|turn|50
|
|t:|1728664908
|switch|p2a: Tyranitar|Tyranitar, M|41/100
|-damage|p2a: Tyranitar|29/100|[from] Spikes
|move|p1a: Blip_Exists|Explosion|p2a: Tyranitar
|-resisted|p2a: Tyranitar
|-damage|p2a: Tyranitar|0 fnt
|faint|p1a: Blip_Exists
|faint|p2a: Tyranitar
|
|t:|1728664920
|switch|p1a: Sotina's Journey|Blissey, F|100/100
|switch|p2a: Jirachi|Jirachi|100/100
|-damage|p2a: Jirachi|88/100|[from] Spikes
|
|-weather|Sandstorm|[upkeep]
|-damage|p1a: Sotina's Journey|94/100|[from] Sandstorm
|-heal|p2a: Jirachi|94/100|[from] item: Leftovers
|-heal|p1a: Sotina's Journey|100/100|[from] item: Leftovers
|upkeep
|turn|51
|
|t:|1728664923
|move|p2a: Jirachi|Toxic|p1a: Sotina's Journey
|-status|p1a: Sotina's Journey|tox
|move|p1a: Sotina's Journey|Sing|p2a: Jirachi|[miss]
|-miss|p1a: Sotina's Journey|p2a: Jirachi
|
|-weather|Sandstorm|[upkeep]
|-damage|p1a: Sotina's Journey|94/100 tox|[from] Sandstorm
|-heal|p2a: Jirachi|100/100|[from] item: Leftovers
|-heal|p1a: Sotina's Journey|100/100 tox|[from] item: Leftovers
|-damage|p1a: Sotina's Journey|94/100 tox|[from] psn
|upkeep
|turn|52
|
|t:|1728664927
|-curestatus|p1a: Sotina's Journey|tox|[from] ability: Natural Cure
|switch|p1a: Lemon LC|Skarmory, M|51/100 brn
|move|p2a: Jirachi|Protect||[still]
|-fail|p2a: Jirachi
|
|-weather|Sandstorm|[upkeep]
|-heal|p1a: Lemon LC|57/100 brn|[from] item: Leftovers
|-damage|p1a: Lemon LC|45/100 brn|[from] brn
|upkeep
|turn|53
|
|t:|1728664935
|switch|p2a: Forretress|Forretress, M|94/100
|-damage|p2a: Forretress|82/100|[from] Spikes
|switch|p1a: Sotina's Journey|Blissey, F|94/100
|
|-weather|Sandstorm|[upkeep]
|-damage|p1a: Sotina's Journey|88/100|[from] Sandstorm
|-heal|p1a: Sotina's Journey|94/100|[from] item: Leftovers
|-heal|p2a: Forretress|88/100|[from] item: Leftovers
|upkeep
|turn|54
|
|t:|1728664955
|switch|p1a: KineSquad|Claydol|23/100
|move|p2a: Forretress|Rapid Spin|p1a: KineSquad
|-crit|p1a: KineSquad
|-damage|p1a: KineSquad|14/100
|-sideend|p2: Buzzed27|Spikes|[from] move: Rapid Spin|[of] p2a: Forretress
|
|-weather|Sandstorm|[upkeep]
|-heal|p1a: KineSquad|20/100|[from] item: Leftovers
|-heal|p2a: Forretress|94/100|[from] item: Leftovers
|upkeep
|turn|55
|
|t:|1728664961
|switch|p1a: Oceanic Gamer|Salamence, M, shiny|30/100
|-ability|p1a: Oceanic Gamer|Intimidate|boost
|-unboost|p2a: Forretress|atk|1
|switch|p2a: Zapdos|Zapdos|100/100
|
|-weather|Sandstorm|[upkeep]
|-damage|p1a: Oceanic Gamer|23/100|[from] Sandstorm
|-damage|p2a: Zapdos|94/100|[from] Sandstorm
|-heal|p1a: Oceanic Gamer|30/100|[from] item: Leftovers
|-heal|p2a: Zapdos|100/100|[from] item: Leftovers
|upkeep
|turn|56
|
|t:|1728664970
|switch|p1a: Sotina's Journey|Blissey, F|94/100
|move|p2a: Zapdos|Thunderbolt|p1a: Sotina's Journey
|-damage|p1a: Sotina's Journey|78/100
|
|-weather|Sandstorm|[upkeep]
|-damage|p2a: Zapdos|94/100|[from] Sandstorm
|-damage|p1a: Sotina's Journey|72/100|[from] Sandstorm
|-heal|p2a: Zapdos|100/100|[from] item: Leftovers
|-heal|p1a: Sotina's Journey|78/100|[from] item: Leftovers
|upkeep
|turn|57
|
|t:|1728664976
|move|p2a: Zapdos|Toxic|p1a: Sotina's Journey
|-status|p1a: Sotina's Journey|tox
|move|p1a: Sotina's Journey|Ice Beam|p2a: Zapdos
|-supereffective|p2a: Zapdos
|-damage|p2a: Zapdos|68/100
|
|-weather|Sandstorm|[upkeep]
|-damage|p2a: Zapdos|62/100|[from] Sandstorm
|-damage|p1a: Sotina's Journey|72/100 tox|[from] Sandstorm
|-heal|p2a: Zapdos|68/100|[from] item: Leftovers
|-heal|p1a: Sotina's Journey|78/100 tox|[from] item: Leftovers
|-damage|p1a: Sotina's Journey|72/100 tox|[from] psn
|upkeep
|turn|58
|
|t:|1728664979
|move|p2a: Zapdos|Thunderbolt|p1a: Sotina's Journey
|-damage|p1a: Sotina's Journey|55/100 tox
|move|p1a: Sotina's Journey|Ice Beam|p2a: Zapdos
|-supereffective|p2a: Zapdos
|-damage|p2a: Zapdos|32/100
|
|-weather|Sandstorm|[upkeep]
|-damage|p2a: Zapdos|25/100|[from] Sandstorm
|-damage|p1a: Sotina's Journey|49/100 tox|[from] Sandstorm
|-heal|p2a: Zapdos|32/100|[from] item: Leftovers
|-heal|p1a: Sotina's Journey|55/100 tox|[from] item: Leftovers
|-damage|p1a: Sotina's Journey|43/100 tox|[from] psn
|upkeep
|turn|59
|
|t:|1728664987
|-curestatus|p1a: Sotina's Journey|tox|[from] ability: Natural Cure
|switch|p1a: KineSquad|Claydol|20/100
|move|p2a: Zapdos|Thunderbolt|p1a: KineSquad
|-immune|p1a: KineSquad
|
|-weather|Sandstorm|[upkeep]
|-damage|p2a: Zapdos|25/100|[from] Sandstorm
|-heal|p2a: Zapdos|32/100|[from] item: Leftovers
|-heal|p1a: KineSquad|26/100|[from] item: Leftovers
|upkeep
|turn|60
|
|t:|1728664992
|move|p2a: Zapdos|Toxic|p1a: KineSquad
|-status|p1a: KineSquad|tox
|move|p1a: KineSquad|Psychic|p2a: Zapdos
|-damage|p2a: Zapdos|18/100
|
|-weather|Sandstorm|[upkeep]
|-damage|p2a: Zapdos|12/100|[from] Sandstorm
|-heal|p2a: Zapdos|18/100|[from] item: Leftovers
|-heal|p1a: KineSquad|32/100 tox|[from] item: Leftovers
|-damage|p1a: KineSquad|26/100 tox|[from] psn
|upkeep
|turn|61
|
|t:|1728664996
|move|p2a: Zapdos|Rest|p2a: Zapdos
|-status|p2a: Zapdos|slp|[from] move: Rest
|-heal|p2a: Zapdos|100/100 slp|[silent]
|move|p1a: KineSquad|Explosion|p2a: Zapdos
|-damage|p2a: Zapdos|0 fnt
|faint|p1a: KineSquad
|faint|p2a: Zapdos
|
|t:|1728665010
|switch|p2a: Jirachi|Jirachi|100/100
|switch|p1a: Sotina's Journey|Blissey, F|43/100
|
|-weather|Sandstorm|[upkeep]
|-damage|p1a: Sotina's Journey|37/100|[from] Sandstorm
|-heal|p1a: Sotina's Journey|43/100|[from] item: Leftovers
|upkeep
|turn|62
|
|t:|1728665019
|move|p2a: Jirachi|Toxic|p1a: Sotina's Journey
|-status|p1a: Sotina's Journey|tox
|move|p1a: Sotina's Journey|Soft-Boiled|p1a: Sotina's Journey
|-heal|p1a: Sotina's Journey|93/100 tox
|
|-weather|Sandstorm|[upkeep]
|-damage|p1a: Sotina's Journey|87/100 tox|[from] Sandstorm
|-heal|p1a: Sotina's Journey|93/100 tox|[from] item: Leftovers
|-damage|p1a: Sotina's Journey|87/100 tox|[from] psn
|upkeep
|turn|63
|
|t:|1728665032
|switch|p2a: Forretress|Forretress, M|94/100
|move|p1a: Sotina's Journey|Sing|p2a: Forretress|[miss]
|-miss|p1a: Sotina's Journey|p2a: Forretress
|
|-weather|Sandstorm|[upkeep]
|-damage|p1a: Sotina's Journey|81/100 tox|[from] Sandstorm
|-heal|p1a: Sotina's Journey|87/100 tox|[from] item: Leftovers
|-damage|p1a: Sotina's Journey|75/100 tox|[from] psn
|-heal|p2a: Forretress|100/100|[from] item: Leftovers
|upkeep
|turn|64
|
|t:|1728665041
|-curestatus|p1a: Sotina's Journey|tox|[from] ability: Natural Cure
|switch|p1a: GroundBack|Tyranitar, F|39/100 tox
|move|p2a: Forretress|Spikes|p1a: GroundBack
|-sidestart|p1: yt-cyber-dj|Spikes
|
|-weather|Sandstorm|[upkeep]
|-heal|p1a: GroundBack|45/100 tox|[from] item: Leftovers
|-damage|p1a: GroundBack|39/100 tox|[from] psn
|upkeep
|turn|65
|
|t:|1728665046
|move|p1a: GroundBack|Dragon Dance|p1a: GroundBack
|-boost|p1a: GroundBack|atk|1
|-boost|p1a: GroundBack|spe|1
|move|p2a: Forretress|Earthquake|p1a: GroundBack
|-supereffective|p1a: GroundBack
|-damage|p1a: GroundBack|4/100 tox
|
|-weather|Sandstorm|[upkeep]
|-heal|p1a: GroundBack|10/100 tox|[from] item: Leftovers
|-damage|p1a: GroundBack|0 fnt|[from] psn
|faint|p1a: GroundBack
|upkeep
|
|t:|1728665054
|switch|p1a: Oceanic Gamer|Salamence, M, shiny|30/100
|-ability|p1a: Oceanic Gamer|Intimidate|boost
|-unboost|p2a: Forretress|atk|1
|turn|66
|
|t:|1728665060
|move|p1a: Oceanic Gamer|Fire Blast|p2a: Forretress
|-supereffective|p2a: Forretress
|-damage|p2a: Forretress|0 fnt
|faint|p2a: Forretress
|
|t:|1728665063
|switch|p2a: Jirachi|Jirachi|100/100
|
|-weather|Sandstorm|[upkeep]
|-damage|p1a: Oceanic Gamer|23/100|[from] Sandstorm
|-heal|p1a: Oceanic Gamer|30/100|[from] item: Leftovers
|upkeep
|turn|67
|
|t:|1728665069
|switch|p1a: Sotina's Journey|Blissey, F|75/100
|-damage|p1a: Sotina's Journey|62/100|[from] Spikes
|move|p2a: Jirachi|Protect||[still]
|-fail|p2a: Jirachi
|
|-weather|Sandstorm|[upkeep]
|-damage|p1a: Sotina's Journey|56/100|[from] Sandstorm
|-heal|p1a: Sotina's Journey|62/100|[from] item: Leftovers
|upkeep
|turn|68
|
|t:|1728665075
|move|p2a: Jirachi|Toxic|p1a: Sotina's Journey
|-status|p1a: Sotina's Journey|tox
|move|p1a: Sotina's Journey|Sing|p2a: Jirachi
|-status|p2a: Jirachi|slp|[from] move: Sing
|
|-weather|Sandstorm|[upkeep]
|-damage|p1a: Sotina's Journey|56/100 tox|[from] Sandstorm
|-heal|p1a: Sotina's Journey|62/100 tox|[from] item: Leftovers
|-damage|p1a: Sotina's Journey|56/100 tox|[from] psn
|upkeep
|turn|69
|
|t:|1728665097
|cant|p2a: Jirachi|slp
|move|p1a: Sotina's Journey|Soft-Boiled|p1a: Sotina's Journey
|-heal|p1a: Sotina's Journey|100/100 tox
|
|-weather|Sandstorm|[upkeep]
|-damage|p1a: Sotina's Journey|94/100 tox|[from] Sandstorm
|-heal|p1a: Sotina's Journey|100/100 tox|[from] item: Leftovers
|-damage|p1a: Sotina's Journey|88/100 tox|[from] psn
|upkeep
|turn|70
|
|t:|1728665105
|-curestatus|p1a: Sotina's Journey|tox|[from] ability: Natural Cure
|switch|p1a: Oceanic Gamer|Salamence, M, shiny|30/100
|-ability|p1a: Oceanic Gamer|Intimidate|boost
|-unboost|p2a: Jirachi|atk|1
|-curestatus|p2a: Jirachi|slp|[msg]
|move|p2a: Jirachi|Protect||[still]
|-fail|p2a: Jirachi
|
|-weather|Sandstorm|[upkeep]
|-damage|p1a: Oceanic Gamer|23/100|[from] Sandstorm
|-heal|p1a: Oceanic Gamer|30/100|[from] item: Leftovers
|upkeep
|turn|71
|
|t:|1728665112
|switch|p1a: Sotina's Journey|Blissey, F|88/100
|-damage|p1a: Sotina's Journey|76/100|[from] Spikes
|move|p2a: Jirachi|Toxic|p1a: Sotina's Journey|[miss]
|-miss|p2a: Jirachi|p1a: Sotina's Journey
|
|-weather|Sandstorm|[upkeep]
|-damage|p1a: Sotina's Journey|70/100|[from] Sandstorm
|-heal|p1a: Sotina's Journey|76/100|[from] item: Leftovers
|upkeep
|turn|72
|
|t:|1728665122
|move|p2a: Jirachi|Toxic|p1a: Sotina's Journey
|-status|p1a: Sotina's Journey|tox
|move|p1a: Sotina's Journey|Thunderbolt|p2a: Jirachi
|-damage|p2a: Jirachi|85/100
|
|-weather|Sandstorm|[upkeep]
|-damage|p1a: Sotina's Journey|70/100 tox|[from] Sandstorm
|-heal|p2a: Jirachi|91/100|[from] item: Leftovers
|-heal|p1a: Sotina's Journey|76/100 tox|[from] item: Leftovers
|-damage|p1a: Sotina's Journey|70/100 tox|[from] psn
|upkeep
|turn|73
|
|t:|1728665126
|move|p2a: Jirachi|Wish|p2a: Jirachi
|move|p1a: Sotina's Journey|Sing|p2a: Jirachi
|-status|p2a: Jirachi|slp|[from] move: Sing
|
|-weather|Sandstorm|[upkeep]
|-damage|p1a: Sotina's Journey|63/100 tox|[from] Sandstorm
|-heal|p2a: Jirachi|97/100 slp|[from] item: Leftovers
|-heal|p1a: Sotina's Journey|70/100 tox|[from] item: Leftovers
|-damage|p1a: Sotina's Journey|57/100 tox|[from] psn
|upkeep
|turn|74
|
|t:|1728665130
|-curestatus|p1a: Sotina's Journey|tox|[from] ability: Natural Cure
|switch|p1a: Oceanic Gamer|Salamence, M, shiny|30/100
|-ability|p1a: Oceanic Gamer|Intimidate|boost
|-unboost|p2a: Jirachi|atk|1
|cant|p2a: Jirachi|slp
|
|-heal|p2a: Jirachi|100/100 slp|[from] move: Wish|[wisher] Jirachi
|-weather|Sandstorm|[upkeep]
|-damage|p1a: Oceanic Gamer|23/100|[from] Sandstorm
|-heal|p1a: Oceanic Gamer|30/100|[from] item: Leftovers
|upkeep
|turn|75
|
|t:|1728665136
|move|p1a: Oceanic Gamer|Fire Blast|p2a: Jirachi
|-supereffective|p2a: Jirachi
|-damage|p2a: Jirachi|49/100 slp
|cant|p2a: Jirachi|slp
|
|-weather|Sandstorm|[upkeep]
|-damage|p1a: Oceanic Gamer|23/100|[from] Sandstorm
|-heal|p1a: Oceanic Gamer|30/100|[from] item: Leftovers
|-heal|p2a: Jirachi|55/100 slp|[from] item: Leftovers
|upkeep
|turn|76
|
|t:|1728665143
|move|p1a: Oceanic Gamer|Fire Blast|p2a: Jirachi
|-supereffective|p2a: Jirachi
|-damage|p2a: Jirachi|3/100 slp
|cant|p2a: Jirachi|slp
|
|-weather|Sandstorm|[upkeep]
|-damage|p1a: Oceanic Gamer|23/100|[from] Sandstorm
|-heal|p1a: Oceanic Gamer|30/100|[from] item: Leftovers
|-heal|p2a: Jirachi|9/100 slp|[from] item: Leftovers
|upkeep
|turn|77
|
|t:|1728665147
|cant|p2a: Jirachi|slp
|move|p1a: Oceanic Gamer|Brick Break|p2a: Jirachi
|-damage|p2a: Jirachi|0 fnt
|faint|p2a: Jirachi
|
|win|yt-cyber-dj
|c|☆Buzzed27|gg
|c|☆yt-cyber-dj|GG

</script>
<script type="application/json" class="data" id="replaydata-smogtours-gen3ou-797212">
{"id":"smogtours-gen3ou-797212","format":"[Gen 3] OU","players":["yt-cyber-dj","Buzzed27"],"uploadtime":1728665147,"views":91,"formatid":"gen3ou","rating":null,"private":0,"password":null}
</script>

<script defer src="js/replays.js?9d40a366"></script>
