<!DOCTYPE html>
<meta charset="utf-8" />
<meta name="viewport" content="width=device-width" />

<title>[Gen 3] OU: OfTheLethani vs. violet river - Replays - Pok&eacute;mon Showdown!</title>

<meta name="description" content="Watch a replay of a Pok&eacute;mon battle between OfTheLethani and violet river! Format: [Gen 3] OU; Date: Oct 18, 2024" />
<!--

Hey, you! Looking in the source for the replay log?

You can find them in JSON format, just add `.json` at the end of a replay URL.

https://replay.pokemonshowdown.com/gen7randomdoublesbattle-865046831.json

Or, if you only need the log itself, add `.log` instead:

https://replay.pokemonshowdown.com/gen7randomdoublesbattle-865046831.log

-->

<link rel="stylesheet" href="//pokemonshowdown.com/style/global.css?0.023195364461161105" />
<link rel="stylesheet" href="//play.pokemonshowdown.com/style/font-awesome.css?0.13261647063804238" />
<link rel="stylesheet" href="//play.pokemonshowdown.com/style/battle.css?0.8753245789963631" />
<link rel="stylesheet" href="//play.pokemonshowdown.com/style/utilichart.css?0.8627959624976733" />

<!-- Global site tag (gtag.js) - Google Analytics -->
<script async src="https://www.googletagmanager.com/gtag/js?id=UA-26211653-1"></script>
<script>
  window.dataLayer = window.dataLayer || [];
  function gtag(){dataLayer.push(arguments);}
  gtag('js', new Date());

  gtag('config', 'UA-26211653-1');
</script>
<!-- End Google Analytics -->
<!-- Venatus Ad Manager - Install in <HEAD> of page -->
	<script src="https://hb.vntsm.com/v3/live/ad-manager.min.js" type="text/javascript" data-site-id="642aba63ec9a7b11c3c9c1be" data-mode="scan" async></script>
<!-- / Venatus Ad Manager -->

<style>
	@media (max-width:820px) {
		.battle {
			margin: 0 auto;
		}
		.battle-log {
			margin: 7px auto 0;
			max-width: 640px;
			height: 300px;
			position: static;
		}
	}
	.optgroup {
		display: inline-block;
		line-height: 22px;
		font-size: 10pt;
	}
	.optgroup .button {
		height: 25px;
		padding-top: 0;
		padding-bottom: 0;
	}
	.optgroup button.button {
		padding-left: 12px;
		padding-right: 12px;
	}
	.linklist {
		list-style: none;
		margin: 0.5em 0;
		padding: 0;
	}
	.linklist li {
		padding: 2px 0;
	}
	.sidebar {
		float: left;
		width: 320px;
	}
	.bar-wrapper {
		max-width: 1100px;
		margin: 0 auto;
	}
	.bar-wrapper.has-sidebar {
		max-width: 1430px;
	}
	.mainbar {
		margin: 0;
		padding-right: 1px;
	}
	.mainbar.has-sidebar {
		margin-left: 330px;
	}
	@media (min-width: 1511px) {
		.sidebar {
			width: 400px;
		}
		.bar-wrapper.has-sidebar {
			max-width: 1510px;
		}
		.mainbar.has-sidebar {
			margin-left: 410px;
		}
	}
	.section.first-section {
		margin-top: 9px;
	}
	.blocklink small {
		white-space: normal;
	}
	.button {
		vertical-align: middle;
	}
	.replay-controls {
		padding-top: 10px;
	}
	.replay-controls h1 {
		font-size: 16pt;
		font-weight: normal;
		color: #CCC;
	}
	.pagelink {
		text-align: center;
	}
	.pagelink a {
		width: 150px;
	}
	.textbox, .button {
		font-size: 11pt;
		vertical-align: middle;
	}
	@media (max-width: 450px) {
		.button {
			font-size: 9pt;
		}
	}
</style>

<div>

	<header>
		<div class="nav-wrapper"><ul class="nav">
			<li><a class="button nav-first" href="//pokemonshowdown.com/"><img src="//pokemonshowdown.com/images/pokemonshowdownbeta.png" srcset="//pokemonshowdown.com/images/pokemonshowdownbeta.png 1x, //pokemonshowdown.com/images/pokemonshowdownbeta@2x.png 2x" alt="Pok&eacute;mon Showdown" width="146" height="44" /> Home</a></li>
			<li><a class="button" href="//pokemonshowdown.com/dex/">Pok&eacute;dex</a></li>
			<li><a class="button cur" href="/">Replays</a></li>
			<li><a class="button" href="//pokemonshowdown.com/ladder/">Ladder</a></li>
			<li><a class="button nav-last" href="//pokemonshowdown.com/forums/">Forum</a></li>
			<li><a class="button greenbutton nav-first nav-last" href="//play.pokemonshowdown.com/">Play</a></li>
		</ul></div>
	</header>

	<div class="main" id="main">

		<noscript><section class="section">You need to enable JavaScript to use this page; sorry!</section></noscript>

	</div>

</div>

<script defer nomodule src="//play.pokemonshowdown.com/js/lib/ps-polyfill.js"></script>
<script defer src="//play.pokemonshowdown.com/js/lib/preact.min.js"></script>

<script defer src="//play.pokemonshowdown.com/config/config.js?2bddbc15"></script>
<script defer src="//play.pokemonshowdown.com/js/lib/jquery-1.11.0.min.js"></script>
<script defer src="//play.pokemonshowdown.com/js/lib/html-sanitizer-minified.js"></script>
<script defer src="//play.pokemonshowdown.com/js/battle-sound.js"></script>
<script defer src="//play.pokemonshowdown.com/js/battledata.js?0.7209276989879541"></script>
<script defer src="//play.pokemonshowdown.com/data/pokedex-mini.js?0.6111056340867951"></script>
<script defer src="//play.pokemonshowdown.com/data/pokedex-mini-bw.js?0.3532142036491459"></script>
<script defer src="//play.pokemonshowdown.com/data/graphics.js?0.24223875632456182"></script>
<script defer src="//play.pokemonshowdown.com/data/pokedex.js?0.38839984266356864"></script>
<script defer src="//play.pokemonshowdown.com/data/moves.js?0.21866028504024015"></script>
<script defer src="//play.pokemonshowdown.com/data/abilities.js?0.2005157953846628"></script>
<script defer src="//play.pokemonshowdown.com/data/items.js?0.9894211263848525"></script>
<script defer src="//play.pokemonshowdown.com/data/teambuilder-tables.js?0.6008791140282215"></script>
<script defer src="//play.pokemonshowdown.com/js/battle-tooltips.js?0.7580118955022959"></script>
<script defer src="//play.pokemonshowdown.com/js/battle.js?0.6057722274234274"></script>

<script defer src="js/utils.js?e31f9a17"></script>
<script defer src="js/replays-battle.js?7008c182"></script>

<!-- don't scrape this data! just add .json or .log after the URL!
Full API docs: https://github.com/smogon/pokemon-showdown-client/blob/master/WEB-API.md -->
<script type="text/plain" class="log" id="replaylog-smogtours-gen3ou-799468">
|inactive|Battle timer is ON: inactive players will automatically lose when time's up.
|t:|1729228346
|gametype|singles
|player|p1|OfTheLethani|gardenia-masters|
|player|p2|violet river|jasmine-masters2|
|teamsize|p1|6
|teamsize|p2|6
|gen|3
|tier|[Gen 3] OU
|rule|Sleep Clause Mod: Limit one foe put to sleep
|rule|Switch Priority Clause Mod: Faster Pokémon switch first
|rule|Species Clause: Limit one of each Pokémon
|rule|OHKO Clause: OHKO moves are banned
|rule|Evasion Items Clause: Evasion items are banned
|rule|Evasion Moves Clause: Evasion moves are banned
|rule|Endless Battle Clause: Forcing endless battles is banned
|rule|HP Percentage Mod: HP is shown in percentages
|rule|One Boost Passer Clause: Limit one Baton Passer that has a way to boost its stats
|rule|Freeze Clause Mod: Limit one foe frozen
|
|t:|1729228346
|start
|switch|p1a: Tyranocliff|Tyranitar, F|100/100
|switch|p2a: Soulwind Slayer|Registeel|100/100
|-weather|Sandstorm|[from] ability: Sand Stream|[of] p1a: Tyranocliff
|turn|1
|c|☆violet river|hf
|
|t:|1729228355
|switch|p2a: Jump for Beef|Milotic, F|100/100
|move|p1a: Tyranocliff|Earthquake|p2a: Jump for Beef
|-damage|p2a: Jump for Beef|75/100
|
|-weather|Sandstorm|[upkeep]
|-damage|p2a: Jump for Beef|69/100|[from] Sandstorm
|-heal|p2a: Jump for Beef|75/100|[from] item: Leftovers
|upkeep
|turn|2
|
|t:|1729228368
|switch|p1a: Leuphorie|Blissey, F|100/100
|move|p2a: Jump for Beef|Surf|p1a: Leuphorie
|-damage|p1a: Leuphorie|88/100
|
|-weather|Sandstorm|[upkeep]
|-damage|p2a: Jump for Beef|69/100|[from] Sandstorm
|-damage|p1a: Leuphorie|82/100|[from] Sandstorm
|-heal|p2a: Jump for Beef|75/100|[from] item: Leftovers
|-heal|p1a: Leuphorie|88/100|[from] item: Leftovers
|upkeep
|turn|3
|
|t:|1729228378
|move|p2a: Jump for Beef|Toxic|p1a: Leuphorie
|-status|p1a: Leuphorie|tox
|move|p1a: Leuphorie|Sing|p2a: Jump for Beef
|-status|p2a: Jump for Beef|slp|[from] move: Sing
|
|-weather|Sandstorm|[upkeep]
|-damage|p2a: Jump for Beef|69/100 slp|[from] Sandstorm
|-damage|p1a: Leuphorie|82/100 tox|[from] Sandstorm
|-heal|p2a: Jump for Beef|75/100 slp|[from] item: Leftovers
|-heal|p1a: Leuphorie|88/100 tox|[from] item: Leftovers
|-damage|p1a: Leuphorie|82/100 tox|[from] psn
|upkeep
|turn|4
|
|t:|1729228396
|-curestatus|p1a: Leuphorie|tox|[from] ability: Natural Cure
|switch|p1a: Triopikeur|Dugtrio, M|100/100
|cant|p2a: Jump for Beef|slp
|
|-weather|Sandstorm|[upkeep]
|-damage|p2a: Jump for Beef|69/100 slp|[from] Sandstorm
|-heal|p2a: Jump for Beef|75/100 slp|[from] item: Leftovers
|upkeep
|turn|5
|
|t:|1729228408
|switch|p1a: Staross|Starmie|100/100
|cant|p2a: Jump for Beef|slp
|
|-weather|Sandstorm|[upkeep]
|-damage|p1a: Staross|94/100|[from] Sandstorm
|-damage|p2a: Jump for Beef|69/100 slp|[from] Sandstorm
|-heal|p1a: Staross|100/100|[from] item: Leftovers
|-heal|p2a: Jump for Beef|75/100 slp|[from] item: Leftovers
|upkeep
|turn|6
|
|t:|1729228417
|move|p1a: Staross|Surf|p2a: Jump for Beef
|-resisted|p2a: Jump for Beef
|-damage|p2a: Jump for Beef|62/100 slp
|cant|p2a: Jump for Beef|slp
|
|-weather|Sandstorm|[upkeep]
|-damage|p1a: Staross|94/100|[from] Sandstorm
|-damage|p2a: Jump for Beef|56/100 slp|[from] Sandstorm
|-heal|p1a: Staross|100/100|[from] item: Leftovers
|-heal|p2a: Jump for Beef|62/100 slp|[from] item: Leftovers
|upkeep
|turn|7
|
|t:|1729228429
|switch|p1a: Leuphorie|Blissey, F|82/100
|-curestatus|p2a: Jump for Beef|slp|[msg]
|move|p2a: Jump for Beef|Recover|p2a: Jump for Beef
|-heal|p2a: Jump for Beef|100/100
|
|-weather|Sandstorm|[upkeep]
|-damage|p2a: Jump for Beef|94/100|[from] Sandstorm
|-damage|p1a: Leuphorie|76/100|[from] Sandstorm
|-heal|p2a: Jump for Beef|100/100|[from] item: Leftovers
|-heal|p1a: Leuphorie|82/100|[from] item: Leftovers
|upkeep
|turn|8
|
|t:|1729228441
|move|p2a: Jump for Beef|Toxic|p1a: Leuphorie
|-status|p1a: Leuphorie|tox
|move|p1a: Leuphorie|Seismic Toss|p2a: Jump for Beef
|-damage|p2a: Jump for Beef|75/100
|
|-weather|Sandstorm|[upkeep]
|-damage|p2a: Jump for Beef|69/100|[from] Sandstorm
|-damage|p1a: Leuphorie|76/100 tox|[from] Sandstorm
|-heal|p2a: Jump for Beef|75/100|[from] item: Leftovers
|-heal|p1a: Leuphorie|82/100 tox|[from] item: Leftovers
|-damage|p1a: Leuphorie|76/100 tox|[from] psn
|upkeep
|turn|9
|
|t:|1729228452
|move|p2a: Jump for Beef|Recover|p2a: Jump for Beef
|-heal|p2a: Jump for Beef|100/100
|move|p1a: Leuphorie|Soft-Boiled|p1a: Leuphorie
|-heal|p1a: Leuphorie|100/100 tox
|
|-weather|Sandstorm|[upkeep]
|-damage|p2a: Jump for Beef|94/100|[from] Sandstorm
|-damage|p1a: Leuphorie|94/100 tox|[from] Sandstorm
|-heal|p2a: Jump for Beef|100/100|[from] item: Leftovers
|-heal|p1a: Leuphorie|100/100 tox|[from] item: Leftovers
|-damage|p1a: Leuphorie|88/100 tox|[from] psn
|upkeep
|turn|10
|
|t:|1729228464
|-curestatus|p1a: Leuphorie|tox|[from] ability: Natural Cure
|switch|p1a: Airmure|Skarmory, M|100/100
|move|p2a: Jump for Beef|Toxic|p1a: Airmure
|-immune|p1a: Airmure
|
|-weather|Sandstorm|[upkeep]
|-damage|p2a: Jump for Beef|94/100|[from] Sandstorm
|-heal|p2a: Jump for Beef|100/100|[from] item: Leftovers
|upkeep
|turn|11
|
|t:|1729228474
|move|p2a: Jump for Beef|Surf|p1a: Airmure
|-damage|p1a: Airmure|68/100
|move|p1a: Airmure|Thief|p2a: Jump for Beef
|-damage|p2a: Jump for Beef|97/100
|-enditem|p2a: Jump for Beef|Leftovers|[silent]|[from] move: Thief|[of] p1a: Airmure
|-item|p1a: Airmure|Leftovers|[from] move: Thief|[of] p2a: Jump for Beef
|
|-weather|Sandstorm|[upkeep]
|-damage|p2a: Jump for Beef|91/100|[from] Sandstorm
|-heal|p1a: Airmure|74/100|[from] item: Leftovers
|upkeep
|turn|12
|
|t:|1729228486
|move|p1a: Airmure|Protect|p1a: Airmure
|-singleturn|p1a: Airmure|Protect
|move|p2a: Jump for Beef|Surf|p1a: Airmure
|-activate|p1a: Airmure|Protect
|
|-weather|Sandstorm|[upkeep]
|-damage|p2a: Jump for Beef|85/100|[from] Sandstorm
|-heal|p1a: Airmure|80/100|[from] item: Leftovers
|upkeep
|turn|13
|
|t:|1729228497
|move|p2a: Jump for Beef|Surf|p1a: Airmure
|-damage|p1a: Airmure|51/100
|move|p1a: Airmure|Spikes|p2a: Jump for Beef
|-sidestart|p2: violet river|Spikes
|
|-weather|Sandstorm|[upkeep]
|-damage|p2a: Jump for Beef|79/100|[from] Sandstorm
|-heal|p1a: Airmure|57/100|[from] item: Leftovers
|upkeep
|turn|14
|
|t:|1729228506
|move|p1a: Airmure|Protect|p1a: Airmure
|-singleturn|p1a: Airmure|Protect
|move|p2a: Jump for Beef|Recover|p2a: Jump for Beef
|-heal|p2a: Jump for Beef|100/100
|
|-weather|Sandstorm|[upkeep]
|-damage|p2a: Jump for Beef|94/100|[from] Sandstorm
|-heal|p1a: Airmure|63/100|[from] item: Leftovers
|upkeep
|turn|15
|inactive|OfTheLethani has 270 seconds left.
|inactive|OfTheLethani has 240 seconds left.
|
|t:|1729228593
|switch|p1a: Leuphorie|Blissey, F|88/100
|move|p2a: Jump for Beef|Surf|p1a: Leuphorie
|-damage|p1a: Leuphorie|74/100
|
|-weather|Sandstorm|[upkeep]
|-damage|p2a: Jump for Beef|88/100|[from] Sandstorm
|-damage|p1a: Leuphorie|68/100|[from] Sandstorm
|-heal|p1a: Leuphorie|74/100|[from] item: Leftovers
|upkeep
|turn|16
|
|t:|1729228605
|switch|p2a: Ms. Nails|Skarmory, F|100/100
|move|p1a: Leuphorie|Sing|p2a: Ms. Nails
|-status|p2a: Ms. Nails|slp|[from] move: Sing
|
|-weather|Sandstorm|[upkeep]
|-damage|p1a: Leuphorie|68/100|[from] Sandstorm
|-heal|p1a: Leuphorie|74/100|[from] item: Leftovers
|upkeep
|turn|17
|
|t:|1729228613
|switch|p1a: Métalosse|Metagross|100/100
|cant|p2a: Ms. Nails|slp
|
|-weather|Sandstorm|[upkeep]
|upkeep
|turn|18
|
|t:|1729228619
|cant|p2a: Ms. Nails|slp
|move|p1a: Métalosse|Meteor Mash|p2a: Ms. Nails
|-resisted|p2a: Ms. Nails
|-damage|p2a: Ms. Nails|83/100 slp
|-boost|p1a: Métalosse|atk|1
|
|-weather|Sandstorm|[upkeep]
|-heal|p2a: Ms. Nails|89/100 slp|[from] item: Leftovers
|upkeep
|turn|19
|
|t:|1729228629
|switch|p2a: Jump for Beef|Milotic, F|88/100
|-damage|p2a: Jump for Beef|76/100|[from] Spikes
|move|p1a: Métalosse|Meteor Mash|p2a: Jump for Beef
|-resisted|p2a: Jump for Beef
|-damage|p2a: Jump for Beef|49/100
|
|-weather|Sandstorm|[upkeep]
|-damage|p2a: Jump for Beef|43/100|[from] Sandstorm
|upkeep
|turn|20
|
|t:|1729228652
|move|p2a: Jump for Beef|Recover|p2a: Jump for Beef
|-heal|p2a: Jump for Beef|93/100
|move|p1a: Métalosse|Earthquake|p2a: Jump for Beef
|-damage|p2a: Jump for Beef|62/100
|
|-weather|Sandstorm|[upkeep]
|-damage|p2a: Jump for Beef|56/100|[from] Sandstorm
|upkeep
|turn|21
|
|t:|1729228659
|move|p2a: Jump for Beef|Surf|p1a: Métalosse
|-damage|p1a: Métalosse|68/100
|move|p1a: Métalosse|Earthquake|p2a: Jump for Beef
|-damage|p2a: Jump for Beef|24/100
|
|-weather|Sandstorm|[upkeep]
|-damage|p2a: Jump for Beef|18/100|[from] Sandstorm
|-heal|p1a: Métalosse|74/100|[from] item: Leftovers
|upkeep
|turn|22
|
|t:|1729228667
|move|p2a: Jump for Beef|Recover|p2a: Jump for Beef
|-heal|p2a: Jump for Beef|68/100
|move|p1a: Métalosse|Explosion|p2a: Jump for Beef
|-damage|p2a: Jump for Beef|0 fnt
|faint|p1a: Métalosse
|faint|p2a: Jump for Beef
|
|t:|1729228689
|switch|p2a: Soulwind Slayer|Registeel|100/100
|switch|p1a: Tyranocliff|Tyranitar, F|100/100
|-damage|p2a: Soulwind Slayer|88/100|[from] Spikes
|
|-weather|Sandstorm|[upkeep]
|-heal|p2a: Soulwind Slayer|94/100|[from] item: Leftovers
|upkeep
|turn|23
|
|t:|1729228697
|move|p1a: Tyranocliff|Earthquake|p2a: Soulwind Slayer
|-supereffective|p2a: Soulwind Slayer
|-damage|p2a: Soulwind Slayer|50/100
|move|p2a: Soulwind Slayer|Counter|p1a: Tyranocliff
|-damage|p1a: Tyranocliff|21/100
|
|-weather|Sandstorm|[upkeep]
|-heal|p1a: Tyranocliff|27/100|[from] item: Leftovers
|-heal|p2a: Soulwind Slayer|56/100|[from] item: Leftovers
|upkeep
|turn|24
|
|t:|1729228712
|switch|p1a: Staross|Starmie|100/100
|switch|p2a: God's Eyes|Claydol|100/100
|
|-weather|Sandstorm|[upkeep]
|-damage|p1a: Staross|94/100|[from] Sandstorm
|-heal|p1a: Staross|100/100|[from] item: Leftovers
|upkeep
|turn|25
|
|t:|1729228719
|switch|p2a: She Who Wanders|Blissey, F|100/100
|-damage|p2a: She Who Wanders|88/100|[from] Spikes
|move|p1a: Staross|Surf|p2a: She Who Wanders
|-crit|p2a: She Who Wanders
|-damage|p2a: She Who Wanders|61/100
|
|-weather|Sandstorm|[upkeep]
|-damage|p1a: Staross|94/100|[from] Sandstorm
|-damage|p2a: She Who Wanders|55/100|[from] Sandstorm
|-heal|p1a: Staross|100/100|[from] item: Leftovers
|-heal|p2a: She Who Wanders|61/100|[from] item: Leftovers
|upkeep
|turn|26
|
|t:|1729228738
|switch|p1a: Triopikeur|Dugtrio, M|100/100
|move|p2a: She Who Wanders|Soft-Boiled|p2a: She Who Wanders
|-heal|p2a: She Who Wanders|100/100
|
|-weather|Sandstorm|[upkeep]
|-damage|p2a: She Who Wanders|94/100|[from] Sandstorm
|-heal|p2a: She Who Wanders|100/100|[from] item: Leftovers
|upkeep
|turn|27
|
|t:|1729228746
|move|p1a: Triopikeur|Earthquake|p2a: She Who Wanders
|-damage|p2a: She Who Wanders|44/100
|move|p2a: She Who Wanders|Ice Beam|p1a: Triopikeur
|-supereffective|p1a: Triopikeur
|-damage|p1a: Triopikeur|0 fnt
|faint|p1a: Triopikeur
|
|t:|1729228758
|switch|p1a: Tyranocliff|Tyranitar, F|27/100
|
|-weather|Sandstorm|[upkeep]
|-damage|p2a: She Who Wanders|38/100|[from] Sandstorm
|-heal|p1a: Tyranocliff|33/100|[from] item: Leftovers
|-heal|p2a: She Who Wanders|44/100|[from] item: Leftovers
|upkeep
|turn|28
|
|t:|1729228765
|switch|p2a: God's Eyes|Claydol|100/100
|move|p1a: Tyranocliff|Earthquake|p2a: God's Eyes
|-immune|p2a: God's Eyes
|
|-weather|Sandstorm|[upkeep]
|-heal|p1a: Tyranocliff|39/100|[from] item: Leftovers
|upkeep
|turn|29
|
|t:|1729228772
|move|p2a: God's Eyes|Rapid Spin|p1a: Tyranocliff
|-resisted|p1a: Tyranocliff
|-damage|p1a: Tyranocliff|37/100
|-sideend|p2: violet river|Spikes|[from] move: Rapid Spin|[of] p2a: God's Eyes
|move|p1a: Tyranocliff|Hidden Power|p2a: God's Eyes
|-supereffective|p2a: God's Eyes
|-damage|p2a: God's Eyes|45/100
|
|-weather|Sandstorm|[upkeep]
|-heal|p2a: God's Eyes|51/100|[from] item: Leftovers
|-heal|p1a: Tyranocliff|43/100|[from] item: Leftovers
|upkeep
|turn|30
|inactive|OfTheLethani has 240 seconds left.
|
|t:|1729228796
|switch|p1a: Airmure|Skarmory, M|63/100
|move|p2a: God's Eyes|Earthquake|p1a: Airmure
|-immune|p1a: Airmure
|
|-weather|Sandstorm|[upkeep]
|-heal|p2a: God's Eyes|57/100|[from] item: Leftovers
|-heal|p1a: Airmure|69/100|[from] item: Leftovers
|upkeep
|turn|31
|
|t:|1729228808
|switch|p2a: She Who Wanders|Blissey, F|44/100
|move|p1a: Airmure|Spikes|p2a: She Who Wanders
|-sidestart|p2: violet river|Spikes
|
|-weather|Sandstorm|[upkeep]
|-damage|p2a: She Who Wanders|38/100|[from] Sandstorm
|-heal|p1a: Airmure|75/100|[from] item: Leftovers
|-heal|p2a: She Who Wanders|44/100|[from] item: Leftovers
|upkeep
|turn|32
|
|t:|1729228817
|switch|p1a: Tyranocliff|Tyranitar, F|43/100
|move|p2a: She Who Wanders|Soft-Boiled|p2a: She Who Wanders
|-heal|p2a: She Who Wanders|94/100
|
|-weather|Sandstorm|[upkeep]
|-damage|p2a: She Who Wanders|88/100|[from] Sandstorm
|-heal|p1a: Tyranocliff|50/100|[from] item: Leftovers
|-heal|p2a: She Who Wanders|94/100|[from] item: Leftovers
|upkeep
|turn|33
|
|t:|1729228825
|-singleturn|p1a: Tyranocliff|move: Focus Punch
|switch|p2a: God's Eyes|Claydol|57/100
|move|p1a: Tyranocliff|Focus Punch|p2a: God's Eyes
|-resisted|p2a: God's Eyes
|-damage|p2a: God's Eyes|28/100
|
|-weather|Sandstorm|[upkeep]
|-heal|p2a: God's Eyes|34/100|[from] item: Leftovers
|-heal|p1a: Tyranocliff|56/100|[from] item: Leftovers
|upkeep
|turn|34
|inactive|OfTheLethani has 240 seconds left.
|
|t:|1729228836
|switch|p1a: Airmure|Skarmory, M|75/100
|move|p2a: God's Eyes|Rapid Spin|p1a: Airmure
|-resisted|p1a: Airmure
|-damage|p1a: Airmure|73/100
|-sideend|p2: violet river|Spikes|[from] move: Rapid Spin|[of] p2a: God's Eyes
|
|-weather|Sandstorm|[upkeep]
|-heal|p2a: God's Eyes|40/100|[from] item: Leftovers
|-heal|p1a: Airmure|79/100|[from] item: Leftovers
|upkeep
|turn|35
|inactive|OfTheLethani has 240 seconds left.
|
|t:|1729228845
|switch|p2a: She Who Wanders|Blissey, F|94/100
|move|p1a: Airmure|Spikes|p2a: She Who Wanders
|-sidestart|p2: violet river|Spikes
|
|-weather|Sandstorm|[upkeep]
|-damage|p2a: She Who Wanders|88/100|[from] Sandstorm
|-heal|p1a: Airmure|85/100|[from] item: Leftovers
|-heal|p2a: She Who Wanders|94/100|[from] item: Leftovers
|upkeep
|turn|36
|
|t:|1729228853
|move|p1a: Airmure|Spikes|p2a: She Who Wanders
|-sidestart|p2: violet river|Spikes
|move|p2a: She Who Wanders|Thunderbolt|p1a: Airmure
|-supereffective|p1a: Airmure
|-damage|p1a: Airmure|38/100
|
|-weather|Sandstorm|[upkeep]
|-damage|p2a: She Who Wanders|88/100|[from] Sandstorm
|-heal|p1a: Airmure|44/100|[from] item: Leftovers
|-heal|p2a: She Who Wanders|94/100|[from] item: Leftovers
|upkeep
|turn|37
|
|t:|1729228862
|move|p1a: Airmure|Protect|p1a: Airmure
|-singleturn|p1a: Airmure|Protect
|move|p2a: She Who Wanders|Calm Mind|p2a: She Who Wanders
|-boost|p2a: She Who Wanders|spa|1
|-boost|p2a: She Who Wanders|spd|1
|
|-weather|Sandstorm|[upkeep]
|-damage|p2a: She Who Wanders|88/100|[from] Sandstorm
|-heal|p1a: Airmure|50/100|[from] item: Leftovers
|-heal|p2a: She Who Wanders|94/100|[from] item: Leftovers
|upkeep
|turn|38
|inactive|OfTheLethani has 240 seconds left.
|
|t:|1729228892
|move|p2a: She Who Wanders|Ice Beam|p1a: Airmure
|-damage|p1a: Airmure|16/100
|move|p1a: Airmure|Roar|p2a: She Who Wanders
|drag|p2a: Ms. Nails|Skarmory, F|89/100 slp
|
|-weather|Sandstorm|[upkeep]
|-heal|p1a: Airmure|22/100|[from] item: Leftovers
|-heal|p2a: Ms. Nails|95/100 slp|[from] item: Leftovers
|upkeep
|turn|39
|inactive|OfTheLethani has 240 seconds left.
|
|t:|1729228903
|switch|p2a: God's Eyes|Claydol|40/100
|move|p1a: Airmure|Spikes|p2a: God's Eyes
|-sidestart|p2: violet river|Spikes
|
|-weather|Sandstorm|[upkeep]
|-heal|p2a: God's Eyes|46/100|[from] item: Leftovers
|-heal|p1a: Airmure|28/100|[from] item: Leftovers
|upkeep
|turn|40
|inactive|OfTheLethani has 240 seconds left.
|
|t:|1729228913
|switch|p1a: Staross|Starmie|100/100
|move|p2a: God's Eyes|Rapid Spin|p1a: Staross
|-damage|p1a: Staross|95/100
|-sideend|p2: violet river|Spikes|[from] move: Rapid Spin|[of] p2a: God's Eyes
|
|-weather|Sandstorm|[upkeep]
|-damage|p1a: Staross|89/100|[from] Sandstorm
|-heal|p1a: Staross|95/100|[from] item: Leftovers
|-heal|p2a: God's Eyes|52/100|[from] item: Leftovers
|upkeep
|turn|41
|inactive|OfTheLethani has 240 seconds left.
|
|t:|1729228924
|switch|p1a: Tyranocliff|Tyranitar, F|56/100
|switch|p2a: She Who Wanders|Blissey, F|94/100
|
|-weather|Sandstorm|[upkeep]
|-damage|p2a: She Who Wanders|88/100|[from] Sandstorm
|-heal|p1a: Tyranocliff|62/100|[from] item: Leftovers
|-heal|p2a: She Who Wanders|94/100|[from] item: Leftovers
|upkeep
|turn|42
|inactive|OfTheLethani has 240 seconds left.
|
|t:|1729228934
|switch|p2a: Soulwind Slayer|Registeel|56/100
|move|p1a: Tyranocliff|Earthquake|p2a: Soulwind Slayer
|-supereffective|p2a: Soulwind Slayer
|-damage|p2a: Soulwind Slayer|11/100
|
|-weather|Sandstorm|[upkeep]
|-heal|p1a: Tyranocliff|68/100|[from] item: Leftovers
|-heal|p2a: Soulwind Slayer|17/100|[from] item: Leftovers
|upkeep
|turn|43
|inactive|OfTheLethani has 240 seconds left.
|inactive|OfTheLethani has 210 seconds left.
|
|t:|1729228976
|move|p1a: Tyranocliff|Earthquake|p2a: Soulwind Slayer
|-supereffective|p2a: Soulwind Slayer
|-damage|p2a: Soulwind Slayer|0 fnt
|faint|p2a: Soulwind Slayer
|
|t:|1729228979
|switch|p2a: Chudtrio|Dugtrio, F|100/100
|
|-weather|Sandstorm|[upkeep]
|-heal|p1a: Tyranocliff|74/100|[from] item: Leftovers
|upkeep
|turn|44
|c|☆violet river|gg?
|
|t:|1729228991
|move|p2a: Chudtrio|Earthquake|p1a: Tyranocliff
|-supereffective|p1a: Tyranocliff
|-damage|p1a: Tyranocliff|0 fnt
|faint|p1a: Tyranocliff
|
|t:|1729228995
|switch|p1a: Staross|Starmie|95/100
|
|-weather|Sandstorm|[upkeep]
|-damage|p1a: Staross|89/100|[from] Sandstorm
|-heal|p1a: Staross|95/100|[from] item: Leftovers
|upkeep
|turn|45
|
|t:|1729229001
|switch|p2a: She Who Wanders|Blissey, F|94/100
|move|p1a: Staross|Surf|p2a: She Who Wanders
|-damage|p2a: She Who Wanders|80/100
|
|-weather|Sandstorm|[upkeep]
|-damage|p1a: Staross|89/100|[from] Sandstorm
|-damage|p2a: She Who Wanders|74/100|[from] Sandstorm
|-heal|p1a: Staross|95/100|[from] item: Leftovers
|-heal|p2a: She Who Wanders|80/100|[from] item: Leftovers
|upkeep
|turn|46
|
|t:|1729229012
|switch|p1a: Airmure|Skarmory, M|28/100
|move|p2a: She Who Wanders|Calm Mind|p2a: She Who Wanders
|-boost|p2a: She Who Wanders|spa|1
|-boost|p2a: She Who Wanders|spd|1
|
|-weather|Sandstorm|[upkeep]
|-damage|p2a: She Who Wanders|74/100|[from] Sandstorm
|-heal|p1a: Airmure|34/100|[from] item: Leftovers
|-heal|p2a: She Who Wanders|80/100|[from] item: Leftovers
|upkeep
|turn|47
|
|t:|1729229028
|move|p2a: She Who Wanders|Thunderbolt|p1a: Airmure
|-supereffective|p1a: Airmure
|-damage|p1a: Airmure|0 fnt
|faint|p1a: Airmure
|
|t:|1729229032
|switch|p1a: Leuphorie|Blissey, F|74/100
|
|-weather|Sandstorm|[upkeep]
|-damage|p2a: She Who Wanders|74/100|[from] Sandstorm
|-damage|p1a: Leuphorie|68/100|[from] Sandstorm
|-heal|p2a: She Who Wanders|80/100|[from] item: Leftovers
|-heal|p1a: Leuphorie|74/100|[from] item: Leftovers
|upkeep
|turn|48
|
|t:|1729229039
|move|p2a: She Who Wanders|Ice Beam|p1a: Leuphorie
|-damage|p1a: Leuphorie|59/100
|-status|p1a: Leuphorie|frz
|cant|p1a: Leuphorie|frz
|
|-weather|Sandstorm|[upkeep]
|-damage|p2a: She Who Wanders|74/100|[from] Sandstorm
|-damage|p1a: Leuphorie|53/100 frz|[from] Sandstorm
|-heal|p2a: She Who Wanders|80/100|[from] item: Leftovers
|-heal|p1a: Leuphorie|59/100 frz|[from] item: Leftovers
|upkeep
|turn|49
|c|☆OfTheLethani|hmm
|
|t:|1729229049
|move|p2a: She Who Wanders|Calm Mind|p2a: She Who Wanders
|-boost|p2a: She Who Wanders|spa|1
|-boost|p2a: She Who Wanders|spd|1
|-curestatus|p1a: Leuphorie|frz|[msg]
|move|p1a: Leuphorie|Sing|p2a: She Who Wanders
|-message|Sleep Clause Mod activated.
|-hint|Sleep Clause Mod prevents players from putting more than one of their opponent's Pokémon to sleep at a time
|
|-weather|Sandstorm|[upkeep]
|-damage|p2a: She Who Wanders|74/100|[from] Sandstorm
|-damage|p1a: Leuphorie|53/100|[from] Sandstorm
|-heal|p2a: She Who Wanders|80/100|[from] item: Leftovers
|-heal|p1a: Leuphorie|59/100|[from] item: Leftovers
|upkeep
|turn|50
|c|☆OfTheLethani|ah okay that was stupid of me
|
|t:|1729229071
|move|p2a: She Who Wanders|Calm Mind|p2a: She Who Wanders
|-boost|p2a: She Who Wanders|spa|1
|-boost|p2a: She Who Wanders|spd|1
|move|p1a: Leuphorie|Seismic Toss|p2a: She Who Wanders
|-damage|p2a: She Who Wanders|65/100
|
|-weather|Sandstorm|[upkeep]
|-damage|p2a: She Who Wanders|59/100|[from] Sandstorm
|-damage|p1a: Leuphorie|53/100|[from] Sandstorm
|-heal|p2a: She Who Wanders|65/100|[from] item: Leftovers
|-heal|p1a: Leuphorie|59/100|[from] item: Leftovers
|upkeep
|turn|51
|c|☆violet river|yea if ur not tox bliss then
|c|☆violet river|this mu is really hard
|inactive|OfTheLethani has 210 seconds left.
|c|☆violet river|the only things that can go toe to toe with cmbliss are dug weak
|c|☆OfTheLethani|This is an incredibly bad matchup for me, and I also played terrible
|inactive|OfTheLethani has 180 seconds left.
|c|☆OfTheLethani|So a well deserved win for you LOL
|c|☆violet river|you played okay 
|c|☆violet river|hard game
|inactive|OfTheLethani has 150 seconds left.
|c|☆violet river|i know its a mcmeghan team but i think its just too bad into stall mirrors
|-message|OfTheLethani forfeited.
|
|win|violet river
|c|☆violet river|gg

</script>
<script type="application/json" class="data" id="replaydata-smogtours-gen3ou-799468">
{"id":"smogtours-gen3ou-799468","format":"[Gen 3] OU","players":["OfTheLethani","violet river"],"uploadtime":1729229171,"views":180,"formatid":"gen3ou","rating":null,"private":0,"password":null}
</script>

<script defer src="js/replays.js?9d40a366"></script>
