<!DOCTYPE html>
<meta charset="utf-8" />
<meta name="viewport" content="width=device-width" />

<title>[Gen 3] OU: luckii_girl vs. Sorenz - Replays - Pok&eacute;mon Showdown!</title>

<meta name="description" content="Watch a replay of a Pok&eacute;mon battle between luckii_girl and Sorenz! Format: [Gen 3] OU; Date: Nov 5, 2024" />
<!--

Hey, you! Looking in the source for the replay log?

You can find them in JSON format, just add `.json` at the end of a replay URL.

https://replay.pokemonshowdown.com/gen7randomdoublesbattle-865046831.json

Or, if you only need the log itself, add `.log` instead:

https://replay.pokemonshowdown.com/gen7randomdoublesbattle-865046831.log

-->

<link rel="stylesheet" href="//pokemonshowdown.com/style/global.css?0.023195364461161105" />
<link rel="stylesheet" href="//play.pokemonshowdown.com/style/font-awesome.css?0.13261647063804238" />
<link rel="stylesheet" href="//play.pokemonshowdown.com/style/battle.css?0.8753245789963631" />
<link rel="stylesheet" href="//play.pokemonshowdown.com/style/utilichart.css?0.8627959624976733" />

<!-- Global site tag (gtag.js) - Google Analytics -->
<script async src="https://www.googletagmanager.com/gtag/js?id=UA-26211653-1"></script>
<script>
  window.dataLayer = window.dataLayer || [];
  function gtag(){dataLayer.push(arguments);}
  gtag('js', new Date());

  gtag('config', 'UA-26211653-1');
</script>
<!-- End Google Analytics -->
<!-- Venatus Ad Manager - Install in <HEAD> of page -->
	<script src="https://hb.vntsm.com/v3/live/ad-manager.min.js" type="text/javascript" data-site-id="642aba63ec9a7b11c3c9c1be" data-mode="scan" async></script>
<!-- / Venatus Ad Manager -->

<style>
	@media (max-width:820px) {
		.battle {
			margin: 0 auto;
		}
		.battle-log {
			margin: 7px auto 0;
			max-width: 640px;
			height: 300px;
			position: static;
		}
	}
	.optgroup {
		display: inline-block;
		line-height: 22px;
		font-size: 10pt;
	}
	.optgroup .button {
		height: 25px;
		padding-top: 0;
		padding-bottom: 0;
	}
	.optgroup button.button {
		padding-left: 12px;
		padding-right: 12px;
	}
	.linklist {
		list-style: none;
		margin: 0.5em 0;
		padding: 0;
	}
	.linklist li {
		padding: 2px 0;
	}
	.sidebar {
		float: left;
		width: 320px;
	}
	.bar-wrapper {
		max-width: 1100px;
		margin: 0 auto;
	}
	.bar-wrapper.has-sidebar {
		max-width: 1430px;
	}
	.mainbar {
		margin: 0;
		padding-right: 1px;
	}
	.mainbar.has-sidebar {
		margin-left: 330px;
	}
	@media (min-width: 1511px) {
		.sidebar {
			width: 400px;
		}
		.bar-wrapper.has-sidebar {
			max-width: 1510px;
		}
		.mainbar.has-sidebar {
			margin-left: 410px;
		}
	}
	.section.first-section {
		margin-top: 9px;
	}
	.blocklink small {
		white-space: normal;
	}
	.button {
		vertical-align: middle;
	}
	.replay-controls {
		padding-top: 10px;
	}
	.replay-controls h1 {
		font-size: 16pt;
		font-weight: normal;
		color: #CCC;
	}
	.pagelink {
		text-align: center;
	}
	.pagelink a {
		width: 150px;
	}
	.textbox, .button {
		font-size: 11pt;
		vertical-align: middle;
	}
	@media (max-width: 450px) {
		.button {
			font-size: 9pt;
		}
	}
</style>

<div>

	<header>
		<div class="nav-wrapper"><ul class="nav">
			<li><a class="button nav-first" href="//pokemonshowdown.com/"><img src="//pokemonshowdown.com/images/pokemonshowdownbeta.png" srcset="//pokemonshowdown.com/images/pokemonshowdownbeta.png 1x, //pokemonshowdown.com/images/pokemonshowdownbeta@2x.png 2x" alt="Pok&eacute;mon Showdown" width="146" height="44" /> Home</a></li>
			<li><a class="button" href="//pokemonshowdown.com/dex/">Pok&eacute;dex</a></li>
			<li><a class="button cur" href="/">Replays</a></li>
			<li><a class="button" href="//pokemonshowdown.com/ladder/">Ladder</a></li>
			<li><a class="button nav-last" href="//pokemonshowdown.com/forums/">Forum</a></li>
			<li><a class="button greenbutton nav-first nav-last" href="//play.pokemonshowdown.com/">Play</a></li>
		</ul></div>
	</header>

	<div class="main" id="main">

		<noscript><section class="section">You need to enable JavaScript to use this page; sorry!</section></noscript>

	</div>

</div>

<script defer nomodule src="//play.pokemonshowdown.com/js/lib/ps-polyfill.js"></script>
<script defer src="//play.pokemonshowdown.com/js/lib/preact.min.js"></script>

<script defer src="//play.pokemonshowdown.com/config/config.js?2bddbc15"></script>
<script defer src="//play.pokemonshowdown.com/js/lib/jquery-1.11.0.min.js"></script>
<script defer src="//play.pokemonshowdown.com/js/lib/html-sanitizer-minified.js"></script>
<script defer src="//play.pokemonshowdown.com/js/battle-sound.js"></script>
<script defer src="//play.pokemonshowdown.com/js/battledata.js?0.7209276989879541"></script>
<script defer src="//play.pokemonshowdown.com/data/pokedex-mini.js?0.6111056340867951"></script>
<script defer src="//play.pokemonshowdown.com/data/pokedex-mini-bw.js?0.3532142036491459"></script>
<script defer src="//play.pokemonshowdown.com/data/graphics.js?0.24223875632456182"></script>
<script defer src="//play.pokemonshowdown.com/data/pokedex.js?0.38839984266356864"></script>
<script defer src="//play.pokemonshowdown.com/data/moves.js?0.21866028504024015"></script>
<script defer src="//play.pokemonshowdown.com/data/abilities.js?0.2005157953846628"></script>
<script defer src="//play.pokemonshowdown.com/data/items.js?0.9894211263848525"></script>
<script defer src="//play.pokemonshowdown.com/data/teambuilder-tables.js?0.6008791140282215"></script>
<script defer src="//play.pokemonshowdown.com/js/battle-tooltips.js?0.7580118955022959"></script>
<script defer src="//play.pokemonshowdown.com/js/battle.js?0.6057722274234274"></script>

<script defer src="js/utils.js?e31f9a17"></script>
<script defer src="js/replays-battle.js?7008c182"></script>

<!-- don't scrape this data! just add .json or .log after the URL!
Full API docs: https://github.com/smogon/pokemon-showdown-client/blob/master/WEB-API.md -->
<script type="text/plain" class="log" id="replaylog-smogtours-gen3ou-804843">
|inactive|Battle timer is ON: inactive players will automatically lose when time's up.
|t:|1730768058
|gametype|singles
|player|p1|luckii_girl|caitlin|
|player|p2|Sorenz|wattson|
|teamsize|p1|6
|teamsize|p2|6
|gen|3
|tier|[Gen 3] OU
|rule|Sleep Clause Mod: Limit one foe put to sleep
|rule|Switch Priority Clause Mod: Faster Pokémon switch first
|rule|Species Clause: Limit one of each Pokémon
|rule|OHKO Clause: OHKO moves are banned
|rule|Evasion Items Clause: Evasion items are banned
|rule|Evasion Moves Clause: Evasion moves are banned
|rule|Endless Battle Clause: Forcing endless battles is banned
|rule|HP Percentage Mod: HP is shown in percentages
|rule|One Boost Passer Clause: Limit one Baton Passer that has a way to boost its stats
|rule|Freeze Clause Mod: Limit one foe frozen
|
|t:|1730768058
|start
|switch|p1a: Celebi|Celebi|100/100
|switch|p2a: Metagross|Metagross|100/100
|turn|1
|c|☆Sorenz|glhf!
|c|☆luckii_girl|u2!!!!
|inactive|Sorenz has 270 seconds left.
|
|t:|1730768089
|move|p1a: Celebi|Substitute|p1a: Celebi
|-start|p1a: Celebi|Substitute
|-damage|p1a: Celebi|76/100
|move|p2a: Metagross|Meteor Mash|p1a: Celebi
|-end|p1a: Celebi|Substitute
|-boost|p2a: Metagross|atk|1
|
|-heal|p1a: Celebi|82/100|[from] item: Leftovers
|upkeep
|turn|2
|c|☆luckii_girl|off to a rly good start
|c|☆luckii_girl|lol
|c|☆Sorenz|lmaoooo
|
|t:|1730768105
|switch|p1a: Skarmory|Skarmory, F|100/100
|move|p2a: Metagross|Meteor Mash|p1a: Skarmory|[miss]
|-miss|p2a: Metagross|p1a: Skarmory
|
|upkeep
|turn|3
|inactive|Sorenz has 270 seconds left.
|
|t:|1730768139
|move|p2a: Metagross|Meteor Mash|p1a: Skarmory
|-resisted|p1a: Skarmory
|-damage|p1a: Skarmory|76/100
|move|p1a: Skarmory|Roar|p2a: Metagross
|drag|p2a: Venusaur|Venusaur, F|100/100
|
|upkeep
|turn|4
|
|t:|1730768145
|move|p2a: Venusaur|Sleep Powder|p1a: Skarmory
|-status|p1a: Skarmory|slp|[from] move: Sleep Powder
|-enditem|p1a: Skarmory|Chesto Berry|[eat]
|-curestatus|p1a: Skarmory|slp|[msg]
|move|p1a: Skarmory|Spikes|p2a: Venusaur
|-sidestart|p2: Sorenz|Spikes
|
|upkeep
|turn|5
|c|☆Sorenz|oml
|c|☆luckii_girl|:3
|
|t:|1730768160
|switch|p1a: Celebi|Celebi|82/100
|move|p2a: Venusaur|Sleep Powder|p1a: Celebi
|-status|p1a: Celebi|slp|[from] move: Sleep Powder
|
|-heal|p1a: Celebi|88/100 slp|[from] item: Leftovers
|upkeep
|turn|6
|inactive|Sorenz has 270 seconds left.
|inactive|luckii_girl has 270 seconds left.
|
|t:|1730768196
|-curestatus|p1a: Celebi|slp|[from] ability: Natural Cure
|switch|p1a: Blissey|Blissey, F|100/100
|move|p2a: Venusaur|Hidden Power|p1a: Blissey
|-damage|p1a: Blissey|94/100
|
|-heal|p1a: Blissey|100/100|[from] item: Leftovers
|upkeep
|turn|7
|inactive|luckii_girl has 270 seconds left.
|inactive|Sorenz has 270 seconds left.
|
|t:|1730768208
|move|p2a: Venusaur|Leech Seed|p1a: Blissey
|-start|p1a: Blissey|move: Leech Seed
|move|p1a: Blissey|Thunder Wave|p2a: Venusaur
|-status|p2a: Venusaur|par
|
|-damage|p1a: Blissey|88/100|[from] Leech Seed|[of] p2a: Venusaur
|upkeep
|turn|8
|inactive|luckii_girl has 270 seconds left.
|
|t:|1730768218
|switch|p1a: Swampert|Swampert, M|100/100
|switch|p2a: Metagross|Metagross|100/100
|-damage|p2a: Metagross|88/100|[from] Spikes
|
|upkeep
|turn|9
|inactive|luckii_girl has 270 seconds left.
|
|t:|1730768227
|switch|p2a: Venusaur|Venusaur, F|100/100 par
|-damage|p2a: Venusaur|88/100 par|[from] Spikes
|move|p1a: Swampert|Surf|p2a: Venusaur
|-resisted|p2a: Venusaur
|-damage|p2a: Venusaur|76/100 par
|
|-heal|p2a: Venusaur|82/100 par|[from] item: Leftovers
|upkeep
|turn|10
|
|t:|1730768232
|move|p1a: Swampert|Earthquake|p2a: Venusaur
|-damage|p2a: Venusaur|46/100 par
|move|p2a: Venusaur|Leech Seed|p1a: Swampert
|-start|p1a: Swampert|move: Leech Seed
|
|-damage|p1a: Swampert|88/100|[from] Leech Seed|[of] p2a: Venusaur
|-heal|p2a: Venusaur|60/100 par|[silent]
|-heal|p2a: Venusaur|66/100 par|[from] item: Leftovers
|upkeep
|turn|11
|
|t:|1730768240
|switch|p1a: Starmie|Starmie|100/100
|move|p2a: Venusaur|Sleep Powder|p1a: Starmie
|-status|p1a: Starmie|slp|[from] move: Sleep Powder
|
|-heal|p2a: Venusaur|72/100 par|[from] item: Leftovers
|upkeep
|turn|12
|
|t:|1730768258
|-curestatus|p1a: Starmie|slp|[from] ability: Natural Cure
|switch|p1a: Blissey|Blissey, F|88/100
|cant|p2a: Venusaur|par
|
|-heal|p1a: Blissey|94/100|[from] item: Leftovers
|-heal|p2a: Venusaur|78/100 par|[from] item: Leftovers
|upkeep
|turn|13
|
|t:|1730768278
|move|p1a: Blissey|Light Screen|p1a: Blissey
|-sidestart|p1: luckii_girl|Light Screen
|move|p2a: Venusaur|Leech Seed|p1a: Blissey
|-start|p1a: Blissey|move: Leech Seed
|
|-heal|p1a: Blissey|99/100|[from] item: Leftovers
|-damage|p1a: Blissey|88/100|[from] Leech Seed|[of] p2a: Venusaur
|-heal|p2a: Venusaur|100/100 par|[silent]
|upkeep
|turn|14
|
|t:|1730768290
|switch|p1a: Celebi|Celebi|88/100
|switch|p2a: Snorlax|Snorlax, F|100/100
|-damage|p2a: Snorlax|88/100|[from] Spikes
|
|-heal|p1a: Celebi|94/100|[from] item: Leftovers
|-heal|p2a: Snorlax|94/100|[from] item: Leftovers
|upkeep
|turn|15
|
|t:|1730768302
|move|p1a: Celebi|Leech Seed|p2a: Snorlax
|-start|p2a: Snorlax|move: Leech Seed
|move|p2a: Snorlax|Curse|p2a: Snorlax
|-unboost|p2a: Snorlax|spe|1
|-boost|p2a: Snorlax|atk|1
|-boost|p2a: Snorlax|def|1
|
|-heal|p1a: Celebi|100/100|[from] item: Leftovers
|-heal|p2a: Snorlax|100/100|[from] item: Leftovers
|-damage|p2a: Snorlax|88/100|[from] Leech Seed|[of] p1a: Celebi
|upkeep
|turn|16
|
|t:|1730768306
|move|p1a: Celebi|Substitute|p1a: Celebi
|-start|p1a: Celebi|Substitute
|-damage|p1a: Celebi|76/100
|move|p2a: Snorlax|Return|p1a: Celebi
|-end|p1a: Celebi|Substitute
|
|-heal|p1a: Celebi|82/100|[from] item: Leftovers
|-heal|p2a: Snorlax|94/100|[from] item: Leftovers
|-damage|p2a: Snorlax|82/100|[from] Leech Seed|[of] p1a: Celebi
|-heal|p1a: Celebi|97/100|[silent]
|upkeep
|turn|17
|
|t:|1730768312
|move|p1a: Celebi|Swords Dance|p1a: Celebi
|-boost|p1a: Celebi|atk|2
|move|p2a: Snorlax|Return|p1a: Celebi
|-damage|p1a: Celebi|49/100
|
|-sideend|p1: luckii_girl|Light Screen
|-heal|p1a: Celebi|55/100|[from] item: Leftovers
|-heal|p2a: Snorlax|88/100|[from] item: Leftovers
|-damage|p2a: Snorlax|76/100|[from] Leech Seed|[of] p1a: Celebi
|-heal|p1a: Celebi|70/100|[silent]
|upkeep
|turn|18
|
|t:|1730768330
|switch|p2a: Metagross|Metagross|88/100
|-damage|p2a: Metagross|76/100|[from] Spikes
|move|p1a: Celebi|Substitute|p1a: Celebi
|-start|p1a: Celebi|Substitute
|-damage|p1a: Celebi|45/100
|
|-heal|p1a: Celebi|52/100|[from] item: Leftovers
|upkeep
|turn|19
|
|t:|1730768338
|move|p1a: Celebi|Baton Pass|p1a: Celebi
|
|t:|1730768348
|switch|p1a: Aerodactyl|Aerodactyl, M|100/100|[from] Baton Pass
|move|p2a: Metagross|Meteor Mash|p1a: Aerodactyl|[miss]
|-miss|p2a: Metagross|p1a: Aerodactyl
|
|upkeep
|turn|20
|c|☆Sorenz|nooooo
|c|☆luckii_girl|were so back
|c|☆luckii_girl|hooray
|inactive|Sorenz has 270 seconds left.
|inactive|Sorenz has 240 seconds left.
|
|t:|1730768431
|move|p1a: Aerodactyl|Earthquake|p2a: Metagross
|-supereffective|p2a: Metagross
|-damage|p2a: Metagross|0 fnt
|faint|p2a: Metagross
|
|t:|1730768437
|switch|p2a: Swampert|Swampert, F|100/100
|-damage|p2a: Swampert|88/100|[from] Spikes
|
|-heal|p2a: Swampert|94/100|[from] item: Leftovers
|upkeep
|turn|21
|
|t:|1730768447
|move|p1a: Aerodactyl|Double-Edge|p2a: Swampert
|-damage|p2a: Swampert|21/100
|move|p2a: Swampert|Ice Beam|p1a: Aerodactyl
|-supereffective|p1a: Aerodactyl
|-end|p1a: Aerodactyl|Substitute
|
|-heal|p2a: Swampert|27/100|[from] item: Leftovers
|upkeep
|turn|22
|
|t:|1730768452
|move|p1a: Aerodactyl|Double-Edge|p2a: Swampert
|-damage|p2a: Swampert|0 fnt
|faint|p2a: Swampert
|
|t:|1730768461
|switch|p2a: Tyranitar|Tyranitar, F|100/100
|-damage|p2a: Tyranitar|88/100|[from] Spikes
|-weather|Sandstorm|[from] ability: Sand Stream|[of] p2a: Tyranitar
|
|-weather|Sandstorm|[upkeep]
|-heal|p2a: Tyranitar|94/100|[from] item: Leftovers
|upkeep
|turn|23
|
|t:|1730768466
|move|p1a: Aerodactyl|Earthquake|p2a: Tyranitar
|-supereffective|p2a: Tyranitar
|-damage|p2a: Tyranitar|7/100
|move|p2a: Tyranitar|Rock Slide|p1a: Aerodactyl
|-supereffective|p1a: Aerodactyl
|-damage|p1a: Aerodactyl|0 fnt
|faint|p1a: Aerodactyl
|
|t:|1730768475
|switch|p1a: Starmie|Starmie|100/100
|
|-weather|Sandstorm|[upkeep]
|-damage|p1a: Starmie|94/100|[from] Sandstorm
|-heal|p2a: Tyranitar|13/100|[from] item: Leftovers
|upkeep
|turn|24
|
|t:|1730768489
|move|p1a: Starmie|Ice Beam|p2a: Tyranitar
|-damage|p2a: Tyranitar|0 fnt
|faint|p2a: Tyranitar
|inactive|Sorenz has 240 seconds left.
|
|t:|1730768534
|switch|p2a: Venusaur|Venusaur, F|100/100 par
|-damage|p2a: Venusaur|88/100 par|[from] Spikes
|
|-weather|Sandstorm|[upkeep]
|-damage|p1a: Starmie|88/100|[from] Sandstorm
|-damage|p2a: Venusaur|82/100 par|[from] Sandstorm
|-heal|p2a: Venusaur|88/100 par|[from] item: Leftovers
|upkeep
|turn|25
|
|t:|1730768541
|move|p1a: Starmie|Psychic|p2a: Venusaur
|-supereffective|p2a: Venusaur
|-damage|p2a: Venusaur|27/100 par
|move|p2a: Venusaur|Razor Leaf|p1a: Starmie
|-supereffective|p1a: Starmie
|-damage|p1a: Starmie|0 fnt
|faint|p1a: Starmie
|
|t:|1730768551
|switch|p1a: Swampert|Swampert, M|88/100
|
|-weather|Sandstorm|[upkeep]
|-damage|p2a: Venusaur|21/100 par|[from] Sandstorm
|-heal|p1a: Swampert|94/100|[from] item: Leftovers
|-heal|p2a: Venusaur|27/100 par|[from] item: Leftovers
|upkeep
|turn|26
|
|t:|1730768565
|move|p1a: Swampert|Earthquake|p2a: Venusaur
|-damage|p2a: Venusaur|0 fnt
|faint|p2a: Venusaur
|inactive|Sorenz has 210 seconds left.
|
|t:|1730768601
|switch|p2a: Snorlax|Snorlax, F|76/100
|-damage|p2a: Snorlax|63/100|[from] Spikes
|
|-weather|Sandstorm|[upkeep]
|-damage|p2a: Snorlax|57/100|[from] Sandstorm
|-heal|p1a: Swampert|100/100|[from] item: Leftovers
|-heal|p2a: Snorlax|63/100|[from] item: Leftovers
|upkeep
|turn|27
|
|t:|1730768610
|switch|p1a: Blissey|Blissey, F|88/100
|move|p2a: Snorlax|Curse|p2a: Snorlax
|-unboost|p2a: Snorlax|spe|1
|-boost|p2a: Snorlax|atk|1
|-boost|p2a: Snorlax|def|1
|
|-weather|Sandstorm|[upkeep]
|-damage|p1a: Blissey|82/100|[from] Sandstorm
|-damage|p2a: Snorlax|57/100|[from] Sandstorm
|-heal|p1a: Blissey|88/100|[from] item: Leftovers
|-heal|p2a: Snorlax|63/100|[from] item: Leftovers
|upkeep
|turn|28
|
|t:|1730768615
|move|p2a: Snorlax|Curse|p2a: Snorlax
|-unboost|p2a: Snorlax|spe|1
|-boost|p2a: Snorlax|atk|1
|-boost|p2a: Snorlax|def|1
|move|p1a: Blissey|Counter|p2a: Snorlax
|
|-weather|Sandstorm|[upkeep]
|-damage|p1a: Blissey|82/100|[from] Sandstorm
|-damage|p2a: Snorlax|57/100|[from] Sandstorm
|-heal|p1a: Blissey|88/100|[from] item: Leftovers
|-heal|p2a: Snorlax|63/100|[from] item: Leftovers
|upkeep
|turn|29
|c|☆luckii_girl|dam
|
|t:|1730768622
|move|p1a: Blissey|Thunder Wave|p2a: Snorlax
|-status|p2a: Snorlax|par
|cant|p2a: Snorlax|par
|
|-weather|Sandstorm|[upkeep]
|-damage|p1a: Blissey|82/100|[from] Sandstorm
|-damage|p2a: Snorlax|57/100 par|[from] Sandstorm
|-heal|p1a: Blissey|88/100|[from] item: Leftovers
|-heal|p2a: Snorlax|63/100 par|[from] item: Leftovers
|upkeep
|turn|30
|c|☆Sorenz|yeouch
|
|t:|1730768633
|switch|p1a: Skarmory|Skarmory, F|76/100
|move|p2a: Snorlax|Return|p1a: Skarmory
|-resisted|p1a: Skarmory
|-damage|p1a: Skarmory|53/100
|
|-weather|Sandstorm|[upkeep]
|-damage|p2a: Snorlax|57/100 par|[from] Sandstorm
|-heal|p2a: Snorlax|63/100 par|[from] item: Leftovers
|upkeep
|turn|31
|
|t:|1730768638
|move|p1a: Skarmory|Spikes|p2a: Snorlax
|-sidestart|p2: Sorenz|Spikes
|cant|p2a: Snorlax|par
|
|-weather|Sandstorm|[upkeep]
|-damage|p2a: Snorlax|57/100 par|[from] Sandstorm
|-heal|p2a: Snorlax|63/100 par|[from] item: Leftovers
|upkeep
|turn|32
|
|t:|1730768643
|move|p1a: Skarmory|Spikes|p2a: Snorlax
|-sidestart|p2: Sorenz|Spikes
|cant|p2a: Snorlax|par
|
|-weather|Sandstorm|[upkeep]
|-damage|p2a: Snorlax|57/100 par|[from] Sandstorm
|-heal|p2a: Snorlax|63/100 par|[from] item: Leftovers
|upkeep
|turn|33
|
|t:|1730768664
|move|p2a: Snorlax|Return|p1a: Skarmory
|-resisted|p1a: Skarmory
|-damage|p1a: Skarmory|29/100
|move|p1a: Skarmory|Roar|p2a: Snorlax
|drag|p2a: Starmie|Starmie|100/100
|-damage|p2a: Starmie|76/100|[from] Spikes
|
|-weather|Sandstorm|[upkeep]
|-damage|p2a: Starmie|70/100|[from] Sandstorm
|-heal|p2a: Starmie|76/100|[from] item: Leftovers
|upkeep
|turn|34
|inactive|luckii_girl has 270 seconds left.
|inactive|luckii_girl has 240 seconds left.
|
|t:|1730768734
|move|p1a: Skarmory|Protect|p1a: Skarmory
|-singleturn|p1a: Skarmory|Protect
|move|p2a: Starmie|Rapid Spin|p1a: Skarmory
|-activate|p1a: Skarmory|Protect
|
|-weather|Sandstorm|[upkeep]
|-damage|p2a: Starmie|70/100|[from] Sandstorm
|-heal|p2a: Starmie|76/100|[from] item: Leftovers
|upkeep
|turn|35
|
|t:|1730768749
|switch|p1a: Swampert|Swampert, M|100/100
|move|p2a: Starmie|Rapid Spin|p1a: Swampert
|-damage|p1a: Swampert|98/100
|-sideend|p2: Sorenz|Spikes|[from] move: Rapid Spin|[of] p2a: Starmie
|
|-weather|Sandstorm|[upkeep]
|-damage|p2a: Starmie|70/100|[from] Sandstorm
|-heal|p2a: Starmie|76/100|[from] item: Leftovers
|-heal|p1a: Swampert|100/100|[from] item: Leftovers
|upkeep
|turn|36
|
|t:|1730768771
|move|p2a: Starmie|Surf|p1a: Swampert
|-damage|p1a: Swampert|73/100
|move|p1a: Swampert|Earthquake|p2a: Starmie
|-damage|p2a: Starmie|18/100
|
|-weather|Sandstorm|[upkeep]
|-damage|p2a: Starmie|12/100|[from] Sandstorm
|-heal|p2a: Starmie|18/100|[from] item: Leftovers
|-heal|p1a: Swampert|79/100|[from] item: Leftovers
|upkeep
|turn|37
|inactive|luckii_girl has 240 seconds left.
|
|t:|1730768787
|move|p2a: Starmie|Ice Beam|p1a: Swampert
|-damage|p1a: Swampert|59/100
|-status|p1a: Swampert|frz
|-curestatus|p1a: Swampert|frz|[msg]
|move|p1a: Swampert|Earthquake|p2a: Starmie
|-damage|p2a: Starmie|0 fnt
|faint|p2a: Starmie
|
|t:|1730768790
|switch|p2a: Snorlax|Snorlax, F|63/100 par
|
|-weather|Sandstorm|[upkeep]
|-damage|p2a: Snorlax|57/100 par|[from] Sandstorm
|-heal|p1a: Swampert|65/100|[from] item: Leftovers
|-heal|p2a: Snorlax|63/100 par|[from] item: Leftovers
|upkeep
|turn|38
|inactive|luckii_girl has 240 seconds left.
|
|t:|1730768795
|move|p1a: Swampert|Earthquake|p2a: Snorlax
|-damage|p2a: Snorlax|35/100 par
|cant|p2a: Snorlax|par
|
|-weather|Sandstorm|[upkeep]
|-damage|p2a: Snorlax|28/100 par|[from] Sandstorm
|-heal|p1a: Swampert|72/100|[from] item: Leftovers
|-heal|p2a: Snorlax|35/100 par|[from] item: Leftovers
|upkeep
|turn|39
|
|t:|1730768799
|move|p1a: Swampert|Earthquake|p2a: Snorlax
|-damage|p2a: Snorlax|2/100 par
|cant|p2a: Snorlax|par
|
|-weather|Sandstorm|[upkeep]
|-damage|p2a: Snorlax|0 fnt|[from] Sandstorm
|faint|p2a: Snorlax
|
|win|luckii_girl
|upkeep
|c|☆Sorenz|aw dangit
|c|☆luckii_girl|ohmygod
|c|☆luckii_girl|i am so sorry that luck is awfie
|c|☆luckii_girl|okok gg gg
|c|☆Sorenz|gg
|player|p1|
|player|p2|
|player|p2|Sorenz|wattson|

</script>
<script type="application/json" class="data" id="replaydata-smogtours-gen3ou-804843">
{"id":"smogtours-gen3ou-804843","format":"[Gen 3] OU","players":["luckii_girl","Sorenz"],"uploadtime":1730768799,"views":32,"formatid":"gen3ou","rating":null,"private":0,"password":null}
</script>

<script defer src="js/replays.js?9d40a366"></script>
