<!DOCTYPE html>
<meta charset="utf-8" />
<meta name="viewport" content="width=device-width" />

<title>[Gen 3] OU: green.9082 vs. TheMighty_Q - Replays - Pok&eacute;mon Showdown!</title>

<meta name="description" content="Watch a replay of a Pok&eacute;mon battle between green.9082 and TheMighty_Q! Format: [Gen 3] OU; Date: Oct 19, 2024" />
<!--

Hey, you! Looking in the source for the replay log?

You can find them in JSON format, just add `.json` at the end of a replay URL.

https://replay.pokemonshowdown.com/gen7randomdoublesbattle-865046831.json

Or, if you only need the log itself, add `.log` instead:

https://replay.pokemonshowdown.com/gen7randomdoublesbattle-865046831.log

-->

<link rel="stylesheet" href="//pokemonshowdown.com/style/global.css?0.023195364461161105" />
<link rel="stylesheet" href="//play.pokemonshowdown.com/style/font-awesome.css?0.13261647063804238" />
<link rel="stylesheet" href="//play.pokemonshowdown.com/style/battle.css?0.8753245789963631" />
<link rel="stylesheet" href="//play.pokemonshowdown.com/style/utilichart.css?0.8627959624976733" />

<!-- Global site tag (gtag.js) - Google Analytics -->
<script async src="https://www.googletagmanager.com/gtag/js?id=UA-26211653-1"></script>
<script>
  window.dataLayer = window.dataLayer || [];
  function gtag(){dataLayer.push(arguments);}
  gtag('js', new Date());

  gtag('config', 'UA-26211653-1');
</script>
<!-- End Google Analytics -->
<!-- Venatus Ad Manager - Install in <HEAD> of page -->
	<script src="https://hb.vntsm.com/v3/live/ad-manager.min.js" type="text/javascript" data-site-id="642aba63ec9a7b11c3c9c1be" data-mode="scan" async></script>
<!-- / Venatus Ad Manager -->

<style>
	@media (max-width:820px) {
		.battle {
			margin: 0 auto;
		}
		.battle-log {
			margin: 7px auto 0;
			max-width: 640px;
			height: 300px;
			position: static;
		}
	}
	.optgroup {
		display: inline-block;
		line-height: 22px;
		font-size: 10pt;
	}
	.optgroup .button {
		height: 25px;
		padding-top: 0;
		padding-bottom: 0;
	}
	.optgroup button.button {
		padding-left: 12px;
		padding-right: 12px;
	}
	.linklist {
		list-style: none;
		margin: 0.5em 0;
		padding: 0;
	}
	.linklist li {
		padding: 2px 0;
	}
	.sidebar {
		float: left;
		width: 320px;
	}
	.bar-wrapper {
		max-width: 1100px;
		margin: 0 auto;
	}
	.bar-wrapper.has-sidebar {
		max-width: 1430px;
	}
	.mainbar {
		margin: 0;
		padding-right: 1px;
	}
	.mainbar.has-sidebar {
		margin-left: 330px;
	}
	@media (min-width: 1511px) {
		.sidebar {
			width: 400px;
		}
		.bar-wrapper.has-sidebar {
			max-width: 1510px;
		}
		.mainbar.has-sidebar {
			margin-left: 410px;
		}
	}
	.section.first-section {
		margin-top: 9px;
	}
	.blocklink small {
		white-space: normal;
	}
	.button {
		vertical-align: middle;
	}
	.replay-controls {
		padding-top: 10px;
	}
	.replay-controls h1 {
		font-size: 16pt;
		font-weight: normal;
		color: #CCC;
	}
	.pagelink {
		text-align: center;
	}
	.pagelink a {
		width: 150px;
	}
	.textbox, .button {
		font-size: 11pt;
		vertical-align: middle;
	}
	@media (max-width: 450px) {
		.button {
			font-size: 9pt;
		}
	}
</style>

<div>

	<header>
		<div class="nav-wrapper"><ul class="nav">
			<li><a class="button nav-first" href="//pokemonshowdown.com/"><img src="//pokemonshowdown.com/images/pokemonshowdownbeta.png" srcset="//pokemonshowdown.com/images/pokemonshowdownbeta.png 1x, //pokemonshowdown.com/images/pokemonshowdownbeta@2x.png 2x" alt="Pok&eacute;mon Showdown" width="146" height="44" /> Home</a></li>
			<li><a class="button" href="//pokemonshowdown.com/dex/">Pok&eacute;dex</a></li>
			<li><a class="button cur" href="/">Replays</a></li>
			<li><a class="button" href="//pokemonshowdown.com/ladder/">Ladder</a></li>
			<li><a class="button nav-last" href="//pokemonshowdown.com/forums/">Forum</a></li>
			<li><a class="button greenbutton nav-first nav-last" href="//play.pokemonshowdown.com/">Play</a></li>
		</ul></div>
	</header>

	<div class="main" id="main">

		<noscript><section class="section">You need to enable JavaScript to use this page; sorry!</section></noscript>

	</div>

</div>

<script defer nomodule src="//play.pokemonshowdown.com/js/lib/ps-polyfill.js"></script>
<script defer src="//play.pokemonshowdown.com/js/lib/preact.min.js"></script>

<script defer src="//play.pokemonshowdown.com/config/config.js?2bddbc15"></script>
<script defer src="//play.pokemonshowdown.com/js/lib/jquery-1.11.0.min.js"></script>
<script defer src="//play.pokemonshowdown.com/js/lib/html-sanitizer-minified.js"></script>
<script defer src="//play.pokemonshowdown.com/js/battle-sound.js"></script>
<script defer src="//play.pokemonshowdown.com/js/battledata.js?0.7209276989879541"></script>
<script defer src="//play.pokemonshowdown.com/data/pokedex-mini.js?0.6111056340867951"></script>
<script defer src="//play.pokemonshowdown.com/data/pokedex-mini-bw.js?0.3532142036491459"></script>
<script defer src="//play.pokemonshowdown.com/data/graphics.js?0.24223875632456182"></script>
<script defer src="//play.pokemonshowdown.com/data/pokedex.js?0.38839984266356864"></script>
<script defer src="//play.pokemonshowdown.com/data/moves.js?0.21866028504024015"></script>
<script defer src="//play.pokemonshowdown.com/data/abilities.js?0.2005157953846628"></script>
<script defer src="//play.pokemonshowdown.com/data/items.js?0.9894211263848525"></script>
<script defer src="//play.pokemonshowdown.com/data/teambuilder-tables.js?0.6008791140282215"></script>
<script defer src="//play.pokemonshowdown.com/js/battle-tooltips.js?0.7580118955022959"></script>
<script defer src="//play.pokemonshowdown.com/js/battle.js?0.6057722274234274"></script>

<script defer src="js/utils.js?e31f9a17"></script>
<script defer src="js/replays-battle.js?7008c182"></script>

<!-- don't scrape this data! just add .json or .log after the URL!
Full API docs: https://github.com/smogon/pokemon-showdown-client/blob/master/WEB-API.md -->
<script type="text/plain" class="log" id="replaylog-smogtours-gen3ou-800165">
|inactive|Battle timer is ON: inactive players will automatically lose when time's up.
|t:|1729378851
|gametype|singles
|player|p1|green.9082|1|
|player|p2|TheMighty_Q|hiker-gen4|
|teamsize|p1|6
|teamsize|p2|6
|gen|3
|tier|[Gen 3] OU
|rule|Sleep Clause Mod: Limit one foe put to sleep
|rule|Switch Priority Clause Mod: Faster Pokémon switch first
|rule|Species Clause: Limit one of each Pokémon
|rule|OHKO Clause: OHKO moves are banned
|rule|Evasion Items Clause: Evasion items are banned
|rule|Evasion Moves Clause: Evasion moves are banned
|rule|Endless Battle Clause: Forcing endless battles is banned
|rule|HP Percentage Mod: HP is shown in percentages
|rule|One Boost Passer Clause: Limit one Baton Passer that has a way to boost its stats
|rule|Freeze Clause Mod: Limit one foe frozen
|
|t:|1729378851
|start
|switch|p1a: Zapdos|Zapdos|100/100
|switch|p2a: Zapdos|Zapdos|100/100
|turn|1
|
|t:|1729378858
|move|p1a: Zapdos|Substitute|p1a: Zapdos
|-start|p1a: Zapdos|Substitute
|-damage|p1a: Zapdos|76/100
|move|p2a: Zapdos|Baton Pass|p2a: Zapdos
|
|t:|1729378881
|switch|p2a: Celebi|Celebi|100/100|[from] Baton Pass
|
|-heal|p1a: Zapdos|82/100|[from] item: Leftovers
|upkeep
|turn|2
|
|t:|1729378903
|move|p1a: Zapdos|Baton Pass|p1a: Zapdos
|
|t:|1729378905
|switch|p1a: Celebi|Celebi|100/100|[from] Baton Pass
|move|p2a: Celebi|Psychic|p1a: Celebi
|-resisted|p1a: Celebi
|-activate|p1a: Celebi|Substitute|[damage]
|
|upkeep
|turn|3
|
|t:|1729378913
|move|p1a: Celebi|Calm Mind|p1a: Celebi
|-boost|p1a: Celebi|spa|1
|-boost|p1a: Celebi|spd|1
|move|p2a: Celebi|Psychic|p1a: Celebi
|-resisted|p1a: Celebi
|-end|p1a: Celebi|Substitute
|
|upkeep
|turn|4
|
|t:|1729378925
|move|p1a: Celebi|Calm Mind|p1a: Celebi
|-boost|p1a: Celebi|spa|1
|-boost|p1a: Celebi|spd|1
|move|p2a: Celebi|Baton Pass|p2a: Celebi
|
|t:|1729378928
|switch|p2a: Dugtrio|Dugtrio, M|100/100|[from] Baton Pass
|
|upkeep
|turn|5
|
|t:|1729378935
|move|p2a: Dugtrio|Hidden Power|p1a: Celebi
|-supereffective|p1a: Celebi
|-damage|p1a: Celebi|5/100
|move|p1a: Celebi|Giga Drain|p2a: Dugtrio
|-supereffective|p2a: Dugtrio
|-damage|p2a: Dugtrio|0 fnt
|-heal|p1a: Celebi|36/100|[from] drain|[of] p2a: Dugtrio
|faint|p2a: Dugtrio
|
|t:|1729378946
|switch|p2a: Starmie|Starmie|100/100
|
|-heal|p1a: Celebi|42/100|[from] item: Leftovers
|upkeep
|turn|6
|
|t:|1729378952
|move|p2a: Starmie|Ice Beam|p1a: Celebi
|-supereffective|p1a: Celebi
|-damage|p1a: Celebi|16/100
|move|p1a: Celebi|Giga Drain|p2a: Starmie
|-supereffective|p2a: Starmie
|-damage|p2a: Starmie|0 fnt
|-heal|p1a: Celebi|49/100|[from] drain|[of] p2a: Starmie
|faint|p2a: Starmie
|
|t:|1729378957
|switch|p2a: Tyranitar|Tyranitar, M|100/100
|-weather|Sandstorm|[from] ability: Sand Stream|[of] p2a: Tyranitar
|
|-weather|Sandstorm|[upkeep]
|-damage|p1a: Celebi|42/100|[from] Sandstorm
|-heal|p1a: Celebi|49/100|[from] item: Leftovers
|upkeep
|turn|7
|
|t:|1729378967
|move|p1a: Celebi|Giga Drain|p2a: Tyranitar
|-supereffective|p2a: Tyranitar
|-damage|p2a: Tyranitar|22/100
|-heal|p1a: Celebi|88/100|[from] drain|[of] p2a: Tyranitar
|move|p2a: Tyranitar|Hidden Power|p1a: Celebi
|-supereffective|p1a: Celebi
|-damage|p1a: Celebi|0 fnt
|faint|p1a: Celebi
|
|t:|1729378979
|switch|p1a: Starmie|Starmie|100/100
|
|-weather|Sandstorm|[upkeep]
|-damage|p1a: Starmie|94/100|[from] Sandstorm
|-heal|p1a: Starmie|100/100|[from] item: Leftovers
|-heal|p2a: Tyranitar|28/100|[from] item: Leftovers
|upkeep
|turn|8
|
|t:|1729378988
|switch|p2a: Celebi|Celebi|100/100
|move|p1a: Starmie|Hydro Pump|p2a: Celebi
|-resisted|p2a: Celebi
|-damage|p2a: Celebi|81/100
|
|-weather|Sandstorm|[upkeep]
|-damage|p1a: Starmie|94/100|[from] Sandstorm
|-damage|p2a: Celebi|75/100|[from] Sandstorm
|-heal|p1a: Starmie|100/100|[from] item: Leftovers
|-heal|p2a: Celebi|81/100|[from] item: Leftovers
|upkeep
|turn|9
|
|t:|1729379014
|switch|p1a: Zapdos|Zapdos|82/100
|move|p2a: Celebi|Leech Seed|p1a: Zapdos
|-start|p1a: Zapdos|move: Leech Seed
|
|-weather|Sandstorm|[upkeep]
|-damage|p1a: Zapdos|76/100|[from] Sandstorm
|-damage|p2a: Celebi|75/100|[from] Sandstorm
|-heal|p1a: Zapdos|82/100|[from] item: Leftovers
|-damage|p1a: Zapdos|69/100|[from] Leech Seed|[of] p2a: Celebi
|-heal|p2a: Celebi|85/100|[silent]
|-heal|p2a: Celebi|91/100|[from] item: Leftovers
|upkeep
|turn|10
|
|t:|1729379025
|switch|p1a: Starmie|Starmie|100/100
|move|p2a: Celebi|Psychic|p1a: Starmie
|-resisted|p1a: Starmie
|-damage|p1a: Starmie|81/100
|
|-weather|Sandstorm|[upkeep]
|-damage|p1a: Starmie|75/100|[from] Sandstorm
|-damage|p2a: Celebi|85/100|[from] Sandstorm
|-heal|p1a: Starmie|81/100|[from] item: Leftovers
|-heal|p2a: Celebi|91/100|[from] item: Leftovers
|upkeep
|turn|11
|
|t:|1729379039
|move|p1a: Starmie|Psychic|p2a: Celebi
|-resisted|p2a: Celebi
|-damage|p2a: Celebi|76/100
|move|p2a: Celebi|Leech Seed|p1a: Starmie
|-start|p1a: Starmie|move: Leech Seed
|
|-weather|Sandstorm|[upkeep]
|-damage|p1a: Starmie|75/100|[from] Sandstorm
|-damage|p2a: Celebi|70/100|[from] Sandstorm
|-heal|p1a: Starmie|81/100|[from] item: Leftovers
|-damage|p1a: Starmie|69/100|[from] Leech Seed|[of] p2a: Celebi
|-heal|p2a: Celebi|80/100|[silent]
|-heal|p2a: Celebi|86/100|[from] item: Leftovers
|upkeep
|turn|12
|
|t:|1729379051
|switch|p1a: Dugtrio|Dugtrio, F|100/100
|move|p2a: Celebi|Leech Seed|p1a: Dugtrio
|-start|p1a: Dugtrio|move: Leech Seed
|
|-weather|Sandstorm|[upkeep]
|-damage|p2a: Celebi|80/100|[from] Sandstorm
|-damage|p1a: Dugtrio|88/100|[from] Leech Seed|[of] p2a: Celebi
|-heal|p2a: Celebi|86/100|[silent]
|-heal|p2a: Celebi|93/100|[from] item: Leftovers
|upkeep
|turn|13
|
|t:|1729379062
|move|p1a: Dugtrio|Hidden Power|p2a: Celebi
|-supereffective|p2a: Celebi
|-damage|p2a: Celebi|13/100
|move|p2a: Celebi|Baton Pass|p2a: Celebi
|
|t:|1729379068
|switch|p2a: Zapdos|Zapdos|100/100|[from] Baton Pass
|
|-weather|Sandstorm|[upkeep]
|-damage|p2a: Zapdos|94/100|[from] Sandstorm
|-damage|p1a: Dugtrio|76/100|[from] Leech Seed|[of] p2a: Zapdos
|-heal|p2a: Zapdos|100/100|[silent]
|upkeep
|turn|14
|
|t:|1729379077
|switch|p1a: Blissey|Blissey, F|100/100
|move|p2a: Zapdos|Hidden Power|p1a: Blissey
|-damage|p1a: Blissey|91/100
|
|-weather|Sandstorm|[upkeep]
|-damage|p2a: Zapdos|94/100|[from] Sandstorm
|-damage|p1a: Blissey|85/100|[from] Sandstorm
|-heal|p2a: Zapdos|100/100|[from] item: Leftovers
|-heal|p1a: Blissey|91/100|[from] item: Leftovers
|upkeep
|turn|15
|
|t:|1729379094
|move|p2a: Zapdos|Baton Pass|p2a: Zapdos
|
|t:|1729379096
|switch|p2a: Swampert|Swampert, F|100/100|[from] Baton Pass
|move|p1a: Blissey|Thunderbolt|p2a: Swampert
|-immune|p2a: Swampert
|
|-weather|Sandstorm|[upkeep]
|-damage|p1a: Blissey|85/100|[from] Sandstorm
|-heal|p1a: Blissey|91/100|[from] item: Leftovers
|upkeep
|turn|16
|
|t:|1729379114
|switch|p2a: Tyranitar|Tyranitar, M|28/100
|move|p1a: Blissey|Hidden Power|p2a: Tyranitar
|-supereffective|p2a: Tyranitar
|-damage|p2a: Tyranitar|1/100
|
|-weather|Sandstorm|[upkeep]
|-damage|p1a: Blissey|85/100|[from] Sandstorm
|-heal|p2a: Tyranitar|8/100|[from] item: Leftovers
|-heal|p1a: Blissey|91/100|[from] item: Leftovers
|upkeep
|turn|17
|
|t:|1729379125
|move|p2a: Tyranitar|Rock Slide|p1a: Blissey
|-damage|p1a: Blissey|46/100
|move|p1a: Blissey|Hidden Power|p2a: Tyranitar
|-supereffective|p2a: Tyranitar
|-damage|p2a: Tyranitar|0 fnt
|faint|p2a: Tyranitar
|
|t:|1729379132
|switch|p2a: Celebi|Celebi|13/100
|
|-weather|Sandstorm|[upkeep]
|-damage|p2a: Celebi|7/100|[from] Sandstorm
|-damage|p1a: Blissey|39/100|[from] Sandstorm
|-heal|p2a: Celebi|13/100|[from] item: Leftovers
|-heal|p1a: Blissey|46/100|[from] item: Leftovers
|upkeep
|turn|18
|
|t:|1729379141
|switch|p1a: Dugtrio|Dugtrio, F|76/100
|move|p2a: Celebi|Recover|p2a: Celebi
|-heal|p2a: Celebi|63/100
|
|-weather|Sandstorm|[upkeep]
|-damage|p2a: Celebi|57/100|[from] Sandstorm
|-heal|p2a: Celebi|63/100|[from] item: Leftovers
|upkeep
|turn|19
|
|t:|1729379150
|move|p1a: Dugtrio|Hidden Power|p2a: Celebi
|-supereffective|p2a: Celebi
|-damage|p2a: Celebi|0 fnt
|faint|p2a: Celebi
|
|t:|1729379152
|switch|p2a: Zapdos|Zapdos|100/100
|
|-weather|Sandstorm|[upkeep]
|-damage|p2a: Zapdos|94/100|[from] Sandstorm
|-heal|p2a: Zapdos|100/100|[from] item: Leftovers
|upkeep
|turn|20
|
|t:|1729379164
|switch|p1a: Blissey|Blissey, F|46/100
|move|p2a: Zapdos|Thunder Wave|p1a: Blissey
|-status|p1a: Blissey|par
|
|-weather|Sandstorm|[upkeep]
|-damage|p2a: Zapdos|94/100|[from] Sandstorm
|-damage|p1a: Blissey|39/100 par|[from] Sandstorm
|-heal|p2a: Zapdos|100/100|[from] item: Leftovers
|-heal|p1a: Blissey|46/100 par|[from] item: Leftovers
|upkeep
|turn|21
|
|t:|1729379175
|move|p2a: Zapdos|Thunderbolt|p1a: Blissey
|-damage|p1a: Blissey|28/100 par
|move|p1a: Blissey|Soft-Boiled|p1a: Blissey
|-heal|p1a: Blissey|78/100 par
|
|-weather|Sandstorm|[upkeep]
|-damage|p2a: Zapdos|94/100|[from] Sandstorm
|-damage|p1a: Blissey|72/100 par|[from] Sandstorm
|-heal|p2a: Zapdos|100/100|[from] item: Leftovers
|-heal|p1a: Blissey|78/100 par|[from] item: Leftovers
|upkeep
|turn|22
|
|t:|1729379194
|-curestatus|p1a: Blissey|par|[from] ability: Natural Cure
|switch|p1a: Dugtrio|Dugtrio, F|76/100
|move|p2a: Zapdos|Thunderbolt|p1a: Dugtrio
|-immune|p1a: Dugtrio
|
|-weather|Sandstorm|[upkeep]
|-damage|p2a: Zapdos|94/100|[from] Sandstorm
|-heal|p2a: Zapdos|100/100|[from] item: Leftovers
|upkeep
|turn|23
|
|t:|1729379204
|move|p1a: Dugtrio|Rock Slide|p2a: Zapdos
|-supereffective|p2a: Zapdos
|-damage|p2a: Zapdos|28/100
|move|p2a: Zapdos|Hidden Power|p1a: Dugtrio
|-supereffective|p1a: Dugtrio
|-damage|p1a: Dugtrio|0 fnt
|faint|p1a: Dugtrio
|
|t:|1729379215
|switch|p1a: Blissey|Blissey, F|78/100
|
|-weather|Sandstorm|[upkeep]
|-damage|p2a: Zapdos|21/100|[from] Sandstorm
|-damage|p1a: Blissey|72/100|[from] Sandstorm
|-heal|p2a: Zapdos|28/100|[from] item: Leftovers
|-heal|p1a: Blissey|78/100|[from] item: Leftovers
|upkeep
|turn|24
|
|t:|1729379224
|move|p2a: Zapdos|Thunder Wave|p1a: Blissey
|-status|p1a: Blissey|par
|cant|p1a: Blissey|par
|
|-weather|Sandstorm|[upkeep]
|-damage|p2a: Zapdos|21/100|[from] Sandstorm
|-damage|p1a: Blissey|72/100 par|[from] Sandstorm
|-heal|p2a: Zapdos|28/100|[from] item: Leftovers
|-heal|p1a: Blissey|78/100 par|[from] item: Leftovers
|upkeep
|turn|25
|
|t:|1729379235
|move|p2a: Zapdos|Baton Pass|p2a: Zapdos
|
|t:|1729379236
|switch|p2a: Swampert|Swampert, F|100/100|[from] Baton Pass
|move|p1a: Blissey|Thunderbolt|p2a: Swampert
|-immune|p2a: Swampert
|
|-weather|Sandstorm|[upkeep]
|-damage|p1a: Blissey|72/100 par|[from] Sandstorm
|-heal|p1a: Blissey|78/100 par|[from] item: Leftovers
|upkeep
|turn|26
|
|t:|1729379248
|-curestatus|p1a: Blissey|par|[from] ability: Natural Cure
|switch|p1a: Suicune|Suicune, shiny|100/100
|move|p2a: Swampert|Hydro Pump|p1a: Suicune
|-resisted|p1a: Suicune
|-damage|p1a: Suicune|89/100
|
|-weather|Sandstorm|[upkeep]
|-damage|p1a: Suicune|83/100|[from] Sandstorm
|-heal|p1a: Suicune|89/100|[from] item: Leftovers
|upkeep
|turn|27
|
|t:|1729379260
|move|p1a: Suicune|Calm Mind|p1a: Suicune
|-boost|p1a: Suicune|spa|1
|-boost|p1a: Suicune|spd|1
|move|p2a: Swampert|Earthquake|p1a: Suicune
|-damage|p1a: Suicune|67/100
|
|-weather|Sandstorm|[upkeep]
|-damage|p1a: Suicune|61/100|[from] Sandstorm
|-heal|p1a: Suicune|67/100|[from] item: Leftovers
|upkeep
|turn|28
|
|t:|1729379270
|move|p1a: Suicune|Surf|p2a: Swampert
|-damage|p2a: Swampert|61/100
|move|p2a: Swampert|Earthquake|p1a: Suicune
|-damage|p1a: Suicune|45/100
|
|-weather|Sandstorm|[upkeep]
|-damage|p1a: Suicune|38/100|[from] Sandstorm
|-heal|p1a: Suicune|45/100|[from] item: Leftovers
|-heal|p2a: Swampert|67/100|[from] item: Leftovers
|upkeep
|turn|29
|
|t:|1729379281
|move|p1a: Suicune|Surf|p2a: Swampert
|-damage|p2a: Swampert|26/100
|move|p2a: Swampert|Earthquake|p1a: Suicune
|-damage|p1a: Suicune|22/100
|
|-weather|Sandstorm|[upkeep]
|-damage|p1a: Suicune|16/100|[from] Sandstorm
|-heal|p1a: Suicune|22/100|[from] item: Leftovers
|-heal|p2a: Swampert|32/100|[from] item: Leftovers
|upkeep
|turn|30
|
|t:|1729379292
|move|p2a: Swampert|Protect|p2a: Swampert
|-singleturn|p2a: Swampert|Protect
|move|p1a: Suicune|Rest|p1a: Suicune
|-status|p1a: Suicune|slp|[from] move: Rest
|-heal|p1a: Suicune|100/100 slp|[silent]
|
|-weather|Sandstorm|[upkeep]
|-damage|p1a: Suicune|94/100 slp|[from] Sandstorm
|-heal|p1a: Suicune|100/100 slp|[from] item: Leftovers
|-heal|p2a: Swampert|39/100|[from] item: Leftovers
|upkeep
|turn|31
|
|t:|1729379303
|switch|p2a: Zapdos|Zapdos|28/100
|cant|p1a: Suicune|slp
|move|p1a: Suicune|Sleep Talk|p1a: Suicune
|move|p1a: Suicune|Calm Mind|p1a: Suicune|[from]Sleep Talk
|-boost|p1a: Suicune|spa|1
|-boost|p1a: Suicune|spd|1
|
|-weather|Sandstorm|[upkeep]
|-damage|p2a: Zapdos|21/100|[from] Sandstorm
|-damage|p1a: Suicune|94/100 slp|[from] Sandstorm
|-heal|p2a: Zapdos|28/100|[from] item: Leftovers
|-heal|p1a: Suicune|100/100 slp|[from] item: Leftovers
|upkeep
|turn|32
|
|t:|1729379317
|move|p2a: Zapdos|Thunderbolt|p1a: Suicune
|-supereffective|p1a: Suicune
|-damage|p1a: Suicune|67/100 slp
|cant|p1a: Suicune|slp
|move|p1a: Suicune|Sleep Talk|p1a: Suicune
|move|p1a: Suicune|Surf|p2a: Zapdos|[from]Sleep Talk
|-damage|p2a: Zapdos|0 fnt
|faint|p2a: Zapdos
|
|t:|1729379320
|switch|p2a: Swampert|Swampert, F|39/100
|
|-weather|Sandstorm|[upkeep]
|-damage|p1a: Suicune|61/100 slp|[from] Sandstorm
|-heal|p1a: Suicune|67/100 slp|[from] item: Leftovers
|-heal|p2a: Swampert|45/100|[from] item: Leftovers
|upkeep
|turn|33
|c|☆TheMighty_Q|gg
|
|t:|1729379335
|-curestatus|p1a: Suicune|slp|[msg]
|move|p1a: Suicune|Surf|p2a: Swampert
|-damage|p2a: Swampert|0 fnt
|faint|p2a: Swampert
|
|win|green.9082
|c|☆green.9082|Gg

</script>
<script type="application/json" class="data" id="replaydata-smogtours-gen3ou-800165">
{"id":"smogtours-gen3ou-800165","format":"[Gen 3] OU","players":["green.9082","TheMighty_Q"],"uploadtime":1729379335,"views":89,"formatid":"gen3ou","rating":null,"private":0,"password":null}
</script>

<script defer src="js/replays.js?9d40a366"></script>
