<!DOCTYPE html>
<meta charset="utf-8" />
<meta name="viewport" content="width=device-width" />

<title>[Gen 3] OU: ccczzx vs. catmode - Replays - Pok&eacute;mon Showdown!</title>

<meta name="description" content="Watch a replay of a Pok&eacute;mon battle between ccczzx and catmode! Format: [Gen 3] OU; Date: Nov 9, 2024" />
<!--

Hey, you! Looking in the source for the replay log?

You can find them in JSON format, just add `.json` at the end of a replay URL.

https://replay.pokemonshowdown.com/gen7randomdoublesbattle-865046831.json

Or, if you only need the log itself, add `.log` instead:

https://replay.pokemonshowdown.com/gen7randomdoublesbattle-865046831.log

-->

<link rel="stylesheet" href="//pokemonshowdown.com/style/global.css?0.023195364461161105" />
<link rel="stylesheet" href="//play.pokemonshowdown.com/style/font-awesome.css?0.13261647063804238" />
<link rel="stylesheet" href="//play.pokemonshowdown.com/style/battle.css?0.8753245789963631" />
<link rel="stylesheet" href="//play.pokemonshowdown.com/style/utilichart.css?0.8627959624976733" />

<!-- Global site tag (gtag.js) - Google Analytics -->
<script async src="https://www.googletagmanager.com/gtag/js?id=UA-26211653-1"></script>
<script>
  window.dataLayer = window.dataLayer || [];
  function gtag(){dataLayer.push(arguments);}
  gtag('js', new Date());

  gtag('config', 'UA-26211653-1');
</script>
<!-- End Google Analytics -->
<!-- Venatus Ad Manager - Install in <HEAD> of page -->
	<script src="https://hb.vntsm.com/v3/live/ad-manager.min.js" type="text/javascript" data-site-id="642aba63ec9a7b11c3c9c1be" data-mode="scan" async></script>
<!-- / Venatus Ad Manager -->

<style>
	@media (max-width:820px) {
		.battle {
			margin: 0 auto;
		}
		.battle-log {
			margin: 7px auto 0;
			max-width: 640px;
			height: 300px;
			position: static;
		}
	}
	.optgroup {
		display: inline-block;
		line-height: 22px;
		font-size: 10pt;
	}
	.optgroup .button {
		height: 25px;
		padding-top: 0;
		padding-bottom: 0;
	}
	.optgroup button.button {
		padding-left: 12px;
		padding-right: 12px;
	}
	.linklist {
		list-style: none;
		margin: 0.5em 0;
		padding: 0;
	}
	.linklist li {
		padding: 2px 0;
	}
	.sidebar {
		float: left;
		width: 320px;
	}
	.bar-wrapper {
		max-width: 1100px;
		margin: 0 auto;
	}
	.bar-wrapper.has-sidebar {
		max-width: 1430px;
	}
	.mainbar {
		margin: 0;
		padding-right: 1px;
	}
	.mainbar.has-sidebar {
		margin-left: 330px;
	}
	@media (min-width: 1511px) {
		.sidebar {
			width: 400px;
		}
		.bar-wrapper.has-sidebar {
			max-width: 1510px;
		}
		.mainbar.has-sidebar {
			margin-left: 410px;
		}
	}
	.section.first-section {
		margin-top: 9px;
	}
	.blocklink small {
		white-space: normal;
	}
	.button {
		vertical-align: middle;
	}
	.replay-controls {
		padding-top: 10px;
	}
	.replay-controls h1 {
		font-size: 16pt;
		font-weight: normal;
		color: #CCC;
	}
	.pagelink {
		text-align: center;
	}
	.pagelink a {
		width: 150px;
	}
	.textbox, .button {
		font-size: 11pt;
		vertical-align: middle;
	}
	@media (max-width: 450px) {
		.button {
			font-size: 9pt;
		}
	}
</style>

<div>

	<header>
		<div class="nav-wrapper"><ul class="nav">
			<li><a class="button nav-first" href="//pokemonshowdown.com/"><img src="//pokemonshowdown.com/images/pokemonshowdownbeta.png" srcset="//pokemonshowdown.com/images/pokemonshowdownbeta.png 1x, //pokemonshowdown.com/images/pokemonshowdownbeta@2x.png 2x" alt="Pok&eacute;mon Showdown" width="146" height="44" /> Home</a></li>
			<li><a class="button" href="//pokemonshowdown.com/dex/">Pok&eacute;dex</a></li>
			<li><a class="button cur" href="/">Replays</a></li>
			<li><a class="button" href="//pokemonshowdown.com/ladder/">Ladder</a></li>
			<li><a class="button nav-last" href="//pokemonshowdown.com/forums/">Forum</a></li>
			<li><a class="button greenbutton nav-first nav-last" href="//play.pokemonshowdown.com/">Play</a></li>
		</ul></div>
	</header>

	<div class="main" id="main">

		<noscript><section class="section">You need to enable JavaScript to use this page; sorry!</section></noscript>

	</div>

</div>

<script defer nomodule src="//play.pokemonshowdown.com/js/lib/ps-polyfill.js"></script>
<script defer src="//play.pokemonshowdown.com/js/lib/preact.min.js"></script>

<script defer src="//play.pokemonshowdown.com/config/config.js?2bddbc15"></script>
<script defer src="//play.pokemonshowdown.com/js/lib/jquery-1.11.0.min.js"></script>
<script defer src="//play.pokemonshowdown.com/js/lib/html-sanitizer-minified.js"></script>
<script defer src="//play.pokemonshowdown.com/js/battle-sound.js"></script>
<script defer src="//play.pokemonshowdown.com/js/battledata.js?0.7209276989879541"></script>
<script defer src="//play.pokemonshowdown.com/data/pokedex-mini.js?0.6111056340867951"></script>
<script defer src="//play.pokemonshowdown.com/data/pokedex-mini-bw.js?0.3532142036491459"></script>
<script defer src="//play.pokemonshowdown.com/data/graphics.js?0.24223875632456182"></script>
<script defer src="//play.pokemonshowdown.com/data/pokedex.js?0.38839984266356864"></script>
<script defer src="//play.pokemonshowdown.com/data/moves.js?0.21866028504024015"></script>
<script defer src="//play.pokemonshowdown.com/data/abilities.js?0.2005157953846628"></script>
<script defer src="//play.pokemonshowdown.com/data/items.js?0.9894211263848525"></script>
<script defer src="//play.pokemonshowdown.com/data/teambuilder-tables.js?0.6008791140282215"></script>
<script defer src="//play.pokemonshowdown.com/js/battle-tooltips.js?0.7580118955022959"></script>
<script defer src="//play.pokemonshowdown.com/js/battle.js?0.6057722274234274"></script>

<script defer src="js/utils.js?e31f9a17"></script>
<script defer src="js/replays-battle.js?7008c182"></script>

<!-- don't scrape this data! just add .json or .log after the URL!
Full API docs: https://github.com/smogon/pokemon-showdown-client/blob/master/WEB-API.md -->
<script type="text/plain" class="log" id="replaylog-smogtours-gen3ou-805409">
|inactive|Battle timer is ON: inactive players will automatically lose when time's up.
|t:|1731161668
|gametype|singles
|player|p1|ccczzx|101|
|player|p2|catmode|miku-ground|
|teamsize|p1|6
|teamsize|p2|6
|gen|3
|tier|[Gen 3] OU
|rule|Sleep Clause Mod: Limit one foe put to sleep
|rule|Switch Priority Clause Mod: Faster Pokémon switch first
|rule|Species Clause: Limit one of each Pokémon
|rule|OHKO Clause: OHKO moves are banned
|rule|Evasion Items Clause: Evasion items are banned
|rule|Evasion Moves Clause: Evasion moves are banned
|rule|Endless Battle Clause: Forcing endless battles is banned
|rule|HP Percentage Mod: HP is shown in percentages
|rule|One Boost Passer Clause: Limit one Baton Passer that has a way to boost its stats
|rule|Freeze Clause Mod: Limit one foe frozen
|
|t:|1731161668
|start
|switch|p1a: at it boss|Metagross|100/100
|switch|p2a: Snoop Dogg|Weezing, M, shiny|100/100
|turn|1
|c|☆ccczzx|i hope i selected the right team
|c|☆catmode|same lel
|c|☆ccczzx|i did not account for the weezing mu
|inactive|ccczzx has 270 seconds left.
|
|t:|1731161705
|switch|p1a: tats|Starmie|100/100
|move|p2a: Snoop Dogg|Will-O-Wisp|p1a: tats
|-status|p1a: tats|brn
|
|-damage|p1a: tats|88/100 brn|[from] brn
|upkeep
|turn|2
|c|☆catmode|its cb 
|
|t:|1731161710
|switch|p2a: Umbreon|Umbreon, M|100/100
|move|p1a: tats|Thunder Wave|p2a: Umbreon
|-status|p2a: Umbreon|par
|
|-heal|p1a: tats|94/100 brn|[from] item: Leftovers
|-damage|p1a: tats|82/100 brn|[from] brn
|upkeep
|turn|3
|c|☆ccczzx|fuckin cursepass
|c|☆ccczzx|oh no
|
|t:|1731161725
|-activate|p1a: tats|move: Pursuit
|cant|p2a: Umbreon|par
|-curestatus|p1a: tats|brn|[from] ability: Natural Cure
|switch|p1a: blub's sib|Celebi|100/100
|
|upkeep
|turn|4
|c|☆ccczzx|thats the pursuit counterplay
|
|t:|1731161741
|move|p1a: blub's sib|Leech Seed|p2a: Umbreon
|-start|p2a: Umbreon|move: Leech Seed
|move|p2a: Umbreon|Toxic|p1a: blub's sib
|-status|p1a: blub's sib|tox
|
|-damage|p1a: blub's sib|94/100 tox|[from] psn
|-damage|p2a: Umbreon|88/100 par|[from] Leech Seed|[of] p1a: blub's sib
|-heal|p1a: blub's sib|100/100 tox|[silent]
|upkeep
|turn|5
|
|t:|1731161752
|-curestatus|p1a: blub's sib|tox|[from] ability: Natural Cure
|switch|p1a: tats|Starmie|82/100
|switch|p2a: Iron Bugulus|Forretress, F, shiny|100/100
|
|-heal|p1a: tats|88/100|[from] item: Leftovers
|upkeep
|turn|6
|
|t:|1731161762
|switch|p2a: Umbreon|Umbreon, M|88/100 par
|move|p1a: tats|Thunder Wave|p2a: Umbreon
|-fail|p2a: Umbreon|par
|
|-heal|p1a: tats|94/100|[from] item: Leftovers
|-heal|p2a: Umbreon|94/100 par|[from] item: Leftovers
|upkeep
|turn|7
|
|t:|1731161772
|move|p1a: tats|Surf|p2a: Umbreon
|-damage|p2a: Umbreon|73/100 par
|cant|p2a: Umbreon|par
|
|-heal|p1a: tats|100/100|[from] item: Leftovers
|-heal|p2a: Umbreon|79/100 par|[from] item: Leftovers
|upkeep
|turn|8
|
|t:|1731161783
|move|p1a: tats|Surf|p2a: Umbreon
|-damage|p2a: Umbreon|58/100 par
|move|p2a: Umbreon|Wish|p2a: Umbreon
|
|-heal|p2a: Umbreon|64/100 par|[from] item: Leftovers
|upkeep
|turn|9
|
|t:|1731161790
|move|p1a: tats|Thunder Wave|p2a: Umbreon
|-fail|p2a: Umbreon|par
|move|p2a: Umbreon|Pursuit|p1a: tats
|-supereffective|p1a: tats
|-damage|p1a: tats|68/100
|
|-heal|p2a: Umbreon|100/100 par|[from] move: Wish|[wisher] Umbreon
|-heal|p1a: tats|75/100|[from] item: Leftovers
|upkeep
|turn|10
|
|t:|1731161793
|move|p1a: tats|Recover|p1a: tats
|-heal|p1a: tats|100/100
|cant|p2a: Umbreon|par
|
|upkeep
|turn|11
|
|t:|1731161799
|switch|p1a: blub's sib|Celebi|100/100
|move|p2a: Umbreon|Toxic|p1a: blub's sib
|-status|p1a: blub's sib|tox
|
|-damage|p1a: blub's sib|94/100 tox|[from] psn
|upkeep
|turn|12
|
|t:|1731161804
|move|p2a: Umbreon|Protect|p2a: Umbreon
|-singleturn|p2a: Umbreon|Protect
|move|p1a: blub's sib|Leech Seed|p2a: Umbreon
|-activate|p2a: Umbreon|Protect
|
|-heal|p1a: blub's sib|100/100 tox|[from] item: Leftovers
|-damage|p1a: blub's sib|88/100 tox|[from] psn
|upkeep
|turn|13
|
|t:|1731161814
|switch|p2a: Iron Bugulus|Forretress, F, shiny|100/100
|move|p1a: blub's sib|Leech Seed|p2a: Iron Bugulus
|-start|p2a: Iron Bugulus|move: Leech Seed
|
|-heal|p1a: blub's sib|94/100 tox|[from] item: Leftovers
|-damage|p1a: blub's sib|76/100 tox|[from] psn
|-damage|p2a: Iron Bugulus|88/100|[from] Leech Seed|[of] p1a: blub's sib
|-heal|p1a: blub's sib|87/100 tox|[silent]
|upkeep
|turn|14
|c|☆ccczzx|this is what i get for not running hp fire
|
|t:|1731161840
|-curestatus|p1a: blub's sib|tox|[from] ability: Natural Cure
|switch|p1a: tats|Starmie|100/100
|switch|p2a: Umbreon|Umbreon, M|100/100 par
|
|upkeep
|turn|15
|c|☆catmode|yea that always sucks lol, cause you wanna run grass or psychic
|c|☆catmode|but fire just does what you need most of the time
|
|t:|1731161866
|switch|p1a: blub's sib|Celebi|87/100
|move|p2a: Umbreon|Toxic|p1a: blub's sib
|-status|p1a: blub's sib|tox
|
|-heal|p1a: blub's sib|93/100 tox|[from] item: Leftovers
|-damage|p1a: blub's sib|87/100 tox|[from] psn
|upkeep
|turn|16
|c|☆ccczzx|this is gonna be about pp stalling
|
|t:|1731161875
|move|p1a: blub's sib|Leech Seed|p2a: Umbreon
|-start|p2a: Umbreon|move: Leech Seed
|move|p2a: Umbreon|Pursuit|p1a: blub's sib
|-supereffective|p1a: blub's sib
|-damage|p1a: blub's sib|67/100 tox
|
|-heal|p1a: blub's sib|73/100 tox|[from] item: Leftovers
|-damage|p1a: blub's sib|60/100 tox|[from] psn
|-damage|p2a: Umbreon|88/100 par|[from] Leech Seed|[of] p1a: blub's sib
|-heal|p1a: blub's sib|73/100 tox|[silent]
|upkeep
|turn|17
|
|t:|1731161884
|-curestatus|p1a: blub's sib|tox|[from] ability: Natural Cure
|switch|p1a: tats|Starmie|100/100
|switch|p2a: Iron Bugulus|Forretress, F, shiny|88/100
|
|-heal|p2a: Iron Bugulus|94/100|[from] item: Leftovers
|upkeep
|turn|18
|
|t:|1731161891
|switch|p2a: Benis|Celebi|100/100
|move|p1a: tats|Thunder Wave|p2a: Benis
|-status|p2a: Benis|par
|
|upkeep
|turn|19
|
|t:|1731161900
|switch|p1a: blub's sib|Celebi|73/100
|move|p2a: Benis|Leech Seed|p1a: blub's sib
|-immune|p1a: blub's sib
|
|-heal|p1a: blub's sib|79/100|[from] item: Leftovers
|upkeep
|turn|20
|c|☆ccczzx|im good at that, i just didnt start off that way, and im cooked rn
|
|t:|1731161915
|move|p1a: blub's sib|Perish Song|p1a: blub's sib
|-start|p1a: blub's sib|perish3|[silent]
|-start|p2a: Benis|perish3|[silent]
|-fieldactivate|move: Perish Song
|move|p2a: Benis|Heal Bell|p2a: Benis
|-activate|p2a: Benis|move: Heal Bell
|-curestatus|p2a: Benis|par|[silent]
|-curestatus|p2: Umbreon|par|[silent]
|
|-heal|p1a: blub's sib|85/100|[from] item: Leftovers
|-start|p1a: blub's sib|perish3
|-start|p2a: Benis|perish3
|upkeep
|turn|21
|c|☆ccczzx|i figured you had a cleric
|c|☆catmode|i do love heal bell
|c|☆ccczzx|heal bell, leech, grass, recover?
|inactive|catmode has 270 seconds left.
|
|t:|1731161947
|switch|p2a: Iron Bugulus|Forretress, F, shiny|94/100
|move|p1a: blub's sib|Leech Seed|p2a: Iron Bugulus
|-start|p2a: Iron Bugulus|move: Leech Seed
|
|-heal|p1a: blub's sib|91/100|[from] item: Leftovers
|-heal|p2a: Iron Bugulus|100/100|[from] item: Leftovers
|-damage|p2a: Iron Bugulus|88/100|[from] Leech Seed|[of] p1a: blub's sib
|-heal|p1a: blub's sib|100/100|[silent]
|-start|p1a: blub's sib|perish2
|upkeep
|turn|22
|inactive|catmode has 270 seconds left.
|
|t:|1731161961
|switch|p1a: tats|Starmie|100/100
|switch|p2a: Umbreon|Umbreon, M|88/100
|
|-heal|p2a: Umbreon|94/100|[from] item: Leftovers
|upkeep
|turn|23
|c|☆ccczzx|if you have lops in the back, youre a god
|
|t:|1731161970
|move|p1a: tats|Thunder Wave|p2a: Umbreon
|-status|p2a: Umbreon|par
|-status|p1a: tats|par|[from] ability: Synchronize|[of] p2a: Umbreon
|move|p2a: Umbreon|Pursuit|p1a: tats
|-supereffective|p1a: tats
|-damage|p1a: tats|70/100 par
|
|-heal|p1a: tats|76/100 par|[from] item: Leftovers
|-heal|p2a: Umbreon|99/100 par|[from] item: Leftovers
|upkeep
|turn|24
|
|t:|1731161981
|cant|p1a: tats|par
|cant|p2a: Umbreon|par
|
|-heal|p1a: tats|82/100 par|[from] item: Leftovers
|-heal|p2a: Umbreon|100/100 par|[from] item: Leftovers
|upkeep
|turn|25
|c|☆ccczzx|mean look, willo, stoss, rest, i recommend it
|inactive|catmode has 270 seconds left.
|c|☆catmode|dont think i can fit that on this team in particular
|c|☆catmode|but yea that set is nice
|
|t:|1731162027
|-curestatus|p1a: tats|par|[from] ability: Natural Cure
|switch|p1a: blub's sib|Celebi|100/100
|switch|p2a: Benis|Celebi|100/100
|
|upkeep
|turn|26
|c|☆ccczzx|i mean, yeah, its not something you just slot it
|c|☆ccczzx|i have run lops umbreon forre before tho, its stally af
|
|t:|1731162046
|switch|p1a: tats|Starmie|82/100
|switch|p2a: Umbreon|Umbreon, M|100/100 par
|
|-heal|p1a: tats|88/100|[from] item: Leftovers
|upkeep
|turn|27
|
|t:|1731162051
|switch|p1a: blub's sib|Celebi|100/100
|move|p2a: Umbreon|Toxic|p1a: blub's sib
|-status|p1a: blub's sib|tox
|
|-damage|p1a: blub's sib|94/100 tox|[from] psn
|upkeep
|turn|28
|
|t:|1731162057
|move|p1a: blub's sib|Leech Seed|p2a: Umbreon
|-start|p2a: Umbreon|move: Leech Seed
|move|p2a: Umbreon|Pursuit|p1a: blub's sib
|-supereffective|p1a: blub's sib
|-damage|p1a: blub's sib|74/100 tox
|
|-heal|p1a: blub's sib|80/100 tox|[from] item: Leftovers
|-damage|p1a: blub's sib|68/100 tox|[from] psn
|-damage|p2a: Umbreon|88/100 par|[from] Leech Seed|[of] p1a: blub's sib
|-heal|p1a: blub's sib|80/100 tox|[silent]
|upkeep
|turn|29
|inactive|catmode has 270 seconds left.
|
|t:|1731162066
|-activate|p1a: blub's sib|move: Pursuit
|move|p2a: Umbreon|Pursuit|p1a: blub's sib|[from]Pursuit
|-supereffective|p1a: blub's sib
|-damage|p1a: blub's sib|36/100 tox
|-curestatus|p1a: blub's sib|tox|[from] ability: Natural Cure
|switch|p1a: tats|Starmie|88/100
|
|-heal|p1a: tats|94/100|[from] item: Leftovers
|-heal|p2a: Umbreon|94/100 par|[from] item: Leftovers
|-damage|p2a: Umbreon|82/100 par|[from] Leech Seed|[of] p1a: tats
|-heal|p1a: tats|100/100|[silent]
|upkeep
|turn|30
|inactive|catmode has 270 seconds left.
|
|t:|1731162093
|switch|p2a: Snoop Dogg|Weezing, M, shiny|100/100
|move|p1a: tats|Surf|p2a: Snoop Dogg
|-damage|p2a: Snoop Dogg|61/100
|
|-heal|p2a: Snoop Dogg|67/100|[from] item: Leftovers
|upkeep
|turn|31
|c|☆ccczzx|explode incoming
|c|☆ccczzx|hmm, lemme think
|inactive|ccczzx has 270 seconds left.
|inactive|catmode has 240 seconds left.
|
|t:|1731162131
|switch|p1a: at it boss|Metagross|100/100
|switch|p2a: Iron Bugulus|Forretress, F, shiny|88/100
|
|-heal|p2a: Iron Bugulus|94/100|[from] item: Leftovers
|upkeep
|turn|32
|inactive|ccczzx has 270 seconds left.
|
|t:|1731162138
|move|p1a: at it boss|Explosion|p2a: Iron Bugulus
|-resisted|p2a: Iron Bugulus
|-damage|p2a: Iron Bugulus|0 fnt
|faint|p1a: at it boss
|faint|p2a: Iron Bugulus
|c|☆catmode|damn
|c|☆ccczzx|phew
|c|☆ccczzx|we got it
|inactive|catmode has 240 seconds left.
|c|☆ccczzx|i did say explode was incoming
|c|☆ccczzx|:p
|c|☆catmode|true lol
|
|t:|1731162171
|switch|p1a: blub's sib|Celebi|36/100
|switch|p2a: Yo Mama|Snorlax, F, shiny|100/100
|
|-heal|p1a: blub's sib|42/100|[from] item: Leftovers
|upkeep
|turn|33
|
|t:|1731162177
|move|p1a: blub's sib|Leech Seed|p2a: Yo Mama
|-start|p2a: Yo Mama|move: Leech Seed
|move|p2a: Yo Mama|Return|p1a: blub's sib
|-damage|p1a: blub's sib|14/100
|
|-heal|p1a: blub's sib|20/100|[from] item: Leftovers
|-damage|p2a: Yo Mama|88/100|[from] Leech Seed|[of] p1a: blub's sib
|-heal|p1a: blub's sib|35/100|[silent]
|upkeep
|turn|34
|
|t:|1731162185
|switch|p2a: Snoop Dogg|Weezing, M, shiny|67/100
|move|p1a: blub's sib|Recover|p1a: blub's sib
|-heal|p1a: blub's sib|85/100
|
|-heal|p1a: blub's sib|92/100|[from] item: Leftovers
|-heal|p2a: Snoop Dogg|73/100|[from] item: Leftovers
|upkeep
|turn|35
|
|t:|1731162193
|switch|p2a: Benis|Celebi|100/100
|move|p1a: blub's sib|Leech Seed|p2a: Benis
|-immune|p2a: Benis
|
|-heal|p1a: blub's sib|98/100|[from] item: Leftovers
|upkeep
|turn|36
|
|t:|1731162201
|switch|p1a: blub|Blissey, F|100/100
|switch|p2a: Umbreon|Umbreon, M|82/100 par
|
|-heal|p2a: Umbreon|88/100 par|[from] item: Leftovers
|upkeep
|turn|37
|
|t:|1731162208
|move|p1a: blub|Calm Mind|p1a: blub
|-boost|p1a: blub|spa|1
|-boost|p1a: blub|spd|1
|move|p2a: Umbreon|Toxic|p1a: blub
|-status|p1a: blub|tox
|
|-damage|p1a: blub|94/100 tox|[from] psn
|-heal|p2a: Umbreon|94/100 par|[from] item: Leftovers
|upkeep
|turn|38
|
|t:|1731162215
|-curestatus|p1a: blub|tox|[from] ability: Natural Cure
|switch|p1a: blub's sib|Celebi|98/100
|move|p2a: Umbreon|Wish|p2a: Umbreon
|
|-heal|p1a: blub's sib|100/100|[from] item: Leftovers
|-heal|p2a: Umbreon|99/100 par|[from] item: Leftovers
|upkeep
|turn|39
|inactive|catmode has 270 seconds left.
|
|t:|1731162222
|switch|p1a: blub|Blissey, F|94/100
|switch|p2a: Snoop Dogg|Weezing, M, shiny|73/100
|
|-heal|p2a: Snoop Dogg|100/100|[from] move: Wish|[wisher] Umbreon
|-heal|p1a: blub|100/100|[from] item: Leftovers
|upkeep
|turn|40
|inactive|catmode has 270 seconds left.
|
|t:|1731162235
|switch|p2a: Shrek|Swampert, M|100/100
|switch|p1a: blub's sib|Celebi|100/100
|
|upkeep
|turn|41
|c|☆ccczzx|4 natural cure team is fun, innit
|inactive|catmode has 270 seconds left.
|c|☆catmode|very tough for me lol
|c|☆ccczzx|wait, 3, i meant 3
|c|☆catmode|lol
|c|☆ccczzx|dw, no corsola in the back
|c|☆catmode|that would be crazy
|inactive|catmode has 240 seconds left.
|c|☆ccczzx|i mean, its a rock resist
|
|t:|1731162281
|switch|p2a: Umbreon|Umbreon, M|99/100 par
|move|p1a: blub's sib|Leech Seed|p2a: Umbreon|[miss]
|-miss|p1a: blub's sib|p2a: Umbreon
|
|-heal|p2a: Umbreon|100/100 par|[from] item: Leftovers
|upkeep
|turn|42
|inactive|catmode has 240 seconds left.
|
|t:|1731162292
|switch|p1a: blub|Blissey, F|100/100
|move|p2a: Umbreon|Toxic|p1a: blub
|-status|p1a: blub|tox
|
|-damage|p1a: blub|94/100 tox|[from] psn
|upkeep
|turn|43
|inactive|catmode has 240 seconds left.
|
|t:|1731162307
|-curestatus|p1a: blub|tox|[from] ability: Natural Cure
|switch|p1a: blub's sib|Celebi|100/100
|switch|p2a: Yo Mama|Snorlax, F, shiny|88/100
|
|-heal|p2a: Yo Mama|94/100|[from] item: Leftovers
|upkeep
|turn|44
|c|☆ccczzx|psychic is celebis strongest move but somehow its the one you use less lmao
|inactive|catmode has 240 seconds left.
|c|☆catmode|very true
|
|t:|1731162349
|move|p1a: blub's sib|Leech Seed|p2a: Yo Mama
|-start|p2a: Yo Mama|move: Leech Seed
|move|p2a: Yo Mama|Curse|p2a: Yo Mama
|-unboost|p2a: Yo Mama|spe|1
|-boost|p2a: Yo Mama|atk|1
|-boost|p2a: Yo Mama|def|1
|
|-heal|p2a: Yo Mama|100/100|[from] item: Leftovers
|-damage|p2a: Yo Mama|88/100|[from] Leech Seed|[of] p1a: blub's sib
|upkeep
|turn|45
|
|t:|1731162355
|switch|p2a: Benis|Celebi|100/100
|move|p1a: blub's sib|Perish Song|p1a: blub's sib
|-start|p1a: blub's sib|perish3|[silent]
|-start|p2a: Benis|perish3|[silent]
|-fieldactivate|move: Perish Song
|
|-start|p1a: blub's sib|perish3
|-start|p2a: Benis|perish3
|upkeep
|turn|46
|
|t:|1731162361
|switch|p1a: blub|Blissey, F|94/100
|switch|p2a: Yo Mama|Snorlax, F, shiny|88/100
|
|-heal|p1a: blub|100/100|[from] item: Leftovers
|-heal|p2a: Yo Mama|94/100|[from] item: Leftovers
|upkeep
|turn|47
|
|t:|1731162367
|switch|p1a: blub's sib|Celebi|100/100
|move|p2a: Yo Mama|Curse|p2a: Yo Mama
|-unboost|p2a: Yo Mama|spe|1
|-boost|p2a: Yo Mama|atk|1
|-boost|p2a: Yo Mama|def|1
|
|-heal|p2a: Yo Mama|100/100|[from] item: Leftovers
|upkeep
|turn|48
|
|t:|1731162373
|move|p1a: blub's sib|Leech Seed|p2a: Yo Mama
|-start|p2a: Yo Mama|move: Leech Seed
|move|p2a: Yo Mama|Return|p1a: blub's sib
|-damage|p1a: blub's sib|57/100
|
|-heal|p1a: blub's sib|63/100|[from] item: Leftovers
|-damage|p2a: Yo Mama|88/100|[from] Leech Seed|[of] p1a: blub's sib
|-heal|p1a: blub's sib|79/100|[silent]
|upkeep
|turn|49
|c|☆ccczzx|return, eq, sball?
|c|☆ccczzx|or youre just waiting on boom
|
|t:|1731162394
|switch|p2a: Benis|Celebi|100/100
|move|p1a: blub's sib|Perish Song|p1a: blub's sib
|-start|p1a: blub's sib|perish3|[silent]
|-start|p2a: Benis|perish3|[silent]
|-fieldactivate|move: Perish Song
|
|-heal|p1a: blub's sib|85/100|[from] item: Leftovers
|-start|p1a: blub's sib|perish3
|-start|p2a: Benis|perish3
|upkeep
|turn|50
|c|☆catmode|thats a scret
|c|☆catmode|secret
|
|t:|1731162407
|switch|p1a: blub|Blissey, F|100/100
|switch|p2a: Umbreon|Umbreon, M|100/100 par
|
|upkeep
|turn|51
|
|t:|1731162417
|switch|p1a: blub's sib|Celebi|85/100
|switch|p2a: Shrek|Swampert, M|100/100
|
|-heal|p1a: blub's sib|91/100|[from] item: Leftovers
|upkeep
|turn|52
|
|t:|1731162421
|switch|p2a: Yo Mama|Snorlax, F, shiny|88/100
|move|p1a: blub's sib|Hidden Power|p2a: Yo Mama
|-damage|p2a: Yo Mama|75/100
|
|-heal|p1a: blub's sib|97/100|[from] item: Leftovers
|-heal|p2a: Yo Mama|81/100|[from] item: Leftovers
|upkeep
|turn|53
|
|t:|1731162430
|switch|p2a: Benis|Celebi|100/100
|move|p1a: blub's sib|Leech Seed|p2a: Benis
|-immune|p2a: Benis
|
|-heal|p1a: blub's sib|100/100|[from] item: Leftovers
|upkeep
|turn|54
|c|☆ccczzx|youre pp stalling well
|c|☆ccczzx|im fucked
|c|☆ccczzx|good tourney run to you
|c|☆catmode|yea i realized u have no way to beat him lol
|inactive|catmode has 270 seconds left.
|
|t:|1731162452
|switch|p1a: he focus my p till|Heracross, F|100/100
|switch|p2a: Umbreon|Umbreon, M|100/100 par
|
|upkeep
|turn|55
|
|t:|1731162462
|switch|p2a: Snoop Dogg|Weezing, M, shiny|100/100
|move|p1a: he focus my p till|Substitute|p1a: he focus my p till
|-start|p1a: he focus my p till|Substitute
|-damage|p1a: he focus my p till|76/100
|
|upkeep
|turn|56
|c|☆catmode|unless
|
|t:|1731162470
|move|p1a: he focus my p till|Megahorn|p2a: Snoop Dogg
|-resisted|p2a: Snoop Dogg
|-damage|p2a: Snoop Dogg|79/100
|move|p2a: Snoop Dogg|Haze|p2a: Snoop Dogg
|-clearallboost
|
|-heal|p2a: Snoop Dogg|85/100|[from] item: Leftovers
|upkeep
|turn|57
|
|t:|1731162476
|move|p1a: he focus my p till|Megahorn|p2a: Snoop Dogg
|-resisted|p2a: Snoop Dogg
|-damage|p2a: Snoop Dogg|64/100
|move|p2a: Snoop Dogg|Sludge Bomb|p1a: he focus my p till
|-end|p1a: he focus my p till|Substitute
|
|-heal|p2a: Snoop Dogg|70/100|[from] item: Leftovers
|upkeep
|turn|58
|
|t:|1731162483
|move|p1a: he focus my p till|Substitute|p1a: he focus my p till
|-start|p1a: he focus my p till|Substitute
|-damage|p1a: he focus my p till|51/100
|move|p2a: Snoop Dogg|Sludge Bomb|p1a: he focus my p till
|-end|p1a: he focus my p till|Substitute
|
|-heal|p2a: Snoop Dogg|76/100|[from] item: Leftovers
|upkeep
|turn|59
|
|t:|1731162488
|move|p1a: he focus my p till|Substitute|p1a: he focus my p till
|-start|p1a: he focus my p till|Substitute
|-damage|p1a: he focus my p till|26/100
|move|p2a: Snoop Dogg|Sludge Bomb|p1a: he focus my p till
|-end|p1a: he focus my p till|Substitute
|
|-heal|p2a: Snoop Dogg|82/100|[from] item: Leftovers
|upkeep
|turn|60
|
|t:|1731162492
|move|p1a: he focus my p till|Substitute|p1a: he focus my p till
|-start|p1a: he focus my p till|Substitute
|-damage|p1a: he focus my p till|1/100
|move|p2a: Snoop Dogg|Sludge Bomb|p1a: he focus my p till
|-end|p1a: he focus my p till|Substitute
|
|-enditem|p1a: he focus my p till|Salac Berry|[eat]
|-boost|p1a: he focus my p till|spe|1|[from] item: Salac Berry
|-heal|p2a: Snoop Dogg|88/100|[from] item: Leftovers
|upkeep
|turn|61
|c|☆ccczzx|wait, fuck
|c|☆catmode|uh
|c|☆catmode|im not sure what was going on here lol
|c|☆ccczzx|that was supposed to be leichi
|inactive|ccczzx has 270 seconds left.
|
|t:|1731162523
|switch|p1a: blub's sib|Celebi|100/100
|move|p2a: Snoop Dogg|Sludge Bomb|p1a: blub's sib
|-supereffective|p1a: blub's sib
|-damage|p1a: blub's sib|61/100
|
|-heal|p1a: blub's sib|67/100|[from] item: Leftovers
|-heal|p2a: Snoop Dogg|94/100|[from] item: Leftovers
|upkeep
|turn|62
|c|☆catmode|reversal?
|c|☆catmode|now im curious if that wouldve killed
|
|t:|1731162547
|move|p1a: blub's sib|Recover|p1a: blub's sib
|-heal|p1a: blub's sib|100/100
|move|p2a: Snoop Dogg|Sludge Bomb|p1a: blub's sib
|-supereffective|p1a: blub's sib
|-damage|p1a: blub's sib|64/100
|-status|p1a: blub's sib|psn
|
|-heal|p1a: blub's sib|70/100 psn|[from] item: Leftovers
|-damage|p1a: blub's sib|58/100 psn|[from] psn
|-heal|p2a: Snoop Dogg|99/100|[from] item: Leftovers
|upkeep
|turn|63
|c|☆ccczzx|usually you want sd with reversal
|c|☆ccczzx|and weatherclear
|
|t:|1731162557
|-curestatus|p1a: blub's sib|psn|[from] ability: Natural Cure
|switch|p1a: blub|Blissey, F|100/100
|move|p2a: Snoop Dogg|Sludge Bomb|p1a: blub
|-damage|p1a: blub|74/100
|
|-heal|p2a: Snoop Dogg|100/100|[from] item: Leftovers
|-heal|p1a: blub|80/100|[from] item: Leftovers
|upkeep
|turn|64
|
|t:|1731162568
|switch|p2a: Shrek|Swampert, M|100/100
|switch|p1a: blub's sib|Celebi|58/100
|
|-heal|p1a: blub's sib|64/100|[from] item: Leftovers
|upkeep
|turn|65
|
|t:|1731162585
|switch|p1a: blub|Blissey, F|80/100
|switch|p2a: Umbreon|Umbreon, M|100/100 par
|
|-heal|p1a: blub|86/100|[from] item: Leftovers
|upkeep
|turn|66
|
|t:|1731162591
|switch|p1a: blub's sib|Celebi|64/100
|switch|p2a: Yo Mama|Snorlax, F, shiny|81/100
|
|-heal|p1a: blub's sib|70/100|[from] item: Leftovers
|-heal|p2a: Yo Mama|87/100|[from] item: Leftovers
|upkeep
|turn|67
|
|t:|1731162598
|move|p1a: blub's sib|Perish Song|p1a: blub's sib
|-start|p1a: blub's sib|perish3|[silent]
|-start|p2a: Yo Mama|perish3|[silent]
|-fieldactivate|move: Perish Song
|move|p2a: Yo Mama|Curse|p2a: Yo Mama
|-unboost|p2a: Yo Mama|spe|1
|-boost|p2a: Yo Mama|atk|1
|-boost|p2a: Yo Mama|def|1
|
|-heal|p1a: blub's sib|76/100|[from] item: Leftovers
|-heal|p2a: Yo Mama|94/100|[from] item: Leftovers
|-start|p1a: blub's sib|perish3
|-start|p2a: Yo Mama|perish3
|upkeep
|turn|68
|
|t:|1731162605
|move|p1a: blub's sib|Leech Seed|p2a: Yo Mama
|-start|p2a: Yo Mama|move: Leech Seed
|move|p2a: Yo Mama|Return|p1a: blub's sib
|-damage|p1a: blub's sib|35/100
|
|-heal|p1a: blub's sib|41/100|[from] item: Leftovers
|-heal|p2a: Yo Mama|99/100|[from] item: Leftovers
|-damage|p2a: Yo Mama|87/100|[from] Leech Seed|[of] p1a: blub's sib
|-heal|p1a: blub's sib|56/100|[silent]
|-start|p1a: blub's sib|perish2
|-start|p2a: Yo Mama|perish2
|upkeep
|turn|69
|
|t:|1731162614
|switch|p2a: Shrek|Swampert, M|100/100
|move|p1a: blub's sib|Recover|p1a: blub's sib
|-heal|p1a: blub's sib|100/100
|
|-start|p1a: blub's sib|perish1
|upkeep
|turn|70
|c|☆ccczzx|i was about to stay in lmao
|c|☆catmode|i was wondering if you had that dog in you
|inactive|catmode has 270 seconds left.
|c|☆ccczzx|i would
|c|☆ccczzx|if i knew your set
|c|☆ccczzx|you might have tect
|
|t:|1731162654
|switch|p1a: tats|Starmie|100/100
|switch|p2a: Snoop Dogg|Weezing, M, shiny|100/100
|
|upkeep
|turn|71
|
|t:|1731162665
|switch|p2a: Umbreon|Umbreon, M|100/100 par
|move|p1a: tats|Thunder Wave|p2a: Umbreon
|-fail|p2a: Umbreon|par
|
|upkeep
|turn|72
|
|t:|1731162671
|switch|p1a: blub|Blissey, F|86/100
|move|p2a: Umbreon|Toxic|p1a: blub
|-status|p1a: blub|tox
|
|-heal|p1a: blub|92/100 tox|[from] item: Leftovers
|-damage|p1a: blub|86/100 tox|[from] psn
|upkeep
|turn|73
|inactive|catmode has 270 seconds left.
|
|t:|1731162678
|-curestatus|p1a: blub|tox|[from] ability: Natural Cure
|switch|p1a: tats|Starmie|100/100
|switch|p2a: Yo Mama|Snorlax, F, shiny|87/100
|
|-heal|p2a: Yo Mama|94/100|[from] item: Leftovers
|upkeep
|turn|74
|inactive|catmode has 270 seconds left.
|c|☆ccczzx|you won
|c|☆ccczzx|but its gonna take quite a few turns
|c|☆catmode|ye lol
|c|☆catmode|stall town
|
|t:|1731162714
|switch|p2a: Shrek|Swampert, M|100/100
|move|p1a: tats|Thunder Wave|p2a: Shrek
|-immune|p2a: Shrek
|
|upkeep
|turn|75
|
|t:|1731162719
|switch|p1a: blub|Blissey, F|86/100
|move|p2a: Shrek|Toxic|p1a: blub|[miss]
|-miss|p2a: Shrek|p1a: blub
|
|-heal|p1a: blub|92/100|[from] item: Leftovers
|upkeep
|turn|76
|
|t:|1731162727
|move|p2a: Shrek|Toxic|p1a: blub|[miss]
|-miss|p2a: Shrek|p1a: blub
|move|p1a: blub|Ice Beam|p2a: Shrek
|-damage|p2a: Shrek|82/100
|
|-heal|p2a: Shrek|88/100|[from] item: Leftovers
|-heal|p1a: blub|98/100|[from] item: Leftovers
|upkeep
|turn|77
|c|☆catmode|this would be a great time for a spike or two
|c|☆catmode|alas
|inactive|catmode has 240 seconds left.
|inactive|ccczzx has 270 seconds left.
|c|☆ccczzx|this is what i get for not bringing my full-on stall team
|
|t:|1731162775
|move|p2a: Shrek|Toxic|p1a: blub
|-status|p1a: blub|tox
|move|p1a: blub|Calm Mind|p1a: blub
|-boost|p1a: blub|spa|1
|-boost|p1a: blub|spd|1
|
|-heal|p2a: Shrek|94/100|[from] item: Leftovers
|-heal|p1a: blub|100/100 tox|[from] item: Leftovers
|-damage|p1a: blub|94/100 tox|[from] psn
|upkeep
|turn|78
|c|☆ccczzx|full-on stall means 4 rest + aroma
|c|☆ccczzx|or 5 rest
|inactive|catmode has 210 seconds left.
|
|t:|1731162813
|switch|p2a: Yo Mama|Snorlax, F, shiny|94/100
|-curestatus|p1a: blub|tox|[from] ability: Natural Cure
|switch|p1a: blub's sib|Celebi|100/100
|
|-heal|p2a: Yo Mama|99/100|[from] item: Leftovers
|upkeep
|turn|79
|c|☆ccczzx|or 6 rest if you use heal bell rest articuno
|inactive|catmode has 210 seconds left.
|c|☆catmode|a lot of sleeping 
|
|t:|1731162839
|switch|p1a: tats|Starmie|100/100
|switch|p2a: Benis|Celebi|100/100
|
|upkeep
|turn|80
|
|t:|1731162847
|switch|p1a: blub's sib|Celebi|100/100
|move|p2a: Benis|Leech Seed|p1a: blub's sib
|-immune|p1a: blub's sib
|
|upkeep
|turn|81
|
|t:|1731162855
|switch|p1a: blub|Blissey, F|94/100
|move|p2a: Benis|Psychic|p1a: blub
|-damage|p1a: blub|82/100
|
|-heal|p1a: blub|88/100|[from] item: Leftovers
|upkeep
|turn|82
|
|t:|1731162865
|switch|p2a: Yo Mama|Snorlax, F, shiny|99/100
|move|p1a: blub|Ice Beam|p2a: Yo Mama
|-damage|p2a: Yo Mama|94/100
|
|-heal|p1a: blub|94/100|[from] item: Leftovers
|-heal|p2a: Yo Mama|99/100|[from] item: Leftovers
|upkeep
|turn|83
|
|t:|1731162872
|switch|p1a: blub's sib|Celebi|100/100
|move|p2a: Yo Mama|Curse|p2a: Yo Mama
|-unboost|p2a: Yo Mama|spe|1
|-boost|p2a: Yo Mama|atk|1
|-boost|p2a: Yo Mama|def|1
|
|-heal|p2a: Yo Mama|100/100|[from] item: Leftovers
|upkeep
|turn|84
|
|t:|1731162879
|move|p1a: blub's sib|Perish Song|p1a: blub's sib
|-start|p1a: blub's sib|perish3|[silent]
|-start|p2a: Yo Mama|perish3|[silent]
|-fieldactivate|move: Perish Song
|move|p2a: Yo Mama|Return|p1a: blub's sib
|-damage|p1a: blub's sib|63/100
|
|-heal|p1a: blub's sib|70/100|[from] item: Leftovers
|-start|p1a: blub's sib|perish3
|-start|p2a: Yo Mama|perish3
|upkeep
|turn|85
|
|t:|1731162889
|switch|p2a: Umbreon|Umbreon, M|100/100 par
|move|p1a: blub's sib|Recover|p1a: blub's sib
|-heal|p1a: blub's sib|100/100
|
|-start|p1a: blub's sib|perish2
|upkeep
|turn|86
|
|t:|1731162896
|-activate|p1a: blub's sib|move: Pursuit
|move|p2a: Umbreon|Pursuit|p1a: blub's sib|[from]Pursuit
|-supereffective|p1a: blub's sib
|-damage|p1a: blub's sib|56/100
|switch|p1a: blub|Blissey, F|94/100
|
|-heal|p1a: blub|99/100|[from] item: Leftovers
|upkeep
|turn|87
|
|t:|1731162907
|switch|p1a: blub's sib|Celebi|56/100
|switch|p2a: Yo Mama|Snorlax, F, shiny|100/100
|
|-heal|p1a: blub's sib|63/100|[from] item: Leftovers
|upkeep
|turn|88
|c|☆ccczzx|i think i have a loop actually
|c|☆ccczzx|this is gonna last ~400 turns
|c|☆catmode|sheesh
|
|t:|1731162935
|switch|p1a: tats|Starmie|100/100
|move|p2a: Yo Mama|Return|p1a: tats
|-damage|p1a: tats|48/100
|
|-heal|p1a: tats|54/100|[from] item: Leftovers
|upkeep
|turn|89
|
|t:|1731162944
|move|p1a: tats|Recover|p1a: tats
|-heal|p1a: tats|100/100
|move|p2a: Yo Mama|Curse|p2a: Yo Mama
|-unboost|p2a: Yo Mama|spe|1
|-boost|p2a: Yo Mama|atk|1
|-boost|p2a: Yo Mama|def|1
|
|upkeep
|turn|90
|
|t:|1731162954
|move|p1a: tats|Thunder Wave|p2a: Yo Mama
|-status|p2a: Yo Mama|par
|cant|p2a: Yo Mama|par
|
|upkeep
|turn|91
|c|☆catmode|damn
|c|☆catmode|needed that hit
|
|t:|1731162968
|switch|p1a: blub's sib|Celebi|63/100
|move|p2a: Yo Mama|Return|p1a: blub's sib
|-damage|p1a: blub's sib|19/100
|
|-heal|p1a: blub's sib|25/100|[from] item: Leftovers
|upkeep
|turn|92
|c|☆ccczzx|i need to stall out returns
|
|t:|1731162991
|move|p1a: blub's sib|Recover|p1a: blub's sib
|-heal|p1a: blub's sib|75/100
|move|p2a: Yo Mama|Curse|p2a: Yo Mama
|-unboost|p2a: Yo Mama|spe|1
|-boost|p2a: Yo Mama|atk|1
|-boost|p2a: Yo Mama|def|1
|
|-heal|p1a: blub's sib|81/100|[from] item: Leftovers
|upkeep
|turn|93
|
|t:|1731162997
|move|p1a: blub's sib|Leech Seed|p2a: Yo Mama|[miss]
|-miss|p1a: blub's sib|p2a: Yo Mama
|cant|p2a: Yo Mama|par
|
|-heal|p1a: blub's sib|87/100|[from] item: Leftovers
|upkeep
|turn|94
|
|t:|1731163001
|move|p1a: blub's sib|Leech Seed|p2a: Yo Mama
|-start|p2a: Yo Mama|move: Leech Seed
|cant|p2a: Yo Mama|par
|
|-heal|p1a: blub's sib|94/100|[from] item: Leftovers
|-damage|p2a: Yo Mama|88/100 par|[from] Leech Seed|[of] p1a: blub's sib
|-heal|p1a: blub's sib|100/100|[silent]
|upkeep
|turn|95
|
|t:|1731163009
|switch|p2a: Benis|Celebi|100/100
|move|p1a: blub's sib|Hidden Power|p2a: Benis
|-resisted|p2a: Benis
|-damage|p2a: Benis|91/100
|
|-heal|p2a: Benis|97/100|[from] item: Leftovers
|upkeep
|turn|96
|
|t:|1731163013
|switch|p1a: blub|Blissey, F|99/100
|move|p2a: Benis|Heal Bell|p2a: Benis
|-activate|p2a: Benis|move: Heal Bell
|-curestatus|p2: Umbreon|par|[silent]
|-curestatus|p2: Yo Mama|par|[silent]
|
|-heal|p2a: Benis|100/100|[from] item: Leftovers
|-heal|p1a: blub|100/100|[from] item: Leftovers
|upkeep
|turn|97
|c|☆ccczzx|you wanna draw?
|
|t:|1731163022
|switch|p2a: Snoop Dogg|Weezing, M, shiny|100/100
|switch|p1a: blub's sib|Celebi|100/100
|
|upkeep
|turn|98
|c|☆catmode|nah
|c|☆catmode|unless im gonna lose
|c|☆catmode|then yes
|
|t:|1731163049
|switch|p1a: tats|Starmie|100/100
|move|p2a: Snoop Dogg|Sludge Bomb|p1a: tats
|-damage|p1a: tats|68/100
|-status|p1a: tats|psn
|
|-heal|p1a: tats|74/100 psn|[from] item: Leftovers
|-damage|p1a: tats|62/100 psn|[from] psn
|upkeep
|turn|99
|c|☆ccczzx|you dont know my last
|
|t:|1731163059
|switch|p2a: Umbreon|Umbreon, M|100/100
|move|p1a: tats|Recover|p1a: tats
|-heal|p1a: tats|100/100 psn
|
|-damage|p1a: tats|88/100 psn|[from] psn
|upkeep
|turn|100
|c|☆catmode|corola
|
|t:|1731163064
|-activate|p1a: tats|move: Pursuit
|move|p2a: Umbreon|Pursuit|p1a: tats|[from]Pursuit
|-supereffective|p1a: tats
|-damage|p1a: tats|32/100 psn
|-curestatus|p1a: tats|psn|[from] ability: Natural Cure
|switch|p1a: blub|Blissey, F|100/100
|
|upkeep
|turn|101
|
|t:|1731163078
|switch|p1a: tats|Starmie|32/100
|move|p2a: Umbreon|Toxic|p1a: tats
|-status|p1a: tats|tox
|
|-heal|p1a: tats|38/100 tox|[from] item: Leftovers
|-damage|p1a: tats|32/100 tox|[from] psn
|upkeep
|turn|102
|
|t:|1731163082
|move|p1a: tats|Recover|p1a: tats
|-heal|p1a: tats|82/100 tox
|move|p2a: Umbreon|Pursuit|p1a: tats
|-supereffective|p1a: tats
|-crit|p1a: tats
|-damage|p1a: tats|27/100 tox
|
|-heal|p1a: tats|33/100 tox|[from] item: Leftovers
|-damage|p1a: tats|21/100 tox|[from] psn
|upkeep
|turn|103
|c|☆ccczzx|fuck
|
|t:|1731163094
|move|p1a: tats|Thunder Wave|p2a: Umbreon
|-status|p2a: Umbreon|par
|move|p2a: Umbreon|Pursuit|p1a: tats
|-supereffective|p1a: tats
|-damage|p1a: tats|0 fnt
|faint|p1a: tats
|
|t:|1731163100
|switch|p1a: he focus my p till|Heracross, F|1/100
|
|upkeep
|turn|104
|c|☆ccczzx|please hit
|
|t:|1731163123
|switch|p2a: Snoop Dogg|Weezing, M, shiny|100/100
|move|p1a: he focus my p till|Reversal|p2a: Snoop Dogg
|-resisted|p2a: Snoop Dogg
|-damage|p2a: Snoop Dogg|65/100
|
|-heal|p2a: Snoop Dogg|71/100|[from] item: Leftovers
|upkeep
|turn|105
|c|☆catmode|yea lol
|c|☆catmode|this guy
|c|☆ccczzx|with liechi it 2hitted!
|
|t:|1731163142
|switch|p1a: blub|Blissey, F|100/100
|move|p2a: Snoop Dogg|Sludge Bomb|p1a: blub
|-damage|p1a: blub|75/100
|
|-heal|p2a: Snoop Dogg|77/100|[from] item: Leftovers
|-heal|p1a: blub|81/100|[from] item: Leftovers
|upkeep
|turn|106
|inactive|catmode has 270 seconds left.
|
|t:|1731163174
|switch|p2a: Shrek|Swampert, M|94/100
|move|p1a: blub|Ice Beam|p2a: Shrek
|-damage|p2a: Shrek|72/100
|
|-heal|p2a: Shrek|78/100|[from] item: Leftovers
|-heal|p1a: blub|87/100|[from] item: Leftovers
|upkeep
|turn|107
|inactive|catmode has 270 seconds left.
|c|☆ccczzx|losing like this feels ass, at least getting swept or outplayed is better than slowly getting chipped away
|c|☆catmode|yea lol
|c|☆catmode|the slow choke out is brutal
|inactive|catmode has 240 seconds left.
|
|t:|1731163218
|switch|p1a: blub's sib|Celebi|100/100
|move|p2a: Shrek|Protect||[still]
|-fail|p2a: Shrek
|
|-heal|p2a: Shrek|85/100|[from] item: Leftovers
|upkeep
|turn|108
|
|t:|1731163231
|move|p2a: Shrek|Protect|p2a: Shrek
|-singleturn|p2a: Shrek|Protect
|move|p1a: blub's sib|Hidden Power|p2a: Shrek
|-activate|p2a: Shrek|Protect
|
|-heal|p2a: Shrek|91/100|[from] item: Leftovers
|upkeep
|turn|109
|
|t:|1731163242
|switch|p1a: blub|Blissey, F|87/100
|switch|p2a: Umbreon|Umbreon, M|100/100 par
|
|-heal|p1a: blub|93/100|[from] item: Leftovers
|upkeep
|turn|110
|c|☆ccczzx|i hope you have booms
|
|t:|1731163256
|switch|p1a: blub's sib|Celebi|100/100
|move|p2a: Umbreon|Toxic|p1a: blub's sib
|-status|p1a: blub's sib|tox
|
|-damage|p1a: blub's sib|94/100 tox|[from] psn
|upkeep
|turn|111
|
|t:|1731163260
|-curestatus|p1a: blub's sib|tox|[from] ability: Natural Cure
|switch|p1a: blub|Blissey, F|93/100
|cant|p2a: Umbreon|par
|
|-heal|p1a: blub|99/100|[from] item: Leftovers
|upkeep
|turn|112
|
|t:|1731163273
|switch|p1a: blub's sib|Celebi|94/100
|switch|p2a: Yo Mama|Snorlax, F, shiny|88/100
|
|-heal|p1a: blub's sib|100/100|[from] item: Leftovers
|-heal|p2a: Yo Mama|94/100|[from] item: Leftovers
|upkeep
|turn|113
|
|t:|1731163282
|switch|p2a: Benis|Celebi|100/100
|move|p1a: blub's sib|Perish Song|p1a: blub's sib
|-start|p1a: blub's sib|perish3|[silent]
|-start|p2a: Benis|perish3|[silent]
|-fieldactivate|move: Perish Song
|
|-start|p1a: blub's sib|perish3
|-start|p2a: Benis|perish3
|upkeep
|turn|114
|
|t:|1731163287
|switch|p1a: blub|Blissey, F|99/100
|move|p2a: Benis|Heal Bell|p2a: Benis
|-activate|p2a: Benis|move: Heal Bell
|-curestatus|p2: Umbreon|par|[silent]
|
|-heal|p1a: blub|100/100|[from] item: Leftovers
|-start|p2a: Benis|perish2
|upkeep
|turn|115
|
|t:|1731163293
|switch|p2a: Umbreon|Umbreon, M|100/100
|move|p1a: blub|Calm Mind|p1a: blub
|-boost|p1a: blub|spa|1
|-boost|p1a: blub|spd|1
|
|upkeep
|turn|116
|
|t:|1731163298
|switch|p1a: blub's sib|Celebi|100/100
|move|p2a: Umbreon|Toxic|p1a: blub's sib
|-status|p1a: blub's sib|tox
|
|-damage|p1a: blub's sib|94/100 tox|[from] psn
|upkeep
|turn|117
|
|t:|1731163302
|-activate|p1a: blub's sib|move: Pursuit
|move|p2a: Umbreon|Pursuit|p1a: blub's sib|[from]Pursuit
|-supereffective|p1a: blub's sib
|-damage|p1a: blub's sib|52/100 tox
|-curestatus|p1a: blub's sib|tox|[from] ability: Natural Cure
|switch|p1a: blub|Blissey, F|100/100
|
|upkeep
|turn|118
|
|t:|1731163313
|switch|p1a: blub's sib|Celebi|52/100
|move|p2a: Umbreon|Toxic|p1a: blub's sib
|-status|p1a: blub's sib|tox
|
|-heal|p1a: blub's sib|58/100 tox|[from] item: Leftovers
|-damage|p1a: blub's sib|52/100 tox|[from] psn
|upkeep
|turn|119
|
|t:|1731163320
|move|p1a: blub's sib|Recover|p1a: blub's sib
|-heal|p1a: blub's sib|100/100 tox
|move|p2a: Umbreon|Pursuit|p1a: blub's sib
|-supereffective|p1a: blub's sib
|-damage|p1a: blub's sib|80/100 tox
|
|-heal|p1a: blub's sib|86/100 tox|[from] item: Leftovers
|-damage|p1a: blub's sib|74/100 tox|[from] psn
|upkeep
|turn|120
|
|t:|1731163328
|-activate|p1a: blub's sib|move: Pursuit
|move|p2a: Umbreon|Pursuit|p1a: blub's sib|[from]Pursuit
|-supereffective|p1a: blub's sib
|-damage|p1a: blub's sib|36/100 tox
|-curestatus|p1a: blub's sib|tox|[from] ability: Natural Cure
|switch|p1a: blub|Blissey, F|100/100
|
|upkeep
|turn|121
|
|t:|1731163336
|move|p2a: Umbreon|Toxic|p1a: blub
|-status|p1a: blub|tox
|move|p1a: blub|Ice Beam|p2a: Umbreon
|-damage|p2a: Umbreon|87/100
|
|-heal|p2a: Umbreon|93/100|[from] item: Leftovers
|-damage|p1a: blub|94/100 tox|[from] psn
|upkeep
|turn|122
|
|t:|1731163342
|move|p2a: Umbreon|Toxic|p1a: blub
|-fail|p1a: blub|tox
|move|p1a: blub|Ice Beam|p2a: Umbreon
|-damage|p2a: Umbreon|80/100
|
|-heal|p2a: Umbreon|86/100|[from] item: Leftovers
|-heal|p1a: blub|100/100 tox|[from] item: Leftovers
|-damage|p1a: blub|88/100 tox|[from] psn
|upkeep
|turn|123
|
|t:|1731163346
|-curestatus|p1a: blub|tox|[from] ability: Natural Cure
|switch|p1a: blub's sib|Celebi|36/100
|move|p2a: Umbreon|Toxic|p1a: blub's sib
|-status|p1a: blub's sib|tox
|
|-heal|p1a: blub's sib|42/100 tox|[from] item: Leftovers
|-damage|p1a: blub's sib|36/100 tox|[from] psn
|-heal|p2a: Umbreon|92/100|[from] item: Leftovers
|upkeep
|turn|124
|
|t:|1731163356
|move|p1a: blub's sib|Recover|p1a: blub's sib
|-heal|p1a: blub's sib|86/100 tox
|move|p2a: Umbreon|Pursuit|p1a: blub's sib
|-supereffective|p1a: blub's sib
|-damage|p1a: blub's sib|66/100 tox
|
|-heal|p1a: blub's sib|72/100 tox|[from] item: Leftovers
|-damage|p1a: blub's sib|60/100 tox|[from] psn
|-heal|p2a: Umbreon|98/100|[from] item: Leftovers
|upkeep
|turn|125
|
|t:|1731163362
|-activate|p1a: blub's sib|move: Pursuit
|move|p2a: Umbreon|Pursuit|p1a: blub's sib|[from]Pursuit
|-supereffective|p1a: blub's sib
|-damage|p1a: blub's sib|18/100 tox
|-curestatus|p1a: blub's sib|tox|[from] ability: Natural Cure
|switch|p1a: blub|Blissey, F|88/100
|
|-heal|p2a: Umbreon|100/100|[from] item: Leftovers
|-heal|p1a: blub|94/100|[from] item: Leftovers
|upkeep
|turn|126
|
|t:|1731163378
|move|p2a: Umbreon|Toxic|p1a: blub
|-status|p1a: blub|tox
|move|p1a: blub|Ice Beam|p2a: Umbreon
|-damage|p2a: Umbreon|88/100
|
|-heal|p2a: Umbreon|94/100|[from] item: Leftovers
|-heal|p1a: blub|100/100 tox|[from] item: Leftovers
|-damage|p1a: blub|94/100 tox|[from] psn
|upkeep
|turn|127
|
|t:|1731163383
|-activate|p1a: blub|move: Pursuit
|move|p2a: Umbreon|Pursuit|p1a: blub|[from]Pursuit
|-damage|p1a: blub|84/100 tox
|-curestatus|p1a: blub|tox|[from] ability: Natural Cure
|switch|p1a: blub's niece|Porygon2|100/100
|-ability|p1a: blub's niece|Synchronize|[from] ability: Trace|[of] p2a: Umbreon
|
|-heal|p2a: Umbreon|99/100|[from] item: Leftovers
|upkeep
|turn|128
|c|☆catmode|you know
|c|☆catmode|if you bring that in on celebi that would be your 4th natural cure mon
|c|☆ccczzx|i was waiting to syncronize the last toxic
|c|☆ccczzx|yup
|inactive|catmode has 270 seconds left.
|
|t:|1731163417
|move|p2a: Umbreon|Wish|p2a: Umbreon
|move|p1a: blub's niece|Toxic|p2a: Umbreon
|-status|p2a: Umbreon|tox
|-status|p1a: blub's niece|psn|[from] ability: Synchronize|[of] p2a: Umbreon
|
|-heal|p2a: Umbreon|100/100 tox|[from] item: Leftovers
|-damage|p2a: Umbreon|94/100 tox|[from] psn
|-damage|p1a: blub's niece|88/100 psn|[from] psn
|upkeep
|turn|129
|
|t:|1731163435
|switch|p2a: Snoop Dogg|Weezing, M, shiny|77/100
|switch|p1a: blub|Blissey, F|84/100
|
|-heal|p2a: Snoop Dogg|100/100|[from] move: Wish|[wisher] Umbreon
|-heal|p1a: blub|90/100|[from] item: Leftovers
|upkeep
|turn|130
|
|t:|1731163448
|move|p2a: Snoop Dogg|Pain Split|p1a: blub
|-sethp|p1a: blub|71/100|[from] move: Pain Split|[silent]
|-sethp|p2a: Snoop Dogg|100/100|[from] move: Pain Split
|move|p1a: blub|Calm Mind|p1a: blub
|-boost|p1a: blub|spa|1
|-boost|p1a: blub|spd|1
|
|-heal|p1a: blub|77/100|[from] item: Leftovers
|upkeep
|turn|131
|
|t:|1731163460
|switch|p2a: Shrek|Swampert, M|91/100
|move|p1a: blub|Ice Beam|p2a: Shrek
|-damage|p2a: Shrek|61/100
|
|-heal|p2a: Shrek|67/100|[from] item: Leftovers
|-heal|p1a: blub|83/100|[from] item: Leftovers
|upkeep
|turn|132
|
|t:|1731163467
|move|p1a: blub|Ice Beam|p2a: Shrek
|-damage|p2a: Shrek|38/100
|move|p2a: Shrek|Roar|p1a: blub
|drag|p1a: blub's sib|Celebi|18/100
|
|-heal|p1a: blub's sib|24/100|[from] item: Leftovers
|-heal|p2a: Shrek|44/100|[from] item: Leftovers
|upkeep
|turn|133
|c|☆catmode|aw man
|
|t:|1731163478
|switch|p2a: Yo Mama|Snorlax, F, shiny|94/100
|move|p1a: blub's sib|Recover|p1a: blub's sib
|-heal|p1a: blub's sib|74/100
|
|-heal|p1a: blub's sib|80/100|[from] item: Leftovers
|-heal|p2a: Yo Mama|100/100|[from] item: Leftovers
|upkeep
|turn|134
|
|t:|1731163488
|move|p1a: blub's sib|Perish Song|p1a: blub's sib
|-start|p1a: blub's sib|perish3|[silent]
|-start|p2a: Yo Mama|perish3|[silent]
|-fieldactivate|move: Perish Song
|move|p2a: Yo Mama|Curse|p2a: Yo Mama
|-unboost|p2a: Yo Mama|spe|1
|-boost|p2a: Yo Mama|atk|1
|-boost|p2a: Yo Mama|def|1
|
|-heal|p1a: blub's sib|86/100|[from] item: Leftovers
|-start|p1a: blub's sib|perish3
|-start|p2a: Yo Mama|perish3
|upkeep
|turn|135
|
|t:|1731163494
|switch|p1a: blub's niece|Porygon2|88/100 psn
|-ability|p1a: blub's niece|Thick Fat|[from] ability: Trace|[of] p2a: Yo Mama
|move|p2a: Yo Mama|Return|p1a: blub's niece
|-damage|p1a: blub's niece|42/100 psn
|
|-heal|p1a: blub's niece|48/100 psn|[from] item: Leftovers
|-damage|p1a: blub's niece|36/100 psn|[from] psn
|-start|p2a: Yo Mama|perish2
|upkeep
|turn|136
|c|☆ccczzx|oh, its thick fat???
|c|☆ccczzx|i shouldve scouted first
|
|t:|1731163512
|move|p1a: blub's niece|Recover|p1a: blub's niece
|-heal|p1a: blub's niece|86/100 psn
|move|p2a: Yo Mama|Return|p1a: blub's niece
|-damage|p1a: blub's niece|40/100 psn
|
|-heal|p1a: blub's niece|46/100 psn|[from] item: Leftovers
|-damage|p1a: blub's niece|34/100 psn|[from] psn
|-start|p2a: Yo Mama|perish1
|upkeep
|turn|137
|c|☆catmode|i love my fat snorlax
|
|t:|1731163538
|switch|p2a: Benis|Celebi|100/100
|move|p1a: blub's niece|Recover|p1a: blub's niece
|-heal|p1a: blub's niece|84/100 psn
|
|-heal|p1a: blub's niece|90/100 psn|[from] item: Leftovers
|-damage|p1a: blub's niece|78/100 psn|[from] psn
|upkeep
|turn|138
|
|t:|1731163551
|switch|p1a: blub's sib|Celebi|86/100
|move|p2a: Benis|Heal Bell|p2a: Benis
|-activate|p2a: Benis|move: Heal Bell
|-curestatus|p2: Umbreon|tox|[silent]
|
|-heal|p1a: blub's sib|93/100|[from] item: Leftovers
|upkeep
|turn|139
|c|☆ccczzx|benis
|c|☆catmode|benis
|inactive|catmode has 270 seconds left.
|
|t:|1731163581
|switch|p1a: blub's niece|Porygon2|78/100 psn
|-ability|p1a: blub's niece|Natural Cure|[from] ability: Trace|[of] p2a: Benis
|move|p2a: Benis|Psychic|p1a: blub's niece
|-damage|p1a: blub's niece|49/100 psn
|-unboost|p1a: blub's niece|spd|1
|
|-heal|p1a: blub's niece|55/100 psn|[from] item: Leftovers
|-damage|p1a: blub's niece|42/100 psn|[from] psn
|upkeep
|turn|140
|c|☆ccczzx|i blame hax
|c|☆catmode|i blame yo mama
|
|t:|1731163602
|-curestatus|p1a: blub's niece|psn|[from] ability: Natural Cure
|switch|p1a: blub|Blissey, F|83/100
|move|p2a: Benis|Leech Seed|p1a: blub
|-start|p1a: blub|move: Leech Seed
|
|-heal|p1a: blub|89/100|[from] item: Leftovers
|-damage|p1a: blub|77/100|[from] Leech Seed|[of] p2a: Benis
|upkeep
|turn|141
|c|☆ccczzx|i blame yo mama
|c|☆catmode|fair
|
|t:|1731163619
|switch|p2a: Yo Mama|Snorlax, F, shiny|100/100
|switch|p1a: blub's sib|Celebi|93/100
|
|-heal|p1a: blub's sib|99/100|[from] item: Leftovers
|upkeep
|turn|142
|
|t:|1731163626
|switch|p1a: he focus my p till|Heracross, F|1/100
|move|p2a: Yo Mama|Curse|p2a: Yo Mama
|-unboost|p2a: Yo Mama|spe|1
|-boost|p2a: Yo Mama|atk|1
|-boost|p2a: Yo Mama|def|1
|
|upkeep
|turn|143
|
|t:|1731163633
|switch|p2a: Snoop Dogg|Weezing, M, shiny|100/100
|move|p1a: he focus my p till|Reversal|p2a: Snoop Dogg
|-resisted|p2a: Snoop Dogg
|-damage|p2a: Snoop Dogg|60/100
|
|-heal|p2a: Snoop Dogg|66/100|[from] item: Leftovers
|upkeep
|turn|144
|
|t:|1731163640
|switch|p1a: blub's niece|Porygon2|42/100
|-ability|p1a: blub's niece|Levitate|[from] ability: Trace|[of] p2a: Snoop Dogg
|move|p2a: Snoop Dogg|Sludge Bomb|p1a: blub's niece
|-damage|p1a: blub's niece|19/100
|-status|p1a: blub's niece|psn
|
|-heal|p2a: Snoop Dogg|72/100|[from] item: Leftovers
|-heal|p1a: blub's niece|25/100 psn|[from] item: Leftovers
|-damage|p1a: blub's niece|13/100 psn|[from] psn
|upkeep
|turn|145
|inactive|catmode has 270 seconds left.
|inactive|catmode has 240 seconds left.
|
|t:|1731163692
|switch|p2a: Benis|Celebi|100/100
|move|p1a: blub's niece|Recover|p1a: blub's niece
|-heal|p1a: blub's niece|63/100 psn
|
|-heal|p1a: blub's niece|69/100 psn|[from] item: Leftovers
|-damage|p1a: blub's niece|57/100 psn|[from] psn
|upkeep
|turn|146
|
|t:|1731163698
|switch|p1a: blub|Blissey, F|77/100
|move|p2a: Benis|Leech Seed|p1a: blub
|-start|p1a: blub|move: Leech Seed
|
|-heal|p1a: blub|83/100|[from] item: Leftovers
|-damage|p1a: blub|71/100|[from] Leech Seed|[of] p2a: Benis
|upkeep
|turn|147
|inactive|catmode has 240 seconds left.
|
|t:|1731163710
|switch|p2a: Snoop Dogg|Weezing, M, shiny|72/100
|move|p1a: blub|Ice Beam|p2a: Snoop Dogg
|-damage|p2a: Snoop Dogg|42/100
|
|-heal|p2a: Snoop Dogg|48/100|[from] item: Leftovers
|-heal|p1a: blub|77/100|[from] item: Leftovers
|-damage|p1a: blub|64/100|[from] Leech Seed|[of] p2a: Snoop Dogg
|-heal|p2a: Snoop Dogg|72/100|[silent]
|upkeep
|turn|148
|inactive|catmode has 240 seconds left.
|
|t:|1731163729
|switch|p1a: blub's niece|Porygon2|57/100 psn
|-ability|p1a: blub's niece|Levitate|[from] ability: Trace|[of] p2a: Snoop Dogg
|move|p2a: Snoop Dogg|Sludge Bomb|p1a: blub's niece
|-damage|p1a: blub's niece|34/100 psn
|
|-heal|p2a: Snoop Dogg|78/100|[from] item: Leftovers
|-heal|p1a: blub's niece|40/100 psn|[from] item: Leftovers
|-damage|p1a: blub's niece|28/100 psn|[from] psn
|upkeep
|turn|149
|
|t:|1731163738
|move|p2a: Snoop Dogg|Sludge Bomb|p1a: blub's niece
|-damage|p1a: blub's niece|7/100 psn
|move|p1a: blub's niece|Recover|p1a: blub's niece
|-heal|p1a: blub's niece|57/100 psn
|
|-heal|p2a: Snoop Dogg|84/100|[from] item: Leftovers
|-heal|p1a: blub's niece|63/100 psn|[from] item: Leftovers
|-damage|p1a: blub's niece|50/100 psn|[from] psn
|upkeep
|turn|150
|inactive|catmode has 240 seconds left.
|
|t:|1731163759
|switch|p2a: Umbreon|Umbreon, M|94/100
|move|p1a: blub's niece|Toxic|p2a: Umbreon
|-status|p2a: Umbreon|tox
|
|-heal|p2a: Umbreon|100/100 tox|[from] item: Leftovers
|-damage|p2a: Umbreon|94/100 tox|[from] psn
|-heal|p1a: blub's niece|57/100 psn|[from] item: Leftovers
|-damage|p1a: blub's niece|44/100 psn|[from] psn
|upkeep
|turn|151
|
|t:|1731163766
|move|p2a: Umbreon|Wish|p2a: Umbreon
|move|p1a: blub's niece|Recover|p1a: blub's niece
|-heal|p1a: blub's niece|94/100 psn
|
|-heal|p2a: Umbreon|100/100 tox|[from] item: Leftovers
|-damage|p2a: Umbreon|88/100 tox|[from] psn
|-heal|p1a: blub's niece|100/100 psn|[from] item: Leftovers
|-damage|p1a: blub's niece|88/100 psn|[from] psn
|upkeep
|turn|152
|
|t:|1731163774
|switch|p2a: Shrek|Swampert, M|44/100
|move|p1a: blub's niece|Toxic|p2a: Shrek
|-status|p2a: Shrek|tox
|
|-heal|p2a: Shrek|94/100 tox|[from] move: Wish|[wisher] Umbreon
|-heal|p2a: Shrek|100/100 tox|[from] item: Leftovers
|-damage|p2a: Shrek|94/100 tox|[from] psn
|-heal|p1a: blub's niece|94/100 psn|[from] item: Leftovers
|-damage|p1a: blub's niece|82/100 psn|[from] psn
|upkeep
|turn|153
|
|t:|1731163779
|switch|p2a: Benis|Celebi|100/100
|switch|p1a: blub's sib|Celebi|99/100
|
|-heal|p1a: blub's sib|100/100|[from] item: Leftovers
|upkeep
|turn|154
|
|t:|1731163785
|switch|p1a: blub|Blissey, F|64/100
|move|p2a: Benis|Heal Bell|p2a: Benis
|-activate|p2a: Benis|move: Heal Bell
|-curestatus|p2: Umbreon|tox|[silent]
|-curestatus|p2: Shrek|tox|[silent]
|
|-heal|p1a: blub|70/100|[from] item: Leftovers
|upkeep
|turn|155
|
|t:|1731163789
|switch|p1a: blub's sib|Celebi|100/100
|move|p2a: Benis|Leech Seed|p1a: blub's sib
|-immune|p1a: blub's sib
|
|upkeep
|turn|156
|inactive|catmode has 270 seconds left.
|
|t:|1731163805
|move|p1a: blub's sib|Hidden Power|p2a: Benis
|-resisted|p2a: Benis
|-damage|p2a: Benis|90/100
|move|p2a: Benis|Leech Seed|p1a: blub's sib
|-immune|p1a: blub's sib
|
|-heal|p2a: Benis|96/100|[from] item: Leftovers
|upkeep
|turn|157
|
|t:|1731163811
|move|p1a: blub's sib|Hidden Power|p2a: Benis
|-resisted|p2a: Benis
|-damage|p2a: Benis|86/100
|move|p2a: Benis|Psychic|p1a: blub's sib
|-resisted|p1a: blub's sib
|-damage|p1a: blub's sib|85/100
|
|-heal|p1a: blub's sib|91/100|[from] item: Leftovers
|-heal|p2a: Benis|92/100|[from] item: Leftovers
|upkeep
|turn|158
|
|t:|1731163816
|switch|p1a: blub|Blissey, F|70/100
|switch|p2a: Yo Mama|Snorlax, F, shiny|100/100
|
|-heal|p1a: blub|77/100|[from] item: Leftovers
|upkeep
|turn|159
|
|t:|1731163823
|switch|p1a: blub's sib|Celebi|91/100
|move|p2a: Yo Mama|Curse|p2a: Yo Mama
|-unboost|p2a: Yo Mama|spe|1
|-boost|p2a: Yo Mama|atk|1
|-boost|p2a: Yo Mama|def|1
|
|-heal|p1a: blub's sib|97/100|[from] item: Leftovers
|upkeep
|turn|160
|
|t:|1731163832
|move|p1a: blub's sib|Leech Seed|p2a: Yo Mama
|-start|p2a: Yo Mama|move: Leech Seed
|move|p2a: Yo Mama|Return|p1a: blub's sib
|-damage|p1a: blub's sib|56/100
|
|-heal|p1a: blub's sib|62/100|[from] item: Leftovers
|-damage|p2a: Yo Mama|88/100|[from] Leech Seed|[of] p1a: blub's sib
|-heal|p1a: blub's sib|77/100|[silent]
|upkeep
|turn|161
|
|t:|1731163845
|move|p1a: blub's sib|Recover|p1a: blub's sib
|-heal|p1a: blub's sib|100/100
|move|p2a: Yo Mama|Return|p1a: blub's sib
|-damage|p1a: blub's sib|58/100
|
|-heal|p1a: blub's sib|64/100|[from] item: Leftovers
|-heal|p2a: Yo Mama|94/100|[from] item: Leftovers
|-damage|p2a: Yo Mama|82/100|[from] Leech Seed|[of] p1a: blub's sib
|-heal|p1a: blub's sib|80/100|[silent]
|upkeep
|turn|162
|
|t:|1731163849
|switch|p2a: Umbreon|Umbreon, M|88/100
|move|p1a: blub's sib|Recover|p1a: blub's sib
|-heal|p1a: blub's sib|100/100
|
|-heal|p2a: Umbreon|94/100|[from] item: Leftovers
|upkeep
|turn|163
|
|t:|1731163853
|switch|p1a: blub|Blissey, F|77/100
|move|p2a: Umbreon|Toxic|p1a: blub
|-status|p1a: blub|tox
|
|-heal|p2a: Umbreon|100/100|[from] item: Leftovers
|-heal|p1a: blub|83/100 tox|[from] item: Leftovers
|-damage|p1a: blub|77/100 tox|[from] psn
|upkeep
|turn|164
|
|t:|1731163862
|move|p2a: Umbreon|Pursuit|p1a: blub
|-damage|p1a: blub|72/100 tox
|move|p1a: blub|Soft-Boiled|p1a: blub
|-heal|p1a: blub|100/100 tox
|
|-damage|p1a: blub|88/100 tox|[from] psn
|upkeep
|turn|165
|
|t:|1731163873
|switch|p2a: Yo Mama|Snorlax, F, shiny|82/100
|-curestatus|p1a: blub|tox|[from] ability: Natural Cure
|switch|p1a: blub's sib|Celebi|100/100
|
|-heal|p2a: Yo Mama|88/100|[from] item: Leftovers
|upkeep
|turn|166
|
|t:|1731163881
|switch|p1a: he focus my p till|Heracross, F|1/100
|move|p2a: Yo Mama|Earthquake|p1a: he focus my p till
|-resisted|p1a: he focus my p till
|-damage|p1a: he focus my p till|0 fnt
|faint|p1a: he focus my p till
|c|☆ccczzx|fuck
|
|t:|1731163890
|switch|p1a: blub|Blissey, F|88/100
|
|-heal|p1a: blub|94/100|[from] item: Leftovers
|-heal|p2a: Yo Mama|94/100|[from] item: Leftovers
|upkeep
|turn|167
|c|☆catmode|the first eq of the game
|
|t:|1731163899
|move|p1a: blub|Ice Beam|p2a: Yo Mama
|-damage|p2a: Yo Mama|89/100
|-status|p2a: Yo Mama|frz
|cant|p2a: Yo Mama|frz
|
|-heal|p1a: blub|100/100|[from] item: Leftovers
|-heal|p2a: Yo Mama|95/100 frz|[from] item: Leftovers
|upkeep
|turn|168
|
|t:|1731163906
|switch|p2a: Shrek|Swampert, M|94/100
|move|p1a: blub|Calm Mind|p1a: blub
|-boost|p1a: blub|spa|1
|-boost|p1a: blub|spd|1
|
|-heal|p2a: Shrek|100/100|[from] item: Leftovers
|upkeep
|turn|169
|c|☆ccczzx|i hit a lot of those, thats fair
|c|☆catmode|ye
|
|t:|1731163920
|switch|p1a: blub's sib|Celebi|100/100
|move|p2a: Shrek|Roar|p1a: blub's sib
|drag|p1a: blub's niece|Porygon2|82/100 psn
|-ability|p1a: blub's niece|Torrent|[from] ability: Trace|[of] p2a: Shrek
|
|-heal|p1a: blub's niece|88/100 psn|[from] item: Leftovers
|-damage|p1a: blub's niece|76/100 psn|[from] psn
|upkeep
|turn|170
|
|t:|1731163926
|switch|p2a: Benis|Celebi|92/100
|move|p1a: blub's niece|Toxic|p2a: Benis
|-status|p2a: Benis|tox
|
|-heal|p2a: Benis|98/100 tox|[from] item: Leftovers
|-damage|p2a: Benis|92/100 tox|[from] psn
|-heal|p1a: blub's niece|82/100 psn|[from] item: Leftovers
|-damage|p1a: blub's niece|70/100 psn|[from] psn
|upkeep
|turn|171
|
|t:|1731163932
|switch|p1a: blub|Blissey, F|100/100
|move|p2a: Benis|Heal Bell|p2a: Benis
|-activate|p2a: Benis|move: Heal Bell
|-curestatus|p2a: Benis|tox|[silent]
|-curestatus|p2: Yo Mama|frz|[silent]
|
|-heal|p2a: Benis|98/100|[from] item: Leftovers
|upkeep
|turn|172
|
|t:|1731163937
|move|p2a: Benis|Leech Seed|p1a: blub|[miss]
|-miss|p2a: Benis|p1a: blub
|move|p1a: blub|Calm Mind|p1a: blub
|-boost|p1a: blub|spa|1
|-boost|p1a: blub|spd|1
|
|-heal|p2a: Benis|100/100|[from] item: Leftovers
|upkeep
|turn|173
|
|t:|1731163943
|switch|p2a: Shrek|Swampert, M|100/100
|move|p1a: blub|Calm Mind|p1a: blub
|-boost|p1a: blub|spa|1
|-boost|p1a: blub|spd|1
|
|upkeep
|turn|174
|
|t:|1731163948
|move|p1a: blub|Ice Beam|p2a: Shrek
|-damage|p2a: Shrek|63/100
|move|p2a: Shrek|Roar|p1a: blub
|drag|p1a: blub's sib|Celebi|100/100
|
|-heal|p2a: Shrek|69/100|[from] item: Leftovers
|upkeep
|turn|175
|
|t:|1731163954
|move|p2a: Shrek|Protect|p2a: Shrek
|-singleturn|p2a: Shrek|Protect
|move|p1a: blub's sib|Hidden Power|p2a: Shrek
|-activate|p2a: Shrek|Protect
|
|-heal|p2a: Shrek|76/100|[from] item: Leftovers
|upkeep
|turn|176
|
|t:|1731163961
|switch|p2a: Yo Mama|Snorlax, F, shiny|95/100
|move|p1a: blub's sib|Hidden Power|p2a: Yo Mama
|-damage|p2a: Yo Mama|83/100
|
|-heal|p2a: Yo Mama|89/100|[from] item: Leftovers
|upkeep
|turn|177
|c|☆ccczzx|this was the worst game of adv of my life lmao, gg
|
|t:|1731163969
|move|p1a: blub's sib|Perish Song|p1a: blub's sib
|-start|p1a: blub's sib|perish3|[silent]
|-start|p2a: Yo Mama|perish3|[silent]
|-fieldactivate|move: Perish Song
|move|p2a: Yo Mama|Curse|p2a: Yo Mama
|-unboost|p2a: Yo Mama|spe|1
|-boost|p2a: Yo Mama|atk|1
|-boost|p2a: Yo Mama|def|1
|
|-heal|p2a: Yo Mama|95/100|[from] item: Leftovers
|-start|p1a: blub's sib|perish3
|-start|p2a: Yo Mama|perish3
|upkeep
|turn|178
|c|☆catmode|gg lol
|c|☆catmode|im proud to be part of this moment
|
|t:|1731163980
|switch|p1a: blub|Blissey, F|100/100
|move|p2a: Yo Mama|Return|p1a: blub
|-damage|p1a: blub|38/100
|
|-heal|p1a: blub|45/100|[from] item: Leftovers
|-heal|p2a: Yo Mama|100/100|[from] item: Leftovers
|-start|p2a: Yo Mama|perish2
|upkeep
|turn|179
|
|t:|1731163988
|move|p1a: blub|Soft-Boiled|p1a: blub
|-heal|p1a: blub|95/100
|move|p2a: Yo Mama|Return|p1a: blub
|-crit|p1a: blub
|-damage|p1a: blub|0 fnt
|faint|p1a: blub
|c|☆ccczzx|oh for fucks sake
|
|t:|1731164005
|switch|p1a: blub's sib|Celebi|100/100
|
|-start|p2a: Yo Mama|perish1
|upkeep
|turn|180
|c|☆catmode|well tbh it's cooked at this point
|
|t:|1731164014
|switch|p2a: Benis|Celebi|100/100
|move|p1a: blub's sib|Hidden Power|p2a: Benis
|-resisted|p2a: Benis
|-damage|p2a: Benis|90/100
|
|-heal|p2a: Benis|97/100|[from] item: Leftovers
|upkeep
|turn|181
|c|☆ccczzx|you never know, i just needed like
|c|☆ccczzx|2 freezes?
|c|☆ccczzx|or 3
|c|☆ccczzx|lmao
|
|t:|1731164036
|switch|p2a: Snoop Dogg|Weezing, M, shiny|84/100
|move|p1a: blub's sib|Hidden Power|p2a: Snoop Dogg
|-resisted|p2a: Snoop Dogg
|-damage|p2a: Snoop Dogg|68/100
|
|-heal|p2a: Snoop Dogg|74/100|[from] item: Leftovers
|upkeep
|turn|182
|
|t:|1731164042
|switch|p1a: blub's niece|Porygon2|70/100 psn
|-ability|p1a: blub's niece|Levitate|[from] ability: Trace|[of] p2a: Snoop Dogg
|move|p2a: Snoop Dogg|Will-O-Wisp||[still]
|-fail|p2a: Snoop Dogg
|
|-heal|p2a: Snoop Dogg|80/100|[from] item: Leftovers
|-heal|p1a: blub's niece|76/100 psn|[from] item: Leftovers
|-damage|p1a: blub's niece|64/100 psn|[from] psn
|upkeep
|turn|183
|
|t:|1731164050
|switch|p2a: Shrek|Swampert, M|76/100
|move|p1a: blub's niece|Recover|p1a: blub's niece
|-heal|p1a: blub's niece|100/100 psn
|
|-heal|p2a: Shrek|82/100|[from] item: Leftovers
|-damage|p1a: blub's niece|88/100 psn|[from] psn
|upkeep
|turn|184
|
|t:|1731164053
|move|p2a: Shrek|Surf|p1a: blub's niece
|-damage|p1a: blub's niece|61/100 psn
|move|p1a: blub's niece|Toxic|p2a: Shrek|[miss]
|-miss|p1a: blub's niece|p2a: Shrek
|
|-heal|p2a: Shrek|88/100|[from] item: Leftovers
|-heal|p1a: blub's niece|67/100 psn|[from] item: Leftovers
|-damage|p1a: blub's niece|55/100 psn|[from] psn
|upkeep
|turn|185
|
|t:|1731164059
|switch|p2a: Benis|Celebi|97/100
|move|p1a: blub's niece|Toxic|p2a: Benis|[miss]
|-miss|p1a: blub's niece|p2a: Benis
|
|-heal|p2a: Benis|100/100|[from] item: Leftovers
|-heal|p1a: blub's niece|61/100 psn|[from] item: Leftovers
|-damage|p1a: blub's niece|49/100 psn|[from] psn
|upkeep
|turn|186
|
|t:|1731164066
|switch|p2a: Yo Mama|Snorlax, F, shiny|100/100
|move|p1a: blub's niece|Toxic|p2a: Yo Mama
|-status|p2a: Yo Mama|tox
|
|-heal|p1a: blub's niece|55/100 psn|[from] item: Leftovers
|-damage|p1a: blub's niece|42/100 psn|[from] psn
|-damage|p2a: Yo Mama|94/100 tox|[from] psn
|upkeep
|turn|187
|c|☆ccczzx|really???
|
|t:|1731164071
|move|p1a: blub's niece|Recover|p1a: blub's niece
|-heal|p1a: blub's niece|92/100 psn
|move|p2a: Yo Mama|Curse|p2a: Yo Mama
|-unboost|p2a: Yo Mama|spe|1
|-boost|p2a: Yo Mama|atk|1
|-boost|p2a: Yo Mama|def|1
|
|-heal|p1a: blub's niece|99/100 psn|[from] item: Leftovers
|-damage|p1a: blub's niece|86/100 psn|[from] psn
|-heal|p2a: Yo Mama|100/100 tox|[from] item: Leftovers
|-damage|p2a: Yo Mama|88/100 tox|[from] psn
|upkeep
|turn|188
|
|t:|1731164077
|switch|p1a: blub's sib|Celebi|100/100
|move|p2a: Yo Mama|Return|p1a: blub's sib
|-damage|p1a: blub's sib|62/100
|
|-heal|p1a: blub's sib|68/100|[from] item: Leftovers
|-heal|p2a: Yo Mama|94/100 tox|[from] item: Leftovers
|-damage|p2a: Yo Mama|76/100 tox|[from] psn
|upkeep
|turn|189
|
|t:|1731164084
|switch|p1a: blub's niece|Porygon2|86/100 psn
|-ability|p1a: blub's niece|Thick Fat|[from] ability: Trace|[of] p2a: Yo Mama
|move|p2a: Yo Mama|Rest|p2a: Yo Mama
|-status|p2a: Yo Mama|slp|[from] move: Rest
|-heal|p2a: Yo Mama|100/100 slp|[silent]
|
|-heal|p1a: blub's niece|92/100 psn|[from] item: Leftovers
|-damage|p1a: blub's niece|80/100 psn|[from] psn
|upkeep
|turn|190
|
|t:|1731164093
|switch|p1a: blub's sib|Celebi|68/100
|cant|p2a: Yo Mama|slp
|
|-heal|p1a: blub's sib|74/100|[from] item: Leftovers
|upkeep
|turn|191
|
|t:|1731164098
|switch|p1a: blub's niece|Porygon2|80/100 psn
|-ability|p1a: blub's niece|Thick Fat|[from] ability: Trace|[of] p2a: Yo Mama
|cant|p2a: Yo Mama|slp
|
|-heal|p1a: blub's niece|86/100 psn|[from] item: Leftovers
|-damage|p1a: blub's niece|74/100 psn|[from] psn
|upkeep
|turn|192
|
|t:|1731164102
|move|p1a: blub's niece|Recover|p1a: blub's niece
|-heal|p1a: blub's niece|100/100 psn
|-curestatus|p2a: Yo Mama|slp|[msg]
|move|p2a: Yo Mama|Curse|p2a: Yo Mama
|-unboost|p2a: Yo Mama|spe|1
|-boost|p2a: Yo Mama|atk|1
|-boost|p2a: Yo Mama|def|1
|
|-damage|p1a: blub's niece|88/100 psn|[from] psn
|upkeep
|turn|193
|
|t:|1731164105
|move|p1a: blub's niece|Toxic|p2a: Yo Mama|[miss]
|-miss|p1a: blub's niece|p2a: Yo Mama
|move|p2a: Yo Mama|Curse|p2a: Yo Mama
|-unboost|p2a: Yo Mama|spe|1
|-boost|p2a: Yo Mama|atk|1
|-boost|p2a: Yo Mama|def|1
|
|-heal|p1a: blub's niece|94/100 psn|[from] item: Leftovers
|-damage|p1a: blub's niece|82/100 psn|[from] psn
|upkeep
|turn|194
|
|t:|1731164108
|move|p1a: blub's niece|Toxic|p2a: Yo Mama
|-status|p2a: Yo Mama|tox
|move|p2a: Yo Mama|Return|p1a: blub's niece
|-damage|p1a: blub's niece|5/100 psn
|
|-heal|p1a: blub's niece|11/100 psn|[from] item: Leftovers
|-damage|p1a: blub's niece|0 fnt|[from] psn
|faint|p1a: blub's niece
|-damage|p2a: Yo Mama|94/100 tox|[from] psn
|upkeep
|
|t:|1731164111
|switch|p1a: blub's sib|Celebi|74/100
|turn|195
|c|☆catmode|gg
|
|t:|1731164114
|move|p1a: blub's sib|Recover|p1a: blub's sib
|-heal|p1a: blub's sib|100/100
|move|p2a: Yo Mama|Return|p1a: blub's sib
|-damage|p1a: blub's sib|31/100
|
|-heal|p1a: blub's sib|37/100|[from] item: Leftovers
|-heal|p2a: Yo Mama|100/100 tox|[from] item: Leftovers
|-damage|p2a: Yo Mama|88/100 tox|[from] psn
|upkeep
|turn|196
|c|☆ccczzx|gg
|
|t:|1731164118
|move|p1a: blub's sib|Recover|p1a: blub's sib
|-heal|p1a: blub's sib|87/100
|move|p2a: Yo Mama|Return|p1a: blub's sib
|-damage|p1a: blub's sib|14/100
|
|-heal|p1a: blub's sib|20/100|[from] item: Leftovers
|-heal|p2a: Yo Mama|94/100 tox|[from] item: Leftovers
|-damage|p2a: Yo Mama|76/100 tox|[from] psn
|upkeep
|turn|197
|
|t:|1731164126
|move|p1a: blub's sib|Recover|p1a: blub's sib
|-heal|p1a: blub's sib|70/100
|move|p2a: Yo Mama|Return|p1a: blub's sib
|-damage|p1a: blub's sib|1/100
|
|-heal|p1a: blub's sib|7/100|[from] item: Leftovers
|-heal|p2a: Yo Mama|82/100 tox|[from] item: Leftovers
|-damage|p2a: Yo Mama|57/100 tox|[from] psn
|upkeep
|turn|198
|
|t:|1731164131
|move|p1a: blub's sib|Recover|p1a: blub's sib
|-heal|p1a: blub's sib|57/100
|move|p2a: Yo Mama|Return|p1a: blub's sib
|-damage|p1a: blub's sib|0 fnt
|faint|p1a: blub's sib
|
|win|catmode

</script>
<script type="application/json" class="data" id="replaydata-smogtours-gen3ou-805409">
{"id":"smogtours-gen3ou-805409","format":"[Gen 3] OU","players":["ccczzx","catmode"],"uploadtime":1731164131,"views":16,"formatid":"gen3ou","rating":null,"private":0,"password":null}
</script>

<script defer src="js/replays.js?9d40a366"></script>
