<!DOCTYPE html>
<meta charset="utf-8" />
<meta name="viewport" content="width=device-width" />

<title>[Gen 3] OU: Depres_ionCher_y vs. voyager - Replays - Pok&eacute;mon Showdown!</title>

<meta name="description" content="Watch a replay of a Pok&eacute;mon battle between Depres_ionCher_y and voyager! Format: [Gen 3] OU; Date: Nov 13, 2024" />
<!--

Hey, you! Looking in the source for the replay log?

You can find them in JSON format, just add `.json` at the end of a replay URL.

https://replay.pokemonshowdown.com/gen7randomdoublesbattle-865046831.json

Or, if you only need the log itself, add `.log` instead:

https://replay.pokemonshowdown.com/gen7randomdoublesbattle-865046831.log

-->

<link rel="stylesheet" href="//pokemonshowdown.com/style/global.css?0.767286132409787" />
<link rel="stylesheet" href="//play.pokemonshowdown.com/style/font-awesome.css?0.9266228007934947" />
<link rel="stylesheet" href="//play.pokemonshowdown.com/style/battle.css?0.7924700842790926" />
<link rel="stylesheet" href="//play.pokemonshowdown.com/style/utilichart.css?0.8777417872839479" />

<!-- Global site tag (gtag.js) - Google Analytics -->
<script async src="https://www.googletagmanager.com/gtag/js?id=UA-26211653-1"></script>
<script>
  window.dataLayer = window.dataLayer || [];
  function gtag(){dataLayer.push(arguments);}
  gtag('js', new Date());

  gtag('config', 'UA-26211653-1');
</script>
<!-- End Google Analytics -->
<!-- Venatus Ad Manager - Install in <HEAD> of page -->
	<script src="https://hb.vntsm.com/v3/live/ad-manager.min.js" type="text/javascript" data-site-id="642aba63ec9a7b11c3c9c1be" data-mode="scan" async></script>
<!-- / Venatus Ad Manager -->

<style>
	@media (max-width:820px) {
		.battle {
			margin: 0 auto;
		}
		.battle-log {
			margin: 7px auto 0;
			max-width: 640px;
			height: 300px;
			position: static;
		}
	}
	.optgroup {
		display: inline-block;
		line-height: 22px;
		font-size: 10pt;
	}
	.optgroup .button {
		height: 25px;
		padding-top: 0;
		padding-bottom: 0;
	}
	.optgroup button.button {
		padding-left: 12px;
		padding-right: 12px;
	}
	.linklist {
		list-style: none;
		margin: 0.5em 0;
		padding: 0;
	}
	.linklist li {
		padding: 2px 0;
	}
	.sidebar {
		float: left;
		width: 320px;
	}
	.bar-wrapper {
		max-width: 1100px;
		margin: 0 auto;
	}
	.bar-wrapper.has-sidebar {
		max-width: 1430px;
	}
	.mainbar {
		margin: 0;
		padding-right: 1px;
	}
	.mainbar.has-sidebar {
		margin-left: 330px;
	}
	@media (min-width: 1511px) {
		.sidebar {
			width: 400px;
		}
		.bar-wrapper.has-sidebar {
			max-width: 1510px;
		}
		.mainbar.has-sidebar {
			margin-left: 410px;
		}
	}
	.section.first-section {
		margin-top: 9px;
	}
	.blocklink small {
		white-space: normal;
	}
	.button {
		vertical-align: middle;
	}
	.replay-controls {
		padding-top: 10px;
	}
	.replay-controls h1 {
		font-size: 16pt;
		font-weight: normal;
		color: #CCC;
	}
	.pagelink {
		text-align: center;
	}
	.pagelink a {
		width: 150px;
	}
	.textbox, .button {
		font-size: 11pt;
		vertical-align: middle;
	}
	@media (max-width: 450px) {
		.button {
			font-size: 9pt;
		}
	}
</style>

<div>

	<header>
		<div class="nav-wrapper"><ul class="nav">
			<li><a class="button nav-first" href="//pokemonshowdown.com/"><img src="//pokemonshowdown.com/images/pokemonshowdownbeta.png" srcset="//pokemonshowdown.com/images/pokemonshowdownbeta.png 1x, //pokemonshowdown.com/images/pokemonshowdownbeta@2x.png 2x" alt="Pok&eacute;mon Showdown" width="146" height="44" /> Home</a></li>
			<li><a class="button" href="//pokemonshowdown.com/dex/">Pok&eacute;dex</a></li>
			<li><a class="button cur" href="/">Replays</a></li>
			<li><a class="button" href="//pokemonshowdown.com/ladder/">Ladder</a></li>
			<li><a class="button nav-last" href="//pokemonshowdown.com/forums/">Forum</a></li>
			<li><a class="button greenbutton nav-first nav-last" href="//play.pokemonshowdown.com/">Play</a></li>
		</ul></div>
	</header>

	<div class="main" id="main">

		<noscript><section class="section">You need to enable JavaScript to use this page; sorry!</section></noscript>

	</div>

</div>

<script defer nomodule src="//play.pokemonshowdown.com/js/lib/ps-polyfill.js"></script>
<script defer src="//play.pokemonshowdown.com/js/lib/preact.min.js"></script>

<script defer src="//play.pokemonshowdown.com/config/config.js?6dec07f6"></script>
<script defer src="//play.pokemonshowdown.com/js/lib/jquery-1.11.0.min.js"></script>
<script defer src="//play.pokemonshowdown.com/js/lib/html-sanitizer-minified.js"></script>
<script defer src="//play.pokemonshowdown.com/js/battle-sound.js"></script>
<script defer src="//play.pokemonshowdown.com/js/battledata.js?0.6315294753075389"></script>
<script defer src="//play.pokemonshowdown.com/data/pokedex-mini.js?0.7603743185311358"></script>
<script defer src="//play.pokemonshowdown.com/data/pokedex-mini-bw.js?0.030888842834281283"></script>
<script defer src="//play.pokemonshowdown.com/data/graphics.js?0.05593094747507488"></script>
<script defer src="//play.pokemonshowdown.com/data/pokedex.js?0.47064822249611904"></script>
<script defer src="//play.pokemonshowdown.com/data/moves.js?0.8583693120512459"></script>
<script defer src="//play.pokemonshowdown.com/data/abilities.js?0.16017181182386842"></script>
<script defer src="//play.pokemonshowdown.com/data/items.js?0.4163379185673943"></script>
<script defer src="//play.pokemonshowdown.com/data/teambuilder-tables.js?0.31075597372830477"></script>
<script defer src="//play.pokemonshowdown.com/js/battle-tooltips.js?0.6536193500708172"></script>
<script defer src="//play.pokemonshowdown.com/js/battle.js?0.1916591943277901"></script>

<script defer src="js/utils.js?e31f9a17"></script>
<script defer src="js/replays-battle.js?7008c182"></script>

<!-- don't scrape this data! just add .json or .log after the URL!
Full API docs: https://github.com/smogon/pokemon-showdown-client/blob/master/WEB-API.md -->
<script type="text/plain" class="log" id="replaylog-smogtours-gen3ou-806146">
|inactive|Battle timer is ON: inactive players will automatically lose when time's up.
|t:|1731512863
|gametype|singles
|player|p1|Depres_ionCher_y|waitress-gen4|
|player|p2|voyager|acetrainerf-gen2|
|teamsize|p1|6
|teamsize|p2|6
|gen|3
|tier|[Gen 3] OU
|rule|Sleep Clause Mod: Limit one foe put to sleep
|rule|Switch Priority Clause Mod: Faster Pokémon switch first
|rule|Species Clause: Limit one of each Pokémon
|rule|OHKO Clause: OHKO moves are banned
|rule|Evasion Items Clause: Evasion items are banned
|rule|Evasion Moves Clause: Evasion moves are banned
|rule|Endless Battle Clause: Forcing endless battles is banned
|rule|HP Percentage Mod: HP is shown in percentages
|rule|One Boost Passer Clause: Limit one Baton Passer that has a way to boost its stats
|rule|Freeze Clause Mod: Limit one foe frozen
|
|t:|1731512863
|start
|switch|p1a: Salamence|Salamence, F|100/100
|switch|p2a: Medicham|Medicham, M|100/100
|-ability|p1a: Salamence|Intimidate|boost
|-unboost|p2a: Medicham|atk|1
|turn|1
|c|☆voyager|hf
|c|☆Depres_ionCher_y|hf
|
|t:|1731512883
|switch|p2a: Suicune|Suicune|100/100
|move|p1a: Salamence|Hidden Power|p2a: Suicune
|-damage|p2a: Suicune|55/100
|
|-heal|p2a: Suicune|61/100|[from] item: Leftovers
|upkeep
|turn|2
|
|t:|1731512894
|switch|p1a: Suicune|Suicune|100/100
|move|p2a: Suicune|Ice Beam|p1a: Suicune
|-resisted|p1a: Suicune
|-damage|p1a: Suicune|92/100
|
|-heal|p1a: Suicune|98/100|[from] item: Leftovers
|-heal|p2a: Suicune|68/100|[from] item: Leftovers
|upkeep
|turn|3
|
|t:|1731512900
|switch|p2a: Snorlax|Snorlax, F|100/100
|move|p1a: Suicune|Surf|p2a: Snorlax
|-damage|p2a: Snorlax|85/100
|
|-heal|p1a: Suicune|100/100|[from] item: Leftovers
|-heal|p2a: Snorlax|91/100|[from] item: Leftovers
|upkeep
|turn|4
|
|t:|1731512908
|switch|p1a: Hariyama|Hariyama, F|100/100
|move|p2a: Snorlax|Body Slam|p1a: Hariyama
|-damage|p1a: Hariyama|70/100
|-status|p1a: Hariyama|par
|
|-heal|p2a: Snorlax|97/100|[from] item: Leftovers
|-heal|p1a: Hariyama|76/100 par|[from] item: Leftovers
|upkeep
|turn|5
|
|t:|1731512917
|switch|p2a: Medicham|Medicham, M|100/100
|move|p1a: Hariyama|Knock Off|p2a: Medicham
|-damage|p2a: Medicham|97/100
|-enditem|p2a: Medicham|Choice Band|[from] move: Knock Off|[of] p1a: Hariyama
|-hint|In Gens 3-4, Knock Off only makes the target's item unusable; it cannot obtain a new item.
|
|-heal|p1a: Hariyama|82/100 par|[from] item: Leftovers
|upkeep
|turn|6
|
|t:|1731512933
|switch|p1a: Jirachi|Jirachi|100/100
|move|p2a: Medicham|Brick Break|p1a: Jirachi
|-damage|p1a: Jirachi|68/100
|
|-heal|p1a: Jirachi|74/100|[from] item: Leftovers
|upkeep
|turn|7
|
|t:|1731512945
|switch|p1a: Salamence|Salamence, F|100/100
|-ability|p1a: Salamence|Intimidate|boost
|-unboost|p2a: Medicham|atk|1
|switch|p2a: Snorlax|Snorlax, F|97/100
|
|-heal|p2a: Snorlax|100/100|[from] item: Leftovers
|upkeep
|turn|8
|
|t:|1731512955
|move|p1a: Salamence|Brick Break|p2a: Snorlax
|-supereffective|p2a: Snorlax
|-damage|p2a: Snorlax|35/100
|move|p2a: Snorlax|Body Slam|p1a: Salamence
|-damage|p1a: Salamence|60/100
|
|-heal|p2a: Snorlax|42/100|[from] item: Leftovers
|upkeep
|turn|9
|inactive|voyager has 270 seconds left.
|inactive|Depres_ionCher_y has 270 seconds left.
|
|t:|1731513022
|switch|p1a: Jirachi|Jirachi|74/100
|switch|p2a: Medicham|Medicham, M|97/100
|
|-heal|p1a: Jirachi|81/100|[from] item: Leftovers
|upkeep
|turn|10
|
|t:|1731513027
|move|p1a: Jirachi|Wish|p1a: Jirachi
|move|p2a: Medicham|Baton Pass|p2a: Medicham
|
|t:|1731513030
|switch|p2a: Tyranitar|Tyranitar, M|100/100|[from] Baton Pass
|-weather|Sandstorm|[from] ability: Sand Stream|[of] p2a: Tyranitar
|
|-weather|Sandstorm|[upkeep]
|-heal|p1a: Jirachi|87/100|[from] item: Leftovers
|upkeep
|turn|11
|
|t:|1731513035
|switch|p2a: Medicham|Medicham, M|97/100
|move|p1a: Jirachi|Toxic|p2a: Medicham
|-status|p2a: Medicham|tox
|
|-heal|p1a: Jirachi|100/100|[from] move: Wish|[wisher] Jirachi
|-weather|Sandstorm|[upkeep]
|-damage|p2a: Medicham|91/100 tox|[from] Sandstorm
|-damage|p2a: Medicham|85/100 tox|[from] psn
|upkeep
|turn|12
|
|t:|1731513039
|move|p1a: Jirachi|Protect|p1a: Jirachi
|-singleturn|p1a: Jirachi|Protect
|move|p2a: Medicham|Baton Pass|p2a: Medicham
|
|t:|1731513042
|switch|p2a: Magneton|Magneton|100/100|[from] Baton Pass
|
|-weather|Sandstorm|[upkeep]
|upkeep
|turn|13
|
|t:|1731513044
|move|p1a: Jirachi|Fire Punch|p2a: Magneton
|-supereffective|p2a: Magneton
|-damage|p2a: Magneton|37/100
|move|p2a: Magneton|Thunder Wave|p1a: Jirachi
|-status|p1a: Jirachi|par
|
|-weather|Sandstorm|[upkeep]
|upkeep
|turn|14
|
|t:|1731513053
|move|p2a: Magneton|Thunderbolt|p1a: Jirachi
|-damage|p1a: Jirachi|49/100 par
|cant|p1a: Jirachi|par
|
|-weather|Sandstorm|[upkeep]
|-heal|p1a: Jirachi|55/100 par|[from] item: Leftovers
|upkeep
|turn|15
|
|t:|1731513057
|move|p1a: Jirachi|Protect|p1a: Jirachi
|-singleturn|p1a: Jirachi|Protect
|move|p2a: Magneton|Thunderbolt|p1a: Jirachi
|-activate|p1a: Jirachi|Protect
|
|-weather|Sandstorm|[upkeep]
|-heal|p1a: Jirachi|61/100 par|[from] item: Leftovers
|upkeep
|turn|16
|
|t:|1731513059
|move|p2a: Magneton|Thunderbolt|p1a: Jirachi
|-damage|p1a: Jirachi|10/100 par
|move|p1a: Jirachi|Wish|p1a: Jirachi
|
|-weather|Sandstorm|[upkeep]
|-heal|p1a: Jirachi|17/100 par|[from] item: Leftovers
|upkeep
|turn|17
|
|t:|1731513063
|cant|p1a: Jirachi|par
|move|p2a: Magneton|Thunderbolt|p1a: Jirachi
|-damage|p1a: Jirachi|0 fnt
|faint|p1a: Jirachi
|
|t:|1731513066
|switch|p1a: Blissey|Blissey, F|100/100
|
|-weather|Sandstorm|[upkeep]
|-damage|p1a: Blissey|94/100|[from] Sandstorm
|-heal|p1a: Blissey|100/100|[from] item: Leftovers
|upkeep
|turn|18
|
|t:|1731513070
|move|p2a: Magneton|Thunder Wave|p1a: Blissey
|-status|p1a: Blissey|par
|move|p1a: Blissey|Aromatherapy|p1a: Blissey
|-cureteam|p1a: Blissey|[from] move: Aromatherapy
|
|-weather|Sandstorm|[upkeep]
|-damage|p1a: Blissey|94/100|[from] Sandstorm
|-heal|p1a: Blissey|100/100|[from] item: Leftovers
|upkeep
|turn|19
|
|t:|1731513074
|move|p2a: Magneton|Thunder Wave|p1a: Blissey
|-status|p1a: Blissey|par
|move|p1a: Blissey|Seismic Toss|p2a: Magneton
|-damage|p2a: Magneton|0 fnt
|faint|p2a: Magneton
|
|t:|1731513075
|switch|p2a: Medicham|Medicham, M|85/100 tox
|
|-weather|Sandstorm|[upkeep]
|-damage|p2a: Medicham|79/100 tox|[from] Sandstorm
|-damage|p1a: Blissey|94/100 par|[from] Sandstorm
|-damage|p2a: Medicham|73/100 tox|[from] psn
|-heal|p1a: Blissey|100/100 par|[from] item: Leftovers
|upkeep
|turn|20
|
|t:|1731513078
|-curestatus|p1a: Blissey|par|[from] ability: Natural Cure
|switch|p1a: Claydol|Claydol|100/100
|move|p2a: Medicham|Brick Break|p1a: Claydol
|-resisted|p1a: Claydol
|-damage|p1a: Claydol|75/100
|
|-weather|Sandstorm|[upkeep]
|-damage|p2a: Medicham|67/100 tox|[from] Sandstorm
|-damage|p2a: Medicham|54/100 tox|[from] psn
|-heal|p1a: Claydol|81/100|[from] item: Leftovers
|upkeep
|turn|21
|
|t:|1731513088
|switch|p1a: Salamence|Salamence, F|60/100
|-ability|p1a: Salamence|Intimidate|boost
|-unboost|p2a: Medicham|atk|1
|move|p2a: Medicham|Shadow Ball|p1a: Salamence
|-damage|p1a: Salamence|28/100
|
|-weather|Sandstorm|[upkeep]
|-damage|p1a: Salamence|22/100|[from] Sandstorm
|-damage|p2a: Medicham|48/100 tox|[from] Sandstorm
|-damage|p2a: Medicham|30/100 tox|[from] psn
|upkeep
|turn|22
|
|t:|1731513098
|move|p1a: Salamence|Earthquake|p2a: Medicham
|-damage|p2a: Medicham|0 fnt
|faint|p2a: Medicham
|
|t:|1731513103
|switch|p2a: Salamence|Salamence, M|100/100
|-ability|p2a: Salamence|Intimidate|boost
|-unboost|p1a: Salamence|atk|1
|
|-weather|Sandstorm|[upkeep]
|-damage|p1a: Salamence|16/100|[from] Sandstorm
|-damage|p2a: Salamence|94/100|[from] Sandstorm
|-heal|p2a: Salamence|100/100|[from] item: Leftovers
|upkeep
|turn|23
|
|t:|1731513107
|switch|p1a: Blissey|Blissey, F|100/100
|move|p2a: Salamence|Hidden Power|p1a: Blissey
|-damage|p1a: Blissey|57/100
|
|-weather|Sandstorm|[upkeep]
|-damage|p2a: Salamence|94/100|[from] Sandstorm
|-damage|p1a: Blissey|51/100|[from] Sandstorm
|-heal|p2a: Salamence|100/100|[from] item: Leftovers
|-heal|p1a: Blissey|57/100|[from] item: Leftovers
|upkeep
|turn|24
|
|t:|1731513111
|switch|p2a: Snorlax|Snorlax, F|42/100
|move|p1a: Blissey|Soft-Boiled|p1a: Blissey
|-heal|p1a: Blissey|100/100
|
|-weather|Sandstorm|[upkeep]
|-damage|p1a: Blissey|94/100|[from] Sandstorm
|-damage|p2a: Snorlax|35/100|[from] Sandstorm
|-heal|p1a: Blissey|100/100|[from] item: Leftovers
|-heal|p2a: Snorlax|42/100|[from] item: Leftovers
|upkeep
|turn|25
|
|t:|1731513134
|switch|p1a: Hariyama|Hariyama, F|82/100
|move|p2a: Snorlax|Body Slam|p1a: Hariyama
|-damage|p1a: Hariyama|52/100
|
|-weather|Sandstorm|[upkeep]
|-damage|p1a: Hariyama|46/100|[from] Sandstorm
|-damage|p2a: Snorlax|35/100|[from] Sandstorm
|-heal|p1a: Hariyama|52/100|[from] item: Leftovers
|-heal|p2a: Snorlax|42/100|[from] item: Leftovers
|upkeep
|turn|26
|
|t:|1731513145
|switch|p2a: Salamence|Salamence, M|100/100
|-ability|p2a: Salamence|Intimidate|boost
|-unboost|p1a: Hariyama|atk|1
|move|p1a: Hariyama|Knock Off|p2a: Salamence
|-damage|p2a: Salamence|98/100
|-enditem|p2a: Salamence|Leftovers|[from] move: Knock Off|[of] p1a: Hariyama
|
|-weather|Sandstorm|[upkeep]
|-damage|p2a: Salamence|92/100|[from] Sandstorm
|-damage|p1a: Hariyama|46/100|[from] Sandstorm
|-heal|p1a: Hariyama|52/100|[from] item: Leftovers
|upkeep
|turn|27
|
|t:|1731513163
|switch|p1a: Blissey|Blissey, F|100/100
|move|p2a: Salamence|Hidden Power|p1a: Blissey
|-damage|p1a: Blissey|59/100
|
|-weather|Sandstorm|[upkeep]
|-damage|p2a: Salamence|86/100|[from] Sandstorm
|-damage|p1a: Blissey|53/100|[from] Sandstorm
|-heal|p1a: Blissey|59/100|[from] item: Leftovers
|upkeep
|turn|28
|
|t:|1731513175
|move|p2a: Salamence|Hidden Power|p1a: Blissey
|-crit|p1a: Blissey
|-damage|p1a: Blissey|0 fnt
|faint|p1a: Blissey
|c|☆voyager|my b
|inactive|Depres_ionCher_y has 270 seconds left.
|
|t:|1731513187
|switch|p1a: Salamence|Salamence, F|16/100
|-ability|p1a: Salamence|Intimidate|boost
|-unboost|p2a: Salamence|atk|1
|
|-weather|Sandstorm|[upkeep]
|-damage|p1a: Salamence|10/100|[from] Sandstorm
|-damage|p2a: Salamence|80/100|[from] Sandstorm
|upkeep
|turn|29
|
|t:|1731513194
|switch|p2a: Tyranitar|Tyranitar, M|100/100
|move|p1a: Salamence|Brick Break|p2a: Tyranitar
|-supereffective|p2a: Tyranitar
|-damage|p2a: Tyranitar|0 fnt
|faint|p2a: Tyranitar
|
|t:|1731513198
|switch|p2a: Salamence|Salamence, M|80/100
|-ability|p2a: Salamence|Intimidate|boost
|-unboost|p1a: Salamence|atk|1
|
|-weather|Sandstorm|[upkeep]
|-damage|p1a: Salamence|4/100|[from] Sandstorm
|-damage|p2a: Salamence|74/100|[from] Sandstorm
|upkeep
|turn|30
|
|t:|1731513203
|switch|p1a: Claydol|Claydol|81/100
|move|p2a: Salamence|Dragon Dance|p2a: Salamence
|-boost|p2a: Salamence|atk|1
|-boost|p2a: Salamence|spe|1
|
|-weather|Sandstorm|[upkeep]
|-damage|p2a: Salamence|68/100|[from] Sandstorm
|-heal|p1a: Claydol|88/100|[from] item: Leftovers
|upkeep
|turn|31
|
|t:|1731513208
|switch|p2a: Suicune|Suicune|68/100
|move|p1a: Claydol|Explosion|p2a: Suicune
|-damage|p2a: Suicune|0 fnt
|faint|p1a: Claydol
|faint|p2a: Suicune
|
|t:|1731513215
|switch|p2a: Snorlax|Snorlax, F|42/100
|switch|p1a: Salamence|Salamence, F|4/100
|-ability|p1a: Salamence|Intimidate|boost
|-unboost|p2a: Snorlax|atk|1
|
|-weather|Sandstorm|[upkeep]
|-damage|p1a: Salamence|0 fnt|[from] Sandstorm
|-damage|p2a: Snorlax|35/100|[from] Sandstorm
|faint|p1a: Salamence
|-heal|p2a: Snorlax|42/100|[from] item: Leftovers
|upkeep
|
|t:|1731513218
|switch|p1a: Hariyama|Hariyama, F|52/100
|turn|32
|
|t:|1731513221
|switch|p2a: Salamence|Salamence, M|68/100
|-ability|p2a: Salamence|Intimidate|boost
|-unboost|p1a: Hariyama|atk|1
|move|p1a: Hariyama|Rock Slide|p2a: Salamence
|-supereffective|p2a: Salamence
|-crit|p2a: Salamence
|-damage|p2a: Salamence|0 fnt
|faint|p2a: Salamence
|
|t:|1731513224
|switch|p2a: Snorlax|Snorlax, F|42/100
|
|-weather|Sandstorm|[upkeep]
|-damage|p1a: Hariyama|46/100|[from] Sandstorm
|-damage|p2a: Snorlax|35/100|[from] Sandstorm
|-heal|p1a: Hariyama|52/100|[from] item: Leftovers
|-heal|p2a: Snorlax|42/100|[from] item: Leftovers
|upkeep
|turn|33
|
|t:|1731513226
|move|p1a: Hariyama|Brick Break|p2a: Snorlax
|-supereffective|p2a: Snorlax
|-damage|p2a: Snorlax|2/100
|move|p2a: Snorlax|Body Slam|p1a: Hariyama
|-damage|p1a: Hariyama|23/100
|-status|p1a: Hariyama|par
|
|-weather|Sandstorm|[upkeep]
|-damage|p2a: Snorlax|0 fnt|[from] Sandstorm
|-damage|p1a: Hariyama|17/100 par|[from] Sandstorm
|faint|p2a: Snorlax
|
|win|Depres_ionCher_y
|upkeep
|c|☆voyager|gg
|c|☆Depres_ionCher_y|gg
|player|p1|

</script>
<script type="application/json" class="data" id="replaydata-smogtours-gen3ou-806146">
{"id":"smogtours-gen3ou-806146","format":"[Gen 3] OU","players":["Depres_ionCher_y","voyager"],"uploadtime":1731513226,"views":31,"formatid":"gen3ou","rating":null,"private":0,"password":null}
</script>

<script defer src="js/replays.js?9d40a366"></script>
