<!DOCTYPE html>
<meta charset="utf-8" />
<meta name="viewport" content="width=device-width" />

<title>[Gen 3] OU: kittencel vs. ChangchunDeXiannu - Replays - Pok&eacute;mon Showdown!</title>

<meta name="description" content="Watch a replay of a Pok&eacute;mon battle between kittencel and ChangchunDeXiannu! Format: [Gen 3] OU; Date: Oct 2, 2024" />
<!--

Hey, you! Looking in the source for the replay log?

You can find them in JSON format, just add `.json` at the end of a replay URL.

https://replay.pokemonshowdown.com/gen7randomdoublesbattle-865046831.json

Or, if you only need the log itself, add `.log` instead:

https://replay.pokemonshowdown.com/gen7randomdoublesbattle-865046831.log

-->

<link rel="stylesheet" href="//pokemonshowdown.com/style/global.css?0.767286132409787" />
<link rel="stylesheet" href="//play.pokemonshowdown.com/style/font-awesome.css?0.9266228007934947" />
<link rel="stylesheet" href="//play.pokemonshowdown.com/style/battle.css?0.7924700842790926" />
<link rel="stylesheet" href="//play.pokemonshowdown.com/style/utilichart.css?0.8777417872839479" />

<!-- Global site tag (gtag.js) - Google Analytics -->
<script async src="https://www.googletagmanager.com/gtag/js?id=UA-26211653-1"></script>
<script>
  window.dataLayer = window.dataLayer || [];
  function gtag(){dataLayer.push(arguments);}
  gtag('js', new Date());

  gtag('config', 'UA-26211653-1');
</script>
<!-- End Google Analytics -->
<!-- Venatus Ad Manager - Install in <HEAD> of page -->
	<script src="https://hb.vntsm.com/v3/live/ad-manager.min.js" type="text/javascript" data-site-id="642aba63ec9a7b11c3c9c1be" data-mode="scan" async></script>
<!-- / Venatus Ad Manager -->

<style>
	@media (max-width:820px) {
		.battle {
			margin: 0 auto;
		}
		.battle-log {
			margin: 7px auto 0;
			max-width: 640px;
			height: 300px;
			position: static;
		}
	}
	.optgroup {
		display: inline-block;
		line-height: 22px;
		font-size: 10pt;
	}
	.optgroup .button {
		height: 25px;
		padding-top: 0;
		padding-bottom: 0;
	}
	.optgroup button.button {
		padding-left: 12px;
		padding-right: 12px;
	}
	.linklist {
		list-style: none;
		margin: 0.5em 0;
		padding: 0;
	}
	.linklist li {
		padding: 2px 0;
	}
	.sidebar {
		float: left;
		width: 320px;
	}
	.bar-wrapper {
		max-width: 1100px;
		margin: 0 auto;
	}
	.bar-wrapper.has-sidebar {
		max-width: 1430px;
	}
	.mainbar {
		margin: 0;
		padding-right: 1px;
	}
	.mainbar.has-sidebar {
		margin-left: 330px;
	}
	@media (min-width: 1511px) {
		.sidebar {
			width: 400px;
		}
		.bar-wrapper.has-sidebar {
			max-width: 1510px;
		}
		.mainbar.has-sidebar {
			margin-left: 410px;
		}
	}
	.section.first-section {
		margin-top: 9px;
	}
	.blocklink small {
		white-space: normal;
	}
	.button {
		vertical-align: middle;
	}
	.replay-controls {
		padding-top: 10px;
	}
	.replay-controls h1 {
		font-size: 16pt;
		font-weight: normal;
		color: #CCC;
	}
	.pagelink {
		text-align: center;
	}
	.pagelink a {
		width: 150px;
	}
	.textbox, .button {
		font-size: 11pt;
		vertical-align: middle;
	}
	@media (max-width: 450px) {
		.button {
			font-size: 9pt;
		}
	}
</style>

<div>

	<header>
		<div class="nav-wrapper"><ul class="nav">
			<li><a class="button nav-first" href="//pokemonshowdown.com/"><img src="//pokemonshowdown.com/images/pokemonshowdownbeta.png" srcset="//pokemonshowdown.com/images/pokemonshowdownbeta.png 1x, //pokemonshowdown.com/images/pokemonshowdownbeta@2x.png 2x" alt="Pok&eacute;mon Showdown" width="146" height="44" /> Home</a></li>
			<li><a class="button" href="//pokemonshowdown.com/dex/">Pok&eacute;dex</a></li>
			<li><a class="button cur" href="/">Replays</a></li>
			<li><a class="button" href="//pokemonshowdown.com/ladder/">Ladder</a></li>
			<li><a class="button nav-last" href="//pokemonshowdown.com/forums/">Forum</a></li>
			<li><a class="button greenbutton nav-first nav-last" href="//play.pokemonshowdown.com/">Play</a></li>
		</ul></div>
	</header>

	<div class="main" id="main">

		<noscript><section class="section">You need to enable JavaScript to use this page; sorry!</section></noscript>

	</div>

</div>

<script defer nomodule src="//play.pokemonshowdown.com/js/lib/ps-polyfill.js"></script>
<script defer src="//play.pokemonshowdown.com/js/lib/preact.min.js"></script>

<script defer src="//play.pokemonshowdown.com/config/config.js?6dec07f6"></script>
<script defer src="//play.pokemonshowdown.com/js/lib/jquery-1.11.0.min.js"></script>
<script defer src="//play.pokemonshowdown.com/js/lib/html-sanitizer-minified.js"></script>
<script defer src="//play.pokemonshowdown.com/js/battle-sound.js"></script>
<script defer src="//play.pokemonshowdown.com/js/battledata.js?0.6315294753075389"></script>
<script defer src="//play.pokemonshowdown.com/data/pokedex-mini.js?0.7603743185311358"></script>
<script defer src="//play.pokemonshowdown.com/data/pokedex-mini-bw.js?0.030888842834281283"></script>
<script defer src="//play.pokemonshowdown.com/data/graphics.js?0.05593094747507488"></script>
<script defer src="//play.pokemonshowdown.com/data/pokedex.js?0.47064822249611904"></script>
<script defer src="//play.pokemonshowdown.com/data/moves.js?0.8583693120512459"></script>
<script defer src="//play.pokemonshowdown.com/data/abilities.js?0.16017181182386842"></script>
<script defer src="//play.pokemonshowdown.com/data/items.js?0.4163379185673943"></script>
<script defer src="//play.pokemonshowdown.com/data/teambuilder-tables.js?0.31075597372830477"></script>
<script defer src="//play.pokemonshowdown.com/js/battle-tooltips.js?0.6536193500708172"></script>
<script defer src="//play.pokemonshowdown.com/js/battle.js?0.1916591943277901"></script>

<script defer src="js/utils.js?e31f9a17"></script>
<script defer src="js/replays-battle.js?7008c182"></script>

<!-- don't scrape this data! just add .json or .log after the URL!
Full API docs: https://github.com/smogon/pokemon-showdown-client/blob/master/WEB-API.md -->
<script type="text/plain" class="log" id="replaylog-smogtours-gen3ou-794063">
|inactive|Battle timer is ON: inactive players will automatically lose when time's up.
|t:|1727903519
|gametype|singles
|player|p1|kittencel|lady|
|player|p2|ChangchunDeXiannu|gardenia-masters|
|teamsize|p1|6
|teamsize|p2|6
|gen|3
|tier|[Gen 3] OU
|rule|Sleep Clause Mod: Limit one foe put to sleep
|rule|Switch Priority Clause Mod: Faster Pokémon switch first
|rule|Species Clause: Limit one of each Pokémon
|rule|OHKO Clause: OHKO moves are banned
|rule|Evasion Items Clause: Evasion items are banned
|rule|Evasion Moves Clause: Evasion moves are banned
|rule|Endless Battle Clause: Forcing endless battles is banned
|rule|HP Percentage Mod: HP is shown in percentages
|rule|One Boost Passer Clause: Limit one Baton Passer that has a way to boost its stats
|rule|Freeze Clause Mod: Limit one foe frozen
|
|t:|1727903519
|start
|switch|p1a: parkour god|Tyranitar, M|100/100
|switch|p2a: 最爱只虫|Heracross, F|100/100
|-weather|Sandstorm|[from] ability: Sand Stream|[of] p1a: parkour god
|turn|1
|c|☆kittencel|hf
|
|t:|1727903529
|switch|p1a: jump for beef|Gengar, F, shiny|100/100
|move|p2a: 最爱只虫|Megahorn|p1a: jump for beef
|-resisted|p1a: jump for beef
|-damage|p1a: jump for beef|65/100
|
|-weather|Sandstorm|[upkeep]
|-damage|p1a: jump for beef|59/100|[from] Sandstorm
|-damage|p2a: 最爱只虫|94/100|[from] Sandstorm
|-heal|p1a: jump for beef|65/100|[from] item: Leftovers
|upkeep
|turn|2
|c|☆ChangchunDeXiannu|u2^^
|c|+SuperEpicAmpharos|oh my god
|c|+SuperEpicAmpharos|not the nicknames
|
|t:|1727903553
|switch|p2a: 牛仔|Camerupt, M|100/100
|move|p1a: jump for beef|Will-O-Wisp|p2a: 牛仔|[miss]
|-miss|p1a: jump for beef|p2a: 牛仔
|
|-weather|Sandstorm|[upkeep]
|-damage|p1a: jump for beef|59/100|[from] Sandstorm
|-heal|p1a: jump for beef|65/100|[from] item: Leftovers
|upkeep
|turn|3
|c|☆ChangchunDeXiannu|:)
|
|t:|1727903564
|switch|p1a: backwards 360|Swampert, M|100/100
|move|p2a: 牛仔|Fire Blast|p1a: backwards 360
|-resisted|p1a: backwards 360
|-damage|p1a: backwards 360|81/100
|
|-weather|Sandstorm|[upkeep]
|-heal|p1a: backwards 360|87/100|[from] item: Leftovers
|upkeep
|turn|4
|
|t:|1727903570
|switch|p2a: $tïâñ-2.|Snorlax, F|100/100
|move|p1a: backwards 360|Surf|p2a: $tïâñ-2.
|-damage|p2a: $tïâñ-2.|84/100
|
|-weather|Sandstorm|[upkeep]
|-damage|p2a: $tïâñ-2.|78/100|[from] Sandstorm
|-heal|p1a: backwards 360|93/100|[from] item: Leftovers
|-heal|p2a: $tïâñ-2.|84/100|[from] item: Leftovers
|upkeep
|turn|5
|
|t:|1727903574
|switch|p1a: jump for chicken|Forretress, M|100/100
|move|p2a: $tïâñ-2.|Body Slam|p1a: jump for chicken
|-resisted|p1a: jump for chicken
|-damage|p1a: jump for chicken|86/100
|-status|p1a: jump for chicken|par
|
|-weather|Sandstorm|[upkeep]
|-damage|p2a: $tïâñ-2.|78/100|[from] Sandstorm
|-heal|p2a: $tïâñ-2.|84/100|[from] item: Leftovers
|-heal|p1a: jump for chicken|92/100 par|[from] item: Leftovers
|upkeep
|turn|6
|
|t:|1727903581
|switch|p2a: Pyremiden|Magneton|100/100
|move|p1a: jump for chicken|Spikes|p2a: Pyremiden
|-sidestart|p2: ChangchunDeXiannu|Spikes
|
|-weather|Sandstorm|[upkeep]
|-heal|p1a: jump for chicken|99/100 par|[from] item: Leftovers
|upkeep
|turn|7
|
|t:|1727903586
|move|p2a: Pyremiden|Thunderbolt|p1a: jump for chicken
|-damage|p1a: jump for chicken|47/100 par
|move|p1a: jump for chicken|Explosion|p2a: Pyremiden
|-resisted|p2a: Pyremiden
|-damage|p2a: Pyremiden|37/100
|faint|p1a: jump for chicken
|
|t:|1727903603
|switch|p1a: jump for beef|Gengar, F, shiny|65/100
|
|-weather|Sandstorm|[upkeep]
|-damage|p1a: jump for beef|59/100|[from] Sandstorm
|-heal|p1a: jump for beef|65/100|[from] item: Leftovers
|upkeep
|turn|8
|
|t:|1727903614
|switch|p2a: 牛仔|Camerupt, M|100/100
|-damage|p2a: 牛仔|88/100|[from] Spikes
|move|p1a: jump for beef|Fire Punch|p2a: 牛仔
|-resisted|p2a: 牛仔
|-damage|p2a: 牛仔|73/100
|
|-weather|Sandstorm|[upkeep]
|-damage|p1a: jump for beef|59/100|[from] Sandstorm
|-heal|p1a: jump for beef|65/100|[from] item: Leftovers
|-heal|p2a: 牛仔|80/100|[from] item: Leftovers
|upkeep
|turn|9
|
|t:|1727903627
|move|p1a: jump for beef|Explosion|p2a: 牛仔
|-damage|p2a: 牛仔|0 fnt
|faint|p1a: jump for beef
|faint|p2a: 牛仔
|
|t:|1727903635
|switch|p1a: parkour prison|Moltres|100/100
|switch|p2a: 最爱只虫|Heracross, F|94/100
|-damage|p2a: 最爱只虫|82/100|[from] Spikes
|
|-weather|Sandstorm|[upkeep]
|-damage|p1a: parkour prison|94/100|[from] Sandstorm
|-damage|p2a: 最爱只虫|75/100|[from] Sandstorm
|-heal|p1a: parkour prison|100/100|[from] item: Leftovers
|upkeep
|turn|10
|
|t:|1727903646
|switch|p2a: Fabian :)|Salamence, M|100/100
|-ability|p2a: Fabian :)|Intimidate|boost
|-unboost|p1a: parkour prison|atk|1
|move|p1a: parkour prison|Flamethrower|p2a: Fabian :)
|-resisted|p2a: Fabian :)
|-crit|p2a: Fabian :)
|-damage|p2a: Fabian :)|37/100
|
|-weather|Sandstorm|[upkeep]
|-damage|p1a: parkour prison|94/100|[from] Sandstorm
|-damage|p2a: Fabian :)|31/100|[from] Sandstorm
|-heal|p1a: parkour prison|100/100|[from] item: Leftovers
|-heal|p2a: Fabian :)|37/100|[from] item: Leftovers
|upkeep
|turn|11
|
|t:|1727903651
|switch|p1a: backwards 360|Swampert, M|93/100
|move|p2a: Fabian :)|Rock Slide|p1a: backwards 360
|-resisted|p1a: backwards 360
|-damage|p1a: backwards 360|84/100
|
|-weather|Sandstorm|[upkeep]
|-damage|p2a: Fabian :)|31/100|[from] Sandstorm
|-heal|p2a: Fabian :)|37/100|[from] item: Leftovers
|-heal|p1a: backwards 360|90/100|[from] item: Leftovers
|upkeep
|turn|12
|
|t:|1727903654
|move|p2a: Fabian :)|Hidden Power|p1a: backwards 360
|-damage|p1a: backwards 360|63/100
|move|p1a: backwards 360|Surf|p2a: Fabian :)
|-resisted|p2a: Fabian :)
|-damage|p2a: Fabian :)|22/100
|
|-weather|Sandstorm|[upkeep]
|-damage|p2a: Fabian :)|16/100|[from] Sandstorm
|-heal|p2a: Fabian :)|22/100|[from] item: Leftovers
|-heal|p1a: backwards 360|69/100|[from] item: Leftovers
|upkeep
|turn|13
|
|t:|1727903657
|move|p1a: backwards 360|Protect|p1a: backwards 360
|-singleturn|p1a: backwards 360|Protect
|move|p2a: Fabian :)|Hidden Power|p1a: backwards 360
|-activate|p1a: backwards 360|Protect
|
|-weather|Sandstorm|[upkeep]
|-damage|p2a: Fabian :)|16/100|[from] Sandstorm
|-heal|p2a: Fabian :)|22/100|[from] item: Leftovers
|-heal|p1a: backwards 360|75/100|[from] item: Leftovers
|upkeep
|turn|14
|
|t:|1727903663
|move|p2a: Fabian :)|Hidden Power|p1a: backwards 360
|-damage|p1a: backwards 360|46/100
|move|p1a: backwards 360|Surf|p2a: Fabian :)
|-resisted|p2a: Fabian :)
|-damage|p2a: Fabian :)|4/100
|
|-weather|Sandstorm|[upkeep]
|-damage|p2a: Fabian :)|0 fnt|[from] Sandstorm
|faint|p2a: Fabian :)
|-heal|p1a: backwards 360|52/100|[from] item: Leftovers
|upkeep
|
|t:|1727903674
|switch|p2a: $tïâñ-2.|Snorlax, F|84/100
|-damage|p2a: $tïâñ-2.|72/100|[from] Spikes
|turn|15
|
|t:|1727903682
|switch|p1a: parkour god|Tyranitar, M|100/100
|move|p2a: $tïâñ-2.|Body Slam|p1a: parkour god
|-resisted|p1a: parkour god
|-damage|p1a: parkour god|86/100
|
|-weather|Sandstorm|[upkeep]
|-damage|p2a: $tïâñ-2.|65/100|[from] Sandstorm
|-heal|p1a: parkour god|92/100|[from] item: Leftovers
|-heal|p2a: $tïâñ-2.|72/100|[from] item: Leftovers
|upkeep
|turn|16
|
|t:|1727903686
|move|p1a: parkour god|Brick Break|p2a: $tïâñ-2.
|-supereffective|p2a: $tïâñ-2.
|-damage|p2a: $tïâñ-2.|32/100
|move|p2a: $tïâñ-2.|Earthquake|p1a: parkour god
|-supereffective|p1a: parkour god
|-damage|p1a: parkour god|47/100
|
|-weather|Sandstorm|[upkeep]
|-damage|p2a: $tïâñ-2.|26/100|[from] Sandstorm
|-heal|p1a: parkour god|53/100|[from] item: Leftovers
|-heal|p2a: $tïâñ-2.|32/100|[from] item: Leftovers
|upkeep
|turn|17
|
|t:|1727903692
|switch|p2a: 最爱只虫|Heracross, F|75/100
|-damage|p2a: 最爱只虫|63/100|[from] Spikes
|move|p1a: parkour god|Brick Break|p2a: 最爱只虫
|-resisted|p2a: 最爱只虫
|-damage|p2a: 最爱只虫|47/100
|
|-weather|Sandstorm|[upkeep]
|-damage|p2a: 最爱只虫|40/100|[from] Sandstorm
|-heal|p1a: parkour god|59/100|[from] item: Leftovers
|upkeep
|turn|18
|
|t:|1727903703
|move|p2a: 最爱只虫|Rock Slide|p1a: parkour god
|-damage|p1a: parkour god|35/100
|move|p1a: parkour god|Ice Beam|p2a: 最爱只虫
|-damage|p2a: 最爱只虫|7/100
|
|-weather|Sandstorm|[upkeep]
|-damage|p2a: 最爱只虫|0 fnt|[from] Sandstorm
|faint|p2a: 最爱只虫
|-heal|p1a: parkour god|41/100|[from] item: Leftovers
|upkeep
|
|t:|1727903716
|switch|p2a: Pyremiden|Magneton|37/100
|-damage|p2a: Pyremiden|25/100|[from] Spikes
|turn|19
|
|t:|1727903725
|move|p2a: Pyremiden|Thunderbolt|p1a: parkour god
|-damage|p1a: parkour god|0 fnt
|faint|p1a: parkour god
|
|t:|1727903727
|switch|p1a: parkour prison|Moltres|100/100
|
|-weather|Sandstorm|[upkeep]
|-damage|p1a: parkour prison|94/100|[from] Sandstorm
|-heal|p1a: parkour prison|100/100|[from] item: Leftovers
|upkeep
|turn|20
|
|t:|1727903734
|move|p1a: parkour prison|Flamethrower|p2a: Pyremiden
|-supereffective|p2a: Pyremiden
|-damage|p2a: Pyremiden|0 fnt
|faint|p2a: Pyremiden
|
|t:|1727903735
|switch|p2a: $tïâñ-2.|Snorlax, F|32/100
|-damage|p2a: $tïâñ-2.|20/100|[from] Spikes
|
|-weather|Sandstorm|[upkeep]
|-damage|p1a: parkour prison|94/100|[from] Sandstorm
|-damage|p2a: $tïâñ-2.|13/100|[from] Sandstorm
|-heal|p1a: parkour prison|100/100|[from] item: Leftovers
|-heal|p2a: $tïâñ-2.|20/100|[from] item: Leftovers
|upkeep
|turn|21
|
|t:|1727903738
|move|p1a: parkour prison|Flamethrower|p2a: $tïâñ-2.
|-damage|p2a: $tïâñ-2.|0 fnt
|faint|p2a: $tïâñ-2.
|
|t:|1727903739
|switch|p2a: Gutta|Metagross|100/100
|-damage|p2a: Gutta|88/100|[from] Spikes
|
|-weather|Sandstorm|[upkeep]
|-damage|p1a: parkour prison|94/100|[from] Sandstorm
|-heal|p1a: parkour prison|100/100|[from] item: Leftovers
|upkeep
|turn|22
|
|t:|1727903743
|move|p1a: parkour prison|Flamethrower|p2a: Gutta
|-supereffective|p2a: Gutta
|-damage|p2a: Gutta|0 fnt
|faint|p2a: Gutta
|
|win|kittencel
|c|☆kittencel|gg
|c|☆ChangchunDeXiannu|gg
|player|p2|

</script>
<script type="application/json" class="data" id="replaydata-smogtours-gen3ou-794063">
{"id":"smogtours-gen3ou-794063","format":"[Gen 3] OU","players":["kittencel","ChangchunDeXiannu"],"uploadtime":1727903743,"views":139,"formatid":"gen3ou","rating":null,"private":0,"password":null}
</script>

<script defer src="js/replays.js?9d40a366"></script>
