<!DOCTYPE html>
<meta charset="utf-8" />
<meta name="viewport" content="width=device-width" />

<title>[Gen 3] OU: incognidoqueen vs. Elisy - Replays - Pok&eacute;mon Showdown!</title>

<meta name="description" content="Watch a replay of a Pok&eacute;mon battle between incognidoqueen and Elisy! Format: [Gen 3] OU; Date: Oct 27, 2024" />
<!--

Hey, you! Looking in the source for the replay log?

You can find them in JSON format, just add `.json` at the end of a replay URL.

https://replay.pokemonshowdown.com/gen7randomdoublesbattle-865046831.json

Or, if you only need the log itself, add `.log` instead:

https://replay.pokemonshowdown.com/gen7randomdoublesbattle-865046831.log

-->

<link rel="stylesheet" href="//pokemonshowdown.com/style/global.css?0.023195364461161105" />
<link rel="stylesheet" href="//play.pokemonshowdown.com/style/font-awesome.css?0.13261647063804238" />
<link rel="stylesheet" href="//play.pokemonshowdown.com/style/battle.css?0.8753245789963631" />
<link rel="stylesheet" href="//play.pokemonshowdown.com/style/utilichart.css?0.8627959624976733" />

<!-- Global site tag (gtag.js) - Google Analytics -->
<script async src="https://www.googletagmanager.com/gtag/js?id=UA-26211653-1"></script>
<script>
  window.dataLayer = window.dataLayer || [];
  function gtag(){dataLayer.push(arguments);}
  gtag('js', new Date());

  gtag('config', 'UA-26211653-1');
</script>
<!-- End Google Analytics -->
<!-- Venatus Ad Manager - Install in <HEAD> of page -->
	<script src="https://hb.vntsm.com/v3/live/ad-manager.min.js" type="text/javascript" data-site-id="642aba63ec9a7b11c3c9c1be" data-mode="scan" async></script>
<!-- / Venatus Ad Manager -->

<style>
	@media (max-width:820px) {
		.battle {
			margin: 0 auto;
		}
		.battle-log {
			margin: 7px auto 0;
			max-width: 640px;
			height: 300px;
			position: static;
		}
	}
	.optgroup {
		display: inline-block;
		line-height: 22px;
		font-size: 10pt;
	}
	.optgroup .button {
		height: 25px;
		padding-top: 0;
		padding-bottom: 0;
	}
	.optgroup button.button {
		padding-left: 12px;
		padding-right: 12px;
	}
	.linklist {
		list-style: none;
		margin: 0.5em 0;
		padding: 0;
	}
	.linklist li {
		padding: 2px 0;
	}
	.sidebar {
		float: left;
		width: 320px;
	}
	.bar-wrapper {
		max-width: 1100px;
		margin: 0 auto;
	}
	.bar-wrapper.has-sidebar {
		max-width: 1430px;
	}
	.mainbar {
		margin: 0;
		padding-right: 1px;
	}
	.mainbar.has-sidebar {
		margin-left: 330px;
	}
	@media (min-width: 1511px) {
		.sidebar {
			width: 400px;
		}
		.bar-wrapper.has-sidebar {
			max-width: 1510px;
		}
		.mainbar.has-sidebar {
			margin-left: 410px;
		}
	}
	.section.first-section {
		margin-top: 9px;
	}
	.blocklink small {
		white-space: normal;
	}
	.button {
		vertical-align: middle;
	}
	.replay-controls {
		padding-top: 10px;
	}
	.replay-controls h1 {
		font-size: 16pt;
		font-weight: normal;
		color: #CCC;
	}
	.pagelink {
		text-align: center;
	}
	.pagelink a {
		width: 150px;
	}
	.textbox, .button {
		font-size: 11pt;
		vertical-align: middle;
	}
	@media (max-width: 450px) {
		.button {
			font-size: 9pt;
		}
	}
</style>

<div>

	<header>
		<div class="nav-wrapper"><ul class="nav">
			<li><a class="button nav-first" href="//pokemonshowdown.com/"><img src="//pokemonshowdown.com/images/pokemonshowdownbeta.png" srcset="//pokemonshowdown.com/images/pokemonshowdownbeta.png 1x, //pokemonshowdown.com/images/pokemonshowdownbeta@2x.png 2x" alt="Pok&eacute;mon Showdown" width="146" height="44" /> Home</a></li>
			<li><a class="button" href="//pokemonshowdown.com/dex/">Pok&eacute;dex</a></li>
			<li><a class="button cur" href="/">Replays</a></li>
			<li><a class="button" href="//pokemonshowdown.com/ladder/">Ladder</a></li>
			<li><a class="button nav-last" href="//pokemonshowdown.com/forums/">Forum</a></li>
			<li><a class="button greenbutton nav-first nav-last" href="//play.pokemonshowdown.com/">Play</a></li>
		</ul></div>
	</header>

	<div class="main" id="main">

		<noscript><section class="section">You need to enable JavaScript to use this page; sorry!</section></noscript>

	</div>

</div>

<script defer nomodule src="//play.pokemonshowdown.com/js/lib/ps-polyfill.js"></script>
<script defer src="//play.pokemonshowdown.com/js/lib/preact.min.js"></script>

<script defer src="//play.pokemonshowdown.com/config/config.js?2bddbc15"></script>
<script defer src="//play.pokemonshowdown.com/js/lib/jquery-1.11.0.min.js"></script>
<script defer src="//play.pokemonshowdown.com/js/lib/html-sanitizer-minified.js"></script>
<script defer src="//play.pokemonshowdown.com/js/battle-sound.js"></script>
<script defer src="//play.pokemonshowdown.com/js/battledata.js?0.7209276989879541"></script>
<script defer src="//play.pokemonshowdown.com/data/pokedex-mini.js?0.6111056340867951"></script>
<script defer src="//play.pokemonshowdown.com/data/pokedex-mini-bw.js?0.3532142036491459"></script>
<script defer src="//play.pokemonshowdown.com/data/graphics.js?0.24223875632456182"></script>
<script defer src="//play.pokemonshowdown.com/data/pokedex.js?0.38839984266356864"></script>
<script defer src="//play.pokemonshowdown.com/data/moves.js?0.21866028504024015"></script>
<script defer src="//play.pokemonshowdown.com/data/abilities.js?0.2005157953846628"></script>
<script defer src="//play.pokemonshowdown.com/data/items.js?0.9894211263848525"></script>
<script defer src="//play.pokemonshowdown.com/data/teambuilder-tables.js?0.6008791140282215"></script>
<script defer src="//play.pokemonshowdown.com/js/battle-tooltips.js?0.7580118955022959"></script>
<script defer src="//play.pokemonshowdown.com/js/battle.js?0.6057722274234274"></script>

<script defer src="js/utils.js?e31f9a17"></script>
<script defer src="js/replays-battle.js?7008c182"></script>

<!-- don't scrape this data! just add .json or .log after the URL!
Full API docs: https://github.com/smogon/pokemon-showdown-client/blob/master/WEB-API.md -->
<script type="text/plain" class="log" id="replaylog-smogtours-gen3ou-802419">
|inactive|Battle timer is ON: inactive players will automatically lose when time's up.
|t:|1730024389
|gametype|singles
|player|p1|incognidoqueen|clerkf|
|player|p2|Elisy|miku-flying|
|teamsize|p1|6
|teamsize|p2|6
|gen|3
|tier|[Gen 3] OU
|rule|Sleep Clause Mod: Limit one foe put to sleep
|rule|Switch Priority Clause Mod: Faster Pokémon switch first
|rule|Species Clause: Limit one of each Pokémon
|rule|OHKO Clause: OHKO moves are banned
|rule|Evasion Items Clause: Evasion items are banned
|rule|Evasion Moves Clause: Evasion moves are banned
|rule|Endless Battle Clause: Forcing endless battles is banned
|rule|HP Percentage Mod: HP is shown in percentages
|rule|One Boost Passer Clause: Limit one Baton Passer that has a way to boost its stats
|rule|Freeze Clause Mod: Limit one foe frozen
|
|t:|1730024389
|start
|switch|p1a: Metagross|Metagross|100/100
|switch|p2a: Raikou|Raikou|100/100
|turn|1
|c|☆Elisy|hf
|c|☆incognidoqueen|Glhf again
|c|☆Elisy|/log Elisy made the replay of this battle unlisted.
|inactive|Elisy has 270 seconds left.
|
|t:|1730024448
|switch|p2a: Claydol|Claydol|100/100
|move|p1a: Metagross|Meteor Mash|p2a: Claydol
|-damage|p2a: Claydol|26/100
|
|-heal|p2a: Claydol|32/100|[from] item: Leftovers
|upkeep
|turn|2
|
|t:|1730024470
|switch|p1a: Porygon2|Porygon2|100/100
|-ability|p1a: Porygon2|Levitate|[from] ability: Trace|[of] p2a: Claydol
|switch|p2a: Suicune|Suicune|100/100
|
|upkeep
|turn|3
|inactive|Elisy has 270 seconds left.
|
|t:|1730024497
|move|p2a: Suicune|Calm Mind|p2a: Suicune
|-boost|p2a: Suicune|spa|1
|-boost|p2a: Suicune|spd|1
|move|p1a: Porygon2|Toxic|p2a: Suicune|[miss]
|-miss|p1a: Porygon2|p2a: Suicune
|
|upkeep
|turn|4
|inactive|Elisy has 270 seconds left.
|
|t:|1730024505
|move|p2a: Suicune|Surf|p1a: Porygon2
|-damage|p1a: Porygon2|64/100
|move|p1a: Porygon2|Toxic|p2a: Suicune
|-status|p2a: Suicune|tox
|
|-damage|p2a: Suicune|94/100 tox|[from] psn
|-heal|p1a: Porygon2|70/100|[from] item: Leftovers
|upkeep
|turn|5
|
|t:|1730024514
|move|p2a: Suicune|Calm Mind|p2a: Suicune
|-boost|p2a: Suicune|spa|1
|-boost|p2a: Suicune|spd|1
|move|p1a: Porygon2|Hidden Power|p2a: Suicune
|-supereffective|p2a: Suicune
|-damage|p2a: Suicune|81/100 tox
|
|-heal|p2a: Suicune|87/100 tox|[from] item: Leftovers
|-damage|p2a: Suicune|75/100 tox|[from] psn
|-heal|p1a: Porygon2|76/100|[from] item: Leftovers
|upkeep
|turn|6
|
|t:|1730024523
|move|p2a: Suicune|Surf|p1a: Porygon2
|-damage|p1a: Porygon2|26/100
|move|p1a: Porygon2|Recover|p1a: Porygon2
|-heal|p1a: Porygon2|76/100
|
|-heal|p2a: Suicune|81/100 tox|[from] item: Leftovers
|-damage|p2a: Suicune|62/100 tox|[from] psn
|-heal|p1a: Porygon2|82/100|[from] item: Leftovers
|upkeep
|turn|7
|
|t:|1730024530
|move|p2a: Suicune|Calm Mind|p2a: Suicune
|-boost|p2a: Suicune|spa|1
|-boost|p2a: Suicune|spd|1
|move|p1a: Porygon2|Recover|p1a: Porygon2
|-heal|p1a: Porygon2|100/100
|
|-heal|p2a: Suicune|68/100 tox|[from] item: Leftovers
|-damage|p2a: Suicune|44/100 tox|[from] psn
|upkeep
|turn|8
|
|t:|1730024543
|switch|p1a: Magneton|Magneton|100/100
|move|p2a: Suicune|Surf|p1a: Magneton
|-damage|p1a: Magneton|0 fnt
|faint|p1a: Magneton
|
|t:|1730024554
|switch|p1a: Salamence|Salamence, M|100/100
|-ability|p1a: Salamence|Intimidate|boost
|-unboost|p2a: Suicune|atk|1
|
|-heal|p2a: Suicune|50/100 tox|[from] item: Leftovers
|-damage|p2a: Suicune|19/100 tox|[from] psn
|upkeep
|turn|9
|inactive|Elisy has 270 seconds left.
|
|t:|1730024591
|switch|p2a: Jirachi|Jirachi|100/100
|move|p1a: Salamence|Hidden Power|p2a: Jirachi
|-resisted|p2a: Jirachi
|-damage|p2a: Jirachi|89/100
|
|-heal|p2a: Jirachi|95/100|[from] item: Leftovers
|upkeep
|turn|10
|inactive|Elisy has 270 seconds left.
|
|t:|1730024605
|switch|p1a: Houndoom|Houndoom, F|100/100
|move|p2a: Jirachi|Wish|p2a: Jirachi
|
|-heal|p2a: Jirachi|100/100|[from] item: Leftovers
|upkeep
|turn|11
|inactive|Elisy has 270 seconds left.
|
|t:|1730024636
|switch|p2a: Porygon2|Porygon2|100/100
|-ability|p2a: Porygon2|Flash Fire|[from] ability: Trace|[of] p1a: Houndoom
|move|p1a: Houndoom|Crunch|p2a: Porygon2
|-damage|p2a: Porygon2|66/100
|
|-heal|p2a: Porygon2|100/100|[from] move: Wish|[wisher] Jirachi
|upkeep
|turn|12
|inactive|Elisy has 240 seconds left.
|inactive|Elisy has 210 seconds left.
|
|t:|1730024689
|switch|p1a: Porygon2|Porygon2|100/100
|-ability|p1a: Porygon2|Flash Fire|[from] ability: Trace|[of] p2a: Porygon2
|move|p2a: Porygon2|Thunderbolt|p1a: Porygon2
|-damage|p1a: Porygon2|80/100
|
|-heal|p1a: Porygon2|86/100|[from] item: Leftovers
|upkeep
|turn|13
|inactive|Elisy has 210 seconds left.
|
|t:|1730024708
|switch|p1a: Houndoom|Houndoom, F|100/100
|switch|p2a: Celebi|Celebi|100/100
|
|upkeep
|turn|14
|inactive|incognidoqueen has 270 seconds left.
|
|t:|1730024733
|move|p1a: Houndoom|Fire Blast|p2a: Celebi
|-supereffective|p2a: Celebi
|-damage|p2a: Celebi|13/100
|move|p2a: Celebi|Leech Seed|p1a: Houndoom|[miss]
|-miss|p2a: Celebi|p1a: Houndoom
|
|-heal|p2a: Celebi|19/100|[from] item: Leftovers
|upkeep
|turn|15
|
|t:|1730024740
|move|p1a: Houndoom|Pursuit|p2a: Celebi
|-supereffective|p2a: Celebi
|-crit|p2a: Celebi
|-damage|p2a: Celebi|0 fnt
|faint|p2a: Celebi
|inactive|Elisy has 180 seconds left.
|
|t:|1730024764
|switch|p2a: Raikou|Raikou|100/100
|
|upkeep
|turn|16
|
|t:|1730024773
|move|p1a: Houndoom|Crunch|p2a: Raikou
|-damage|p2a: Raikou|70/100
|move|p2a: Raikou|Calm Mind|p2a: Raikou
|-boost|p2a: Raikou|spa|1
|-boost|p2a: Raikou|spd|1
|
|-heal|p2a: Raikou|76/100|[from] item: Leftovers
|upkeep
|turn|17
|
|t:|1730024782
|switch|p1a: Snorlax|Snorlax, F|100/100
|move|p2a: Raikou|Thunderbolt|p1a: Snorlax
|-damage|p1a: Snorlax|74/100
|
|-heal|p2a: Raikou|83/100|[from] item: Leftovers
|upkeep
|turn|18
|
|t:|1730024799
|switch|p2a: Claydol|Claydol|32/100
|move|p1a: Snorlax|Amnesia|p1a: Snorlax
|-boost|p1a: Snorlax|spd|2
|
|-heal|p2a: Claydol|38/100|[from] item: Leftovers
|upkeep
|turn|19
|
|t:|1730024810
|switch|p1a: Salamence|Salamence, M|100/100
|-ability|p1a: Salamence|Intimidate|boost
|-unboost|p2a: Claydol|atk|1
|move|p2a: Claydol|Earthquake|p1a: Salamence
|-immune|p1a: Salamence
|
|-heal|p2a: Claydol|44/100|[from] item: Leftovers
|upkeep
|turn|20
|
|t:|1730024817
|switch|p2a: Porygon2|Porygon2|100/100
|-ability|p2a: Porygon2|Intimidate|[from] ability: Trace|[of] p1a: Salamence
|move|p1a: Salamence|Dragon Dance|p1a: Salamence
|-boost|p1a: Salamence|atk|1
|-boost|p1a: Salamence|spe|1
|
|upkeep
|turn|21
|
|t:|1730024823
|switch|p1a: Metagross|Metagross|100/100
|move|p2a: Porygon2|Ice Beam|p1a: Metagross
|-resisted|p1a: Metagross
|-crit|p1a: Metagross
|-damage|p1a: Metagross|73/100
|-status|p1a: Metagross|frz
|
|upkeep
|turn|22
|c|☆Elisy|again
|c|☆Elisy|sorry
|c|☆incognidoqueen|All g
|
|t:|1730024851
|switch|p2a: Suicune|Suicune|19/100 tox
|cant|p1a: Metagross|frz
|
|-heal|p2a: Suicune|25/100 tox|[from] item: Leftovers
|-damage|p2a: Suicune|19/100 tox|[from] psn
|upkeep
|turn|23
|
|t:|1730024857
|move|p2a: Suicune|Rest|p2a: Suicune
|-status|p2a: Suicune|slp|[from] move: Rest
|-heal|p2a: Suicune|100/100 slp|[silent]
|cant|p1a: Metagross|frz
|
|upkeep
|turn|24
|inactive|Elisy has 180 seconds left.
|
|t:|1730024890
|switch|p2a: Claydol|Claydol|44/100
|cant|p1a: Metagross|frz
|
|-heal|p2a: Claydol|50/100|[from] item: Leftovers
|upkeep
|turn|25
|
|t:|1730024895
|switch|p1a: Salamence|Salamence, M|100/100
|-ability|p1a: Salamence|Intimidate|boost
|-unboost|p2a: Claydol|atk|1
|move|p2a: Claydol|Earthquake|p1a: Salamence
|-immune|p1a: Salamence
|
|-heal|p2a: Claydol|57/100|[from] item: Leftovers
|upkeep
|turn|26
|
|t:|1730024903
|switch|p2a: Porygon2|Porygon2|100/100
|-ability|p2a: Porygon2|Intimidate|[from] ability: Trace|[of] p1a: Salamence
|move|p1a: Salamence|Hidden Power|p2a: Porygon2
|-damage|p2a: Porygon2|70/100
|
|-heal|p2a: Porygon2|76/100|[from] item: Leftovers
|upkeep
|turn|27
|
|t:|1730024912
|switch|p1a: Houndoom|Houndoom, F|100/100
|switch|p2a: Raikou|Raikou|83/100
|
|-heal|p2a: Raikou|89/100|[from] item: Leftovers
|upkeep
|turn|28
|
|t:|1730024925
|move|p1a: Houndoom|Will-O-Wisp|p2a: Raikou
|-status|p2a: Raikou|brn
|move|p2a: Raikou|Thunderbolt|p1a: Houndoom
|-damage|p1a: Houndoom|49/100
|
|-heal|p1a: Houndoom|55/100|[from] item: Leftovers
|-heal|p2a: Raikou|95/100 brn|[from] item: Leftovers
|-damage|p2a: Raikou|83/100 brn|[from] brn
|upkeep
|turn|29
|
|t:|1730024936
|switch|p2a: Jirachi|Jirachi|100/100
|move|p1a: Houndoom|Crunch|p2a: Jirachi
|-damage|p2a: Jirachi|70/100
|
|-heal|p1a: Houndoom|61/100|[from] item: Leftovers
|-heal|p2a: Jirachi|76/100|[from] item: Leftovers
|upkeep
|turn|30
|
|t:|1730024945
|move|p2a: Jirachi|Protect|p2a: Jirachi
|-singleturn|p2a: Jirachi|Protect
|move|p1a: Houndoom|Fire Blast|p2a: Jirachi
|-activate|p2a: Jirachi|Protect
|
|-heal|p1a: Houndoom|67/100|[from] item: Leftovers
|-heal|p2a: Jirachi|82/100|[from] item: Leftovers
|upkeep
|turn|31
|
|t:|1730024954
|switch|p2a: Suicune|Suicune|100/100 slp
|move|p1a: Houndoom|Will-O-Wisp|p2a: Suicune|[miss]
|-miss|p1a: Houndoom|p2a: Suicune
|
|-heal|p1a: Houndoom|74/100|[from] item: Leftovers
|upkeep
|turn|32
|inactive|Elisy has 210 seconds left.
|
|t:|1730024964
|switch|p2a: Jirachi|Jirachi|82/100
|move|p1a: Houndoom|Crunch|p2a: Jirachi
|-damage|p2a: Jirachi|49/100
|-unboost|p2a: Jirachi|spd|1
|
|-heal|p1a: Houndoom|80/100|[from] item: Leftovers
|-heal|p2a: Jirachi|55/100|[from] item: Leftovers
|upkeep
|turn|33
|inactive|Elisy has 210 seconds left.
|
|t:|1730024972
|switch|p2a: Suicune|Suicune|100/100 slp
|move|p1a: Houndoom|Crunch|p2a: Suicune
|-damage|p2a: Suicune|75/100 slp
|
|-heal|p1a: Houndoom|86/100|[from] item: Leftovers
|-heal|p2a: Suicune|81/100 slp|[from] item: Leftovers
|upkeep
|turn|34
|
|t:|1730024978
|move|p1a: Houndoom|Crunch|p2a: Suicune
|-damage|p2a: Suicune|54/100 slp
|cant|p2a: Suicune|slp
|
|-heal|p1a: Houndoom|92/100|[from] item: Leftovers
|-heal|p2a: Suicune|60/100 slp|[from] item: Leftovers
|upkeep
|turn|35
|
|t:|1730024987
|move|p1a: Houndoom|Crunch|p2a: Suicune
|-damage|p2a: Suicune|31/100 slp
|cant|p2a: Suicune|slp
|
|-heal|p1a: Houndoom|99/100|[from] item: Leftovers
|-heal|p2a: Suicune|37/100 slp|[from] item: Leftovers
|upkeep
|turn|36
|
|t:|1730025005
|switch|p1a: Snorlax|Snorlax, F|74/100
|-curestatus|p2a: Suicune|slp|[msg]
|move|p2a: Suicune|Rest|p2a: Suicune
|-status|p2a: Suicune|slp|[from] move: Rest
|-heal|p2a: Suicune|100/100 slp|[silent]
|
|upkeep
|turn|37
|
|t:|1730025027
|switch|p2a: Jirachi|Jirachi|55/100
|move|p1a: Snorlax|Return|p2a: Jirachi
|-resisted|p2a: Jirachi
|-damage|p2a: Jirachi|43/100
|
|-heal|p2a: Jirachi|50/100|[from] item: Leftovers
|upkeep
|turn|38
|
|t:|1730025042
|switch|p1a: Salamence|Salamence, M|100/100
|-ability|p1a: Salamence|Intimidate|boost
|-unboost|p2a: Jirachi|atk|1
|move|p2a: Jirachi|Wish|p2a: Jirachi
|
|-heal|p2a: Jirachi|56/100|[from] item: Leftovers
|upkeep
|turn|39
|
|t:|1730025058
|move|p1a: Salamence|Earthquake|p2a: Jirachi
|-supereffective|p2a: Jirachi
|-damage|p2a: Jirachi|5/100
|move|p2a: Jirachi|Toxic|p1a: Salamence
|-status|p1a: Salamence|tox
|
|-heal|p2a: Jirachi|55/100|[from] move: Wish|[wisher] Jirachi
|-damage|p1a: Salamence|94/100 tox|[from] psn
|-heal|p2a: Jirachi|61/100|[from] item: Leftovers
|upkeep
|turn|40
|
|t:|1730025067
|move|p1a: Salamence|Dragon Dance|p1a: Salamence
|-boost|p1a: Salamence|atk|1
|-boost|p1a: Salamence|spe|1
|move|p2a: Jirachi|Wish|p2a: Jirachi
|
|-heal|p1a: Salamence|100/100 tox|[from] item: Leftovers
|-damage|p1a: Salamence|88/100 tox|[from] psn
|-heal|p2a: Jirachi|67/100|[from] item: Leftovers
|upkeep
|turn|41
|
|t:|1730025073
|switch|p2a: Claydol|Claydol|57/100
|move|p1a: Salamence|Dragon Dance|p1a: Salamence
|-boost|p1a: Salamence|atk|1
|-boost|p1a: Salamence|spe|1
|
|-heal|p2a: Claydol|100/100|[from] move: Wish|[wisher] Jirachi
|-heal|p1a: Salamence|94/100 tox|[from] item: Leftovers
|-damage|p1a: Salamence|76/100 tox|[from] psn
|upkeep
|turn|42
|
|t:|1730025079
|move|p1a: Salamence|Hidden Power|p2a: Claydol
|-damage|p2a: Claydol|34/100
|move|p2a: Claydol|Psychic|p1a: Salamence
|-crit|p1a: Salamence
|-damage|p1a: Salamence|25/100 tox
|
|-heal|p1a: Salamence|32/100 tox|[from] item: Leftovers
|-damage|p1a: Salamence|7/100 tox|[from] psn
|-heal|p2a: Claydol|40/100|[from] item: Leftovers
|upkeep
|turn|43
|inactive|Elisy has 240 seconds left.
|
|t:|1730025094
|move|p1a: Salamence|Hidden Power|p2a: Claydol
|-damage|p2a: Claydol|0 fnt
|faint|p2a: Claydol
|inactive|Elisy has 210 seconds left.
|
|t:|1730025131
|switch|p2a: Suicune|Suicune|100/100 slp
|
|-heal|p1a: Salamence|13/100 tox|[from] item: Leftovers
|-damage|p1a: Salamence|0 fnt|[from] psn
|faint|p1a: Salamence
|upkeep
|
|t:|1730025140
|switch|p1a: Snorlax|Snorlax, F|74/100
|turn|44
|
|t:|1730025144
|switch|p2a: Jirachi|Jirachi|67/100
|move|p1a: Snorlax|Amnesia|p1a: Snorlax
|-boost|p1a: Snorlax|spd|2
|
|-heal|p2a: Jirachi|74/100|[from] item: Leftovers
|upkeep
|turn|45
|
|t:|1730025150
|move|p2a: Jirachi|Fire Punch|p1a: Snorlax
|-damage|p1a: Snorlax|71/100
|move|p1a: Snorlax|Curse|p1a: Snorlax
|-unboost|p1a: Snorlax|spe|1
|-boost|p1a: Snorlax|atk|1
|-boost|p1a: Snorlax|def|1
|
|-heal|p2a: Jirachi|80/100|[from] item: Leftovers
|upkeep
|turn|46
|
|t:|1730025156
|move|p2a: Jirachi|Fire Punch|p1a: Snorlax
|-damage|p1a: Snorlax|69/100
|-status|p1a: Snorlax|brn
|move|p1a: Snorlax|Curse|p1a: Snorlax
|-unboost|p1a: Snorlax|spe|1
|-boost|p1a: Snorlax|atk|1
|-boost|p1a: Snorlax|def|1
|
|-heal|p2a: Jirachi|86/100|[from] item: Leftovers
|-damage|p1a: Snorlax|57/100 brn|[from] brn
|upkeep
|turn|47
|
|t:|1730025178
|switch|p2a: Suicune|Suicune|100/100 slp
|move|p1a: Snorlax|Curse|p1a: Snorlax
|-unboost|p1a: Snorlax|spe|1
|-boost|p1a: Snorlax|atk|1
|-boost|p1a: Snorlax|def|1
|
|-damage|p1a: Snorlax|44/100 brn|[from] brn
|upkeep
|turn|48
|
|t:|1730025188
|cant|p2a: Suicune|slp
|move|p1a: Snorlax|Amnesia|p1a: Snorlax
|-boost|p1a: Snorlax|spd|2
|
|-damage|p1a: Snorlax|32/100 brn|[from] brn
|upkeep
|turn|49
|
|t:|1730025193
|move|p1a: Snorlax|Rest|p1a: Snorlax
|-status|p1a: Snorlax|slp|[from] move: Rest
|-heal|p1a: Snorlax|100/100 slp|[silent]
|-enditem|p1a: Snorlax|Chesto Berry|[eat]
|-curestatus|p1a: Snorlax|slp|[msg]
|cant|p2a: Suicune|slp
|
|upkeep
|turn|50
|inactive|Elisy has 240 seconds left.
|
|t:|1730025202
|move|p1a: Snorlax|Return|p2a: Suicune
|-damage|p2a: Suicune|42/100 slp
|-curestatus|p2a: Suicune|slp|[msg]
|move|p2a: Suicune|Roar|p1a: Snorlax
|drag|p1a: Houndoom|Houndoom, F|99/100
|
|-heal|p1a: Houndoom|100/100|[from] item: Leftovers
|-heal|p2a: Suicune|49/100|[from] item: Leftovers
|upkeep
|turn|51
|inactive|Elisy has 240 seconds left.
|
|t:|1730025215
|move|p1a: Houndoom|Crunch|p2a: Suicune
|-damage|p2a: Suicune|23/100
|move|p2a: Suicune|Surf|p1a: Houndoom
|-supereffective|p1a: Houndoom
|-damage|p1a: Houndoom|14/100
|
|-heal|p1a: Houndoom|20/100|[from] item: Leftovers
|-heal|p2a: Suicune|29/100|[from] item: Leftovers
|upkeep
|turn|52
|inactive|Elisy has 240 seconds left.
|
|t:|1730025235
|switch|p2a: Porygon2|Porygon2|76/100
|-ability|p2a: Porygon2|Flash Fire|[from] ability: Trace|[of] p1a: Houndoom
|move|p1a: Houndoom|Crunch|p2a: Porygon2
|-damage|p2a: Porygon2|43/100
|
|-heal|p1a: Houndoom|26/100|[from] item: Leftovers
|-heal|p2a: Porygon2|49/100|[from] item: Leftovers
|upkeep
|turn|53
|inactive|Elisy has 240 seconds left.
|
|t:|1730025253
|move|p1a: Houndoom|Crunch|p2a: Porygon2
|-damage|p2a: Porygon2|13/100
|-unboost|p2a: Porygon2|spd|1
|move|p2a: Porygon2|Thunderbolt|p1a: Houndoom
|-damage|p1a: Houndoom|0 fnt
|faint|p1a: Houndoom
|
|t:|1730025260
|switch|p1a: Porygon2|Porygon2|86/100
|-ability|p1a: Porygon2|Flash Fire|[from] ability: Trace|[of] p2a: Porygon2
|
|-heal|p2a: Porygon2|19/100|[from] item: Leftovers
|-heal|p1a: Porygon2|92/100|[from] item: Leftovers
|upkeep
|turn|54
|inactive|Elisy has 240 seconds left.
|inactive|Elisy has 210 seconds left.
|
|t:|1730025319
|switch|p2a: Raikou|Raikou|83/100 brn
|move|p1a: Porygon2|Toxic||[still]
|-fail|p1a: Porygon2
|
|-heal|p2a: Raikou|89/100 brn|[from] item: Leftovers
|-damage|p2a: Raikou|76/100 brn|[from] brn
|-heal|p1a: Porygon2|99/100|[from] item: Leftovers
|upkeep
|turn|55
|
|t:|1730025327
|switch|p1a: Snorlax|Snorlax, F|100/100
|move|p2a: Raikou|Calm Mind|p2a: Raikou
|-boost|p2a: Raikou|spa|1
|-boost|p2a: Raikou|spd|1
|
|-heal|p2a: Raikou|83/100 brn|[from] item: Leftovers
|-damage|p2a: Raikou|70/100 brn|[from] brn
|upkeep
|turn|56
|inactive|Elisy has 210 seconds left.
|
|t:|1730025335
|switch|p2a: Jirachi|Jirachi|86/100
|move|p1a: Snorlax|Amnesia|p1a: Snorlax
|-boost|p1a: Snorlax|spd|2
|
|-heal|p2a: Jirachi|92/100|[from] item: Leftovers
|upkeep
|turn|57
|
|t:|1730025344
|switch|p1a: Metagross|Metagross|73/100 frz
|move|p2a: Jirachi|Fire Punch|p1a: Metagross
|-supereffective|p1a: Metagross
|-damage|p1a: Metagross|31/100 frz
|-curestatus|p1a: Metagross|frz|[msg]
|
|-heal|p2a: Jirachi|98/100|[from] item: Leftovers
|upkeep
|turn|58
|inactive|Elisy has 210 seconds left.
|
|t:|1730025377
|move|p2a: Jirachi|Fire Punch|p1a: Metagross
|-supereffective|p1a: Metagross
|-damage|p1a: Metagross|0 fnt
|faint|p1a: Metagross
|
|t:|1730025382
|switch|p1a: Porygon2|Porygon2|99/100
|-ability|p1a: Porygon2|Serene Grace|[from] ability: Trace|[of] p2a: Jirachi
|
|-heal|p2a: Jirachi|100/100|[from] item: Leftovers
|-heal|p1a: Porygon2|100/100|[from] item: Leftovers
|upkeep
|turn|59
|
|t:|1730025400
|switch|p1a: Snorlax|Snorlax, F|100/100
|move|p2a: Jirachi|Toxic|p1a: Snorlax|[miss]
|-miss|p2a: Jirachi|p1a: Snorlax
|
|upkeep
|turn|60
|
|t:|1730025406
|switch|p1a: Porygon2|Porygon2|100/100
|-ability|p1a: Porygon2|Serene Grace|[from] ability: Trace|[of] p2a: Jirachi
|move|p2a: Jirachi|Fire Punch|p1a: Porygon2
|-damage|p1a: Porygon2|86/100
|
|-heal|p1a: Porygon2|92/100|[from] item: Leftovers
|upkeep
|turn|61
|inactive|Elisy has 210 seconds left.
|
|t:|1730025416
|move|p2a: Jirachi|Fire Punch|p1a: Porygon2
|-damage|p1a: Porygon2|77/100
|move|p1a: Porygon2|Toxic|p2a: Jirachi
|-immune|p2a: Jirachi
|
|-heal|p1a: Porygon2|83/100|[from] item: Leftovers
|upkeep
|turn|62
|
|t:|1730025420
|move|p2a: Jirachi|Toxic|p1a: Porygon2
|-status|p1a: Porygon2|tox
|move|p1a: Porygon2|Toxic|p2a: Jirachi
|-immune|p2a: Jirachi
|
|-heal|p1a: Porygon2|89/100 tox|[from] item: Leftovers
|-damage|p1a: Porygon2|83/100 tox|[from] psn
|upkeep
|turn|63
|
|t:|1730025428
|switch|p2a: Raikou|Raikou|70/100 brn
|move|p1a: Porygon2|Toxic|p2a: Raikou|[miss]
|-miss|p1a: Porygon2|p2a: Raikou
|
|-heal|p2a: Raikou|76/100 brn|[from] item: Leftovers
|-damage|p2a: Raikou|64/100 brn|[from] brn
|-heal|p1a: Porygon2|89/100 tox|[from] item: Leftovers
|-damage|p1a: Porygon2|77/100 tox|[from] psn
|upkeep
|turn|64
|
|t:|1730025434
|switch|p2a: Jirachi|Jirachi|100/100
|move|p1a: Porygon2|Ice Beam|p2a: Jirachi
|-resisted|p2a: Jirachi
|-damage|p2a: Jirachi|91/100
|-status|p2a: Jirachi|frz
|
|-heal|p2a: Jirachi|97/100 frz|[from] item: Leftovers
|-heal|p1a: Porygon2|83/100 tox|[from] item: Leftovers
|-damage|p1a: Porygon2|64/100 tox|[from] psn
|upkeep
|turn|65
|
|t:|1730025440
|cant|p2a: Jirachi|frz
|move|p1a: Porygon2|Ice Beam|p2a: Jirachi
|-resisted|p2a: Jirachi
|-damage|p2a: Jirachi|87/100 frz
|
|-heal|p2a: Jirachi|93/100 frz|[from] item: Leftovers
|-heal|p1a: Porygon2|71/100 tox|[from] item: Leftovers
|-damage|p1a: Porygon2|46/100 tox|[from] psn
|upkeep
|turn|66
|
|t:|1730025445
|cant|p2a: Jirachi|frz
|move|p1a: Porygon2|Ice Beam|p2a: Jirachi
|-resisted|p2a: Jirachi
|-damage|p2a: Jirachi|84/100 frz
|
|-heal|p2a: Jirachi|91/100 frz|[from] item: Leftovers
|-heal|p1a: Porygon2|52/100 tox|[from] item: Leftovers
|-damage|p1a: Porygon2|21/100 tox|[from] psn
|upkeep
|turn|67
|
|t:|1730025449
|-curestatus|p2a: Jirachi|frz|[msg]
|move|p2a: Jirachi|Fire Punch|p1a: Porygon2
|-damage|p1a: Porygon2|7/100 tox
|move|p1a: Porygon2|Ice Beam|p2a: Jirachi
|-resisted|p2a: Jirachi
|-damage|p2a: Jirachi|80/100
|
|-heal|p2a: Jirachi|86/100|[from] item: Leftovers
|-heal|p1a: Porygon2|13/100 tox|[from] item: Leftovers
|-damage|p1a: Porygon2|0 fnt|[from] psn
|faint|p1a: Porygon2
|upkeep
|
|t:|1730025453
|switch|p1a: Snorlax|Snorlax, F|100/100
|turn|68
|
|t:|1730025456
|move|p2a: Jirachi|Fire Punch|p1a: Snorlax
|-damage|p1a: Snorlax|96/100
|move|p1a: Snorlax|Amnesia|p1a: Snorlax
|-boost|p1a: Snorlax|spd|2
|
|-heal|p2a: Jirachi|93/100|[from] item: Leftovers
|upkeep
|turn|69
|
|t:|1730025461
|move|p2a: Jirachi|Fire Punch|p1a: Snorlax
|-damage|p1a: Snorlax|94/100
|move|p1a: Snorlax|Curse|p1a: Snorlax
|-unboost|p1a: Snorlax|spe|1
|-boost|p1a: Snorlax|atk|1
|-boost|p1a: Snorlax|def|1
|
|-heal|p2a: Jirachi|99/100|[from] item: Leftovers
|upkeep
|turn|70
|
|t:|1730025465
|move|p2a: Jirachi|Fire Punch|p1a: Snorlax
|-damage|p1a: Snorlax|92/100
|move|p1a: Snorlax|Amnesia|p1a: Snorlax
|-boost|p1a: Snorlax|spd|2
|
|-heal|p2a: Jirachi|100/100|[from] item: Leftovers
|upkeep
|turn|71
|
|t:|1730025470
|move|p2a: Jirachi|Fire Punch|p1a: Snorlax
|-damage|p1a: Snorlax|90/100
|move|p1a: Snorlax|Amnesia|p1a: Snorlax
|-boost|p1a: Snorlax|spd|2
|
|upkeep
|turn|72
|
|t:|1730025475
|move|p2a: Jirachi|Fire Punch|p1a: Snorlax
|-damage|p1a: Snorlax|89/100
|move|p1a: Snorlax|Curse|p1a: Snorlax
|-unboost|p1a: Snorlax|spe|1
|-boost|p1a: Snorlax|atk|1
|-boost|p1a: Snorlax|def|1
|
|upkeep
|turn|73
|
|t:|1730025479
|move|p2a: Jirachi|Fire Punch|p1a: Snorlax
|-crit|p1a: Snorlax
|-damage|p1a: Snorlax|80/100
|-status|p1a: Snorlax|brn
|move|p1a: Snorlax|Curse|p1a: Snorlax
|-unboost|p1a: Snorlax|spe|1
|-boost|p1a: Snorlax|atk|1
|-boost|p1a: Snorlax|def|1
|
|-damage|p1a: Snorlax|68/100 brn|[from] brn
|upkeep
|turn|74
|
|t:|1730025484
|move|p2a: Jirachi|Wish|p2a: Jirachi
|move|p1a: Snorlax|Curse|p1a: Snorlax
|-unboost|p1a: Snorlax|spe|1
|-boost|p1a: Snorlax|atk|1
|-boost|p1a: Snorlax|def|1
|
|-damage|p1a: Snorlax|55/100 brn|[from] brn
|upkeep
|turn|75
|
|t:|1730025488
|switch|p2a: Suicune|Suicune|29/100
|move|p1a: Snorlax|Curse|p1a: Snorlax
|-unboost|p1a: Snorlax|spe|1
|-boost|p1a: Snorlax|atk|1
|-boost|p1a: Snorlax|def|1
|
|-heal|p2a: Suicune|79/100|[from] move: Wish|[wisher] Jirachi
|-heal|p2a: Suicune|85/100|[from] item: Leftovers
|-damage|p1a: Snorlax|43/100 brn|[from] brn
|upkeep
|turn|76
|
|t:|1730025501
|move|p2a: Suicune|Rest|p2a: Suicune
|-status|p2a: Suicune|slp|[from] move: Rest
|-heal|p2a: Suicune|100/100 slp|[silent]
|move|p1a: Snorlax|Rest|p1a: Snorlax
|-status|p1a: Snorlax|slp|[from] move: Rest
|-heal|p1a: Snorlax|100/100 slp|[silent]
|
|upkeep
|turn|77
|inactive|Elisy has 270 seconds left.
|
|t:|1730025560
|switch|p2a: Porygon2|Porygon2|19/100
|-ability|p2a: Porygon2|Thick Fat|[from] ability: Trace|[of] p1a: Snorlax
|cant|p1a: Snorlax|slp
|
|-heal|p2a: Porygon2|25/100|[from] item: Leftovers
|upkeep
|turn|78
|
|t:|1730025574
|switch|p2a: Jirachi|Jirachi|100/100
|cant|p1a: Snorlax|slp
|
|upkeep
|turn|79
|inactive|Elisy has 240 seconds left.
|
|t:|1730025589
|move|p2a: Jirachi|Fire Punch|p1a: Snorlax
|-damage|p1a: Snorlax|99/100 slp
|-curestatus|p1a: Snorlax|slp|[msg]
|move|p1a: Snorlax|Return|p2a: Jirachi
|-resisted|p2a: Jirachi
|-crit|p2a: Jirachi
|-damage|p2a: Jirachi|10/100
|
|-heal|p2a: Jirachi|16/100|[from] item: Leftovers
|upkeep
|turn|80
|inactive|Elisy has 240 seconds left.
|c|☆incognidoqueen|Mb on turn 1 crit
|inactive|Elisy has 210 seconds left.
|
|t:|1730025646
|move|p2a: Jirachi|Protect|p2a: Jirachi
|-singleturn|p2a: Jirachi|Protect
|move|p1a: Snorlax|Return|p2a: Jirachi
|-activate|p2a: Jirachi|Protect
|
|-heal|p2a: Jirachi|23/100|[from] item: Leftovers
|upkeep
|turn|81
|inactive|Elisy has 180 seconds left.
|inactive|Elisy has 150 seconds left.
|
|t:|1730025703
|switch|p2a: Raikou|Raikou|64/100 brn
|move|p1a: Snorlax|Return|p2a: Raikou
|-damage|p2a: Raikou|0 fnt
|faint|p2a: Raikou
|inactive|Elisy has 150 seconds left.
|
|t:|1730025723
|switch|p2a: Porygon2|Porygon2|25/100
|-ability|p2a: Porygon2|Thick Fat|[from] ability: Trace|[of] p1a: Snorlax
|
|-heal|p2a: Porygon2|32/100|[from] item: Leftovers
|upkeep
|turn|82
|
|t:|1730025732
|move|p2a: Porygon2|Ice Beam|p1a: Snorlax
|-damage|p1a: Snorlax|98/100
|move|p1a: Snorlax|Curse|p1a: Snorlax
|-unboost|p1a: Snorlax|spe|1
|-boost|p1a: Snorlax|atk|1
|-boost|p1a: Snorlax|def|1
|
|-heal|p2a: Porygon2|38/100|[from] item: Leftovers
|upkeep
|turn|83
|inactive|Elisy has 150 seconds left.
|
|t:|1730025738
|move|p2a: Porygon2|Ice Beam|p1a: Snorlax
|-damage|p1a: Snorlax|96/100
|move|p1a: Snorlax|Return|p2a: Porygon2
|-damage|p2a: Porygon2|0 fnt
|faint|p2a: Porygon2
|inactive|Elisy has 150 seconds left.
|
|t:|1730025745
|switch|p2a: Jirachi|Jirachi|23/100
|
|-heal|p2a: Jirachi|29/100|[from] item: Leftovers
|upkeep
|turn|84
|
|t:|1730025754
|move|p2a: Jirachi|Protect|p2a: Jirachi
|-singleturn|p2a: Jirachi|Protect
|move|p1a: Snorlax|Return|p2a: Jirachi
|-activate|p2a: Jirachi|Protect
|
|-heal|p2a: Jirachi|35/100|[from] item: Leftovers
|upkeep
|turn|85
|
|t:|1730025768
|move|p2a: Jirachi|Protect||[still]
|-fail|p2a: Jirachi
|move|p1a: Snorlax|Return|p2a: Jirachi
|-resisted|p2a: Jirachi
|-damage|p2a: Jirachi|0 fnt
|faint|p2a: Jirachi
|
|t:|1730025774
|switch|p2a: Suicune|Suicune|100/100 slp
|
|upkeep
|turn|86
|
|t:|1730025778
|cant|p2a: Suicune|slp
|move|p1a: Snorlax|Return|p2a: Suicune
|-damage|p2a: Suicune|0 fnt
|faint|p2a: Suicune
|
|win|incognidoqueen
|c|☆Elisy|gg
|c|☆incognidoqueen|Gg
|player|p1|

</script>
<script type="application/json" class="data" id="replaydata-smogtours-gen3ou-802419">
{"id":"smogtours-gen3ou-802419","format":"[Gen 3] OU","players":["incognidoqueen","Elisy"],"uploadtime":1730025778,"views":93,"formatid":"gen3ou","rating":null,"private":1,"password":null}
</script>

<script defer src="js/replays.js?9d40a366"></script>
