<!DOCTYPE html>
<meta charset="utf-8" />
<meta name="viewport" content="width=device-width" />

<title>[Gen 3] OU: BillGatesAlt vs. Venik777 - Replays - Pok&eacute;mon Showdown!</title>

<meta name="description" content="Watch a replay of a Pok&eacute;mon battle between BillGatesAlt and Venik777! Format: [Gen 3] OU; Date: Oct 27, 2024" />
<!--

Hey, you! Looking in the source for the replay log?

You can find them in JSON format, just add `.json` at the end of a replay URL.

https://replay.pokemonshowdown.com/gen7randomdoublesbattle-865046831.json

Or, if you only need the log itself, add `.log` instead:

https://replay.pokemonshowdown.com/gen7randomdoublesbattle-865046831.log

-->

<link rel="stylesheet" href="//pokemonshowdown.com/style/global.css?0.023195364461161105" />
<link rel="stylesheet" href="//play.pokemonshowdown.com/style/font-awesome.css?0.13261647063804238" />
<link rel="stylesheet" href="//play.pokemonshowdown.com/style/battle.css?0.8753245789963631" />
<link rel="stylesheet" href="//play.pokemonshowdown.com/style/utilichart.css?0.8627959624976733" />

<!-- Global site tag (gtag.js) - Google Analytics -->
<script async src="https://www.googletagmanager.com/gtag/js?id=UA-26211653-1"></script>
<script>
  window.dataLayer = window.dataLayer || [];
  function gtag(){dataLayer.push(arguments);}
  gtag('js', new Date());

  gtag('config', 'UA-26211653-1');
</script>
<!-- End Google Analytics -->
<!-- Venatus Ad Manager - Install in <HEAD> of page -->
	<script src="https://hb.vntsm.com/v3/live/ad-manager.min.js" type="text/javascript" data-site-id="642aba63ec9a7b11c3c9c1be" data-mode="scan" async></script>
<!-- / Venatus Ad Manager -->

<style>
	@media (max-width:820px) {
		.battle {
			margin: 0 auto;
		}
		.battle-log {
			margin: 7px auto 0;
			max-width: 640px;
			height: 300px;
			position: static;
		}
	}
	.optgroup {
		display: inline-block;
		line-height: 22px;
		font-size: 10pt;
	}
	.optgroup .button {
		height: 25px;
		padding-top: 0;
		padding-bottom: 0;
	}
	.optgroup button.button {
		padding-left: 12px;
		padding-right: 12px;
	}
	.linklist {
		list-style: none;
		margin: 0.5em 0;
		padding: 0;
	}
	.linklist li {
		padding: 2px 0;
	}
	.sidebar {
		float: left;
		width: 320px;
	}
	.bar-wrapper {
		max-width: 1100px;
		margin: 0 auto;
	}
	.bar-wrapper.has-sidebar {
		max-width: 1430px;
	}
	.mainbar {
		margin: 0;
		padding-right: 1px;
	}
	.mainbar.has-sidebar {
		margin-left: 330px;
	}
	@media (min-width: 1511px) {
		.sidebar {
			width: 400px;
		}
		.bar-wrapper.has-sidebar {
			max-width: 1510px;
		}
		.mainbar.has-sidebar {
			margin-left: 410px;
		}
	}
	.section.first-section {
		margin-top: 9px;
	}
	.blocklink small {
		white-space: normal;
	}
	.button {
		vertical-align: middle;
	}
	.replay-controls {
		padding-top: 10px;
	}
	.replay-controls h1 {
		font-size: 16pt;
		font-weight: normal;
		color: #CCC;
	}
	.pagelink {
		text-align: center;
	}
	.pagelink a {
		width: 150px;
	}
	.textbox, .button {
		font-size: 11pt;
		vertical-align: middle;
	}
	@media (max-width: 450px) {
		.button {
			font-size: 9pt;
		}
	}
</style>

<div>

	<header>
		<div class="nav-wrapper"><ul class="nav">
			<li><a class="button nav-first" href="//pokemonshowdown.com/"><img src="//pokemonshowdown.com/images/pokemonshowdownbeta.png" srcset="//pokemonshowdown.com/images/pokemonshowdownbeta.png 1x, //pokemonshowdown.com/images/pokemonshowdownbeta@2x.png 2x" alt="Pok&eacute;mon Showdown" width="146" height="44" /> Home</a></li>
			<li><a class="button" href="//pokemonshowdown.com/dex/">Pok&eacute;dex</a></li>
			<li><a class="button cur" href="/">Replays</a></li>
			<li><a class="button" href="//pokemonshowdown.com/ladder/">Ladder</a></li>
			<li><a class="button nav-last" href="//pokemonshowdown.com/forums/">Forum</a></li>
			<li><a class="button greenbutton nav-first nav-last" href="//play.pokemonshowdown.com/">Play</a></li>
		</ul></div>
	</header>

	<div class="main" id="main">

		<noscript><section class="section">You need to enable JavaScript to use this page; sorry!</section></noscript>

	</div>

</div>

<script defer nomodule src="//play.pokemonshowdown.com/js/lib/ps-polyfill.js"></script>
<script defer src="//play.pokemonshowdown.com/js/lib/preact.min.js"></script>

<script defer src="//play.pokemonshowdown.com/config/config.js?2bddbc15"></script>
<script defer src="//play.pokemonshowdown.com/js/lib/jquery-1.11.0.min.js"></script>
<script defer src="//play.pokemonshowdown.com/js/lib/html-sanitizer-minified.js"></script>
<script defer src="//play.pokemonshowdown.com/js/battle-sound.js"></script>
<script defer src="//play.pokemonshowdown.com/js/battledata.js?0.7209276989879541"></script>
<script defer src="//play.pokemonshowdown.com/data/pokedex-mini.js?0.6111056340867951"></script>
<script defer src="//play.pokemonshowdown.com/data/pokedex-mini-bw.js?0.3532142036491459"></script>
<script defer src="//play.pokemonshowdown.com/data/graphics.js?0.24223875632456182"></script>
<script defer src="//play.pokemonshowdown.com/data/pokedex.js?0.38839984266356864"></script>
<script defer src="//play.pokemonshowdown.com/data/moves.js?0.21866028504024015"></script>
<script defer src="//play.pokemonshowdown.com/data/abilities.js?0.2005157953846628"></script>
<script defer src="//play.pokemonshowdown.com/data/items.js?0.9894211263848525"></script>
<script defer src="//play.pokemonshowdown.com/data/teambuilder-tables.js?0.6008791140282215"></script>
<script defer src="//play.pokemonshowdown.com/js/battle-tooltips.js?0.7580118955022959"></script>
<script defer src="//play.pokemonshowdown.com/js/battle.js?0.6057722274234274"></script>

<script defer src="js/utils.js?e31f9a17"></script>
<script defer src="js/replays-battle.js?7008c182"></script>

<!-- don't scrape this data! just add .json or .log after the URL!
Full API docs: https://github.com/smogon/pokemon-showdown-client/blob/master/WEB-API.md -->
<script type="text/plain" class="log" id="replaylog-smogtours-gen3ou-802725">
|inactive|Battle timer is ON: inactive players will automatically lose when time's up.
|t:|1730061565
|gametype|singles
|player|p1|BillGatesAlt|clown|
|player|p2|Venik777|bellelba|
|teamsize|p1|6
|teamsize|p2|6
|gen|3
|tier|[Gen 3] OU
|rule|Sleep Clause Mod: Limit one foe put to sleep
|rule|Switch Priority Clause Mod: Faster Pokémon switch first
|rule|Species Clause: Limit one of each Pokémon
|rule|OHKO Clause: OHKO moves are banned
|rule|Evasion Items Clause: Evasion items are banned
|rule|Evasion Moves Clause: Evasion moves are banned
|rule|Endless Battle Clause: Forcing endless battles is banned
|rule|HP Percentage Mod: HP is shown in percentages
|rule|One Boost Passer Clause: Limit one Baton Passer that has a way to boost its stats
|rule|Freeze Clause Mod: Limit one foe frozen
|
|t:|1730061565
|start
|switch|p1a: Salamence|Salamence, M|100/100
|switch|p2a: Zapdos|Zapdos|100/100
|-ability|p1a: Salamence|Intimidate|boost
|-unboost|p2a: Zapdos|atk|1
|turn|1
|
|t:|1730061590
|switch|p1a: Zapdos|Zapdos|100/100
|move|p2a: Zapdos|Protect||[still]
|-fail|p2a: Zapdos
|
|upkeep
|turn|2
|
|t:|1730061595
|move|p2a: Zapdos|Toxic|p1a: Zapdos
|-status|p1a: Zapdos|tox
|move|p1a: Zapdos|Thunderbolt|p2a: Zapdos
|-damage|p2a: Zapdos|57/100
|-status|p2a: Zapdos|par
|
|-damage|p1a: Zapdos|94/100 tox|[from] psn
|-heal|p2a: Zapdos|63/100 par|[from] item: Leftovers
|upkeep
|turn|3
|
|t:|1730061607
|switch|p2a: Blissey|Blissey, F|100/100
|move|p1a: Zapdos|Roar|p2a: Blissey
|drag|p2a: Flygon|Flygon, M|100/100
|
|-heal|p1a: Zapdos|100/100 tox|[from] item: Leftovers
|-damage|p1a: Zapdos|88/100 tox|[from] psn
|upkeep
|turn|4
|
|t:|1730061628
|move|p2a: Flygon|Rock Slide|p1a: Zapdos
|-supereffective|p1a: Zapdos
|-damage|p1a: Zapdos|52/100 tox
|move|p1a: Zapdos|Rest|p1a: Zapdos
|-status|p1a: Zapdos|slp|[from] move: Rest
|-heal|p1a: Zapdos|100/100 slp|[silent]
|
|upkeep
|turn|5
|
|t:|1730061637
|switch|p1a: Swampert|Swampert, F|100/100
|move|p2a: Flygon|Rock Slide|p1a: Swampert
|-resisted|p1a: Swampert
|-damage|p1a: Swampert|95/100
|
|-heal|p1a: Swampert|100/100|[from] item: Leftovers
|upkeep
|turn|6
|
|t:|1730061646
|switch|p2a: Skarmory|Skarmory, F|100/100
|move|p1a: Swampert|Toxic|p2a: Skarmory
|-immune|p2a: Skarmory
|
|upkeep
|turn|7
|
|t:|1730061651
|switch|p1a: Forretress|Forretress, M|100/100
|move|p2a: Skarmory|Spikes|p1a: Forretress
|-sidestart|p1: BillGatesAlt|Spikes
|
|upkeep
|turn|8
|
|t:|1730061657
|move|p1a: Forretress|Zap Cannon|p2a: Skarmory
|-supereffective|p2a: Skarmory
|-damage|p2a: Skarmory|74/100
|-status|p2a: Skarmory|par
|cant|p2a: Skarmory|par
|
|-heal|p2a: Skarmory|80/100 par|[from] item: Leftovers
|upkeep
|turn|9
|
|t:|1730061668
|move|p1a: Forretress|Spikes|p2a: Skarmory
|-sidestart|p2: Venik777|Spikes
|move|p2a: Skarmory|Roar|p1a: Forretress
|drag|p1a: Salamence|Salamence, M|100/100
|-ability|p1a: Salamence|Intimidate|boost
|-unboost|p2a: Skarmory|atk|1
|
|-heal|p2a: Skarmory|86/100 par|[from] item: Leftovers
|upkeep
|turn|10
|
|t:|1730061684
|switch|p2a: Tyranitar|Tyranitar, M|100/100
|-damage|p2a: Tyranitar|88/100|[from] Spikes
|-weather|Sandstorm|[from] ability: Sand Stream|[of] p2a: Tyranitar
|move|p1a: Salamence|Rock Slide|p2a: Tyranitar
|-crit|p2a: Tyranitar
|-damage|p2a: Tyranitar|0 fnt
|faint|p2a: Tyranitar
|c|☆Venik777|DAAM
|c|☆BillGatesAlt|sorry
|
|t:|1730061699
|switch|p2a: Blissey|Blissey, F|100/100
|-damage|p2a: Blissey|88/100|[from] Spikes
|
|-weather|Sandstorm|[upkeep]
|-damage|p1a: Salamence|94/100|[from] Sandstorm
|-damage|p2a: Blissey|82/100|[from] Sandstorm
|-heal|p2a: Blissey|88/100|[from] item: Leftovers
|upkeep
|turn|11
|
|t:|1730061713
|switch|p1a: Swampert|Swampert, F|100/100
|-damage|p1a: Swampert|88/100|[from] Spikes
|move|p2a: Blissey|Thunder Wave|p1a: Swampert
|-immune|p1a: Swampert
|
|-weather|Sandstorm|[upkeep]
|-damage|p2a: Blissey|82/100|[from] Sandstorm
|-heal|p1a: Swampert|94/100|[from] item: Leftovers
|-heal|p2a: Blissey|88/100|[from] item: Leftovers
|upkeep
|turn|12
|
|t:|1730061723
|switch|p2a: Skarmory|Skarmory, F|86/100 par
|move|p1a: Swampert|Surf|p2a: Skarmory
|-damage|p2a: Skarmory|61/100 par
|
|-weather|Sandstorm|[upkeep]
|-heal|p1a: Swampert|100/100|[from] item: Leftovers
|-heal|p2a: Skarmory|67/100 par|[from] item: Leftovers
|upkeep
|turn|13
|
|t:|1730061731
|move|p1a: Swampert|Surf|p2a: Skarmory
|-damage|p2a: Skarmory|40/100 par
|move|p2a: Skarmory|Spikes|p1a: Swampert
|-sidestart|p1: BillGatesAlt|Spikes
|
|-weather|Sandstorm|[upkeep]
|-heal|p2a: Skarmory|46/100 par|[from] item: Leftovers
|upkeep
|turn|14
|
|t:|1730061738
|switch|p1a: Forretress|Forretress, M|100/100
|-damage|p1a: Forretress|84/100|[from] Spikes
|move|p2a: Skarmory|Protect||[still]
|-fail|p2a: Skarmory
|
|-weather|Sandstorm|[upkeep]
|-heal|p1a: Forretress|90/100|[from] item: Leftovers
|-heal|p2a: Skarmory|52/100 par|[from] item: Leftovers
|upkeep
|turn|15
|
|t:|1730061748
|move|p1a: Forretress|Rapid Spin|p2a: Skarmory
|-resisted|p2a: Skarmory
|-damage|p2a: Skarmory|51/100 par
|-sideend|p1: BillGatesAlt|Spikes|[from] move: Rapid Spin|[of] p1a: Forretress
|move|p2a: Skarmory|Spikes|p1a: Forretress
|-sidestart|p1: BillGatesAlt|Spikes
|
|-weather|Sandstorm|[upkeep]
|-heal|p1a: Forretress|96/100|[from] item: Leftovers
|-heal|p2a: Skarmory|57/100 par|[from] item: Leftovers
|upkeep
|turn|16
|
|t:|1730061756
|move|p1a: Forretress|Spikes|p2a: Skarmory
|-sidestart|p2: Venik777|Spikes
|move|p2a: Skarmory|Roar|p1a: Forretress
|drag|p1a: Salamence|Salamence, M|94/100
|-ability|p1a: Salamence|Intimidate|boost
|-unboost|p2a: Skarmory|atk|1
|
|-weather|Sandstorm|[upkeep]
|-damage|p1a: Salamence|88/100|[from] Sandstorm
|-heal|p2a: Skarmory|63/100 par|[from] item: Leftovers
|upkeep
|turn|17
|
|t:|1730061767
|switch|p1a: Zapdos|Zapdos|100/100 slp
|move|p2a: Skarmory|Protect||[still]
|-fail|p2a: Skarmory
|
|-weather|Sandstorm|[upkeep]
|-damage|p1a: Zapdos|94/100 slp|[from] Sandstorm
|-heal|p1a: Zapdos|100/100 slp|[from] item: Leftovers
|-heal|p2a: Skarmory|69/100 par|[from] item: Leftovers
|upkeep
|turn|18
|
|t:|1730061776
|switch|p2a: Blissey|Blissey, F|88/100
|-damage|p2a: Blissey|71/100|[from] Spikes
|cant|p1a: Zapdos|slp
|
|-weather|Sandstorm|[upkeep]
|-damage|p1a: Zapdos|94/100 slp|[from] Sandstorm
|-damage|p2a: Blissey|65/100|[from] Sandstorm
|-heal|p1a: Zapdos|100/100 slp|[from] item: Leftovers
|-heal|p2a: Blissey|71/100|[from] item: Leftovers
|upkeep
|turn|19
|
|t:|1730061788
|switch|p1a: Swampert|Swampert, F|100/100
|-damage|p1a: Swampert|88/100|[from] Spikes
|move|p2a: Blissey|Ice Beam|p1a: Swampert
|-damage|p1a: Swampert|65/100
|
|-weather|Sandstorm|[upkeep]
|-damage|p2a: Blissey|65/100|[from] Sandstorm
|-heal|p1a: Swampert|71/100|[from] item: Leftovers
|-heal|p2a: Blissey|71/100|[from] item: Leftovers
|upkeep
|turn|20
|
|t:|1730061798
|move|p1a: Swampert|Surf|p2a: Blissey
|-damage|p2a: Blissey|59/100
|move|p2a: Blissey|Ice Beam|p1a: Swampert
|-damage|p1a: Swampert|50/100
|
|-weather|Sandstorm|[upkeep]
|-damage|p2a: Blissey|53/100|[from] Sandstorm
|-heal|p1a: Swampert|56/100|[from] item: Leftovers
|-heal|p2a: Blissey|59/100|[from] item: Leftovers
|upkeep
|turn|21
|
|t:|1730061809
|switch|p2a: Flygon|Flygon, M|100/100
|move|p1a: Swampert|Protect||[still]
|-fail|p1a: Swampert
|
|-weather|Sandstorm|[upkeep]
|-heal|p1a: Swampert|62/100|[from] item: Leftovers
|upkeep
|turn|22
|
|t:|1730061818
|move|p2a: Flygon|Protect|p2a: Flygon
|-singleturn|p2a: Flygon|Protect
|move|p1a: Swampert|Toxic|p2a: Flygon
|-activate|p2a: Flygon|Protect
|
|-weather|Sandstorm|[upkeep]
|-heal|p1a: Swampert|68/100|[from] item: Leftovers
|upkeep
|turn|23
|
|t:|1730061837
|move|p2a: Flygon|Toxic|p1a: Swampert
|-status|p1a: Swampert|tox
|move|p1a: Swampert|Toxic|p2a: Flygon|[miss]
|-miss|p1a: Swampert|p2a: Flygon
|
|-weather|Sandstorm|[upkeep]
|-heal|p1a: Swampert|74/100 tox|[from] item: Leftovers
|-damage|p1a: Swampert|68/100 tox|[from] psn
|upkeep
|turn|24
|
|t:|1730061845
|move|p2a: Flygon|Protect|p2a: Flygon
|-singleturn|p2a: Flygon|Protect
|move|p1a: Swampert|Refresh|p1a: Swampert
|-curestatus|p1a: Swampert|tox|[msg]
|
|-weather|Sandstorm|[upkeep]
|-heal|p1a: Swampert|74/100|[from] item: Leftovers
|upkeep
|turn|25
|
|t:|1730061855
|move|p2a: Flygon|Protect|p2a: Flygon
|-singleturn|p2a: Flygon|Protect
|move|p1a: Swampert|Toxic|p2a: Flygon
|-activate|p2a: Flygon|Protect
|
|-weather|Sandstorm|[upkeep]
|-heal|p1a: Swampert|81/100|[from] item: Leftovers
|upkeep
|turn|26
|
|t:|1730061861
|move|p2a: Flygon|Toxic|p1a: Swampert
|-status|p1a: Swampert|tox
|move|p1a: Swampert|Toxic|p2a: Flygon
|-status|p2a: Flygon|tox
|
|-weather|Sandstorm|[upkeep]
|-damage|p2a: Flygon|94/100 tox|[from] psn
|-heal|p1a: Swampert|87/100 tox|[from] item: Leftovers
|-damage|p1a: Swampert|81/100 tox|[from] psn
|upkeep
|turn|27
|
|t:|1730061870
|move|p2a: Flygon|Earthquake|p1a: Swampert
|-damage|p1a: Swampert|56/100 tox
|move|p1a: Swampert|Refresh|p1a: Swampert
|-curestatus|p1a: Swampert|tox|[msg]
|
|-weather|Sandstorm|[upkeep]
|-heal|p2a: Flygon|100/100 tox|[from] item: Leftovers
|-damage|p2a: Flygon|88/100 tox|[from] psn
|-heal|p1a: Swampert|63/100|[from] item: Leftovers
|upkeep
|turn|28
|
|t:|1730061880
|switch|p1a: Zapdos|Zapdos|100/100 slp
|move|p2a: Flygon|Toxic||[still]
|-fail|p2a: Flygon
|
|-weather|Sandstorm|[upkeep]
|-damage|p1a: Zapdos|94/100 slp|[from] Sandstorm
|-heal|p2a: Flygon|94/100 tox|[from] item: Leftovers
|-damage|p2a: Flygon|76/100 tox|[from] psn
|-heal|p1a: Zapdos|100/100 slp|[from] item: Leftovers
|upkeep
|turn|29
|
|t:|1730061889
|switch|p2a: Blissey|Blissey, F|59/100
|-damage|p2a: Blissey|42/100|[from] Spikes
|cant|p1a: Zapdos|slp
|
|-weather|Sandstorm|[upkeep]
|-damage|p1a: Zapdos|94/100 slp|[from] Sandstorm
|-damage|p2a: Blissey|36/100|[from] Sandstorm
|-heal|p1a: Zapdos|100/100 slp|[from] item: Leftovers
|-heal|p2a: Blissey|42/100|[from] item: Leftovers
|upkeep
|turn|30
|
|t:|1730061899
|move|p2a: Blissey|Soft-Boiled|p2a: Blissey
|-heal|p2a: Blissey|92/100
|-curestatus|p1a: Zapdos|slp|[msg]
|move|p1a: Zapdos|Roar|p2a: Blissey
|drag|p2a: Flygon|Flygon, M|76/100 tox
|
|-weather|Sandstorm|[upkeep]
|-damage|p1a: Zapdos|94/100|[from] Sandstorm
|-heal|p2a: Flygon|82/100 tox|[from] item: Leftovers
|-damage|p2a: Flygon|76/100 tox|[from] psn
|-heal|p1a: Zapdos|100/100|[from] item: Leftovers
|upkeep
|turn|31
|
|t:|1730061910
|move|p2a: Flygon|Earthquake|p1a: Zapdos
|-immune|p1a: Zapdos
|move|p1a: Zapdos|Roar|p2a: Flygon
|drag|p2a: Gengar|Gengar, M|100/100
|
|-weather|Sandstorm|[upkeep]
|-damage|p2a: Gengar|95/100|[from] Sandstorm
|-damage|p1a: Zapdos|94/100|[from] Sandstorm
|-heal|p2a: Gengar|100/100|[from] item: Leftovers
|-heal|p1a: Zapdos|100/100|[from] item: Leftovers
|upkeep
|turn|32
|
|t:|1730061919
|move|p2a: Gengar|Taunt|p1a: Zapdos
|-start|p1a: Zapdos|move: Taunt
|move|p1a: Zapdos|Thunderbolt|p2a: Gengar
|-damage|p2a: Gengar|53/100
|
|-weather|Sandstorm|[upkeep]
|-damage|p2a: Gengar|47/100|[from] Sandstorm
|-damage|p1a: Zapdos|94/100|[from] Sandstorm
|-heal|p2a: Gengar|53/100|[from] item: Leftovers
|-heal|p1a: Zapdos|100/100|[from] item: Leftovers
|upkeep
|turn|33
|
|t:|1730061930
|move|p2a: Gengar|Thunderbolt|p1a: Zapdos
|-damage|p1a: Zapdos|80/100
|move|p1a: Zapdos|Thunderbolt|p2a: Gengar
|-damage|p2a: Gengar|7/100
|
|-weather|Sandstorm|[upkeep]
|-damage|p2a: Gengar|1/100|[from] Sandstorm
|-damage|p1a: Zapdos|74/100|[from] Sandstorm
|-heal|p2a: Gengar|7/100|[from] item: Leftovers
|-heal|p1a: Zapdos|80/100|[from] item: Leftovers
|-end|p1a: Zapdos|move: Taunt|[silent]
|upkeep
|turn|34
|
|t:|1730061940
|move|p2a: Gengar|Explosion|p1a: Zapdos
|-damage|p1a: Zapdos|12/100
|faint|p2a: Gengar
|
|t:|1730061948
|switch|p2a: Flygon|Flygon, M|76/100 tox
|
|-weather|Sandstorm|[upkeep]
|-damage|p1a: Zapdos|6/100|[from] Sandstorm
|-heal|p2a: Flygon|82/100 tox|[from] item: Leftovers
|-damage|p2a: Flygon|76/100 tox|[from] psn
|-heal|p1a: Zapdos|12/100|[from] item: Leftovers
|upkeep
|turn|35
|
|t:|1730061956
|move|p2a: Flygon|Rock Slide|p1a: Zapdos
|-supereffective|p1a: Zapdos
|-damage|p1a: Zapdos|0 fnt
|faint|p1a: Zapdos
|
|t:|1730061963
|switch|p1a: Forretress|Forretress, M|96/100
|-damage|p1a: Forretress|84/100|[from] Spikes
|
|-weather|Sandstorm|[upkeep]
|-heal|p2a: Flygon|82/100 tox|[from] item: Leftovers
|-damage|p2a: Flygon|70/100 tox|[from] psn
|-heal|p1a: Forretress|90/100|[from] item: Leftovers
|upkeep
|turn|36
|
|t:|1730061970
|switch|p2a: Skarmory|Skarmory, F|69/100 par
|move|p1a: Forretress|Spikes|p2a: Skarmory
|-sidestart|p2: Venik777|Spikes
|
|-weather|Sandstorm|[upkeep]
|-heal|p1a: Forretress|96/100|[from] item: Leftovers
|-heal|p2a: Skarmory|75/100 par|[from] item: Leftovers
|upkeep
|turn|37
|
|t:|1730061978
|move|p1a: Forretress|Rapid Spin|p2a: Skarmory
|-resisted|p2a: Skarmory
|-damage|p2a: Skarmory|73/100 par
|-sideend|p1: BillGatesAlt|Spikes|[from] move: Rapid Spin|[of] p1a: Forretress
|cant|p2a: Skarmory|par
|
|-weather|Sandstorm|[upkeep]
|-heal|p1a: Forretress|100/100|[from] item: Leftovers
|-heal|p2a: Skarmory|79/100 par|[from] item: Leftovers
|upkeep
|turn|38
|
|t:|1730061988
|switch|p1a: Swampert|Swampert, F|63/100
|move|p2a: Skarmory|Spikes|p1a: Swampert
|-sidestart|p1: BillGatesAlt|Spikes
|
|-weather|Sandstorm|[upkeep]
|-heal|p1a: Swampert|69/100|[from] item: Leftovers
|-heal|p2a: Skarmory|85/100 par|[from] item: Leftovers
|upkeep
|turn|39
|
|t:|1730061996
|move|p1a: Swampert|Surf|p2a: Skarmory
|-damage|p2a: Skarmory|57/100 par
|move|p2a: Skarmory|Spikes|p1a: Swampert
|-sidestart|p1: BillGatesAlt|Spikes
|
|-weather|Sandstorm|[upkeep]
|-heal|p1a: Swampert|75/100|[from] item: Leftovers
|-heal|p2a: Skarmory|63/100 par|[from] item: Leftovers
|upkeep
|turn|40
|
|t:|1730062003
|move|p1a: Swampert|Surf|p2a: Skarmory
|-damage|p2a: Skarmory|39/100 par
|move|p2a: Skarmory|Drill Peck|p1a: Swampert
|-damage|p1a: Swampert|61/100
|
|-weather|Sandstorm|[upkeep]
|-heal|p1a: Swampert|67/100|[from] item: Leftovers
|-heal|p2a: Skarmory|45/100 par|[from] item: Leftovers
|upkeep
|turn|41
|
|t:|1730062010
|move|p1a: Swampert|Surf|p2a: Skarmory
|-damage|p2a: Skarmory|20/100 par
|move|p2a: Skarmory|Drill Peck|p1a: Swampert
|-damage|p1a: Swampert|51/100
|
|-weather|Sandstorm|[upkeep]
|-heal|p1a: Swampert|57/100|[from] item: Leftovers
|-heal|p2a: Skarmory|26/100 par|[from] item: Leftovers
|upkeep
|turn|42
|
|t:|1730062018
|move|p2a: Skarmory|Protect|p2a: Skarmory
|-singleturn|p2a: Skarmory|Protect
|move|p1a: Swampert|Surf|p2a: Skarmory
|-activate|p2a: Skarmory|Protect
|
|-weather|Sandstorm|[upkeep]
|-heal|p1a: Swampert|63/100|[from] item: Leftovers
|-heal|p2a: Skarmory|32/100 par|[from] item: Leftovers
|upkeep
|turn|43
|
|t:|1730062026
|move|p1a: Swampert|Surf|p2a: Skarmory
|-damage|p2a: Skarmory|6/100 par
|cant|p2a: Skarmory|par
|
|-weather|Sandstorm|[upkeep]
|-heal|p1a: Swampert|69/100|[from] item: Leftovers
|-heal|p2a: Skarmory|12/100 par|[from] item: Leftovers
|upkeep
|turn|44
|
|t:|1730062033
|move|p1a: Swampert|Surf|p2a: Skarmory
|-damage|p2a: Skarmory|0 fnt
|faint|p2a: Skarmory
|
|t:|1730062043
|switch|p2a: Zapdos|Zapdos|63/100 par
|
|-weather|Sandstorm|[upkeep]
|-damage|p2a: Zapdos|57/100 par|[from] Sandstorm
|-heal|p1a: Swampert|76/100|[from] item: Leftovers
|-heal|p2a: Zapdos|63/100 par|[from] item: Leftovers
|upkeep
|turn|45
|
|t:|1730062049
|move|p1a: Swampert|Surf|p2a: Zapdos
|-damage|p2a: Zapdos|31/100 par
|move|p2a: Zapdos|Hidden Power|p1a: Swampert
|-supereffective|p1a: Swampert
|-damage|p1a: Swampert|0 fnt
|faint|p1a: Swampert
|
|t:|1730062065
|switch|p1a: Salamence|Salamence, M|88/100
|-ability|p1a: Salamence|Intimidate|boost
|-unboost|p2a: Zapdos|atk|1
|
|-weather|Sandstorm|[upkeep]
|-damage|p1a: Salamence|82/100|[from] Sandstorm
|-damage|p2a: Zapdos|25/100 par|[from] Sandstorm
|-heal|p2a: Zapdos|31/100 par|[from] item: Leftovers
|upkeep
|turn|46
|
|t:|1730062076
|cant|p2a: Zapdos|par
|move|p1a: Salamence|Hidden Power|p2a: Zapdos
|-resisted|p2a: Zapdos
|-damage|p2a: Zapdos|0 fnt
|faint|p2a: Zapdos
|
|t:|1730062085
|switch|p2a: Flygon|Flygon, M|70/100 tox
|
|-weather|Sandstorm|[upkeep]
|-damage|p1a: Salamence|76/100|[from] Sandstorm
|-heal|p2a: Flygon|76/100 tox|[from] item: Leftovers
|-damage|p2a: Flygon|70/100 tox|[from] psn
|upkeep
|turn|47
|
|t:|1730062103
|switch|p1a: Forretress|Forretress, M|100/100
|-damage|p1a: Forretress|84/100|[from] Spikes
|move|p2a: Flygon|Earthquake|p1a: Forretress
|-damage|p1a: Forretress|57/100
|
|-weather|Sandstorm|[upkeep]
|-heal|p2a: Flygon|76/100 tox|[from] item: Leftovers
|-damage|p2a: Flygon|64/100 tox|[from] psn
|-heal|p1a: Forretress|63/100|[from] item: Leftovers
|upkeep
|turn|48
|
|t:|1730062114
|move|p2a: Flygon|Earthquake|p1a: Forretress
|-damage|p1a: Forretress|36/100
|move|p1a: Forretress|Rapid Spin|p2a: Flygon
|-crit|p2a: Flygon
|-damage|p2a: Flygon|57/100 tox
|-sideend|p1: BillGatesAlt|Spikes|[from] move: Rapid Spin|[of] p1a: Forretress
|
|-weather|Sandstorm|[upkeep]
|-heal|p2a: Flygon|63/100 tox|[from] item: Leftovers
|-damage|p2a: Flygon|45/100 tox|[from] psn
|-heal|p1a: Forretress|43/100|[from] item: Leftovers
|upkeep
|turn|49
|
|t:|1730062124
|move|p2a: Flygon|Rock Slide|p1a: Forretress
|-damage|p1a: Forretress|29/100
|move|p1a: Forretress|Explosion|p2a: Flygon
|-damage|p2a: Flygon|0 fnt
|faint|p1a: Forretress
|faint|p2a: Flygon
|
|t:|1730062132
|switch|p2a: Blissey|Blissey, F|92/100
|switch|p1a: Metagross|Metagross|100/100
|-damage|p2a: Blissey|67/100|[from] Spikes
|
|-weather|Sandstorm|[upkeep]
|-damage|p2a: Blissey|61/100|[from] Sandstorm
|-heal|p2a: Blissey|67/100|[from] item: Leftovers
|upkeep
|turn|50
|
|t:|1730062139
|move|p1a: Metagross|Explosion|p2a: Blissey
|-damage|p2a: Blissey|0 fnt
|faint|p1a: Metagross
|faint|p2a: Blissey
|
|win|BillGatesAlt
|c|☆Venik777|gg
|c|☆BillGatesAlt|gg

</script>
<script type="application/json" class="data" id="replaydata-smogtours-gen3ou-802725">
{"id":"smogtours-gen3ou-802725","format":"[Gen 3] OU","players":["BillGatesAlt","Venik777"],"uploadtime":1730062139,"views":79,"formatid":"gen3ou","rating":null,"private":0,"password":null}
</script>

<script defer src="js/replays.js?9d40a366"></script>
