<!DOCTYPE html>
<meta charset="utf-8" />
<meta name="viewport" content="width=device-width" />

<title>[Gen 3] OU: TheComanderXD vs. earl gr3y - Replays - Pok&eacute;mon Showdown!</title>

<meta name="description" content="Watch a replay of a Pok&eacute;mon battle between TheComanderXD and earl gr3y! Format: [Gen 3] OU; Date: Oct 30, 2024" />
<!--

Hey, you! Looking in the source for the replay log?

You can find them in JSON format, just add `.json` at the end of a replay URL.

https://replay.pokemonshowdown.com/gen7randomdoublesbattle-865046831.json

Or, if you only need the log itself, add `.log` instead:

https://replay.pokemonshowdown.com/gen7randomdoublesbattle-865046831.log

-->

<link rel="stylesheet" href="//pokemonshowdown.com/style/global.css?0.023195364461161105" />
<link rel="stylesheet" href="//play.pokemonshowdown.com/style/font-awesome.css?0.13261647063804238" />
<link rel="stylesheet" href="//play.pokemonshowdown.com/style/battle.css?0.8753245789963631" />
<link rel="stylesheet" href="//play.pokemonshowdown.com/style/utilichart.css?0.8627959624976733" />

<!-- Global site tag (gtag.js) - Google Analytics -->
<script async src="https://www.googletagmanager.com/gtag/js?id=UA-26211653-1"></script>
<script>
  window.dataLayer = window.dataLayer || [];
  function gtag(){dataLayer.push(arguments);}
  gtag('js', new Date());

  gtag('config', 'UA-26211653-1');
</script>
<!-- End Google Analytics -->
<!-- Venatus Ad Manager - Install in <HEAD> of page -->
	<script src="https://hb.vntsm.com/v3/live/ad-manager.min.js" type="text/javascript" data-site-id="642aba63ec9a7b11c3c9c1be" data-mode="scan" async></script>
<!-- / Venatus Ad Manager -->

<style>
	@media (max-width:820px) {
		.battle {
			margin: 0 auto;
		}
		.battle-log {
			margin: 7px auto 0;
			max-width: 640px;
			height: 300px;
			position: static;
		}
	}
	.optgroup {
		display: inline-block;
		line-height: 22px;
		font-size: 10pt;
	}
	.optgroup .button {
		height: 25px;
		padding-top: 0;
		padding-bottom: 0;
	}
	.optgroup button.button {
		padding-left: 12px;
		padding-right: 12px;
	}
	.linklist {
		list-style: none;
		margin: 0.5em 0;
		padding: 0;
	}
	.linklist li {
		padding: 2px 0;
	}
	.sidebar {
		float: left;
		width: 320px;
	}
	.bar-wrapper {
		max-width: 1100px;
		margin: 0 auto;
	}
	.bar-wrapper.has-sidebar {
		max-width: 1430px;
	}
	.mainbar {
		margin: 0;
		padding-right: 1px;
	}
	.mainbar.has-sidebar {
		margin-left: 330px;
	}
	@media (min-width: 1511px) {
		.sidebar {
			width: 400px;
		}
		.bar-wrapper.has-sidebar {
			max-width: 1510px;
		}
		.mainbar.has-sidebar {
			margin-left: 410px;
		}
	}
	.section.first-section {
		margin-top: 9px;
	}
	.blocklink small {
		white-space: normal;
	}
	.button {
		vertical-align: middle;
	}
	.replay-controls {
		padding-top: 10px;
	}
	.replay-controls h1 {
		font-size: 16pt;
		font-weight: normal;
		color: #CCC;
	}
	.pagelink {
		text-align: center;
	}
	.pagelink a {
		width: 150px;
	}
	.textbox, .button {
		font-size: 11pt;
		vertical-align: middle;
	}
	@media (max-width: 450px) {
		.button {
			font-size: 9pt;
		}
	}
</style>

<div>

	<header>
		<div class="nav-wrapper"><ul class="nav">
			<li><a class="button nav-first" href="//pokemonshowdown.com/"><img src="//pokemonshowdown.com/images/pokemonshowdownbeta.png" srcset="//pokemonshowdown.com/images/pokemonshowdownbeta.png 1x, //pokemonshowdown.com/images/pokemonshowdownbeta@2x.png 2x" alt="Pok&eacute;mon Showdown" width="146" height="44" /> Home</a></li>
			<li><a class="button" href="//pokemonshowdown.com/dex/">Pok&eacute;dex</a></li>
			<li><a class="button cur" href="/">Replays</a></li>
			<li><a class="button" href="//pokemonshowdown.com/ladder/">Ladder</a></li>
			<li><a class="button nav-last" href="//pokemonshowdown.com/forums/">Forum</a></li>
			<li><a class="button greenbutton nav-first nav-last" href="//play.pokemonshowdown.com/">Play</a></li>
		</ul></div>
	</header>

	<div class="main" id="main">

		<noscript><section class="section">You need to enable JavaScript to use this page; sorry!</section></noscript>

	</div>

</div>

<script defer nomodule src="//play.pokemonshowdown.com/js/lib/ps-polyfill.js"></script>
<script defer src="//play.pokemonshowdown.com/js/lib/preact.min.js"></script>

<script defer src="//play.pokemonshowdown.com/config/config.js?2bddbc15"></script>
<script defer src="//play.pokemonshowdown.com/js/lib/jquery-1.11.0.min.js"></script>
<script defer src="//play.pokemonshowdown.com/js/lib/html-sanitizer-minified.js"></script>
<script defer src="//play.pokemonshowdown.com/js/battle-sound.js"></script>
<script defer src="//play.pokemonshowdown.com/js/battledata.js?0.7209276989879541"></script>
<script defer src="//play.pokemonshowdown.com/data/pokedex-mini.js?0.6111056340867951"></script>
<script defer src="//play.pokemonshowdown.com/data/pokedex-mini-bw.js?0.3532142036491459"></script>
<script defer src="//play.pokemonshowdown.com/data/graphics.js?0.24223875632456182"></script>
<script defer src="//play.pokemonshowdown.com/data/pokedex.js?0.38839984266356864"></script>
<script defer src="//play.pokemonshowdown.com/data/moves.js?0.21866028504024015"></script>
<script defer src="//play.pokemonshowdown.com/data/abilities.js?0.2005157953846628"></script>
<script defer src="//play.pokemonshowdown.com/data/items.js?0.9894211263848525"></script>
<script defer src="//play.pokemonshowdown.com/data/teambuilder-tables.js?0.6008791140282215"></script>
<script defer src="//play.pokemonshowdown.com/js/battle-tooltips.js?0.7580118955022959"></script>
<script defer src="//play.pokemonshowdown.com/js/battle.js?0.6057722274234274"></script>

<script defer src="js/utils.js?e31f9a17"></script>
<script defer src="js/replays-battle.js?7008c182"></script>

<!-- don't scrape this data! just add .json or .log after the URL!
Full API docs: https://github.com/smogon/pokemon-showdown-client/blob/master/WEB-API.md -->
<script type="text/plain" class="log" id="replaylog-smogtours-gen3ou-803464">
|inactive|Battle timer is ON: inactive players will automatically lose when time's up.
|t:|1730319673
|gametype|singles
|player|p1|TheComanderXD|red|
|player|p2|earl gr3y|#roaplxyorknewyanma|
|teamsize|p1|6
|teamsize|p2|6
|gen|3
|tier|[Gen 3] OU
|rule|Sleep Clause Mod: Limit one foe put to sleep
|rule|Switch Priority Clause Mod: Faster Pokémon switch first
|rule|Species Clause: Limit one of each Pokémon
|rule|OHKO Clause: OHKO moves are banned
|rule|Evasion Items Clause: Evasion items are banned
|rule|Evasion Moves Clause: Evasion moves are banned
|rule|Endless Battle Clause: Forcing endless battles is banned
|rule|HP Percentage Mod: HP is shown in percentages
|rule|One Boost Passer Clause: Limit one Baton Passer that has a way to boost its stats
|rule|Freeze Clause Mod: Limit one foe frozen
|
|t:|1730319673
|start
|switch|p1a: Bingo?|Zapdos|100/100
|switch|p2a: Tyranitar|Tyranitar, M|100/100
|-weather|Sandstorm|[from] ability: Sand Stream|[of] p2a: Tyranitar
|turn|1
|inactive|earl gr3y also wants the timer to be on.
|c|☆earl gr3y|hf
|c|☆TheComanderXD|hf
|inactive|TheComanderXD has 270 seconds left.
|inactive|earl gr3y has 270 seconds left.
|
|t:|1730319714
|switch|p1a: That door!|Skarmory, M|100/100
|move|p2a: Tyranitar|Rock Slide|p1a: That door!
|-damage|p1a: That door!|48/100
|
|-weather|Sandstorm|[upkeep]
|-heal|p1a: That door!|54/100|[from] item: Leftovers
|upkeep
|turn|2
|
|t:|1730319740
|switch|p1a: Jill Sandwich|Swampert, F|100/100
|move|p2a: Tyranitar|Rock Slide|p1a: Jill Sandwich
|-resisted|p1a: Jill Sandwich
|-damage|p1a: Jill Sandwich|79/100
|
|-weather|Sandstorm|[upkeep]
|-heal|p1a: Jill Sandwich|86/100|[from] item: Leftovers
|upkeep
|turn|3
|inactive|earl gr3y has 270 seconds left.
|
|t:|1730319779
|switch|p2a: Skarmory|Skarmory, M|100/100
|move|p1a: Jill Sandwich|Toxic|p2a: Skarmory
|-immune|p2a: Skarmory
|
|-weather|Sandstorm|[upkeep]
|-heal|p1a: Jill Sandwich|92/100|[from] item: Leftovers
|upkeep
|turn|4
|inactive|TheComanderXD has 270 seconds left.
|inactive|earl gr3y has 240 seconds left.
|
|t:|1730319817
|move|p2a: Skarmory|Spikes|p1a: Jill Sandwich
|-sidestart|p1: TheComanderXD|Spikes
|move|p1a: Jill Sandwich|Surf|p2a: Skarmory
|-damage|p2a: Skarmory|73/100
|
|-weather|Sandstorm|[upkeep]
|-heal|p2a: Skarmory|79/100|[from] item: Leftovers
|-heal|p1a: Jill Sandwich|98/100|[from] item: Leftovers
|upkeep
|turn|5
|
|t:|1730319825
|switch|p1a: That door!|Skarmory, M|54/100
|move|p2a: Skarmory|Protect||[still]
|-fail|p2a: Skarmory
|
|-weather|Sandstorm|[upkeep]
|-heal|p1a: That door!|60/100|[from] item: Leftovers
|-heal|p2a: Skarmory|85/100|[from] item: Leftovers
|upkeep
|turn|6
|inactive|earl gr3y has 240 seconds left.
|
|t:|1730319841
|move|p1a: That door!|Taunt|p2a: Skarmory
|-start|p2a: Skarmory|move: Taunt
|cant|p2a: Skarmory|move: Taunt|Spikes
|
|-weather|Sandstorm|[upkeep]
|-heal|p1a: That door!|66/100|[from] item: Leftovers
|-heal|p2a: Skarmory|91/100|[from] item: Leftovers
|upkeep
|turn|7
|inactive|TheComanderXD has 270 seconds left.
|inactive|earl gr3y has 240 seconds left.
|
|t:|1730319857
|switch|p2a: Gengar|Gengar, M|100/100
|move|p1a: That door!|Spikes|p2a: Gengar
|-sidestart|p2: earl gr3y|Spikes
|
|-weather|Sandstorm|[upkeep]
|-damage|p2a: Gengar|94/100|[from] Sandstorm
|-heal|p2a: Gengar|100/100|[from] item: Leftovers
|-heal|p1a: That door!|72/100|[from] item: Leftovers
|upkeep
|turn|8
|inactive|earl gr3y has 240 seconds left.
|inactive|TheComanderXD has 270 seconds left.
|
|t:|1730319894
|switch|p1a: Bingo?|Zapdos|100/100
|move|p2a: Gengar|Will-O-Wisp|p1a: Bingo?
|-status|p1a: Bingo?|brn
|
|-weather|Sandstorm|[upkeep]
|-damage|p2a: Gengar|94/100|[from] Sandstorm
|-damage|p1a: Bingo?|94/100 brn|[from] Sandstorm
|-heal|p2a: Gengar|100/100|[from] item: Leftovers
|-heal|p1a: Bingo?|100/100 brn|[from] item: Leftovers
|-damage|p1a: Bingo?|88/100 brn|[from] brn
|upkeep
|turn|9
|inactive|earl gr3y has 240 seconds left.
|
|t:|1730319906
|switch|p2a: Blissey|Blissey, F|100/100
|-damage|p2a: Blissey|88/100|[from] Spikes
|move|p1a: Bingo?|Thunder Wave|p2a: Blissey
|-status|p2a: Blissey|par
|
|-weather|Sandstorm|[upkeep]
|-damage|p1a: Bingo?|82/100 brn|[from] Sandstorm
|-damage|p2a: Blissey|82/100 par|[from] Sandstorm
|-heal|p1a: Bingo?|88/100 brn|[from] item: Leftovers
|-damage|p1a: Bingo?|76/100 brn|[from] brn
|-heal|p2a: Blissey|88/100 par|[from] item: Leftovers
|upkeep
|turn|10
|inactive|earl gr3y has 240 seconds left.
|inactive|TheComanderXD has 240 seconds left.
|
|t:|1730319937
|switch|p1a: *Punches Boulder*|Tyranitar, M|100/100
|-damage|p1a: *Punches Boulder*|88/100|[from] Spikes
|move|p2a: Blissey|Ice Beam|p1a: *Punches Boulder*
|-damage|p1a: *Punches Boulder*|66/100
|-status|p1a: *Punches Boulder*|frz
|
|-weather|Sandstorm|[upkeep]
|-damage|p2a: Blissey|82/100 par|[from] Sandstorm
|-heal|p1a: *Punches Boulder*|72/100 frz|[from] item: Leftovers
|-heal|p2a: Blissey|88/100 par|[from] item: Leftovers
|upkeep
|turn|11
|inactive|TheComanderXD has 210 seconds left.
|inactive|TheComanderXD has 180 seconds left.
|
|t:|1730319999
|-curestatus|p2a: Blissey|par|[from] ability: Natural Cure
|switch|p2a: Claydol|Claydol|100/100
|cant|p1a: *Punches Boulder*|frz
|
|-weather|Sandstorm|[upkeep]
|-heal|p1a: *Punches Boulder*|78/100 frz|[from] item: Leftovers
|upkeep
|turn|12
|inactive|TheComanderXD has 180 seconds left.
|
|t:|1730320015
|switch|p1a: Jill Sandwich|Swampert, F|98/100
|-damage|p1a: Jill Sandwich|86/100|[from] Spikes
|move|p2a: Claydol|Rapid Spin|p1a: Jill Sandwich
|-damage|p1a: Jill Sandwich|82/100
|-sideend|p2: earl gr3y|Spikes|[from] move: Rapid Spin|[of] p2a: Claydol
|
|-weather|Sandstorm|[upkeep]
|-heal|p1a: Jill Sandwich|88/100|[from] item: Leftovers
|upkeep
|turn|13
|inactive|TheComanderXD has 180 seconds left.
|
|t:|1730320034
|switch|p2a: Blissey|Blissey, F|88/100
|move|p1a: Jill Sandwich|Surf|p2a: Blissey
|-damage|p2a: Blissey|76/100
|
|-weather|Sandstorm|[upkeep]
|-damage|p2a: Blissey|70/100|[from] Sandstorm
|-heal|p1a: Jill Sandwich|94/100|[from] item: Leftovers
|-heal|p2a: Blissey|76/100|[from] item: Leftovers
|upkeep
|turn|14
|
|t:|1730320051
|switch|p1a: That door!|Skarmory, M|72/100
|switch|p2a: Skarmory|Skarmory, M|91/100
|
|-weather|Sandstorm|[upkeep]
|-heal|p1a: That door!|78/100|[from] item: Leftovers
|-heal|p2a: Skarmory|97/100|[from] item: Leftovers
|upkeep
|turn|15
|
|t:|1730320060
|switch|p2a: Gengar|Gengar, M|100/100
|move|p1a: That door!|Spikes|p2a: Gengar
|-sidestart|p2: earl gr3y|Spikes
|
|-weather|Sandstorm|[upkeep]
|-damage|p2a: Gengar|94/100|[from] Sandstorm
|-heal|p2a: Gengar|100/100|[from] item: Leftovers
|-heal|p1a: That door!|84/100|[from] item: Leftovers
|upkeep
|turn|16
|
|t:|1730320086
|switch|p1a: Righthand came off|Celebi|100/100
|-damage|p1a: Righthand came off|88/100|[from] Spikes
|move|p2a: Gengar|Ice Punch|p1a: Righthand came off
|-supereffective|p1a: Righthand came off
|-damage|p1a: Righthand came off|58/100
|
|-weather|Sandstorm|[upkeep]
|-damage|p2a: Gengar|94/100|[from] Sandstorm
|-damage|p1a: Righthand came off|52/100|[from] Sandstorm
|-heal|p2a: Gengar|100/100|[from] item: Leftovers
|-heal|p1a: Righthand came off|58/100|[from] item: Leftovers
|upkeep
|turn|17
|inactive|earl gr3y has 210 seconds left.
|
|t:|1730320103
|switch|p2a: Skarmory|Skarmory, M|97/100
|move|p1a: Righthand came off|Calm Mind|p1a: Righthand came off
|-boost|p1a: Righthand came off|spa|1
|-boost|p1a: Righthand came off|spd|1
|
|-weather|Sandstorm|[upkeep]
|-damage|p1a: Righthand came off|52/100|[from] Sandstorm
|-heal|p1a: Righthand came off|58/100|[from] item: Leftovers
|-heal|p2a: Skarmory|100/100|[from] item: Leftovers
|upkeep
|turn|18
|inactive|TheComanderXD has 150 seconds left.
|
|t:|1730320131
|move|p1a: Righthand came off|Leech Seed|p2a: Skarmory
|-start|p2a: Skarmory|move: Leech Seed
|move|p2a: Skarmory|Spikes|p1a: Righthand came off
|-sidestart|p1: TheComanderXD|Spikes
|
|-weather|Sandstorm|[upkeep]
|-damage|p1a: Righthand came off|52/100|[from] Sandstorm
|-heal|p1a: Righthand came off|58/100|[from] item: Leftovers
|-damage|p2a: Skarmory|88/100|[from] Leech Seed|[of] p1a: Righthand came off
|-heal|p1a: Righthand came off|68/100|[silent]
|upkeep
|turn|19
|
|t:|1730320141
|switch|p1a: Bingo?|Zapdos|76/100 brn
|move|p2a: Skarmory|Spikes|p1a: Bingo?
|-sidestart|p1: TheComanderXD|Spikes
|
|-weather|Sandstorm|[upkeep]
|-damage|p1a: Bingo?|70/100 brn|[from] Sandstorm
|-heal|p1a: Bingo?|76/100 brn|[from] item: Leftovers
|-damage|p1a: Bingo?|64/100 brn|[from] brn
|-heal|p2a: Skarmory|94/100|[from] item: Leftovers
|-damage|p2a: Skarmory|82/100|[from] Leech Seed|[of] p1a: Bingo?
|-heal|p1a: Bingo?|74/100 brn|[silent]
|upkeep
|turn|20
|inactive|TheComanderXD has 150 seconds left.
|
|t:|1730320174
|switch|p2a: Claydol|Claydol|100/100
|move|p1a: Bingo?|Toxic|p2a: Claydol
|-status|p2a: Claydol|tox
|
|-weather|Sandstorm|[upkeep]
|-damage|p1a: Bingo?|68/100 brn|[from] Sandstorm
|-heal|p1a: Bingo?|74/100 brn|[from] item: Leftovers
|-damage|p1a: Bingo?|62/100 brn|[from] brn
|-damage|p2a: Claydol|94/100 tox|[from] psn
|upkeep
|turn|21
|
|t:|1730320189
|switch|p1a: That door!|Skarmory, M|84/100
|move|p2a: Claydol|Rapid Spin|p1a: That door!
|-resisted|p1a: That door!
|-damage|p1a: That door!|82/100
|-sideend|p2: earl gr3y|Spikes|[from] move: Rapid Spin|[of] p2a: Claydol
|
|-weather|Sandstorm|[upkeep]
|-heal|p1a: That door!|88/100|[from] item: Leftovers
|-heal|p2a: Claydol|100/100 tox|[from] item: Leftovers
|-damage|p2a: Claydol|88/100 tox|[from] psn
|upkeep
|turn|22
|
|t:|1730320199
|switch|p2a: Blissey|Blissey, F|76/100
|move|p1a: That door!|Spikes|p2a: Blissey
|-sidestart|p2: earl gr3y|Spikes
|
|-weather|Sandstorm|[upkeep]
|-damage|p2a: Blissey|70/100|[from] Sandstorm
|-heal|p1a: That door!|94/100|[from] item: Leftovers
|-heal|p2a: Blissey|76/100|[from] item: Leftovers
|upkeep
|turn|23
|
|t:|1730320210
|move|p1a: That door!|Toxic|p2a: Blissey
|-status|p2a: Blissey|tox
|move|p2a: Blissey|Fire Blast|p1a: That door!
|-supereffective|p1a: That door!
|-damage|p1a: That door!|36/100
|
|-weather|Sandstorm|[upkeep]
|-damage|p2a: Blissey|70/100 tox|[from] Sandstorm
|-heal|p1a: That door!|42/100|[from] item: Leftovers
|-heal|p2a: Blissey|76/100 tox|[from] item: Leftovers
|-damage|p2a: Blissey|70/100 tox|[from] psn
|upkeep
|turn|24
|
|t:|1730320224
|switch|p1a: *Punches Boulder*|Tyranitar, M|78/100 frz
|-damage|p1a: *Punches Boulder*|53/100 frz|[from] Spikes
|move|p2a: Blissey|Aromatherapy|p2a: Blissey
|-cureteam|p2a: Blissey|[from] move: Aromatherapy
|
|-weather|Sandstorm|[upkeep]
|-damage|p2a: Blissey|64/100|[from] Sandstorm
|-heal|p1a: *Punches Boulder*|60/100 frz|[from] item: Leftovers
|-heal|p2a: Blissey|70/100|[from] item: Leftovers
|upkeep
|turn|25
|
|t:|1730320239
|switch|p2a: Claydol|Claydol|88/100
|-curestatus|p1a: *Punches Boulder*|frz|[msg]
|move|p1a: *Punches Boulder*|Hidden Power|p2a: Claydol
|-supereffective|p2a: Claydol
|-damage|p2a: Claydol|35/100
|
|-weather|Sandstorm|[upkeep]
|-heal|p1a: *Punches Boulder*|66/100|[from] item: Leftovers
|-heal|p2a: Claydol|42/100|[from] item: Leftovers
|upkeep
|turn|26
|inactive|earl gr3y has 240 seconds left.
|inactive|TheComanderXD has 120 seconds left.
|
|t:|1730320263
|switch|p2a: Skarmory|Skarmory, M|82/100
|move|p1a: *Punches Boulder*|Rock Slide|p2a: Skarmory
|-crit|p2a: Skarmory
|-damage|p2a: Skarmory|17/100
|
|-weather|Sandstorm|[upkeep]
|-heal|p1a: *Punches Boulder*|72/100|[from] item: Leftovers
|-heal|p2a: Skarmory|23/100|[from] item: Leftovers
|upkeep
|turn|27
|inactive|earl gr3y has 240 seconds left.
|
|t:|1730320273
|move|p2a: Skarmory|Protect|p2a: Skarmory
|-singleturn|p2a: Skarmory|Protect
|move|p1a: *Punches Boulder*|Rock Slide|p2a: Skarmory
|-activate|p2a: Skarmory|Protect
|
|-weather|Sandstorm|[upkeep]
|-heal|p1a: *Punches Boulder*|78/100|[from] item: Leftovers
|-heal|p2a: Skarmory|29/100|[from] item: Leftovers
|upkeep
|turn|28
|inactive|TheComanderXD has 120 seconds left.
|inactive|earl gr3y has 240 seconds left.
|
|t:|1730320315
|-singleturn|p1a: *Punches Boulder*|move: Focus Punch
|move|p2a: Skarmory|Toxic|p1a: *Punches Boulder*
|-status|p1a: *Punches Boulder*|tox
|move|p1a: *Punches Boulder*|Focus Punch|p2a: Skarmory
|-damage|p2a: Skarmory|0 fnt
|faint|p2a: Skarmory
|
|t:|1730320319
|switch|p2a: Metagross|Metagross|100/100
|-damage|p2a: Metagross|88/100|[from] Spikes
|
|-weather|Sandstorm|[upkeep]
|-heal|p2a: Metagross|94/100|[from] item: Leftovers
|-heal|p1a: *Punches Boulder*|84/100 tox|[from] item: Leftovers
|-damage|p1a: *Punches Boulder*|78/100 tox|[from] psn
|upkeep
|turn|29
|inactive|TheComanderXD has 120 seconds left.
|inactive|earl gr3y has 210 seconds left.
|inactive|TheComanderXD has 90 seconds left.
|
|t:|1730320378
|switch|p1a: That door!|Skarmory, M|42/100
|move|p2a: Metagross|Meteor Mash|p1a: That door!
|-resisted|p1a: That door!
|-damage|p1a: That door!|19/100
|
|-weather|Sandstorm|[upkeep]
|-heal|p2a: Metagross|99/100|[from] item: Leftovers
|-heal|p1a: That door!|25/100|[from] item: Leftovers
|upkeep
|turn|30
|
|t:|1730320398
|move|p2a: Metagross|Agility|p2a: Metagross
|-boost|p2a: Metagross|spe|2
|move|p1a: That door!|Spikes|p2a: Metagross
|-sidestart|p2: earl gr3y|Spikes
|
|-weather|Sandstorm|[upkeep]
|-heal|p2a: Metagross|100/100|[from] item: Leftovers
|-heal|p1a: That door!|31/100|[from] item: Leftovers
|upkeep
|turn|31
|
|t:|1730320412
|move|p2a: Metagross|Meteor Mash|p1a: That door!
|-resisted|p1a: That door!
|-damage|p1a: That door!|8/100
|move|p1a: That door!|Roar|p2a: Metagross
|drag|p2a: Claydol|Claydol|42/100
|
|-weather|Sandstorm|[upkeep]
|-heal|p1a: That door!|14/100|[from] item: Leftovers
|-heal|p2a: Claydol|48/100|[from] item: Leftovers
|upkeep
|turn|32
|
|t:|1730320424
|switch|p1a: Jill Sandwich|Swampert, F|94/100
|-damage|p1a: Jill Sandwich|69/100|[from] Spikes
|move|p2a: Claydol|Rapid Spin|p1a: Jill Sandwich
|-damage|p1a: Jill Sandwich|65/100
|-sideend|p2: earl gr3y|Spikes|[from] move: Rapid Spin|[of] p2a: Claydol
|
|-weather|Sandstorm|[upkeep]
|-heal|p2a: Claydol|54/100|[from] item: Leftovers
|-heal|p1a: Jill Sandwich|71/100|[from] item: Leftovers
|upkeep
|turn|33
|
|t:|1730320445
|switch|p2a: Blissey|Blissey, F|70/100
|move|p1a: Jill Sandwich|Toxic|p2a: Blissey
|-status|p2a: Blissey|tox
|
|-weather|Sandstorm|[upkeep]
|-damage|p2a: Blissey|64/100 tox|[from] Sandstorm
|-heal|p1a: Jill Sandwich|77/100|[from] item: Leftovers
|-heal|p2a: Blissey|70/100 tox|[from] item: Leftovers
|-damage|p2a: Blissey|64/100 tox|[from] psn
|upkeep
|turn|34
|
|t:|1730320460
|move|p1a: Jill Sandwich|Protect|p1a: Jill Sandwich
|-singleturn|p1a: Jill Sandwich|Protect
|move|p2a: Blissey|Soft-Boiled|p2a: Blissey
|-heal|p2a: Blissey|100/100 tox
|
|-weather|Sandstorm|[upkeep]
|-damage|p2a: Blissey|94/100 tox|[from] Sandstorm
|-heal|p1a: Jill Sandwich|84/100|[from] item: Leftovers
|-heal|p2a: Blissey|100/100 tox|[from] item: Leftovers
|-damage|p2a: Blissey|88/100 tox|[from] psn
|upkeep
|turn|35
|inactive|TheComanderXD has 60 seconds left.
|
|t:|1730320485
|switch|p1a: *Punches Boulder*|Tyranitar, M|78/100 tox
|-damage|p1a: *Punches Boulder*|53/100 tox|[from] Spikes
|move|p2a: Blissey|Aromatherapy|p2a: Blissey
|-cureteam|p2a: Blissey|[from] move: Aromatherapy
|
|-weather|Sandstorm|[upkeep]
|-damage|p2a: Blissey|82/100|[from] Sandstorm
|-heal|p1a: *Punches Boulder*|60/100 tox|[from] item: Leftovers
|-damage|p1a: *Punches Boulder*|53/100 tox|[from] psn
|-heal|p2a: Blissey|88/100|[from] item: Leftovers
|upkeep
|turn|36
|inactive|TheComanderXD has 60 seconds left.
|
|t:|1730320513
|switch|p2a: Claydol|Claydol|54/100
|move|p1a: *Punches Boulder*|Rock Slide|p2a: Claydol
|-resisted|p2a: Claydol
|-damage|p2a: Claydol|34/100
|
|-weather|Sandstorm|[upkeep]
|-heal|p1a: *Punches Boulder*|60/100 tox|[from] item: Leftovers
|-damage|p1a: *Punches Boulder*|47/100 tox|[from] psn
|-heal|p2a: Claydol|40/100|[from] item: Leftovers
|upkeep
|turn|37
|
|t:|1730320530
|switch|p2a: Gengar|Gengar, M|100/100
|move|p1a: *Punches Boulder*|Hidden Power|p2a: Gengar
|-resisted|p2a: Gengar
|-damage|p2a: Gengar|91/100
|
|-weather|Sandstorm|[upkeep]
|-damage|p2a: Gengar|84/100|[from] Sandstorm
|-heal|p2a: Gengar|91/100|[from] item: Leftovers
|-heal|p1a: *Punches Boulder*|53/100 tox|[from] item: Leftovers
|-damage|p1a: *Punches Boulder*|35/100 tox|[from] psn
|upkeep
|turn|38
|inactive|TheComanderXD has 30 seconds left.
|inactive|earl gr3y has 180 seconds left.
|inactive|TheComanderXD has 20 seconds left.
|inactive|TheComanderXD has 15 seconds left.
|
|t:|1730320572
|move|p2a: Gengar|Thunderbolt|p1a: *Punches Boulder*
|-damage|p1a: *Punches Boulder*|10/100 tox
|move|p1a: *Punches Boulder*|Rock Slide|p2a: Gengar|[miss]
|-miss|p1a: *Punches Boulder*|p2a: Gengar
|
|-weather|Sandstorm|[upkeep]
|-damage|p2a: Gengar|84/100|[from] Sandstorm
|-heal|p2a: Gengar|91/100|[from] item: Leftovers
|-heal|p1a: *Punches Boulder*|17/100 tox|[from] item: Leftovers
|-damage|p1a: *Punches Boulder*|0 fnt|[from] psn
|faint|p1a: *Punches Boulder*
|upkeep
|inactive|TheComanderXD has 20 seconds left this turn.
|inactive|TheComanderXD has 15 seconds left.
|inactive|TheComanderXD has 10 seconds left.
|
|t:|1730320584
|switch|p1a: Righthand came off|Celebi|68/100
|-damage|p1a: Righthand came off|43/100|[from] Spikes
|turn|39
|inactive|TheComanderXD has 20 seconds left this turn.
|inactive|earl gr3y has 150 seconds left.
|
|t:|1730320631
|switch|p2a: Tyranitar|Tyranitar, M|100/100
|move|p1a: Righthand came off|Recover|p1a: Righthand came off
|-heal|p1a: Righthand came off|93/100
|
|-weather|Sandstorm|[upkeep]
|-damage|p1a: Righthand came off|87/100|[from] Sandstorm
|-heal|p1a: Righthand came off|93/100|[from] item: Leftovers
|upkeep
|turn|40
|inactive|TheComanderXD has 30 seconds left this turn.
|inactive|TheComanderXD has 20 seconds left.
|inactive|TheComanderXD has 15 seconds left.
|inactive|TheComanderXD has 10 seconds left.
|inactive|earl gr3y has 120 seconds left.
|
|t:|1730320674
|switch|p1a: Jill Sandwich|Swampert, F|84/100
|-damage|p1a: Jill Sandwich|59/100|[from] Spikes
|move|p2a: Tyranitar|Hidden Power|p1a: Jill Sandwich
|-damage|p1a: Jill Sandwich|33/100
|
|-weather|Sandstorm|[upkeep]
|-heal|p1a: Jill Sandwich|39/100|[from] item: Leftovers
|upkeep
|turn|41
|inactive|TheComanderXD has 20 seconds left this turn.
|inactive|TheComanderXD has 15 seconds left.
|inactive|TheComanderXD has 10 seconds left.
|
|t:|1730320694
|switch|p2a: Gengar|Gengar, M|91/100
|switch|p1a: Righthand came off|Celebi|93/100
|-damage|p1a: Righthand came off|68/100|[from] Spikes
|
|-weather|Sandstorm|[upkeep]
|-damage|p2a: Gengar|84/100|[from] Sandstorm
|-damage|p1a: Righthand came off|62/100|[from] Sandstorm
|-heal|p2a: Gengar|91/100|[from] item: Leftovers
|-heal|p1a: Righthand came off|68/100|[from] item: Leftovers
|upkeep
|turn|42
|inactive|TheComanderXD has 20 seconds left this turn.
|inactive|TheComanderXD has 15 seconds left.
|
|t:|1730320704
|switch|p2a: Tyranitar|Tyranitar, M|100/100
|move|p1a: Righthand came off|Leech Seed|p2a: Tyranitar
|-start|p2a: Tyranitar|move: Leech Seed
|
|-weather|Sandstorm|[upkeep]
|-damage|p1a: Righthand came off|62/100|[from] Sandstorm
|-heal|p1a: Righthand came off|68/100|[from] item: Leftovers
|-damage|p2a: Tyranitar|88/100|[from] Leech Seed|[of] p1a: Righthand came off
|-heal|p1a: Righthand came off|80/100|[silent]
|upkeep
|turn|43
|inactive|TheComanderXD has 25 seconds left this turn.
|inactive|TheComanderXD has 20 seconds left.
|inactive|TheComanderXD has 15 seconds left.
|
|t:|1730320719
|switch|p1a: That door!|Skarmory, M|14/100
|switch|p2a: Gengar|Gengar, M|91/100
|
|-weather|Sandstorm|[upkeep]
|-damage|p2a: Gengar|84/100|[from] Sandstorm
|-heal|p2a: Gengar|91/100|[from] item: Leftovers
|-heal|p1a: That door!|20/100|[from] item: Leftovers
|upkeep
|turn|44
|inactive|TheComanderXD has 25 seconds left this turn.
|inactive|TheComanderXD has 20 seconds left.
|inactive|TheComanderXD has 15 seconds left.
|
|t:|1730320731
|switch|p1a: Bingo?|Zapdos|62/100 brn
|move|p2a: Gengar|Thunderbolt|p1a: Bingo?
|-damage|p1a: Bingo?|44/100 brn
|
|-weather|Sandstorm|[upkeep]
|-damage|p2a: Gengar|84/100|[from] Sandstorm
|-damage|p1a: Bingo?|38/100 brn|[from] Sandstorm
|-heal|p2a: Gengar|91/100|[from] item: Leftovers
|-heal|p1a: Bingo?|44/100 brn|[from] item: Leftovers
|-damage|p1a: Bingo?|32/100 brn|[from] brn
|upkeep
|turn|45
|inactive|TheComanderXD has 25 seconds left this turn.
|inactive|TheComanderXD has 20 seconds left.
|inactive|earl gr3y has 120 seconds left.
|inactive|TheComanderXD has 15 seconds left.
|
|t:|1730320752
|move|p2a: Gengar|Ice Punch|p1a: Bingo?
|-supereffective|p1a: Bingo?
|-damage|p1a: Bingo?|1/100 brn
|move|p1a: Bingo?|Rest|p1a: Bingo?
|-status|p1a: Bingo?|slp|[from] move: Rest
|-heal|p1a: Bingo?|100/100 slp|[silent]
|
|-weather|Sandstorm|[upkeep]
|-damage|p2a: Gengar|84/100|[from] Sandstorm
|-damage|p1a: Bingo?|94/100 slp|[from] Sandstorm
|-heal|p2a: Gengar|91/100|[from] item: Leftovers
|-heal|p1a: Bingo?|100/100 slp|[from] item: Leftovers
|upkeep
|turn|46
|inactive|TheComanderXD has 25 seconds left this turn.
|inactive|TheComanderXD has 20 seconds left.
|inactive|TheComanderXD has 15 seconds left.
|
|t:|1730320766
|switch|p1a: That door!|Skarmory, M|20/100
|move|p2a: Gengar|Ice Punch|p1a: That door!
|-damage|p1a: That door!|0 fnt
|faint|p1a: That door!
|inactive|TheComanderXD has 20 seconds left this turn.
|inactive|TheComanderXD has 15 seconds left.
|
|t:|1730320771
|switch|p1a: Righthand came off|Celebi|80/100
|-damage|p1a: Righthand came off|55/100|[from] Spikes
|
|-weather|Sandstorm|[upkeep]
|-damage|p2a: Gengar|84/100|[from] Sandstorm
|-damage|p1a: Righthand came off|49/100|[from] Sandstorm
|-heal|p2a: Gengar|91/100|[from] item: Leftovers
|-heal|p1a: Righthand came off|55/100|[from] item: Leftovers
|upkeep
|turn|47
|inactive|TheComanderXD has 25 seconds left this turn.
|inactive|TheComanderXD has 20 seconds left.
|inactive|earl gr3y has 120 seconds left.
|
|t:|1730320788
|switch|p2a: Tyranitar|Tyranitar, M|88/100
|move|p1a: Righthand came off|Psychic|p2a: Tyranitar
|-immune|p2a: Tyranitar
|
|-weather|Sandstorm|[upkeep]
|-damage|p1a: Righthand came off|49/100|[from] Sandstorm
|-heal|p1a: Righthand came off|55/100|[from] item: Leftovers
|upkeep
|turn|48
|inactive|TheComanderXD has 30 seconds left this turn.
|inactive|earl gr3y has 120 seconds left.
|
|t:|1730320797
|move|p1a: Righthand came off|Leech Seed|p2a: Tyranitar
|-start|p2a: Tyranitar|move: Leech Seed
|move|p2a: Tyranitar|Hidden Power|p1a: Righthand came off
|-supereffective|p1a: Righthand came off
|-damage|p1a: Righthand came off|0 fnt
|faint|p1a: Righthand came off
|inactive|TheComanderXD has 30 seconds left this turn.
|
|t:|1730320802
|switch|p1a: No thanks! Bro!|Dugtrio, M|100/100
|-damage|p1a: No thanks! Bro!|76/100|[from] Spikes
|
|-weather|Sandstorm|[upkeep]
|-damage|p2a: Tyranitar|76/100|[from] Leech Seed|[of] p1a: No thanks! Bro!
|-heal|p1a: No thanks! Bro!|98/100|[silent]
|upkeep
|turn|49
|inactive|TheComanderXD has 30 seconds left.
|
|t:|1730320808
|move|p1a: No thanks! Bro!|Earthquake|p2a: Tyranitar
|-supereffective|p2a: Tyranitar
|-damage|p2a: Tyranitar|0 fnt
|faint|p2a: Tyranitar
|
|t:|1730320811
|switch|p2a: Gengar|Gengar, M|91/100
|
|-weather|Sandstorm|[upkeep]
|-damage|p2a: Gengar|84/100|[from] Sandstorm
|-heal|p2a: Gengar|91/100|[from] item: Leftovers
|upkeep
|turn|50
|
|t:|1730320818
|switch|p1a: Bingo?|Zapdos|100/100 slp
|move|p2a: Gengar|Ice Punch|p1a: Bingo?
|-supereffective|p1a: Bingo?
|-damage|p1a: Bingo?|72/100 slp
|
|-weather|Sandstorm|[upkeep]
|-damage|p2a: Gengar|84/100|[from] Sandstorm
|-damage|p1a: Bingo?|66/100 slp|[from] Sandstorm
|-heal|p2a: Gengar|91/100|[from] item: Leftovers
|-heal|p1a: Bingo?|72/100 slp|[from] item: Leftovers
|upkeep
|turn|51
|
|t:|1730320829
|move|p2a: Gengar|Ice Punch|p1a: Bingo?
|-supereffective|p1a: Bingo?
|-crit|p1a: Bingo?
|-damage|p1a: Bingo?|8/100 slp
|cant|p1a: Bingo?|slp
|
|-weather|Sandstorm|[upkeep]
|-damage|p2a: Gengar|84/100|[from] Sandstorm
|-damage|p1a: Bingo?|2/100 slp|[from] Sandstorm
|-heal|p2a: Gengar|91/100|[from] item: Leftovers
|-heal|p1a: Bingo?|8/100 slp|[from] item: Leftovers
|upkeep
|turn|52
|
|t:|1730320839
|move|p2a: Gengar|Ice Punch|p1a: Bingo?
|-supereffective|p1a: Bingo?
|-damage|p1a: Bingo?|0 fnt
|faint|p1a: Bingo?
|
|t:|1730320843
|switch|p1a: No thanks! Bro!|Dugtrio, M|98/100
|-damage|p1a: No thanks! Bro!|73/100|[from] Spikes
|
|-weather|Sandstorm|[upkeep]
|-damage|p2a: Gengar|84/100|[from] Sandstorm
|-heal|p2a: Gengar|91/100|[from] item: Leftovers
|upkeep
|turn|53
|inactive|earl gr3y has 180 seconds left.
|
|t:|1730320873
|move|p1a: No thanks! Bro!|Hidden Power|p2a: Gengar
|-resisted|p2a: Gengar
|-crit|p2a: Gengar
|-damage|p2a: Gengar|73/100
|move|p2a: Gengar|Ice Punch|p1a: No thanks! Bro!
|-supereffective|p1a: No thanks! Bro!
|-damage|p1a: No thanks! Bro!|0 fnt
|faint|p1a: No thanks! Bro!
|
|t:|1730320880
|switch|p1a: Jill Sandwich|Swampert, F|39/100
|-damage|p1a: Jill Sandwich|14/100|[from] Spikes
|
|-weather|Sandstorm|[upkeep]
|-damage|p2a: Gengar|66/100|[from] Sandstorm
|-heal|p2a: Gengar|73/100|[from] item: Leftovers
|-heal|p1a: Jill Sandwich|20/100|[from] item: Leftovers
|upkeep
|turn|54
|
|t:|1730320887
|move|p1a: Jill Sandwich|Protect|p1a: Jill Sandwich
|-singleturn|p1a: Jill Sandwich|Protect
|move|p2a: Gengar|Ice Punch|p1a: Jill Sandwich
|-activate|p1a: Jill Sandwich|Protect
|
|-weather|Sandstorm|[upkeep]
|-damage|p2a: Gengar|66/100|[from] Sandstorm
|-heal|p2a: Gengar|73/100|[from] item: Leftovers
|-heal|p1a: Jill Sandwich|27/100|[from] item: Leftovers
|upkeep
|turn|55
|
|t:|1730320896
|move|p2a: Gengar|Ice Punch|p1a: Jill Sandwich
|-damage|p1a: Jill Sandwich|7/100
|move|p1a: Jill Sandwich|Surf|p2a: Gengar
|-damage|p2a: Gengar|23/100
|
|-weather|Sandstorm|[upkeep]
|-damage|p2a: Gengar|17/100|[from] Sandstorm
|-heal|p2a: Gengar|23/100|[from] item: Leftovers
|-heal|p1a: Jill Sandwich|14/100|[from] item: Leftovers
|upkeep
|turn|56
|
|t:|1730320905
|move|p1a: Jill Sandwich|Protect|p1a: Jill Sandwich
|-singleturn|p1a: Jill Sandwich|Protect
|move|p2a: Gengar|Ice Punch|p1a: Jill Sandwich
|-activate|p1a: Jill Sandwich|Protect
|
|-weather|Sandstorm|[upkeep]
|-damage|p2a: Gengar|17/100|[from] Sandstorm
|-heal|p2a: Gengar|23/100|[from] item: Leftovers
|-heal|p1a: Jill Sandwich|20/100|[from] item: Leftovers
|upkeep
|turn|57
|inactive|TheComanderXD has 60 seconds left.
|
|t:|1730320915
|move|p2a: Gengar|Ice Punch|p1a: Jill Sandwich
|-damage|p1a: Jill Sandwich|2/100
|move|p1a: Jill Sandwich|Surf|p2a: Gengar
|-crit|p2a: Gengar
|-damage|p2a: Gengar|0 fnt
|faint|p2a: Gengar
|
|t:|1730320918
|switch|p2a: Metagross|Metagross|100/100
|
|-weather|Sandstorm|[upkeep]
|-heal|p1a: Jill Sandwich|9/100|[from] item: Leftovers
|upkeep
|turn|58
|
|t:|1730320928
|move|p2a: Metagross|Earthquake|p1a: Jill Sandwich
|-damage|p1a: Jill Sandwich|0 fnt
|faint|p1a: Jill Sandwich
|
|win|earl gr3y
|player|p1|
|c|☆earl gr3y|/log earl gr3y made the replay of this battle unlisted.

</script>
<script type="application/json" class="data" id="replaydata-smogtours-gen3ou-803464">
{"id":"smogtours-gen3ou-803464","format":"[Gen 3] OU","players":["TheComanderXD","earl gr3y"],"uploadtime":1730320928,"views":73,"formatid":"gen3ou","rating":null,"private":1,"password":null}
</script>

<script defer src="js/replays.js?9d40a366"></script>
