<!DOCTYPE html>
<meta charset="utf-8" />
<meta name="viewport" content="width=device-width" />

<title>[Gen 3] OU: FaceOFF3141 vs. celdanami - Replays - Pok&eacute;mon Showdown!</title>

<meta name="description" content="Watch a replay of a Pok&eacute;mon battle between FaceOFF3141 and celdanami! Format: [Gen 3] OU; Date: Nov 4, 2024" />
<!--

Hey, you! Looking in the source for the replay log?

You can find them in JSON format, just add `.json` at the end of a replay URL.

https://replay.pokemonshowdown.com/gen7randomdoublesbattle-865046831.json

Or, if you only need the log itself, add `.log` instead:

https://replay.pokemonshowdown.com/gen7randomdoublesbattle-865046831.log

-->

<link rel="stylesheet" href="//pokemonshowdown.com/style/global.css?0.023195364461161105" />
<link rel="stylesheet" href="//play.pokemonshowdown.com/style/font-awesome.css?0.13261647063804238" />
<link rel="stylesheet" href="//play.pokemonshowdown.com/style/battle.css?0.8753245789963631" />
<link rel="stylesheet" href="//play.pokemonshowdown.com/style/utilichart.css?0.8627959624976733" />

<!-- Global site tag (gtag.js) - Google Analytics -->
<script async src="https://www.googletagmanager.com/gtag/js?id=UA-26211653-1"></script>
<script>
  window.dataLayer = window.dataLayer || [];
  function gtag(){dataLayer.push(arguments);}
  gtag('js', new Date());

  gtag('config', 'UA-26211653-1');
</script>
<!-- End Google Analytics -->
<!-- Venatus Ad Manager - Install in <HEAD> of page -->
	<script src="https://hb.vntsm.com/v3/live/ad-manager.min.js" type="text/javascript" data-site-id="642aba63ec9a7b11c3c9c1be" data-mode="scan" async></script>
<!-- / Venatus Ad Manager -->

<style>
	@media (max-width:820px) {
		.battle {
			margin: 0 auto;
		}
		.battle-log {
			margin: 7px auto 0;
			max-width: 640px;
			height: 300px;
			position: static;
		}
	}
	.optgroup {
		display: inline-block;
		line-height: 22px;
		font-size: 10pt;
	}
	.optgroup .button {
		height: 25px;
		padding-top: 0;
		padding-bottom: 0;
	}
	.optgroup button.button {
		padding-left: 12px;
		padding-right: 12px;
	}
	.linklist {
		list-style: none;
		margin: 0.5em 0;
		padding: 0;
	}
	.linklist li {
		padding: 2px 0;
	}
	.sidebar {
		float: left;
		width: 320px;
	}
	.bar-wrapper {
		max-width: 1100px;
		margin: 0 auto;
	}
	.bar-wrapper.has-sidebar {
		max-width: 1430px;
	}
	.mainbar {
		margin: 0;
		padding-right: 1px;
	}
	.mainbar.has-sidebar {
		margin-left: 330px;
	}
	@media (min-width: 1511px) {
		.sidebar {
			width: 400px;
		}
		.bar-wrapper.has-sidebar {
			max-width: 1510px;
		}
		.mainbar.has-sidebar {
			margin-left: 410px;
		}
	}
	.section.first-section {
		margin-top: 9px;
	}
	.blocklink small {
		white-space: normal;
	}
	.button {
		vertical-align: middle;
	}
	.replay-controls {
		padding-top: 10px;
	}
	.replay-controls h1 {
		font-size: 16pt;
		font-weight: normal;
		color: #CCC;
	}
	.pagelink {
		text-align: center;
	}
	.pagelink a {
		width: 150px;
	}
	.textbox, .button {
		font-size: 11pt;
		vertical-align: middle;
	}
	@media (max-width: 450px) {
		.button {
			font-size: 9pt;
		}
	}
</style>

<div>

	<header>
		<div class="nav-wrapper"><ul class="nav">
			<li><a class="button nav-first" href="//pokemonshowdown.com/"><img src="//pokemonshowdown.com/images/pokemonshowdownbeta.png" srcset="//pokemonshowdown.com/images/pokemonshowdownbeta.png 1x, //pokemonshowdown.com/images/pokemonshowdownbeta@2x.png 2x" alt="Pok&eacute;mon Showdown" width="146" height="44" /> Home</a></li>
			<li><a class="button" href="//pokemonshowdown.com/dex/">Pok&eacute;dex</a></li>
			<li><a class="button cur" href="/">Replays</a></li>
			<li><a class="button" href="//pokemonshowdown.com/ladder/">Ladder</a></li>
			<li><a class="button nav-last" href="//pokemonshowdown.com/forums/">Forum</a></li>
			<li><a class="button greenbutton nav-first nav-last" href="//play.pokemonshowdown.com/">Play</a></li>
		</ul></div>
	</header>

	<div class="main" id="main">

		<noscript><section class="section">You need to enable JavaScript to use this page; sorry!</section></noscript>

	</div>

</div>

<script defer nomodule src="//play.pokemonshowdown.com/js/lib/ps-polyfill.js"></script>
<script defer src="//play.pokemonshowdown.com/js/lib/preact.min.js"></script>

<script defer src="//play.pokemonshowdown.com/config/config.js?2bddbc15"></script>
<script defer src="//play.pokemonshowdown.com/js/lib/jquery-1.11.0.min.js"></script>
<script defer src="//play.pokemonshowdown.com/js/lib/html-sanitizer-minified.js"></script>
<script defer src="//play.pokemonshowdown.com/js/battle-sound.js"></script>
<script defer src="//play.pokemonshowdown.com/js/battledata.js?0.7209276989879541"></script>
<script defer src="//play.pokemonshowdown.com/data/pokedex-mini.js?0.6111056340867951"></script>
<script defer src="//play.pokemonshowdown.com/data/pokedex-mini-bw.js?0.3532142036491459"></script>
<script defer src="//play.pokemonshowdown.com/data/graphics.js?0.24223875632456182"></script>
<script defer src="//play.pokemonshowdown.com/data/pokedex.js?0.38839984266356864"></script>
<script defer src="//play.pokemonshowdown.com/data/moves.js?0.21866028504024015"></script>
<script defer src="//play.pokemonshowdown.com/data/abilities.js?0.2005157953846628"></script>
<script defer src="//play.pokemonshowdown.com/data/items.js?0.9894211263848525"></script>
<script defer src="//play.pokemonshowdown.com/data/teambuilder-tables.js?0.6008791140282215"></script>
<script defer src="//play.pokemonshowdown.com/js/battle-tooltips.js?0.7580118955022959"></script>
<script defer src="//play.pokemonshowdown.com/js/battle.js?0.6057722274234274"></script>

<script defer src="js/utils.js?e31f9a17"></script>
<script defer src="js/replays-battle.js?7008c182"></script>

<!-- don't scrape this data! just add .json or .log after the URL!
Full API docs: https://github.com/smogon/pokemon-showdown-client/blob/master/WEB-API.md -->
<script type="text/plain" class="log" id="replaylog-smogtours-gen3ou-804800">
|inactive|Battle timer is ON: inactive players will automatically lose when time's up.
|t:|1730752280
|gametype|singles
|player|p1|FaceOFF3141|101|
|player|p2|celdanami|265|
|teamsize|p1|6
|teamsize|p2|6
|gen|3
|tier|[Gen 3] OU
|rule|Sleep Clause Mod: Limit one foe put to sleep
|rule|Switch Priority Clause Mod: Faster Pokémon switch first
|rule|Species Clause: Limit one of each Pokémon
|rule|OHKO Clause: OHKO moves are banned
|rule|Evasion Items Clause: Evasion items are banned
|rule|Evasion Moves Clause: Evasion moves are banned
|rule|Endless Battle Clause: Forcing endless battles is banned
|rule|HP Percentage Mod: HP is shown in percentages
|rule|One Boost Passer Clause: Limit one Baton Passer that has a way to boost its stats
|rule|Freeze Clause Mod: Limit one foe frozen
|
|t:|1730752280
|start
|switch|p1a: Salamence|Salamence, M|100/100
|switch|p2a: Zapdos|Zapdos|100/100
|-ability|p1a: Salamence|Intimidate|boost
|-unboost|p2a: Zapdos|atk|1
|turn|1
|inactive|FaceOFF3141 has 270 seconds left.
|inactive|celdanami has 270 seconds left.
|
|t:|1730752325
|switch|p1a: Swampert|Swampert, F|100/100
|move|p2a: Zapdos|Substitute|p2a: Zapdos
|-start|p2a: Zapdos|Substitute
|-damage|p2a: Zapdos|76/100
|
|-heal|p2a: Zapdos|82/100|[from] item: Leftovers
|upkeep
|turn|2
|
|t:|1730752345
|move|p1a: Swampert|Protect|p1a: Swampert
|-singleturn|p1a: Swampert|Protect
|move|p2a: Zapdos|Hidden Power|p1a: Swampert
|-activate|p1a: Swampert|Protect
|
|-heal|p2a: Zapdos|88/100|[from] item: Leftovers
|upkeep
|turn|3
|c|☆celdanami|oh now you scout :P
|inactive|FaceOFF3141 has 270 seconds left.
|
|t:|1730752382
|switch|p1a: Blissey|Blissey, F|100/100
|move|p2a: Zapdos|Hidden Power|p1a: Blissey
|-damage|p1a: Blissey|90/100
|
|-heal|p2a: Zapdos|94/100|[from] item: Leftovers
|-heal|p1a: Blissey|97/100|[from] item: Leftovers
|upkeep
|turn|4
|
|t:|1730752387
|move|p2a: Zapdos|Baton Pass|p2a: Zapdos
|
|t:|1730752389
|switch|p2a: Dugtrio|Dugtrio, M|100/100|[from] Baton Pass
|move|p1a: Blissey|Seismic Toss|p2a: Dugtrio
|-end|p2a: Dugtrio|Substitute
|
|-heal|p1a: Blissey|100/100|[from] item: Leftovers
|upkeep
|turn|5
|
|t:|1730752395
|move|p2a: Dugtrio|Beat Up|p1a: Blissey
|-damage|p1a: Blissey|91/100
|-damage|p1a: Blissey|80/100
|-damage|p1a: Blissey|65/100
|-damage|p1a: Blissey|49/100
|-damage|p1a: Blissey|37/100
|-damage|p1a: Blissey|25/100
|-hitcount|p1a: Blissey|6
|move|p1a: Blissey|Ice Beam|p2a: Dugtrio
|-supereffective|p2a: Dugtrio
|-damage|p2a: Dugtrio|24/100
|
|-heal|p1a: Blissey|32/100|[from] item: Leftovers
|upkeep
|turn|6
|
|t:|1730752406
|move|p2a: Dugtrio|Beat Up|p1a: Blissey
|-damage|p1a: Blissey|22/100
|-damage|p1a: Blissey|10/100
|-damage|p1a: Blissey|0 fnt
|-hitcount|p1a: Blissey|3
|faint|p1a: Blissey
|inactive|FaceOFF3141 has 270 seconds left.
|
|t:|1730752422
|switch|p1a: Salamence|Salamence, M|100/100
|-ability|p1a: Salamence|Intimidate|boost
|-unboost|p2a: Dugtrio|atk|1
|
|upkeep
|turn|7
|inactive|FaceOFF3141 has 270 seconds left.
|
|t:|1730752444
|switch|p2a: Kingdra|Kingdra, F|100/100
|move|p1a: Salamence|Fire Blast|p2a: Kingdra
|-resisted|p2a: Kingdra
|-damage|p2a: Kingdra|92/100
|
|-heal|p2a: Kingdra|98/100|[from] item: Leftovers
|upkeep
|turn|8
|
|t:|1730752455
|switch|p1a: Suicune|Suicune|100/100
|move|p2a: Kingdra|Ice Beam|p1a: Suicune
|-resisted|p1a: Suicune
|-damage|p1a: Suicune|89/100
|
|-heal|p1a: Suicune|95/100|[from] item: Leftovers
|-heal|p2a: Kingdra|100/100|[from] item: Leftovers
|upkeep
|turn|9
|
|t:|1730752467
|switch|p2a: Celebi|Celebi|100/100
|move|p1a: Suicune|Ice Beam|p2a: Celebi
|-supereffective|p2a: Celebi
|-damage|p2a: Celebi|57/100
|
|-heal|p2a: Celebi|63/100|[from] item: Leftovers
|-heal|p1a: Suicune|100/100|[from] item: Leftovers
|upkeep
|turn|10
|inactive|FaceOFF3141 has 240 seconds left.
|
|t:|1730752499
|move|p2a: Celebi|Leech Seed|p1a: Suicune
|-start|p1a: Suicune|move: Leech Seed
|move|p1a: Suicune|Ice Beam|p2a: Celebi
|-supereffective|p2a: Celebi
|-damage|p2a: Celebi|24/100
|
|-heal|p2a: Celebi|30/100|[from] item: Leftovers
|-damage|p1a: Suicune|88/100|[from] Leech Seed|[of] p2a: Celebi
|-heal|p2a: Celebi|42/100|[silent]
|upkeep
|turn|11
|inactive|FaceOFF3141 has 240 seconds left.
|
|t:|1730752505
|switch|p1a: Salamence|Salamence, M|100/100
|-ability|p1a: Salamence|Intimidate|boost
|-unboost|p2a: Celebi|atk|1
|move|p2a: Celebi|Calm Mind|p2a: Celebi
|-boost|p2a: Celebi|spa|1
|-boost|p2a: Celebi|spd|1
|
|-heal|p2a: Celebi|49/100|[from] item: Leftovers
|upkeep
|turn|12
|inactive|FaceOFF3141 has 240 seconds left.
|inactive|celdanami has 270 seconds left.
|
|t:|1730752554
|move|p1a: Salamence|Fire Blast|p2a: Celebi
|-supereffective|p2a: Celebi
|-damage|p2a: Celebi|8/100
|move|p2a: Celebi|Baton Pass|p2a: Celebi
|
|t:|1730752558
|switch|p2a: Zapdos|Zapdos|94/100|[from] Baton Pass
|
|-heal|p2a: Zapdos|100/100|[from] item: Leftovers
|upkeep
|turn|13
|
|t:|1730752565
|move|p1a: Salamence|Rock Slide|p2a: Zapdos
|-supereffective|p2a: Zapdos
|-damage|p2a: Zapdos|44/100
|cant|p2a: Zapdos|flinch
|
|-heal|p2a: Zapdos|50/100|[from] item: Leftovers
|upkeep
|turn|14
|c|☆celdanami|:<
|inactive|celdanami has 270 seconds left.
|
|t:|1730752594
|switch|p2a: Celebi|Celebi|8/100
|move|p1a: Salamence|Rock Slide|p2a: Celebi
|-damage|p2a: Celebi|0 fnt
|faint|p2a: Celebi
|
|t:|1730752604
|switch|p2a: Kingdra|Kingdra, F|100/100
|
|upkeep
|turn|15
|inactive|FaceOFF3141 has 240 seconds left.
|inactive|celdanami has 240 seconds left.
|inactive|FaceOFF3141 has 210 seconds left.
|
|t:|1730752665
|switch|p1a: Jirachi|Jirachi|100/100
|move|p2a: Kingdra|Hidden Power|p1a: Jirachi
|-resisted|p1a: Jirachi
|-damage|p1a: Jirachi|91/100
|
|upkeep
|turn|16
|inactive|FaceOFF3141 has 210 seconds left.
|inactive|celdanami has 240 seconds left.
|
|t:|1730752705
|switch|p2a: Metagross|Metagross|100/100
|move|p1a: Jirachi|Thunder|p2a: Metagross|[miss]
|-miss|p1a: Jirachi|p2a: Metagross
|
|upkeep
|turn|17
|
|t:|1730752728
|switch|p1a: Swampert|Swampert, F|100/100
|move|p2a: Metagross|Earthquake|p1a: Swampert
|-damage|p1a: Swampert|61/100
|
|-heal|p1a: Swampert|67/100|[from] item: Leftovers
|upkeep
|turn|18
|
|t:|1730752740
|switch|p2a: Heracross|Heracross, M|100/100
|move|p1a: Swampert|Earthquake|p2a: Heracross
|-resisted|p2a: Heracross
|-damage|p2a: Heracross|76/100
|
|-heal|p2a: Heracross|82/100|[from] item: Leftovers
|-heal|p1a: Swampert|73/100|[from] item: Leftovers
|upkeep
|turn|19
|
|t:|1730752753
|move|p1a: Swampert|Protect|p1a: Swampert
|-singleturn|p1a: Swampert|Protect
|move|p2a: Heracross|Substitute|p2a: Heracross
|-start|p2a: Heracross|Substitute
|-damage|p2a: Heracross|57/100
|
|-heal|p2a: Heracross|63/100|[from] item: Leftovers
|-heal|p1a: Swampert|79/100|[from] item: Leftovers
|upkeep
|turn|20
|
|t:|1730752758
|-singleturn|p2a: Heracross|move: Focus Punch
|move|p2a: Heracross|Focus Punch|p1a: Swampert
|-damage|p1a: Swampert|15/100
|move|p1a: Swampert|Roar|p2a: Heracross
|drag|p2a: Kingdra|Kingdra, F|100/100
|
|-heal|p1a: Swampert|21/100|[from] item: Leftovers
|upkeep
|turn|21
|
|t:|1730752776
|switch|p1a: Jirachi|Jirachi|91/100
|move|p2a: Kingdra|Rain Dance|p2a: Kingdra
|-weather|RainDance
|
|-weather|RainDance|[upkeep]
|upkeep
|turn|22
|inactive|FaceOFF3141 has 180 seconds left.
|inactive|FaceOFF3141 has 150 seconds left.
|
|t:|1730752834
|move|p2a: Kingdra|Hydro Pump|p1a: Jirachi|[miss]
|-miss|p2a: Kingdra|p1a: Jirachi
|move|p1a: Jirachi|Thunder|p2a: Kingdra
|-damage|p2a: Kingdra|66/100
|
|-weather|RainDance|[upkeep]
|-heal|p2a: Kingdra|72/100|[from] item: Leftovers
|upkeep
|turn|23
|inactive|celdanami has 240 seconds left.
|inactive|FaceOFF3141 has 120 seconds left.
|
|t:|1730752875
|move|p2a: Kingdra|Hydro Pump|p1a: Jirachi
|-damage|p1a: Jirachi|14/100
|move|p1a: Jirachi|Ice Punch|p2a: Kingdra
|-damage|p2a: Kingdra|49/100
|
|-weather|RainDance|[upkeep]
|-heal|p2a: Kingdra|55/100|[from] item: Leftovers
|upkeep
|turn|24
|inactive|FaceOFF3141 has 120 seconds left.
|inactive|celdanami has 240 seconds left.
|
|t:|1730752903
|switch|p1a: Suicune|Suicune|88/100
|move|p2a: Kingdra|Hydro Pump|p1a: Suicune
|-resisted|p1a: Suicune
|-damage|p1a: Suicune|55/100
|
|-weather|RainDance|[upkeep]
|-heal|p2a: Kingdra|61/100|[from] item: Leftovers
|-heal|p1a: Suicune|61/100|[from] item: Leftovers
|upkeep
|turn|25
|inactive|FaceOFF3141 has 120 seconds left.
|
|t:|1730752923
|move|p2a: Kingdra|Ice Beam|p1a: Suicune
|-resisted|p1a: Suicune
|-damage|p1a: Suicune|50/100
|move|p1a: Suicune|Calm Mind|p1a: Suicune
|-boost|p1a: Suicune|spa|1
|-boost|p1a: Suicune|spd|1
|
|-weather|none
|-heal|p2a: Kingdra|67/100|[from] item: Leftovers
|-heal|p1a: Suicune|56/100|[from] item: Leftovers
|upkeep
|turn|26
|inactive|FaceOFF3141 has 120 seconds left.
|
|t:|1730752954
|switch|p2a: Dugtrio|Dugtrio, M|24/100
|move|p1a: Suicune|Substitute|p1a: Suicune
|-start|p1a: Suicune|Substitute
|-damage|p1a: Suicune|31/100
|
|-heal|p1a: Suicune|38/100|[from] item: Leftovers
|upkeep
|turn|27
|
|t:|1730752957
|move|p2a: Dugtrio|Earthquake|p1a: Suicune
|-end|p1a: Suicune|Substitute
|move|p1a: Suicune|Ice Beam|p2a: Dugtrio
|-supereffective|p2a: Dugtrio
|-damage|p2a: Dugtrio|0 fnt
|faint|p2a: Dugtrio
|
|t:|1730752959
|switch|p2a: Zapdos|Zapdos|50/100
|
|-heal|p2a: Zapdos|56/100|[from] item: Leftovers
|-heal|p1a: Suicune|44/100|[from] item: Leftovers
|upkeep
|turn|28
|inactive|FaceOFF3141 has 90 seconds left.
|
|t:|1730753009
|switch|p1a: Tyranitar|Tyranitar, M|100/100
|-weather|Sandstorm|[from] ability: Sand Stream|[of] p1a: Tyranitar
|move|p2a: Zapdos|Thunderbolt|p1a: Tyranitar
|-damage|p1a: Tyranitar|56/100
|
|-weather|Sandstorm|[upkeep]
|-damage|p2a: Zapdos|50/100|[from] Sandstorm
|-heal|p2a: Zapdos|56/100|[from] item: Leftovers
|upkeep
|turn|29
|inactive|FaceOFF3141 has 60 seconds left.
|inactive|celdanami has 240 seconds left.
|inactive|celdanami has 210 seconds left.
|
|t:|1730753103
|move|p2a: Zapdos|Thunderbolt|p1a: Tyranitar
|-damage|p1a: Tyranitar|13/100
|move|p1a: Tyranitar|Rock Slide|p2a: Zapdos
|-supereffective|p2a: Zapdos
|-damage|p2a: Zapdos|0 fnt
|faint|p2a: Zapdos
|inactive|celdanami has 180 seconds left.
|
|t:|1730753129
|switch|p2a: Heracross|Heracross, M|63/100
|
|-weather|Sandstorm|[upkeep]
|-damage|p2a: Heracross|57/100|[from] Sandstorm
|-heal|p2a: Heracross|63/100|[from] item: Leftovers
|upkeep
|turn|30
|
|t:|1730753133
|switch|p1a: Salamence|Salamence, M|100/100
|-ability|p1a: Salamence|Intimidate|boost
|-unboost|p2a: Heracross|atk|1
|move|p2a: Heracross|Rock Slide|p1a: Salamence
|-supereffective|p1a: Salamence
|-damage|p1a: Salamence|50/100
|
|-weather|Sandstorm|[upkeep]
|-damage|p1a: Salamence|44/100|[from] Sandstorm
|-damage|p2a: Heracross|57/100|[from] Sandstorm
|-heal|p1a: Salamence|50/100|[from] item: Leftovers
|-heal|p2a: Heracross|63/100|[from] item: Leftovers
|upkeep
|turn|31
|inactive|celdanami has 180 seconds left.
|inactive|celdanami has 150 seconds left.
|
|t:|1730753197
|move|p1a: Salamence|Fire Blast|p2a: Heracross
|-supereffective|p2a: Heracross
|-crit|p2a: Heracross
|-damage|p2a: Heracross|0 fnt
|faint|p2a: Heracross
|
|t:|1730753199
|switch|p2a: Kingdra|Kingdra, F|67/100
|
|-weather|Sandstorm|[upkeep]
|-damage|p1a: Salamence|44/100|[from] Sandstorm
|-damage|p2a: Kingdra|61/100|[from] Sandstorm
|-heal|p1a: Salamence|50/100|[from] item: Leftovers
|-heal|p2a: Kingdra|67/100|[from] item: Leftovers
|upkeep
|turn|32
|inactive|FaceOFF3141 has 60 seconds left.
|
|t:|1730753222
|switch|p1a: Swampert|Swampert, F|21/100
|move|p2a: Kingdra|Ice Beam|p1a: Swampert
|-damage|p1a: Swampert|0 fnt
|faint|p1a: Swampert
|
|t:|1730753233
|switch|p1a: Jirachi|Jirachi|14/100
|
|-weather|Sandstorm|[upkeep]
|-damage|p2a: Kingdra|61/100|[from] Sandstorm
|-heal|p2a: Kingdra|67/100|[from] item: Leftovers
|upkeep
|turn|33
|
|t:|1730753239
|move|p1a: Jirachi|Thunder|p2a: Kingdra|[miss]
|-miss|p1a: Jirachi|p2a: Kingdra
|move|p2a: Kingdra|Rain Dance|p2a: Kingdra
|-weather|RainDance
|
|-weather|RainDance|[upkeep]
|-heal|p2a: Kingdra|73/100|[from] item: Leftovers
|upkeep
|turn|34
|inactive|FaceOFF3141 has 60 seconds left.
|inactive|FaceOFF3141 has 30 seconds left.
|inactive|FaceOFF3141 has 20 seconds left.
|
|t:|1730753288
|switch|p1a: Tyranitar|Tyranitar, M|13/100
|-weather|Sandstorm|[from] ability: Sand Stream|[of] p1a: Tyranitar
|move|p2a: Kingdra|Hydro Pump|p1a: Tyranitar
|-supereffective|p1a: Tyranitar
|-damage|p1a: Tyranitar|0 fnt
|faint|p1a: Tyranitar
|inactive|FaceOFF3141 has 25 seconds left this turn.
|
|t:|1730753292
|switch|p1a: Jirachi|Jirachi|14/100
|
|-weather|Sandstorm|[upkeep]
|-damage|p2a: Kingdra|67/100|[from] Sandstorm
|-heal|p2a: Kingdra|73/100|[from] item: Leftovers
|upkeep
|turn|35
|
|t:|1730753295
|move|p1a: Jirachi|Thunder|p2a: Kingdra
|-damage|p2a: Kingdra|36/100
|-status|p2a: Kingdra|par
|cant|p2a: Kingdra|par
|
|-weather|Sandstorm|[upkeep]
|-damage|p2a: Kingdra|30/100 par|[from] Sandstorm
|-heal|p2a: Kingdra|36/100 par|[from] item: Leftovers
|upkeep
|turn|36
|c|☆celdanami|ggs
|
|t:|1730753305
|move|p1a: Jirachi|Thunder|p2a: Kingdra
|-damage|p2a: Kingdra|3/100 par
|move|p2a: Kingdra|Hydro Pump|p1a: Jirachi
|-damage|p1a: Jirachi|0 fnt
|faint|p1a: Jirachi
|inactive|FaceOFF3141 has 30 seconds left.
|inactive|FaceOFF3141 has 20 seconds left.
|
|t:|1730753328
|switch|p1a: Salamence|Salamence, M|50/100
|-ability|p1a: Salamence|Intimidate|boost
|-unboost|p2a: Kingdra|atk|1
|
|-weather|Sandstorm|[upkeep]
|-damage|p1a: Salamence|44/100|[from] Sandstorm
|-damage|p2a: Kingdra|0 fnt|[from] Sandstorm
|faint|p2a: Kingdra
|-heal|p1a: Salamence|50/100|[from] item: Leftovers
|upkeep
|inactive|FaceOFF3141 has 25 seconds left this turn.
|
|t:|1730753331
|switch|p2a: Metagross|Metagross|100/100
|turn|37
|
|t:|1730753337
|move|p1a: Salamence|Fire Blast|p2a: Metagross
|-supereffective|p2a: Metagross
|-damage|p2a: Metagross|20/100
|-status|p2a: Metagross|brn
|move|p2a: Metagross|Rock Slide|p1a: Salamence
|-supereffective|p1a: Salamence
|-damage|p1a: Salamence|0 fnt
|faint|p1a: Salamence
|
|t:|1730753341
|switch|p1a: Suicune|Suicune|44/100
|
|-weather|Sandstorm|[upkeep]
|-damage|p1a: Suicune|38/100|[from] Sandstorm
|-heal|p1a: Suicune|44/100|[from] item: Leftovers
|-damage|p2a: Metagross|8/100 brn|[from] brn
|upkeep
|turn|38
|
|t:|1730753347
|move|p1a: Suicune|Substitute|p1a: Suicune
|-start|p1a: Suicune|Substitute
|-damage|p1a: Suicune|19/100
|move|p2a: Metagross|Rock Slide|p1a: Suicune
|-activate|p1a: Suicune|Substitute|[damage]
|
|-weather|Sandstorm|[upkeep]
|-damage|p1a: Suicune|13/100|[from] Sandstorm
|-heal|p1a: Suicune|19/100|[from] item: Leftovers
|-damage|p2a: Metagross|0 fnt|[from] brn
|faint|p2a: Metagross
|
|win|FaceOFF3141
|upkeep
|c|☆FaceOFF3141|ggs
|player|p2|
|c|☆FaceOFF3141|sorry about the burn

</script>
<script type="application/json" class="data" id="replaydata-smogtours-gen3ou-804800">
{"id":"smogtours-gen3ou-804800","format":"[Gen 3] OU","players":["FaceOFF3141","celdanami"],"uploadtime":1730753347,"views":79,"formatid":"gen3ou","rating":null,"private":0,"password":null}
</script>

<script defer src="js/replays.js?9d40a366"></script>
