<!DOCTYPE html>
<meta charset="utf-8" />
<meta name="viewport" content="width=device-width" />

<title>[Gen 3] OU: Wolf Turds vs. klird - Replays - Pok&eacute;mon Showdown!</title>

<meta name="description" content="Watch a replay of a Pok&eacute;mon battle between Wolf Turds and klird! Format: [Gen 3] OU; Date: Nov 5, 2024" />
<!--

Hey, you! Looking in the source for the replay log?

You can find them in JSON format, just add `.json` at the end of a replay URL.

https://replay.pokemonshowdown.com/gen7randomdoublesbattle-865046831.json

Or, if you only need the log itself, add `.log` instead:

https://replay.pokemonshowdown.com/gen7randomdoublesbattle-865046831.log

-->

<link rel="stylesheet" href="//pokemonshowdown.com/style/global.css?0.023195364461161105" />
<link rel="stylesheet" href="//play.pokemonshowdown.com/style/font-awesome.css?0.13261647063804238" />
<link rel="stylesheet" href="//play.pokemonshowdown.com/style/battle.css?0.8753245789963631" />
<link rel="stylesheet" href="//play.pokemonshowdown.com/style/utilichart.css?0.8627959624976733" />

<!-- Global site tag (gtag.js) - Google Analytics -->
<script async src="https://www.googletagmanager.com/gtag/js?id=UA-26211653-1"></script>
<script>
  window.dataLayer = window.dataLayer || [];
  function gtag(){dataLayer.push(arguments);}
  gtag('js', new Date());

  gtag('config', 'UA-26211653-1');
</script>
<!-- End Google Analytics -->
<!-- Venatus Ad Manager - Install in <HEAD> of page -->
	<script src="https://hb.vntsm.com/v3/live/ad-manager.min.js" type="text/javascript" data-site-id="642aba63ec9a7b11c3c9c1be" data-mode="scan" async></script>
<!-- / Venatus Ad Manager -->

<style>
	@media (max-width:820px) {
		.battle {
			margin: 0 auto;
		}
		.battle-log {
			margin: 7px auto 0;
			max-width: 640px;
			height: 300px;
			position: static;
		}
	}
	.optgroup {
		display: inline-block;
		line-height: 22px;
		font-size: 10pt;
	}
	.optgroup .button {
		height: 25px;
		padding-top: 0;
		padding-bottom: 0;
	}
	.optgroup button.button {
		padding-left: 12px;
		padding-right: 12px;
	}
	.linklist {
		list-style: none;
		margin: 0.5em 0;
		padding: 0;
	}
	.linklist li {
		padding: 2px 0;
	}
	.sidebar {
		float: left;
		width: 320px;
	}
	.bar-wrapper {
		max-width: 1100px;
		margin: 0 auto;
	}
	.bar-wrapper.has-sidebar {
		max-width: 1430px;
	}
	.mainbar {
		margin: 0;
		padding-right: 1px;
	}
	.mainbar.has-sidebar {
		margin-left: 330px;
	}
	@media (min-width: 1511px) {
		.sidebar {
			width: 400px;
		}
		.bar-wrapper.has-sidebar {
			max-width: 1510px;
		}
		.mainbar.has-sidebar {
			margin-left: 410px;
		}
	}
	.section.first-section {
		margin-top: 9px;
	}
	.blocklink small {
		white-space: normal;
	}
	.button {
		vertical-align: middle;
	}
	.replay-controls {
		padding-top: 10px;
	}
	.replay-controls h1 {
		font-size: 16pt;
		font-weight: normal;
		color: #CCC;
	}
	.pagelink {
		text-align: center;
	}
	.pagelink a {
		width: 150px;
	}
	.textbox, .button {
		font-size: 11pt;
		vertical-align: middle;
	}
	@media (max-width: 450px) {
		.button {
			font-size: 9pt;
		}
	}
</style>

<div>

	<header>
		<div class="nav-wrapper"><ul class="nav">
			<li><a class="button nav-first" href="//pokemonshowdown.com/"><img src="//pokemonshowdown.com/images/pokemonshowdownbeta.png" srcset="//pokemonshowdown.com/images/pokemonshowdownbeta.png 1x, //pokemonshowdown.com/images/pokemonshowdownbeta@2x.png 2x" alt="Pok&eacute;mon Showdown" width="146" height="44" /> Home</a></li>
			<li><a class="button" href="//pokemonshowdown.com/dex/">Pok&eacute;dex</a></li>
			<li><a class="button cur" href="/">Replays</a></li>
			<li><a class="button" href="//pokemonshowdown.com/ladder/">Ladder</a></li>
			<li><a class="button nav-last" href="//pokemonshowdown.com/forums/">Forum</a></li>
			<li><a class="button greenbutton nav-first nav-last" href="//play.pokemonshowdown.com/">Play</a></li>
		</ul></div>
	</header>

	<div class="main" id="main">

		<noscript><section class="section">You need to enable JavaScript to use this page; sorry!</section></noscript>

	</div>

</div>

<script defer nomodule src="//play.pokemonshowdown.com/js/lib/ps-polyfill.js"></script>
<script defer src="//play.pokemonshowdown.com/js/lib/preact.min.js"></script>

<script defer src="//play.pokemonshowdown.com/config/config.js?2bddbc15"></script>
<script defer src="//play.pokemonshowdown.com/js/lib/jquery-1.11.0.min.js"></script>
<script defer src="//play.pokemonshowdown.com/js/lib/html-sanitizer-minified.js"></script>
<script defer src="//play.pokemonshowdown.com/js/battle-sound.js"></script>
<script defer src="//play.pokemonshowdown.com/js/battledata.js?0.7209276989879541"></script>
<script defer src="//play.pokemonshowdown.com/data/pokedex-mini.js?0.6111056340867951"></script>
<script defer src="//play.pokemonshowdown.com/data/pokedex-mini-bw.js?0.3532142036491459"></script>
<script defer src="//play.pokemonshowdown.com/data/graphics.js?0.24223875632456182"></script>
<script defer src="//play.pokemonshowdown.com/data/pokedex.js?0.38839984266356864"></script>
<script defer src="//play.pokemonshowdown.com/data/moves.js?0.21866028504024015"></script>
<script defer src="//play.pokemonshowdown.com/data/abilities.js?0.2005157953846628"></script>
<script defer src="//play.pokemonshowdown.com/data/items.js?0.9894211263848525"></script>
<script defer src="//play.pokemonshowdown.com/data/teambuilder-tables.js?0.6008791140282215"></script>
<script defer src="//play.pokemonshowdown.com/js/battle-tooltips.js?0.7580118955022959"></script>
<script defer src="//play.pokemonshowdown.com/js/battle.js?0.6057722274234274"></script>

<script defer src="js/utils.js?e31f9a17"></script>
<script defer src="js/replays-battle.js?7008c182"></script>

<!-- don't scrape this data! just add .json or .log after the URL!
Full API docs: https://github.com/smogon/pokemon-showdown-client/blob/master/WEB-API.md -->
<script type="text/plain" class="log" id="replaylog-smogtours-gen3ou-804841">
|inactive|Battle timer is ON: inactive players will automatically lose when time's up.
|t:|1730767031
|gametype|singles
|player|p1|Wolf Turds|hiker-gen4|
|player|p2|klird|giovanni|
|teamsize|p1|6
|teamsize|p2|6
|gen|3
|tier|[Gen 3] OU
|rule|Sleep Clause Mod: Limit one foe put to sleep
|rule|Switch Priority Clause Mod: Faster Pokémon switch first
|rule|Species Clause: Limit one of each Pokémon
|rule|OHKO Clause: OHKO moves are banned
|rule|Evasion Items Clause: Evasion items are banned
|rule|Evasion Moves Clause: Evasion moves are banned
|rule|Endless Battle Clause: Forcing endless battles is banned
|rule|HP Percentage Mod: HP is shown in percentages
|rule|One Boost Passer Clause: Limit one Baton Passer that has a way to boost its stats
|rule|Freeze Clause Mod: Limit one foe frozen
|
|t:|1730767031
|start
|switch|p1a: Zapdos|Zapdos|100/100
|switch|p2a: Johannes|Salamence, F|100/100
|-ability|p2a: Johannes|Intimidate|boost
|-unboost|p1a: Zapdos|atk|1
|turn|1
|c|☆Wolf Turds|glhf!
|c|☆klird|u2!
|inactive|Wolf Turds has 270 seconds left.
|inactive|klird has 270 seconds left.
|
|t:|1730767090
|move|p2a: Johannes|Rock Slide|p1a: Zapdos
|-supereffective|p1a: Zapdos
|-damage|p1a: Zapdos|24/100
|move|p1a: Zapdos|Thunderbolt|p2a: Johannes
|-damage|p2a: Johannes|48/100
|
|-heal|p1a: Zapdos|30/100|[from] item: Leftovers
|upkeep
|turn|2
|inactive|klird has 270 seconds left.
|
|t:|1730767145
|switch|p2a: Peter|Celebi|100/100
|switch|p1a: Metagross|Metagross|100/100
|
|upkeep
|turn|3
|inactive|klird has 240 seconds left.
|
|t:|1730767197
|switch|p2a: P9iedra|Magneton|100/100
|move|p1a: Metagross|Meteor Mash|p2a: P9iedra
|-resisted|p2a: P9iedra
|-damage|p2a: P9iedra|69/100
|
|upkeep
|turn|4
|inactive|klird has 210 seconds left.
|
|t:|1730767217
|move|p2a: P9iedra|Thunderbolt|p1a: Metagross
|-damage|p1a: Metagross|43/100
|move|p1a: Metagross|Meteor Mash|p2a: P9iedra
|-resisted|p2a: P9iedra
|-damage|p2a: P9iedra|35/100
|
|upkeep
|turn|5
|
|t:|1730767223
|move|p2a: P9iedra|Thunderbolt|p1a: Metagross
|-damage|p1a: Metagross|0 fnt
|faint|p1a: Metagross
|inactive|Wolf Turds has 270 seconds left.
|
|t:|1730767244
|switch|p1a: Zapdos|Zapdos|30/100
|
|-heal|p1a: Zapdos|36/100|[from] item: Leftovers
|upkeep
|turn|6
|inactive|klird has 210 seconds left.
|
|t:|1730767274
|switch|p2a: Peter|Celebi|100/100
|move|p1a: Zapdos|Thunderbolt|p2a: Peter
|-resisted|p2a: Peter
|-damage|p2a: Peter|85/100
|
|-heal|p1a: Zapdos|42/100|[from] item: Leftovers
|-heal|p2a: Peter|92/100|[from] item: Leftovers
|upkeep
|turn|7
|inactive|klird has 210 seconds left.
|inactive|Wolf Turds has 270 seconds left.
|inactive|klird has 180 seconds left.
|
|t:|1730767331
|move|p1a: Zapdos|Baton Pass|p1a: Zapdos
|
|t:|1730767335
|switch|p1a: Snorlax|Snorlax, M|100/100|[from] Baton Pass
|move|p2a: Peter|Psychic|p1a: Snorlax
|-damage|p1a: Snorlax|84/100
|
|-heal|p2a: Peter|98/100|[from] item: Leftovers
|-heal|p1a: Snorlax|90/100|[from] item: Leftovers
|upkeep
|turn|8
|inactive|klird has 180 seconds left.
|inactive|Wolf Turds has 240 seconds left.
|
|t:|1730767381
|switch|p2a: P9iedra|Magneton|35/100
|move|p1a: Snorlax|Curse|p1a: Snorlax
|-unboost|p1a: Snorlax|spe|1
|-boost|p1a: Snorlax|atk|1
|-boost|p1a: Snorlax|def|1
|
|-heal|p1a: Snorlax|96/100|[from] item: Leftovers
|upkeep
|turn|9
|
|t:|1730767390
|move|p2a: P9iedra|Thunderbolt|p1a: Snorlax
|-damage|p1a: Snorlax|60/100
|move|p1a: Snorlax|Earthquake|p2a: P9iedra
|-supereffective|p2a: P9iedra
|-damage|p2a: P9iedra|0 fnt
|faint|p2a: P9iedra
|inactive|klird has 150 seconds left.
|
|t:|1730767444
|switch|p2a: Johannes|Salamence, F|48/100
|-ability|p2a: Johannes|Intimidate|boost
|-unboost|p1a: Snorlax|atk|1
|
|-heal|p1a: Snorlax|66/100|[from] item: Leftovers
|upkeep
|turn|10
|inactive|klird has 120 seconds left.
|
|t:|1730767477
|move|p2a: Johannes|Brick Break|p1a: Snorlax
|-supereffective|p1a: Snorlax
|-damage|p1a: Snorlax|12/100
|move|p1a: Snorlax|Self-Destruct|p2a: Johannes
|-damage|p2a: Johannes|0 fnt
|faint|p1a: Snorlax
|faint|p2a: Johannes
|inactive|klird has 120 seconds left.
|inactive|Wolf Turds has 210 seconds left.
|
|t:|1730767507
|switch|p2a: Peter|Celebi|98/100
|switch|p1a: Zapdos|Zapdos|42/100
|
|-heal|p1a: Zapdos|49/100|[from] item: Leftovers
|-heal|p2a: Peter|100/100|[from] item: Leftovers
|upkeep
|turn|11
|inactive|Wolf Turds has 210 seconds left.
|
|t:|1730767529
|move|p1a: Zapdos|Baton Pass|p1a: Zapdos
|
|t:|1730767534
|switch|p1a: Tyranitar|Tyranitar, M|100/100|[from] Baton Pass
|-weather|Sandstorm|[from] ability: Sand Stream|[of] p1a: Tyranitar
|move|p2a: Peter|Psychic|p1a: Tyranitar
|-immune|p1a: Tyranitar
|
|-weather|Sandstorm|[upkeep]
|-damage|p2a: Peter|94/100|[from] Sandstorm
|-heal|p2a: Peter|100/100|[from] item: Leftovers
|upkeep
|turn|12
|inactive|Wolf Turds has 210 seconds left.
|inactive|klird has 90 seconds left.
|
|t:|1730767582
|move|p2a: Peter|Calm Mind|p2a: Peter
|-boost|p2a: Peter|spa|1
|-boost|p2a: Peter|spd|1
|move|p1a: Tyranitar|Crunch|p2a: Peter
|-supereffective|p2a: Peter
|-damage|p2a: Peter|65/100
|
|-weather|Sandstorm|[upkeep]
|-damage|p2a: Peter|59/100|[from] Sandstorm
|-heal|p2a: Peter|65/100|[from] item: Leftovers
|upkeep
|turn|13
|
|t:|1730767600
|move|p2a: Peter|Leech Seed|p1a: Tyranitar
|-start|p1a: Tyranitar|move: Leech Seed
|move|p1a: Tyranitar|Crunch|p2a: Peter
|-supereffective|p2a: Peter
|-damage|p2a: Peter|29/100
|
|-weather|Sandstorm|[upkeep]
|-damage|p2a: Peter|23/100|[from] Sandstorm
|-heal|p2a: Peter|29/100|[from] item: Leftovers
|-damage|p1a: Tyranitar|88/100|[from] Leech Seed|[of] p2a: Peter
|-heal|p2a: Peter|42/100|[silent]
|upkeep
|turn|14
|
|t:|1730767606
|move|p2a: Peter|Recover|p2a: Peter
|-heal|p2a: Peter|92/100
|move|p1a: Tyranitar|Crunch|p2a: Peter
|-supereffective|p2a: Peter
|-damage|p2a: Peter|53/100
|
|-weather|Sandstorm|[upkeep]
|-damage|p2a: Peter|47/100|[from] Sandstorm
|-heal|p2a: Peter|53/100|[from] item: Leftovers
|-heal|p1a: Tyranitar|94/100|[from] item: Leftovers
|-damage|p1a: Tyranitar|82/100|[from] Leech Seed|[of] p2a: Peter
|-heal|p2a: Peter|65/100|[silent]
|upkeep
|turn|15
|inactive|Wolf Turds has 210 seconds left.
|
|t:|1730767626
|move|p2a: Peter|Calm Mind|p2a: Peter
|-boost|p2a: Peter|spa|1
|-boost|p2a: Peter|spd|1
|move|p1a: Tyranitar|Crunch|p2a: Peter
|-supereffective|p2a: Peter
|-damage|p2a: Peter|36/100
|
|-weather|Sandstorm|[upkeep]
|-damage|p2a: Peter|30/100|[from] Sandstorm
|-heal|p2a: Peter|36/100|[from] item: Leftovers
|-heal|p1a: Tyranitar|88/100|[from] item: Leftovers
|-damage|p1a: Tyranitar|76/100|[from] Leech Seed|[of] p2a: Peter
|-heal|p2a: Peter|48/100|[silent]
|upkeep
|turn|16
|
|t:|1730767630
|switch|p1a: Breloom|Breloom, M|100/100
|move|p2a: Peter|Recover|p2a: Peter
|-heal|p2a: Peter|98/100
|
|-weather|Sandstorm|[upkeep]
|-damage|p1a: Breloom|94/100|[from] Sandstorm
|-damage|p2a: Peter|92/100|[from] Sandstorm
|-heal|p1a: Breloom|100/100|[from] item: Leftovers
|-heal|p2a: Peter|98/100|[from] item: Leftovers
|upkeep
|turn|17
|inactive|Wolf Turds has 210 seconds left.
|inactive|klird has 90 seconds left.
|
|t:|1730767662
|switch|p2a: Big boi|Swampert, M|100/100
|move|p1a: Breloom|Spore|p2a: Big boi
|-status|p2a: Big boi|slp|[from] move: Spore
|
|-weather|Sandstorm|[upkeep]
|-damage|p1a: Breloom|94/100|[from] Sandstorm
|-heal|p1a: Breloom|100/100|[from] item: Leftovers
|upkeep
|turn|18
|
|t:|1730767667
|switch|p2a: Peter|Celebi|98/100
|move|p1a: Breloom|Substitute|p1a: Breloom
|-start|p1a: Breloom|Substitute
|-damage|p1a: Breloom|76/100
|
|-weather|Sandstorm|[upkeep]
|-damage|p1a: Breloom|70/100|[from] Sandstorm
|-damage|p2a: Peter|92/100|[from] Sandstorm
|-heal|p1a: Breloom|76/100|[from] item: Leftovers
|-heal|p2a: Peter|98/100|[from] item: Leftovers
|upkeep
|turn|19
|
|t:|1730767675
|-singleturn|p1a: Breloom|move: Focus Punch
|move|p2a: Peter|Psychic|p1a: Breloom
|-supereffective|p1a: Breloom
|-end|p1a: Breloom|Substitute
|move|p1a: Breloom|Focus Punch|p2a: Peter
|-resisted|p2a: Peter
|-damage|p2a: Peter|73/100
|
|-weather|Sandstorm|[upkeep]
|-damage|p1a: Breloom|70/100|[from] Sandstorm
|-damage|p2a: Peter|66/100|[from] Sandstorm
|-heal|p1a: Breloom|76/100|[from] item: Leftovers
|-heal|p2a: Peter|73/100|[from] item: Leftovers
|upkeep
|turn|20
|
|t:|1730767682
|switch|p1a: Tyranitar|Tyranitar, M|76/100
|move|p2a: Peter|Calm Mind|p2a: Peter
|-boost|p2a: Peter|spa|1
|-boost|p2a: Peter|spd|1
|
|-weather|Sandstorm|[upkeep]
|-damage|p2a: Peter|66/100|[from] Sandstorm
|-heal|p2a: Peter|73/100|[from] item: Leftovers
|-heal|p1a: Tyranitar|82/100|[from] item: Leftovers
|upkeep
|turn|21
|
|t:|1730767686
|move|p2a: Peter|Leech Seed|p1a: Tyranitar|[miss]
|-miss|p2a: Peter|p1a: Tyranitar
|move|p1a: Tyranitar|Crunch|p2a: Peter
|-supereffective|p2a: Peter
|-damage|p2a: Peter|33/100
|
|-weather|Sandstorm|[upkeep]
|-damage|p2a: Peter|27/100|[from] Sandstorm
|-heal|p2a: Peter|33/100|[from] item: Leftovers
|-heal|p1a: Tyranitar|88/100|[from] item: Leftovers
|upkeep
|turn|22
|
|t:|1730767692
|move|p2a: Peter|Recover|p2a: Peter
|-heal|p2a: Peter|83/100
|move|p1a: Tyranitar|Crunch|p2a: Peter
|-supereffective|p2a: Peter
|-damage|p2a: Peter|43/100
|
|-weather|Sandstorm|[upkeep]
|-damage|p2a: Peter|37/100|[from] Sandstorm
|-heal|p2a: Peter|43/100|[from] item: Leftovers
|-heal|p1a: Tyranitar|94/100|[from] item: Leftovers
|upkeep
|turn|23
|
|t:|1730767706
|move|p2a: Peter|Recover|p2a: Peter
|-heal|p2a: Peter|93/100
|move|p1a: Tyranitar|Crunch|p2a: Peter
|-supereffective|p2a: Peter
|-damage|p2a: Peter|58/100
|-unboost|p2a: Peter|spd|1
|
|-weather|Sandstorm|[upkeep]
|-damage|p2a: Peter|52/100|[from] Sandstorm
|-heal|p2a: Peter|58/100|[from] item: Leftovers
|-heal|p1a: Tyranitar|100/100|[from] item: Leftovers
|upkeep
|turn|24
|
|t:|1730767712
|move|p2a: Peter|Leech Seed|p1a: Tyranitar|[miss]
|-miss|p2a: Peter|p1a: Tyranitar
|move|p1a: Tyranitar|Crunch|p2a: Peter
|-supereffective|p2a: Peter
|-damage|p2a: Peter|1/100
|
|-weather|Sandstorm|[upkeep]
|-damage|p2a: Peter|0 fnt|[from] Sandstorm
|faint|p2a: Peter
|upkeep
|c|☆Wolf Turds|jeeez mb
|c|☆klird|played it bad
|
|t:|1730767732
|switch|p2a: Pietas|Dugtrio, F|100/100
|turn|25
|
|t:|1730767737
|move|p2a: Pietas|Earthquake|p1a: Tyranitar
|-supereffective|p1a: Tyranitar
|-damage|p1a: Tyranitar|12/100
|move|p1a: Tyranitar|Crunch|p2a: Pietas
|-damage|p2a: Pietas|20/100
|
|-weather|Sandstorm|[upkeep]
|-heal|p1a: Tyranitar|18/100|[from] item: Leftovers
|upkeep
|turn|26
|
|t:|1730767748
|switch|p2a: Andrea|Blissey, F|100/100
|move|p1a: Tyranitar|Crunch|p2a: Andrea
|-damage|p2a: Andrea|85/100
|
|-weather|Sandstorm|[upkeep]
|-damage|p2a: Andrea|79/100|[from] Sandstorm
|-heal|p1a: Tyranitar|24/100|[from] item: Leftovers
|-heal|p2a: Andrea|85/100|[from] item: Leftovers
|upkeep
|turn|27
|
|t:|1730767753
|-singleturn|p1a: Tyranitar|move: Focus Punch
|move|p2a: Andrea|Seismic Toss|p1a: Tyranitar
|-damage|p1a: Tyranitar|0 fnt
|faint|p1a: Tyranitar
|
|t:|1730767770
|switch|p1a: Suicune|Suicune|100/100
|
|-weather|Sandstorm|[upkeep]
|-damage|p1a: Suicune|94/100|[from] Sandstorm
|-damage|p2a: Andrea|79/100|[from] Sandstorm
|-heal|p1a: Suicune|100/100|[from] item: Leftovers
|-heal|p2a: Andrea|85/100|[from] item: Leftovers
|upkeep
|turn|28
|inactive|klird has 120 seconds left.
|
|t:|1730767786
|move|p1a: Suicune|Calm Mind|p1a: Suicune
|-boost|p1a: Suicune|spa|1
|-boost|p1a: Suicune|spd|1
|move|p2a: Andrea|Seismic Toss|p1a: Suicune
|-damage|p1a: Suicune|76/100
|
|-weather|Sandstorm|[upkeep]
|-damage|p1a: Suicune|70/100|[from] Sandstorm
|-damage|p2a: Andrea|79/100|[from] Sandstorm
|-heal|p1a: Suicune|76/100|[from] item: Leftovers
|-heal|p2a: Andrea|85/100|[from] item: Leftovers
|upkeep
|turn|29
|c|☆klird|i have not been lucky with Leech Seed this tournament
|inactive|Wolf Turds has 270 seconds left.
|c|☆klird|shit missed more than hydro pump
|c|☆Wolf Turds|90% aint 90%
|
|t:|1730767838
|move|p1a: Suicune|Calm Mind|p1a: Suicune
|-boost|p1a: Suicune|spa|1
|-boost|p1a: Suicune|spd|1
|move|p2a: Andrea|Seismic Toss|p1a: Suicune
|-damage|p1a: Suicune|51/100
|
|-weather|Sandstorm|[upkeep]
|-damage|p1a: Suicune|45/100|[from] Sandstorm
|-damage|p2a: Andrea|79/100|[from] Sandstorm
|-heal|p1a: Suicune|51/100|[from] item: Leftovers
|-heal|p2a: Andrea|85/100|[from] item: Leftovers
|upkeep
|turn|30
|
|t:|1730767851
|move|p1a: Suicune|Rest|p1a: Suicune
|-status|p1a: Suicune|slp|[from] move: Rest
|-heal|p1a: Suicune|100/100 slp|[silent]
|move|p2a: Andrea|Seismic Toss|p1a: Suicune
|-damage|p1a: Suicune|76/100 slp
|
|-weather|Sandstorm|[upkeep]
|-damage|p1a: Suicune|70/100 slp|[from] Sandstorm
|-damage|p2a: Andrea|79/100|[from] Sandstorm
|-heal|p1a: Suicune|76/100 slp|[from] item: Leftovers
|-heal|p2a: Andrea|85/100|[from] item: Leftovers
|upkeep
|turn|31
|
|t:|1730767855
|cant|p1a: Suicune|slp
|move|p2a: Andrea|Seismic Toss|p1a: Suicune
|-damage|p1a: Suicune|51/100 slp
|
|-weather|Sandstorm|[upkeep]
|-damage|p1a: Suicune|45/100 slp|[from] Sandstorm
|-damage|p2a: Andrea|79/100|[from] Sandstorm
|-heal|p1a: Suicune|51/100 slp|[from] item: Leftovers
|-heal|p2a: Andrea|85/100|[from] item: Leftovers
|upkeep
|turn|32
|
|t:|1730767867
|cant|p1a: Suicune|slp
|move|p2a: Andrea|Seismic Toss|p1a: Suicune
|-damage|p1a: Suicune|26/100 slp
|
|-weather|Sandstorm|[upkeep]
|-damage|p1a: Suicune|20/100 slp|[from] Sandstorm
|-damage|p2a: Andrea|79/100|[from] Sandstorm
|-heal|p1a: Suicune|26/100 slp|[from] item: Leftovers
|-heal|p2a: Andrea|85/100|[from] item: Leftovers
|upkeep
|turn|33
|
|t:|1730767875
|switch|p2a: Pietas|Dugtrio, F|20/100
|-curestatus|p1a: Suicune|slp|[msg]
|move|p1a: Suicune|Rest|p1a: Suicune
|-status|p1a: Suicune|slp|[from] move: Rest
|-heal|p1a: Suicune|100/100 slp|[silent]
|
|-weather|Sandstorm|[upkeep]
|-damage|p1a: Suicune|94/100 slp|[from] Sandstorm
|-heal|p1a: Suicune|100/100 slp|[from] item: Leftovers
|upkeep
|turn|34
|
|t:|1730767880
|move|p2a: Pietas|Earthquake|p1a: Suicune
|-damage|p1a: Suicune|67/100 slp
|cant|p1a: Suicune|slp
|
|-weather|Sandstorm|[upkeep]
|-damage|p1a: Suicune|60/100 slp|[from] Sandstorm
|-heal|p1a: Suicune|67/100 slp|[from] item: Leftovers
|upkeep
|turn|35
|
|t:|1730767886
|move|p2a: Pietas|Earthquake|p1a: Suicune
|-damage|p1a: Suicune|35/100 slp
|cant|p1a: Suicune|slp
|
|-weather|Sandstorm|[upkeep]
|-damage|p1a: Suicune|28/100 slp|[from] Sandstorm
|-heal|p1a: Suicune|35/100 slp|[from] item: Leftovers
|upkeep
|turn|36
|
|t:|1730767896
|move|p2a: Pietas|Earthquake|p1a: Suicune
|-damage|p1a: Suicune|2/100 slp
|-curestatus|p1a: Suicune|slp|[msg]
|move|p1a: Suicune|Surf|p2a: Pietas
|-supereffective|p2a: Pietas
|-damage|p2a: Pietas|0 fnt
|faint|p2a: Pietas
|
|t:|1730767903
|switch|p2a: Andrea|Blissey, F|85/100
|
|-weather|Sandstorm|[upkeep]
|-damage|p1a: Suicune|0 fnt|[from] Sandstorm
|-damage|p2a: Andrea|79/100|[from] Sandstorm
|faint|p1a: Suicune
|-heal|p2a: Andrea|85/100|[from] item: Leftovers
|upkeep
|
|t:|1730767909
|switch|p1a: Breloom|Breloom, M|76/100
|turn|37
|
|t:|1730767914
|move|p1a: Breloom|Leech Seed|p2a: Andrea
|-start|p2a: Andrea|move: Leech Seed
|move|p2a: Andrea|Ice Beam|p1a: Breloom
|-supereffective|p1a: Breloom
|-damage|p1a: Breloom|0 fnt
|faint|p1a: Breloom
|c|☆Wolf Turds|gg
|c|☆Wolf Turds|wp
|
|t:|1730767921
|switch|p1a: Zapdos|Zapdos|49/100
|
|-weather|Sandstorm|[upkeep]
|-damage|p1a: Zapdos|42/100|[from] Sandstorm
|-damage|p2a: Andrea|79/100|[from] Sandstorm
|-heal|p1a: Zapdos|49/100|[from] item: Leftovers
|-heal|p2a: Andrea|85/100|[from] item: Leftovers
|-damage|p2a: Andrea|73/100|[from] Leech Seed|[of] p1a: Zapdos
|-heal|p1a: Zapdos|70/100|[silent]
|upkeep
|turn|38
|c|☆klird|omg
|c|☆klird|can i tell you something
|inactive|klird has 180 seconds left.
|c|☆Wolf Turds|sure
|c|☆klird|I knew team 2, i started adv with it
|
|t:|1730767950
|switch|p2a: Big boi|Swampert, M|100/100 slp
|move|p1a: Zapdos|Thunderbolt|p2a: Big boi
|-immune|p2a: Big boi
|
|-weather|Sandstorm|[upkeep]
|-damage|p1a: Zapdos|64/100|[from] Sandstorm
|-heal|p1a: Zapdos|70/100|[from] item: Leftovers
|upkeep
|turn|39
|inactive|klird has 180 seconds left.
|c|☆Wolf Turds|sick i love that team
|
|t:|1730767968
|move|p1a: Zapdos|Hidden Power|p2a: Big boi
|-supereffective|p2a: Big boi
|-damage|p2a: Big boi|33/100 slp
|cant|p2a: Big boi|slp
|
|-weather|Sandstorm|[upkeep]
|-damage|p1a: Zapdos|64/100|[from] Sandstorm
|-heal|p1a: Zapdos|70/100|[from] item: Leftovers
|-heal|p2a: Big boi|39/100 slp|[from] item: Leftovers
|upkeep
|turn|40
|c|☆klird|me too, but phys offence is unreliable
|c|☆Wolf Turds|gotta mod it a bit now people know it
|
|t:|1730767978
|move|p1a: Zapdos|Hidden Power|p2a: Big boi
|-supereffective|p2a: Big boi
|-damage|p2a: Big boi|0 fnt
|faint|p2a: Big boi
|c|☆klird|and i scouted you
|
|t:|1730767984
|switch|p2a: Andrea|Blissey, F|73/100
|
|-weather|Sandstorm|[upkeep]
|-damage|p1a: Zapdos|64/100|[from] Sandstorm
|-damage|p2a: Andrea|67/100|[from] Sandstorm
|-heal|p1a: Zapdos|70/100|[from] item: Leftovers
|-heal|p2a: Andrea|73/100|[from] item: Leftovers
|upkeep
|turn|41
|
|t:|1730767988
|move|p1a: Zapdos|Thunderbolt|p2a: Andrea
|-damage|p2a: Andrea|57/100
|move|p2a: Andrea|Ice Beam|p1a: Zapdos
|-supereffective|p1a: Zapdos
|-damage|p1a: Zapdos|26/100
|
|-weather|Sandstorm|[upkeep]
|-damage|p1a: Zapdos|20/100|[from] Sandstorm
|-damage|p2a: Andrea|50/100|[from] Sandstorm
|-heal|p1a: Zapdos|26/100|[from] item: Leftovers
|-heal|p2a: Andrea|57/100|[from] item: Leftovers
|upkeep
|turn|42
|
|t:|1730767993
|move|p1a: Zapdos|Thunderbolt|p2a: Andrea
|-damage|p2a: Andrea|41/100
|move|p2a: Andrea|Ice Beam|p1a: Zapdos
|-supereffective|p1a: Zapdos
|-damage|p1a: Zapdos|0 fnt
|faint|p1a: Zapdos
|
|win|klird
|c|☆Wolf Turds|yeah just team 1 was new
|c|☆klird|i knew this teams
|c|☆klird|could you share the replays?
|c|☆Wolf Turds|gg
|c|☆Wolf Turds|yup
|c|☆klird|i didn`t save them

</script>
<script type="application/json" class="data" id="replaydata-smogtours-gen3ou-804841">
{"id":"smogtours-gen3ou-804841","format":"[Gen 3] OU","players":["Wolf Turds","klird"],"uploadtime":1730767993,"views":62,"formatid":"gen3ou","rating":null,"private":0,"password":null}
</script>

<script defer src="js/replays.js?9d40a366"></script>
