<!DOCTYPE html>
<meta charset="utf-8" />
<meta name="viewport" content="width=device-width" />

<title>[Gen 3] OU: jeem16 vs. ProfessorKid - Replays - Pok&eacute;mon Showdown!</title>

<meta name="description" content="Watch a replay of a Pok&eacute;mon battle between jeem16 and ProfessorKid! Format: [Gen 3] OU; Date: Oct 2, 2024" />
<!--

Hey, you! Looking in the source for the replay log?

You can find them in JSON format, just add `.json` at the end of a replay URL.

https://replay.pokemonshowdown.com/gen7randomdoublesbattle-865046831.json

Or, if you only need the log itself, add `.log` instead:

https://replay.pokemonshowdown.com/gen7randomdoublesbattle-865046831.log

-->

<link rel="stylesheet" href="//pokemonshowdown.com/style/global.css?0.767286132409787" />
<link rel="stylesheet" href="//play.pokemonshowdown.com/style/font-awesome.css?0.9266228007934947" />
<link rel="stylesheet" href="//play.pokemonshowdown.com/style/battle.css?0.7924700842790926" />
<link rel="stylesheet" href="//play.pokemonshowdown.com/style/utilichart.css?0.8777417872839479" />

<!-- Global site tag (gtag.js) - Google Analytics -->
<script async src="https://www.googletagmanager.com/gtag/js?id=UA-26211653-1"></script>
<script>
  window.dataLayer = window.dataLayer || [];
  function gtag(){dataLayer.push(arguments);}
  gtag('js', new Date());

  gtag('config', 'UA-26211653-1');
</script>
<!-- End Google Analytics -->
<!-- Venatus Ad Manager - Install in <HEAD> of page -->
	<script src="https://hb.vntsm.com/v3/live/ad-manager.min.js" type="text/javascript" data-site-id="642aba63ec9a7b11c3c9c1be" data-mode="scan" async></script>
<!-- / Venatus Ad Manager -->

<style>
	@media (max-width:820px) {
		.battle {
			margin: 0 auto;
		}
		.battle-log {
			margin: 7px auto 0;
			max-width: 640px;
			height: 300px;
			position: static;
		}
	}
	.optgroup {
		display: inline-block;
		line-height: 22px;
		font-size: 10pt;
	}
	.optgroup .button {
		height: 25px;
		padding-top: 0;
		padding-bottom: 0;
	}
	.optgroup button.button {
		padding-left: 12px;
		padding-right: 12px;
	}
	.linklist {
		list-style: none;
		margin: 0.5em 0;
		padding: 0;
	}
	.linklist li {
		padding: 2px 0;
	}
	.sidebar {
		float: left;
		width: 320px;
	}
	.bar-wrapper {
		max-width: 1100px;
		margin: 0 auto;
	}
	.bar-wrapper.has-sidebar {
		max-width: 1430px;
	}
	.mainbar {
		margin: 0;
		padding-right: 1px;
	}
	.mainbar.has-sidebar {
		margin-left: 330px;
	}
	@media (min-width: 1511px) {
		.sidebar {
			width: 400px;
		}
		.bar-wrapper.has-sidebar {
			max-width: 1510px;
		}
		.mainbar.has-sidebar {
			margin-left: 410px;
		}
	}
	.section.first-section {
		margin-top: 9px;
	}
	.blocklink small {
		white-space: normal;
	}
	.button {
		vertical-align: middle;
	}
	.replay-controls {
		padding-top: 10px;
	}
	.replay-controls h1 {
		font-size: 16pt;
		font-weight: normal;
		color: #CCC;
	}
	.pagelink {
		text-align: center;
	}
	.pagelink a {
		width: 150px;
	}
	.textbox, .button {
		font-size: 11pt;
		vertical-align: middle;
	}
	@media (max-width: 450px) {
		.button {
			font-size: 9pt;
		}
	}
</style>

<div>

	<header>
		<div class="nav-wrapper"><ul class="nav">
			<li><a class="button nav-first" href="//pokemonshowdown.com/"><img src="//pokemonshowdown.com/images/pokemonshowdownbeta.png" srcset="//pokemonshowdown.com/images/pokemonshowdownbeta.png 1x, //pokemonshowdown.com/images/pokemonshowdownbeta@2x.png 2x" alt="Pok&eacute;mon Showdown" width="146" height="44" /> Home</a></li>
			<li><a class="button" href="//pokemonshowdown.com/dex/">Pok&eacute;dex</a></li>
			<li><a class="button cur" href="/">Replays</a></li>
			<li><a class="button" href="//pokemonshowdown.com/ladder/">Ladder</a></li>
			<li><a class="button nav-last" href="//pokemonshowdown.com/forums/">Forum</a></li>
			<li><a class="button greenbutton nav-first nav-last" href="//play.pokemonshowdown.com/">Play</a></li>
		</ul></div>
	</header>

	<div class="main" id="main">

		<noscript><section class="section">You need to enable JavaScript to use this page; sorry!</section></noscript>

	</div>

</div>

<script defer nomodule src="//play.pokemonshowdown.com/js/lib/ps-polyfill.js"></script>
<script defer src="//play.pokemonshowdown.com/js/lib/preact.min.js"></script>

<script defer src="//play.pokemonshowdown.com/config/config.js?6dec07f6"></script>
<script defer src="//play.pokemonshowdown.com/js/lib/jquery-1.11.0.min.js"></script>
<script defer src="//play.pokemonshowdown.com/js/lib/html-sanitizer-minified.js"></script>
<script defer src="//play.pokemonshowdown.com/js/battle-sound.js"></script>
<script defer src="//play.pokemonshowdown.com/js/battledata.js?0.6315294753075389"></script>
<script defer src="//play.pokemonshowdown.com/data/pokedex-mini.js?0.7603743185311358"></script>
<script defer src="//play.pokemonshowdown.com/data/pokedex-mini-bw.js?0.030888842834281283"></script>
<script defer src="//play.pokemonshowdown.com/data/graphics.js?0.05593094747507488"></script>
<script defer src="//play.pokemonshowdown.com/data/pokedex.js?0.47064822249611904"></script>
<script defer src="//play.pokemonshowdown.com/data/moves.js?0.8583693120512459"></script>
<script defer src="//play.pokemonshowdown.com/data/abilities.js?0.16017181182386842"></script>
<script defer src="//play.pokemonshowdown.com/data/items.js?0.4163379185673943"></script>
<script defer src="//play.pokemonshowdown.com/data/teambuilder-tables.js?0.31075597372830477"></script>
<script defer src="//play.pokemonshowdown.com/js/battle-tooltips.js?0.6536193500708172"></script>
<script defer src="//play.pokemonshowdown.com/js/battle.js?0.1916591943277901"></script>

<script defer src="js/utils.js?e31f9a17"></script>
<script defer src="js/replays-battle.js?7008c182"></script>

<!-- don't scrape this data! just add .json or .log after the URL!
Full API docs: https://github.com/smogon/pokemon-showdown-client/blob/master/WEB-API.md -->
<script type="text/plain" class="log" id="replaylog-smogtours-gen3ou-794005">
|inactive|Battle timer is ON: inactive players will automatically lose when time's up.
|t:|1727895947
|gametype|singles
|player|p1|jeem16|alder|
|player|p2|ProfessorKid|2|
|teamsize|p1|6
|teamsize|p2|6
|gen|3
|tier|[Gen 3] OU
|rule|Sleep Clause Mod: Limit one foe put to sleep
|rule|Switch Priority Clause Mod: Faster Pokémon switch first
|rule|Species Clause: Limit one of each Pokémon
|rule|OHKO Clause: OHKO moves are banned
|rule|Evasion Items Clause: Evasion items are banned
|rule|Evasion Moves Clause: Evasion moves are banned
|rule|Endless Battle Clause: Forcing endless battles is banned
|rule|HP Percentage Mod: HP is shown in percentages
|rule|One Boost Passer Clause: Limit one Baton Passer that has a way to boost its stats
|rule|Freeze Clause Mod: Limit one foe frozen
|
|t:|1727895947
|start
|switch|p1a: Jimothy|Hariyama, F|100/100
|switch|p2a: Salamence|Salamence, M|100/100
|-ability|p2a: Salamence|Intimidate|boost
|-unboost|p1a: Jimothy|atk|1
|turn|1
|
|t:|1727895963
|switch|p1a: Stockings|Jirachi|100/100
|move|p2a: Salamence|Hidden Power|p1a: Stockings
|-resisted|p1a: Stockings
|-damage|p1a: Stockings|87/100
|
|-heal|p1a: Stockings|93/100|[from] item: Leftovers
|upkeep
|turn|2
|
|t:|1727895984
|switch|p2a: Suicune|Suicune|100/100
|move|p1a: Stockings|Toxic|p2a: Suicune
|-status|p2a: Suicune|tox
|
|-heal|p1a: Stockings|99/100|[from] item: Leftovers
|-damage|p2a: Suicune|94/100 tox|[from] psn
|upkeep
|turn|3
|
|t:|1727895996
|switch|p1a: Jimothy|Hariyama, F|100/100
|switch|p2a: Blissey|Blissey, F|100/100
|
|upkeep
|turn|4
|
|t:|1727896001
|move|p2a: Blissey|Protect|p2a: Blissey
|-singleturn|p2a: Blissey|Protect
|move|p1a: Jimothy|Knock Off|p2a: Blissey
|-activate|p2a: Blissey|Protect
|
|upkeep
|turn|5
|
|t:|1727896024
|switch|p2a: Heracross|Heracross, M|100/100
|move|p1a: Jimothy|Knock Off|p2a: Heracross
|-resisted|p2a: Heracross
|-damage|p2a: Heracross|99/100
|-enditem|p2a: Heracross|Salac Berry|[from] move: Knock Off|[of] p1a: Jimothy
|-hint|In Gens 3-4, Knock Off only makes the target's item unusable; it cannot obtain a new item.
|
|upkeep
|turn|6
|
|t:|1727896036
|switch|p1a: Gold|Salamence, F|100/100
|-ability|p1a: Gold|Intimidate|boost
|-unboost|p2a: Heracross|atk|1
|move|p2a: Heracross|Megahorn|p1a: Gold
|-resisted|p1a: Gold
|-damage|p1a: Gold|76/100
|
|upkeep
|turn|7
|
|t:|1727896047
|switch|p2a: Salamence|Salamence, M|100/100
|-ability|p2a: Salamence|Intimidate|boost
|-unboost|p1a: Gold|atk|1
|move|p1a: Gold|Hidden Power|p2a: Salamence
|-crit|p2a: Salamence
|-damage|p2a: Salamence|0 fnt
|faint|p2a: Salamence
|c|☆jeem16|sorry crit D;
|c|☆ProfessorKid|np
|
|t:|1727896069
|switch|p2a: Zapdos|Zapdos|100/100
|
|upkeep
|turn|8
|
|t:|1727896079
|switch|p1a: Simian|Blissey, F|100/100
|move|p2a: Zapdos|Substitute|p2a: Zapdos
|-start|p2a: Zapdos|Substitute
|-damage|p2a: Zapdos|76/100
|
|-heal|p2a: Zapdos|82/100|[from] item: Leftovers
|upkeep
|turn|9
|
|t:|1727896090
|switch|p1a: Jimothy|Hariyama, F|100/100
|move|p2a: Zapdos|Toxic|p1a: Jimothy
|-status|p1a: Jimothy|tox
|
|-heal|p2a: Zapdos|88/100|[from] item: Leftovers
|-damage|p1a: Jimothy|94/100 tox|[from] psn
|upkeep
|turn|10
|
|t:|1727896098
|move|p2a: Zapdos|Thunderbolt|p1a: Jimothy
|-damage|p1a: Jimothy|49/100 tox
|move|p1a: Jimothy|Whirlwind|p2a: Zapdos
|drag|p2a: Heracross|Heracross, M|99/100
|
|-heal|p1a: Jimothy|56/100 tox|[from] item: Leftovers
|-damage|p1a: Jimothy|43/100 tox|[from] psn
|upkeep
|turn|11
|
|t:|1727896115
|switch|p1a: Gold|Salamence, F|76/100
|-ability|p1a: Gold|Intimidate|boost
|-unboost|p2a: Heracross|atk|1
|move|p2a: Heracross|Rock Slide|p1a: Gold
|-supereffective|p1a: Gold
|-damage|p1a: Gold|30/100
|
|upkeep
|turn|12
|
|t:|1727896127
|switch|p2a: Metagross|Metagross|100/100
|move|p1a: Gold|Hidden Power|p2a: Metagross
|-resisted|p2a: Metagross
|-damage|p2a: Metagross|77/100
|
|upkeep
|turn|13
|
|t:|1727896142
|switch|p1a: Stockings|Jirachi|99/100
|move|p2a: Metagross|Shadow Ball|p1a: Stockings
|-damage|p1a: Stockings|62/100
|
|-heal|p1a: Stockings|68/100|[from] item: Leftovers
|upkeep
|turn|14
|
|t:|1727896153
|switch|p2a: Blissey|Blissey, F|100/100
|move|p1a: Stockings|Fire Punch|p2a: Blissey
|-damage|p2a: Blissey|94/100
|
|-heal|p1a: Stockings|75/100|[from] item: Leftovers
|-heal|p2a: Blissey|99/100|[from] item: Leftovers
|upkeep
|turn|15
|
|t:|1727896161
|move|p1a: Stockings|Toxic|p2a: Blissey
|-status|p2a: Blissey|tox
|move|p2a: Blissey|Seismic Toss|p1a: Stockings
|-damage|p1a: Stockings|50/100
|
|-heal|p1a: Stockings|56/100|[from] item: Leftovers
|-heal|p2a: Blissey|100/100 tox|[from] item: Leftovers
|-damage|p2a: Blissey|94/100 tox|[from] psn
|upkeep
|turn|16
|
|t:|1727896180
|-curestatus|p2a: Blissey|tox|[from] ability: Natural Cure
|switch|p2a: Heracross|Heracross, M|99/100
|move|p1a: Stockings|Wish|p1a: Stockings
|
|-heal|p1a: Stockings|62/100|[from] item: Leftovers
|upkeep
|turn|17
|inactive|jeem16 has 270 seconds left.
|inactive|ProfessorKid has 270 seconds left.
|
|t:|1727896226
|move|p2a: Heracross|Megahorn|p1a: Stockings
|-damage|p1a: Stockings|14/100
|move|p1a: Stockings|Fire Punch|p2a: Heracross
|-supereffective|p2a: Heracross
|-damage|p2a: Heracross|56/100
|
|-heal|p1a: Stockings|64/100|[from] move: Wish|[wisher] Stockings
|-heal|p1a: Stockings|71/100|[from] item: Leftovers
|upkeep
|turn|18
|inactive|ProfessorKid has 270 seconds left.
|
|t:|1727896241
|move|p2a: Heracross|Swords Dance|p2a: Heracross
|-boost|p2a: Heracross|atk|2
|move|p1a: Stockings|Wish|p1a: Stockings
|
|-heal|p1a: Stockings|77/100|[from] item: Leftovers
|upkeep
|turn|19
|inactive|jeem16 has 240 seconds left.
|inactive|jeem16 has 210 seconds left.
|
|t:|1727896311
|switch|p1a: Kalaveet|Claydol|100/100
|move|p2a: Heracross|Megahorn|p1a: Kalaveet
|-supereffective|p1a: Kalaveet
|-damage|p1a: Kalaveet|0 fnt
|faint|p1a: Kalaveet
|
|t:|1727896317
|switch|p1a: Gold|Salamence, F|30/100
|-ability|p1a: Gold|Intimidate|boost
|-unboost|p2a: Heracross|atk|1
|
|-heal|p1a: Gold|80/100|[from] move: Wish|[wisher] Stockings
|upkeep
|turn|20
|inactive|jeem16 has 180 seconds left.
|inactive|ProfessorKid has 270 seconds left.
|
|t:|1727896365
|switch|p2a: Zapdos|Zapdos|88/100
|move|p1a: Gold|Hidden Power|p2a: Zapdos
|-resisted|p2a: Zapdos
|-damage|p2a: Zapdos|52/100
|
|-heal|p2a: Zapdos|59/100|[from] item: Leftovers
|upkeep
|turn|21
|inactive|ProfessorKid has 270 seconds left.
|
|t:|1727896373
|switch|p1a: Simian|Blissey, F|100/100
|move|p2a: Zapdos|Substitute|p2a: Zapdos
|-start|p2a: Zapdos|Substitute
|-damage|p2a: Zapdos|34/100
|
|-heal|p2a: Zapdos|40/100|[from] item: Leftovers
|upkeep
|turn|22
|
|t:|1727896402
|move|p2a: Zapdos|Toxic|p1a: Simian
|-status|p1a: Simian|tox
|move|p1a: Simian|Ice Beam|p2a: Zapdos
|-supereffective|p2a: Zapdos
|-crit|p2a: Zapdos
|-end|p2a: Zapdos|Substitute
|
|-heal|p2a: Zapdos|46/100|[from] item: Leftovers
|-damage|p1a: Simian|94/100 tox|[from] psn
|upkeep
|turn|23
|
|t:|1727896413
|switch|p2a: Blissey|Blissey, F|94/100
|move|p1a: Simian|Ice Beam|p2a: Blissey
|-damage|p2a: Blissey|87/100
|
|-heal|p1a: Simian|100/100 tox|[from] item: Leftovers
|-damage|p1a: Simian|88/100 tox|[from] psn
|-heal|p2a: Blissey|93/100|[from] item: Leftovers
|upkeep
|turn|24
|
|t:|1727896432
|-curestatus|p1a: Simian|tox|[from] ability: Natural Cure
|switch|p1a: Stockings|Jirachi|77/100
|move|p2a: Blissey|Wish|p2a: Blissey
|
|-heal|p1a: Stockings|83/100|[from] item: Leftovers
|-heal|p2a: Blissey|99/100|[from] item: Leftovers
|upkeep
|turn|25
|
|t:|1727896443
|switch|p2a: Zapdos|Zapdos|46/100
|move|p1a: Stockings|Fire Punch|p2a: Zapdos
|-crit|p2a: Zapdos
|-damage|p2a: Zapdos|8/100
|-status|p2a: Zapdos|brn
|
|-heal|p2a: Zapdos|58/100 brn|[from] move: Wish|[wisher] Blissey
|-heal|p2a: Zapdos|64/100 brn|[from] item: Leftovers
|-damage|p2a: Zapdos|52/100 brn|[from] brn
|-heal|p1a: Stockings|89/100|[from] item: Leftovers
|upkeep
|turn|26
|
|t:|1727896462
|switch|p2a: Blissey|Blissey, F|99/100
|move|p1a: Stockings|Wish|p1a: Stockings
|
|-heal|p1a: Stockings|95/100|[from] item: Leftovers
|-heal|p2a: Blissey|100/100|[from] item: Leftovers
|upkeep
|turn|27
|inactive|ProfessorKid has 270 seconds left.
|inactive|jeem16 has 150 seconds left.
|
|t:|1727896497
|switch|p1a: Jimothy|Hariyama, F|43/100 tox
|move|p2a: Blissey|Wish|p2a: Blissey
|
|-heal|p1a: Jimothy|93/100 tox|[from] move: Wish|[wisher] Stockings
|-heal|p1a: Jimothy|99/100 tox|[from] item: Leftovers
|-damage|p1a: Jimothy|93/100 tox|[from] psn
|upkeep
|turn|28
|inactive|jeem16 has 150 seconds left.
|
|t:|1727896507
|switch|p2a: Heracross|Heracross, M|56/100
|move|p1a: Jimothy|Brick Break|p2a: Heracross
|-resisted|p2a: Heracross
|-damage|p2a: Heracross|19/100
|
|-heal|p2a: Heracross|69/100|[from] move: Wish|[wisher] Blissey
|-heal|p1a: Jimothy|99/100 tox|[from] item: Leftovers
|-damage|p1a: Jimothy|87/100 tox|[from] psn
|upkeep
|turn|29
|inactive|ProfessorKid has 270 seconds left.
|
|t:|1727896519
|switch|p1a: Gold|Salamence, F|80/100
|-ability|p1a: Gold|Intimidate|boost
|-unboost|p2a: Heracross|atk|1
|move|p2a: Heracross|Rock Slide|p1a: Gold
|-supereffective|p1a: Gold
|-damage|p1a: Gold|40/100
|
|upkeep
|turn|30
|inactive|ProfessorKid has 270 seconds left.
|
|t:|1727896532
|switch|p2a: Metagross|Metagross|77/100
|move|p1a: Gold|Hidden Power|p2a: Metagross
|-resisted|p2a: Metagross
|-damage|p2a: Metagross|54/100
|
|upkeep
|turn|31
|inactive|ProfessorKid has 270 seconds left.
|
|t:|1727896547
|switch|p1a: Stockings|Jirachi|95/100
|move|p2a: Metagross|Explosion|p1a: Stockings
|-resisted|p1a: Stockings
|-damage|p1a: Stockings|0 fnt
|faint|p2a: Metagross
|faint|p1a: Stockings
|inactive|ProfessorKid has 270 seconds left.
|inactive|jeem16 has 150 seconds left.
|inactive|ProfessorKid has 240 seconds left.
|
|t:|1727896585
|switch|p1a: Jimothy|Hariyama, F|87/100 tox
|switch|p2a: Suicune|Suicune|94/100 tox
|
|-heal|p2a: Suicune|100/100 tox|[from] item: Leftovers
|-damage|p2a: Suicune|94/100 tox|[from] psn
|-heal|p1a: Jimothy|93/100 tox|[from] item: Leftovers
|-damage|p1a: Jimothy|87/100 tox|[from] psn
|upkeep
|turn|32
|inactive|ProfessorKid has 240 seconds left.
|
|t:|1727896623
|switch|p2a: Heracross|Heracross, M|69/100
|move|p1a: Jimothy|Knock Off|p2a: Heracross
|-resisted|p2a: Heracross
|-damage|p2a: Heracross|68/100
|
|-heal|p1a: Jimothy|93/100 tox|[from] item: Leftovers
|-damage|p1a: Jimothy|81/100 tox|[from] psn
|upkeep
|turn|33
|inactive|ProfessorKid has 210 seconds left.
|
|t:|1727896649
|switch|p1a: Gold|Salamence, F|40/100
|-ability|p1a: Gold|Intimidate|boost
|-unboost|p2a: Heracross|atk|1
|move|p2a: Heracross|Brick Break|p1a: Gold
|-resisted|p1a: Gold
|-damage|p1a: Gold|26/100
|
|upkeep
|turn|34
|inactive|ProfessorKid has 210 seconds left.
|
|t:|1727896669
|switch|p2a: Suicune|Suicune|94/100 tox
|move|p1a: Gold|Hidden Power|p2a: Suicune
|-damage|p2a: Suicune|51/100 tox
|
|-heal|p2a: Suicune|58/100 tox|[from] item: Leftovers
|-damage|p2a: Suicune|51/100 tox|[from] psn
|upkeep
|turn|35
|inactive|jeem16 has 120 seconds left.
|inactive|ProfessorKid has 180 seconds left.
|
|t:|1727896717
|switch|p1a: Jimothy|Hariyama, F|81/100 tox
|switch|p2a: Blissey|Blissey, F|100/100
|
|-heal|p1a: Jimothy|87/100 tox|[from] item: Leftovers
|-damage|p1a: Jimothy|81/100 tox|[from] psn
|upkeep
|turn|36
|inactive|jeem16 has 120 seconds left.
|inactive|ProfessorKid has 180 seconds left.
|
|t:|1727896725
|move|p2a: Blissey|Protect|p2a: Blissey
|-singleturn|p2a: Blissey|Protect
|move|p1a: Jimothy|Brick Break|p2a: Blissey
|-activate|p2a: Blissey|Protect
|
|-heal|p1a: Jimothy|87/100 tox|[from] item: Leftovers
|-damage|p1a: Jimothy|75/100 tox|[from] psn
|upkeep
|turn|37
|inactive|ProfessorKid has 180 seconds left.
|
|t:|1727896737
|switch|p2a: Zapdos|Zapdos|52/100 brn
|move|p1a: Jimothy|Brick Break|p2a: Zapdos
|-resisted|p2a: Zapdos
|-damage|p2a: Zapdos|17/100 brn
|
|-heal|p2a: Zapdos|23/100 brn|[from] item: Leftovers
|-damage|p2a: Zapdos|11/100 brn|[from] brn
|-heal|p1a: Jimothy|81/100 tox|[from] item: Leftovers
|-damage|p1a: Jimothy|63/100 tox|[from] psn
|upkeep
|turn|38
|inactive|ProfessorKid has 180 seconds left.
|
|t:|1727896773
|move|p2a: Zapdos|Thunderbolt|p1a: Jimothy
|-damage|p1a: Jimothy|18/100 tox
|move|p1a: Jimothy|Brick Break|p2a: Zapdos
|-resisted|p2a: Zapdos
|-damage|p2a: Zapdos|0 fnt
|faint|p2a: Zapdos
|
|t:|1727896781
|switch|p2a: Blissey|Blissey, F|100/100
|
|-heal|p1a: Jimothy|24/100 tox|[from] item: Leftovers
|-damage|p1a: Jimothy|0 fnt|[from] psn
|faint|p1a: Jimothy
|upkeep
|
|t:|1727896805
|switch|p1a: LRXC|Suicune|100/100
|turn|39
|inactive|ProfessorKid has 150 seconds left.
|
|t:|1727896832
|switch|p2a: Heracross|Heracross, M|68/100
|move|p1a: LRXC|Calm Mind|p1a: LRXC
|-boost|p1a: LRXC|spa|1
|-boost|p1a: LRXC|spd|1
|
|upkeep
|turn|40
|inactive|ProfessorKid has 150 seconds left.
|
|t:|1727896839
|move|p2a: Heracross|Megahorn|p1a: LRXC
|-crit|p1a: LRXC
|-damage|p1a: LRXC|31/100
|move|p1a: LRXC|Surf|p2a: Heracross
|-damage|p2a: Heracross|15/100
|
|-heal|p1a: LRXC|37/100|[from] item: Leftovers
|upkeep
|turn|41
|
|t:|1727896848
|move|p2a: Heracross|Megahorn|p1a: LRXC
|-damage|p1a: LRXC|0 fnt
|faint|p1a: LRXC
|
|t:|1727896869
|switch|p1a: Gold|Salamence, F|26/100
|-ability|p1a: Gold|Intimidate|boost
|-unboost|p2a: Heracross|atk|1
|
|upkeep
|turn|42
|inactive|jeem16 has 120 seconds left.
|inactive|ProfessorKid has 150 seconds left.
|inactive|jeem16 has 90 seconds left.
|inactive|ProfessorKid has 120 seconds left.
|inactive|ProfessorKid has 90 seconds left.
|inactive|jeem16 has 60 seconds left.
|inactive|ProfessorKid has 60 seconds left.
|inactive|ProfessorKid has 30 seconds left.
|
|t:|1727897017
|move|p1a: Gold|Hidden Power|p2a: Heracross
|-supereffective|p2a: Heracross
|-damage|p2a: Heracross|0 fnt
|faint|p2a: Heracross
|inactive|ProfessorKid has 30 seconds left this turn.
|
|t:|1727897023
|switch|p2a: Blissey|Blissey, F|100/100
|
|upkeep
|turn|43
|inactive|ProfessorKid has 30 seconds left.
|
|t:|1727897032
|switch|p1a: Simian|Blissey, F|88/100
|move|p2a: Blissey|Ice Beam|p1a: Simian
|-damage|p1a: Simian|80/100
|
|-heal|p1a: Simian|86/100|[from] item: Leftovers
|upkeep
|turn|44
|
|t:|1727897041
|move|p1a: Simian|Calm Mind|p1a: Simian
|-boost|p1a: Simian|spa|1
|-boost|p1a: Simian|spd|1
|move|p2a: Blissey|Wish|p2a: Blissey
|
|-heal|p1a: Simian|92/100|[from] item: Leftovers
|upkeep
|turn|45
|
|t:|1727897048
|switch|p2a: Suicune|Suicune|51/100 tox
|move|p1a: Simian|Calm Mind|p1a: Simian
|-boost|p1a: Simian|spa|1
|-boost|p1a: Simian|spd|1
|
|-heal|p2a: Suicune|100/100 tox|[from] move: Wish|[wisher] Blissey
|-damage|p2a: Suicune|94/100 tox|[from] psn
|-heal|p1a: Simian|98/100|[from] item: Leftovers
|upkeep
|turn|46
|
|t:|1727897057
|move|p1a: Simian|Thunderbolt|p2a: Suicune
|-supereffective|p2a: Suicune
|-crit|p2a: Suicune
|-damage|p2a: Suicune|0 fnt
|faint|p2a: Suicune
|
|t:|1727897061
|switch|p2a: Blissey|Blissey, F|100/100
|
|-heal|p1a: Simian|100/100|[from] item: Leftovers
|upkeep
|turn|47
|
|t:|1727897066
|move|p1a: Simian|Calm Mind|p1a: Simian
|-boost|p1a: Simian|spa|1
|-boost|p1a: Simian|spd|1
|move|p2a: Blissey|Ice Beam|p1a: Simian
|-damage|p1a: Simian|97/100
|
|-heal|p1a: Simian|100/100|[from] item: Leftovers
|upkeep
|turn|48
|
|t:|1727897068
|move|p1a: Simian|Calm Mind|p1a: Simian
|-boost|p1a: Simian|spa|1
|-boost|p1a: Simian|spd|1
|move|p2a: Blissey|Ice Beam|p1a: Simian
|-damage|p1a: Simian|97/100
|
|-heal|p1a: Simian|100/100|[from] item: Leftovers
|upkeep
|turn|49
|
|t:|1727897070
|move|p1a: Simian|Calm Mind|p1a: Simian
|-boost|p1a: Simian|spa|1
|-boost|p1a: Simian|spd|1
|move|p2a: Blissey|Ice Beam|p1a: Simian
|-damage|p1a: Simian|98/100
|
|-heal|p1a: Simian|100/100|[from] item: Leftovers
|upkeep
|turn|50
|
|t:|1727897075
|move|p1a: Simian|Calm Mind|p1a: Simian
|-boost|p1a: Simian|spa|1
|-boost|p1a: Simian|spd|1
|move|p2a: Blissey|Ice Beam|p1a: Simian
|-damage|p1a: Simian|98/100
|
|-heal|p1a: Simian|100/100|[from] item: Leftovers
|upkeep
|turn|51
|
|t:|1727897079
|move|p1a: Simian|Ice Beam|p2a: Blissey
|-damage|p2a: Blissey|74/100
|move|p2a: Blissey|Ice Beam|p1a: Simian
|-damage|p1a: Simian|98/100
|
|-heal|p1a: Simian|100/100|[from] item: Leftovers
|-heal|p2a: Blissey|81/100|[from] item: Leftovers
|upkeep
|turn|52
|
|t:|1727897081
|move|p1a: Simian|Ice Beam|p2a: Blissey
|-damage|p2a: Blissey|54/100
|move|p2a: Blissey|Ice Beam|p1a: Simian
|-damage|p1a: Simian|98/100
|
|-heal|p1a: Simian|100/100|[from] item: Leftovers
|-heal|p2a: Blissey|60/100|[from] item: Leftovers
|upkeep
|turn|53
|
|t:|1727897084
|move|p1a: Simian|Ice Beam|p2a: Blissey
|-damage|p2a: Blissey|31/100
|move|p2a: Blissey|Ice Beam|p1a: Simian
|-damage|p1a: Simian|98/100
|
|-heal|p1a: Simian|100/100|[from] item: Leftovers
|-heal|p2a: Blissey|37/100|[from] item: Leftovers
|upkeep
|turn|54
|
|t:|1727897086
|move|p1a: Simian|Ice Beam|p2a: Blissey
|-damage|p2a: Blissey|8/100
|move|p2a: Blissey|Ice Beam|p1a: Simian
|-damage|p1a: Simian|98/100
|-status|p1a: Simian|frz
|
|-heal|p1a: Simian|100/100 frz|[from] item: Leftovers
|-heal|p2a: Blissey|15/100|[from] item: Leftovers
|upkeep
|turn|55
|
|t:|1727897092
|-curestatus|p1a: Simian|frz|[msg]
|move|p1a: Simian|Ice Beam|p2a: Blissey
|-damage|p2a: Blissey|0 fnt
|faint|p2a: Blissey
|
|win|jeem16
|c|☆jeem16|ggwp!
|c|☆jeem16|tense game!
|c|☆ProfessorKid|yhhh

</script>
<script type="application/json" class="data" id="replaydata-smogtours-gen3ou-794005">
{"id":"smogtours-gen3ou-794005","format":"[Gen 3] OU","players":["jeem16","ProfessorKid"],"uploadtime":1727897092,"views":146,"formatid":"gen3ou","rating":null,"private":0,"password":null}
</script>

<script defer src="js/replays.js?9d40a366"></script>
