<!DOCTYPE html>
<meta charset="utf-8" />
<meta name="viewport" content="width=device-width" />

<title>[Gen 3] OU: Ktools vs. crustaceus - Replays - Pok&eacute;mon Showdown!</title>

<meta name="description" content="Watch a replay of a Pok&eacute;mon battle between Ktools and crustaceus! Format: [Gen 3] OU; Date: Oct 24, 2024" />
<!--

Hey, you! Looking in the source for the replay log?

You can find them in JSON format, just add `.json` at the end of a replay URL.

https://replay.pokemonshowdown.com/gen7randomdoublesbattle-865046831.json

Or, if you only need the log itself, add `.log` instead:

https://replay.pokemonshowdown.com/gen7randomdoublesbattle-865046831.log

-->

<link rel="stylesheet" href="//pokemonshowdown.com/style/global.css?0.767286132409787" />
<link rel="stylesheet" href="//play.pokemonshowdown.com/style/font-awesome.css?0.9266228007934947" />
<link rel="stylesheet" href="//play.pokemonshowdown.com/style/battle.css?0.7924700842790926" />
<link rel="stylesheet" href="//play.pokemonshowdown.com/style/utilichart.css?0.8777417872839479" />

<!-- Global site tag (gtag.js) - Google Analytics -->
<script async src="https://www.googletagmanager.com/gtag/js?id=UA-26211653-1"></script>
<script>
  window.dataLayer = window.dataLayer || [];
  function gtag(){dataLayer.push(arguments);}
  gtag('js', new Date());

  gtag('config', 'UA-26211653-1');
</script>
<!-- End Google Analytics -->
<!-- Venatus Ad Manager - Install in <HEAD> of page -->
	<script src="https://hb.vntsm.com/v3/live/ad-manager.min.js" type="text/javascript" data-site-id="642aba63ec9a7b11c3c9c1be" data-mode="scan" async></script>
<!-- / Venatus Ad Manager -->

<style>
	@media (max-width:820px) {
		.battle {
			margin: 0 auto;
		}
		.battle-log {
			margin: 7px auto 0;
			max-width: 640px;
			height: 300px;
			position: static;
		}
	}
	.optgroup {
		display: inline-block;
		line-height: 22px;
		font-size: 10pt;
	}
	.optgroup .button {
		height: 25px;
		padding-top: 0;
		padding-bottom: 0;
	}
	.optgroup button.button {
		padding-left: 12px;
		padding-right: 12px;
	}
	.linklist {
		list-style: none;
		margin: 0.5em 0;
		padding: 0;
	}
	.linklist li {
		padding: 2px 0;
	}
	.sidebar {
		float: left;
		width: 320px;
	}
	.bar-wrapper {
		max-width: 1100px;
		margin: 0 auto;
	}
	.bar-wrapper.has-sidebar {
		max-width: 1430px;
	}
	.mainbar {
		margin: 0;
		padding-right: 1px;
	}
	.mainbar.has-sidebar {
		margin-left: 330px;
	}
	@media (min-width: 1511px) {
		.sidebar {
			width: 400px;
		}
		.bar-wrapper.has-sidebar {
			max-width: 1510px;
		}
		.mainbar.has-sidebar {
			margin-left: 410px;
		}
	}
	.section.first-section {
		margin-top: 9px;
	}
	.blocklink small {
		white-space: normal;
	}
	.button {
		vertical-align: middle;
	}
	.replay-controls {
		padding-top: 10px;
	}
	.replay-controls h1 {
		font-size: 16pt;
		font-weight: normal;
		color: #CCC;
	}
	.pagelink {
		text-align: center;
	}
	.pagelink a {
		width: 150px;
	}
	.textbox, .button {
		font-size: 11pt;
		vertical-align: middle;
	}
	@media (max-width: 450px) {
		.button {
			font-size: 9pt;
		}
	}
</style>

<div>

	<header>
		<div class="nav-wrapper"><ul class="nav">
			<li><a class="button nav-first" href="//pokemonshowdown.com/"><img src="//pokemonshowdown.com/images/pokemonshowdownbeta.png" srcset="//pokemonshowdown.com/images/pokemonshowdownbeta.png 1x, //pokemonshowdown.com/images/pokemonshowdownbeta@2x.png 2x" alt="Pok&eacute;mon Showdown" width="146" height="44" /> Home</a></li>
			<li><a class="button" href="//pokemonshowdown.com/dex/">Pok&eacute;dex</a></li>
			<li><a class="button cur" href="/">Replays</a></li>
			<li><a class="button" href="//pokemonshowdown.com/ladder/">Ladder</a></li>
			<li><a class="button nav-last" href="//pokemonshowdown.com/forums/">Forum</a></li>
			<li><a class="button greenbutton nav-first nav-last" href="//play.pokemonshowdown.com/">Play</a></li>
		</ul></div>
	</header>

	<div class="main" id="main">

		<noscript><section class="section">You need to enable JavaScript to use this page; sorry!</section></noscript>

	</div>

</div>

<script defer nomodule src="//play.pokemonshowdown.com/js/lib/ps-polyfill.js"></script>
<script defer src="//play.pokemonshowdown.com/js/lib/preact.min.js"></script>

<script defer src="//play.pokemonshowdown.com/config/config.js?6dec07f6"></script>
<script defer src="//play.pokemonshowdown.com/js/lib/jquery-1.11.0.min.js"></script>
<script defer src="//play.pokemonshowdown.com/js/lib/html-sanitizer-minified.js"></script>
<script defer src="//play.pokemonshowdown.com/js/battle-sound.js"></script>
<script defer src="//play.pokemonshowdown.com/js/battledata.js?0.6315294753075389"></script>
<script defer src="//play.pokemonshowdown.com/data/pokedex-mini.js?0.7603743185311358"></script>
<script defer src="//play.pokemonshowdown.com/data/pokedex-mini-bw.js?0.030888842834281283"></script>
<script defer src="//play.pokemonshowdown.com/data/graphics.js?0.05593094747507488"></script>
<script defer src="//play.pokemonshowdown.com/data/pokedex.js?0.47064822249611904"></script>
<script defer src="//play.pokemonshowdown.com/data/moves.js?0.8583693120512459"></script>
<script defer src="//play.pokemonshowdown.com/data/abilities.js?0.16017181182386842"></script>
<script defer src="//play.pokemonshowdown.com/data/items.js?0.4163379185673943"></script>
<script defer src="//play.pokemonshowdown.com/data/teambuilder-tables.js?0.31075597372830477"></script>
<script defer src="//play.pokemonshowdown.com/js/battle-tooltips.js?0.6536193500708172"></script>
<script defer src="//play.pokemonshowdown.com/js/battle.js?0.1916591943277901"></script>

<script defer src="js/utils.js?e31f9a17"></script>
<script defer src="js/replays-battle.js?7008c182"></script>

<!-- don't scrape this data! just add .json or .log after the URL!
Full API docs: https://github.com/smogon/pokemon-showdown-client/blob/master/WEB-API.md -->
<script type="text/plain" class="log" id="replaylog-smogtours-gen3ou-801638">
|inactive|Battle timer is ON: inactive players will automatically lose when time's up.
|t:|1729801169
|gametype|singles
|player|p1|Ktools|170|
|player|p2|crustaceus|102|
|teamsize|p1|6
|teamsize|p2|6
|gen|3
|tier|[Gen 3] OU
|rule|Sleep Clause Mod: Limit one foe put to sleep
|rule|Switch Priority Clause Mod: Faster Pokémon switch first
|rule|Species Clause: Limit one of each Pokémon
|rule|OHKO Clause: OHKO moves are banned
|rule|Evasion Items Clause: Evasion items are banned
|rule|Evasion Moves Clause: Evasion moves are banned
|rule|Endless Battle Clause: Forcing endless battles is banned
|rule|HP Percentage Mod: HP is shown in percentages
|rule|One Boost Passer Clause: Limit one Baton Passer that has a way to boost its stats
|rule|Freeze Clause Mod: Limit one foe frozen
|
|t:|1729801169
|start
|switch|p1a: Aerodactyl|Aerodactyl, F|100/100
|switch|p2a: Mashina|Metagross, shiny|100/100
|turn|1
|inactive|crustaceus has 270 seconds left.
|
|t:|1729801209
|switch|p1a: Forretress|Forretress, M|100/100
|move|p2a: Mashina|Psychic|p1a: Forretress
|-resisted|p1a: Forretress
|-crit|p1a: Forretress
|-damage|p1a: Forretress|64/100
|
|-heal|p1a: Forretress|70/100|[from] item: Leftovers
|upkeep
|turn|2
|
|t:|1729801215
|switch|p1a: Swampert|Swampert, M|100/100
|move|p2a: Mashina|Hidden Power|p1a: Swampert
|-resisted|p1a: Swampert
|-damage|p1a: Swampert|92/100
|
|-heal|p1a: Swampert|98/100|[from] item: Leftovers
|upkeep
|turn|3
|
|t:|1729801244
|switch|p2a: Spoks|Gengar, M, shiny|100/100
|move|p1a: Swampert|Surf|p2a: Spoks
|-damage|p2a: Spoks|66/100
|
|-heal|p2a: Spoks|72/100|[from] item: Leftovers
|-heal|p1a: Swampert|100/100|[from] item: Leftovers
|upkeep
|turn|4
|
|t:|1729801254
|move|p1a: Swampert|Protect|p1a: Swampert
|-singleturn|p1a: Swampert|Protect
|move|p2a: Spoks|Will-O-Wisp|p1a: Swampert|[miss]
|-miss|p2a: Spoks|p1a: Swampert
|
|-heal|p2a: Spoks|79/100|[from] item: Leftovers
|upkeep
|turn|5
|
|t:|1729801258
|switch|p1a: Tyranitar|Tyranitar, F|100/100
|-weather|Sandstorm|[from] ability: Sand Stream|[of] p1a: Tyranitar
|move|p2a: Spoks|Giga Drain|p1a: Tyranitar
|-supereffective|p1a: Tyranitar
|-damage|p1a: Tyranitar|71/100
|-heal|p2a: Spoks|97/100|[from] drain|[of] p1a: Tyranitar
|
|-weather|Sandstorm|[upkeep]
|-damage|p2a: Spoks|91/100|[from] Sandstorm
|-heal|p2a: Spoks|97/100|[from] item: Leftovers
|-heal|p1a: Tyranitar|77/100|[from] item: Leftovers
|upkeep
|turn|6
|inactive|crustaceus has 270 seconds left.
|
|t:|1729801317
|-activate|p2a: Spoks|move: Pursuit
|move|p1a: Tyranitar|Pursuit|p2a: Spoks|[from]Pursuit
|-supereffective|p2a: Spoks
|-damage|p2a: Spoks|8/100
|switch|p2a: Zemene|Dugtrio, M, shiny|100/100
|
|-weather|Sandstorm|[upkeep]
|-heal|p1a: Tyranitar|83/100|[from] item: Leftovers
|upkeep
|turn|7
|
|t:|1729801327
|move|p2a: Zemene|Earthquake|p1a: Tyranitar
|-supereffective|p1a: Tyranitar
|-damage|p1a: Tyranitar|0 fnt
|faint|p1a: Tyranitar
|inactive|Ktools has 270 seconds left.
|
|t:|1729801349
|switch|p1a: Zapdos|Zapdos|100/100
|
|-weather|Sandstorm|[upkeep]
|-damage|p1a: Zapdos|94/100|[from] Sandstorm
|-heal|p1a: Zapdos|100/100|[from] item: Leftovers
|upkeep
|turn|8
|
|t:|1729801358
|switch|p2a: Olas|Blissey, F, shiny|100/100
|move|p1a: Zapdos|Thunderbolt|p2a: Olas
|-damage|p2a: Olas|85/100
|-status|p2a: Olas|par
|
|-weather|Sandstorm|[upkeep]
|-damage|p1a: Zapdos|94/100|[from] Sandstorm
|-damage|p2a: Olas|79/100 par|[from] Sandstorm
|-heal|p1a: Zapdos|100/100|[from] item: Leftovers
|-heal|p2a: Olas|85/100 par|[from] item: Leftovers
|upkeep
|turn|9
|inactive|crustaceus has 270 seconds left.
|inactive|Ktools has 270 seconds left.
|
|t:|1729801377
|switch|p1a: Forretress|Forretress, M|70/100
|cant|p2a: Olas|par
|
|-weather|Sandstorm|[upkeep]
|-damage|p2a: Olas|79/100 par|[from] Sandstorm
|-heal|p1a: Forretress|76/100|[from] item: Leftovers
|-heal|p2a: Olas|85/100 par|[from] item: Leftovers
|upkeep
|turn|10
|
|t:|1729801387
|-curestatus|p2a: Olas|par|[from] ability: Natural Cure
|switch|p2a: Bumbas|Claydol|100/100
|move|p1a: Forretress|Spikes|p2a: Bumbas
|-sidestart|p2: crustaceus|Spikes
|
|-weather|Sandstorm|[upkeep]
|-heal|p1a: Forretress|82/100|[from] item: Leftovers
|upkeep
|turn|11
|inactive|crustaceus has 270 seconds left.
|inactive|Ktools has 270 seconds left.
|
|t:|1729801420
|move|p2a: Bumbas|Rapid Spin|p1a: Forretress
|-resisted|p1a: Forretress
|-damage|p1a: Forretress|81/100
|-sideend|p2: crustaceus|Spikes|[from] move: Rapid Spin|[of] p2a: Bumbas
|move|p1a: Forretress|Spikes|p2a: Bumbas
|-sidestart|p2: crustaceus|Spikes
|
|-weather|Sandstorm|[upkeep]
|-heal|p1a: Forretress|87/100|[from] item: Leftovers
|upkeep
|turn|12
|
|t:|1729801428
|move|p2a: Bumbas|Hidden Power|p1a: Forretress
|-supereffective|p1a: Forretress
|-damage|p1a: Forretress|35/100
|move|p1a: Forretress|Hidden Power|p2a: Bumbas
|-supereffective|p2a: Bumbas
|-damage|p2a: Bumbas|60/100
|
|-weather|Sandstorm|[upkeep]
|-heal|p2a: Bumbas|66/100|[from] item: Leftovers
|-heal|p1a: Forretress|41/100|[from] item: Leftovers
|upkeep
|turn|13
|inactive|crustaceus has 270 seconds left.
|inactive|Ktools has 270 seconds left.
|
|t:|1729801451
|switch|p1a: Swampert|Swampert, M|100/100
|move|p2a: Bumbas|Rapid Spin|p1a: Swampert
|-damage|p1a: Swampert|98/100
|-sideend|p2: crustaceus|Spikes|[from] move: Rapid Spin|[of] p2a: Bumbas
|
|-weather|Sandstorm|[upkeep]
|-heal|p2a: Bumbas|72/100|[from] item: Leftovers
|-heal|p1a: Swampert|100/100|[from] item: Leftovers
|upkeep
|turn|14
|inactive|Ktools has 270 seconds left.
|
|t:|1729801462
|switch|p2a: Gulet|Snorlax, M, shiny|100/100
|move|p1a: Swampert|Surf|p2a: Gulet
|-damage|p2a: Gulet|83/100
|
|-weather|Sandstorm|[upkeep]
|-damage|p2a: Gulet|77/100|[from] Sandstorm
|-heal|p2a: Gulet|83/100|[from] item: Leftovers
|upkeep
|turn|15
|inactive|Ktools has 270 seconds left.
|
|t:|1729801480
|switch|p1a: Forretress|Forretress, M|41/100
|move|p2a: Gulet|Body Slam|p1a: Forretress
|-resisted|p1a: Forretress
|-damage|p1a: Forretress|28/100
|
|-weather|Sandstorm|[upkeep]
|-damage|p2a: Gulet|77/100|[from] Sandstorm
|-heal|p1a: Forretress|34/100|[from] item: Leftovers
|-heal|p2a: Gulet|83/100|[from] item: Leftovers
|upkeep
|turn|16
|inactive|crustaceus has 270 seconds left.
|
|t:|1729801502
|move|p1a: Forretress|Spikes|p2a: Gulet
|-sidestart|p2: crustaceus|Spikes
|move|p2a: Gulet|Flamethrower|p1a: Forretress
|-supereffective|p1a: Forretress
|-crit|p1a: Forretress
|-damage|p1a: Forretress|0 fnt
|faint|p1a: Forretress
|inactive|Ktools has 270 seconds left.
|
|t:|1729801510
|switch|p1a: Aerodactyl|Aerodactyl, F|100/100
|
|-weather|Sandstorm|[upkeep]
|-damage|p2a: Gulet|77/100|[from] Sandstorm
|-heal|p2a: Gulet|83/100|[from] item: Leftovers
|upkeep
|turn|17
|inactive|Ktools has 270 seconds left.
|
|t:|1729801529
|switch|p1a: Swampert|Swampert, M|100/100
|move|p2a: Gulet|Counter|p1a: Swampert
|
|-weather|Sandstorm|[upkeep]
|-damage|p2a: Gulet|77/100|[from] Sandstorm
|-heal|p2a: Gulet|83/100|[from] item: Leftovers
|upkeep
|turn|18
|inactive|Ktools has 270 seconds left.
|
|t:|1729801536
|move|p1a: Swampert|Protect|p1a: Swampert
|-singleturn|p1a: Swampert|Protect
|move|p2a: Gulet|Body Slam|p1a: Swampert
|-activate|p1a: Swampert|Protect
|
|-weather|Sandstorm|[upkeep]
|-damage|p2a: Gulet|77/100|[from] Sandstorm
|-heal|p2a: Gulet|83/100|[from] item: Leftovers
|upkeep
|turn|19
|
|t:|1729801545
|move|p1a: Swampert|Surf|p2a: Gulet
|-damage|p2a: Gulet|67/100
|move|p2a: Gulet|Body Slam|p1a: Swampert
|-damage|p1a: Swampert|75/100
|-status|p1a: Swampert|par
|
|-weather|Sandstorm|[upkeep]
|-damage|p2a: Gulet|61/100|[from] Sandstorm
|-heal|p2a: Gulet|67/100|[from] item: Leftovers
|-heal|p1a: Swampert|81/100 par|[from] item: Leftovers
|upkeep
|turn|20
|
|t:|1729801569
|move|p2a: Gulet|Body Slam|p1a: Swampert
|-crit|p1a: Swampert
|-damage|p1a: Swampert|27/100 par
|move|p1a: Swampert|Refresh|p1a: Swampert
|-curestatus|p1a: Swampert|par|[msg]
|
|-weather|Sandstorm|[upkeep]
|-damage|p2a: Gulet|61/100|[from] Sandstorm
|-heal|p1a: Swampert|33/100|[from] item: Leftovers
|-heal|p2a: Gulet|67/100|[from] item: Leftovers
|upkeep
|turn|21
|
|t:|1729801576
|move|p1a: Swampert|Protect|p1a: Swampert
|-singleturn|p1a: Swampert|Protect
|move|p2a: Gulet|Body Slam|p1a: Swampert
|-activate|p1a: Swampert|Protect
|
|-weather|Sandstorm|[upkeep]
|-damage|p2a: Gulet|61/100|[from] Sandstorm
|-heal|p1a: Swampert|39/100|[from] item: Leftovers
|-heal|p2a: Gulet|67/100|[from] item: Leftovers
|upkeep
|turn|22
|
|t:|1729801585
|move|p1a: Swampert|Surf|p2a: Gulet
|-damage|p2a: Gulet|52/100
|move|p2a: Gulet|Body Slam|p1a: Swampert
|-damage|p1a: Swampert|12/100
|-status|p1a: Swampert|par
|
|-weather|Sandstorm|[upkeep]
|-damage|p2a: Gulet|45/100|[from] Sandstorm
|-heal|p2a: Gulet|52/100|[from] item: Leftovers
|-heal|p1a: Swampert|18/100 par|[from] item: Leftovers
|upkeep
|turn|23
|
|t:|1729801589
|cant|p1a: Swampert|par
|move|p2a: Gulet|Body Slam|p1a: Swampert
|-damage|p1a: Swampert|0 fnt
|faint|p1a: Swampert
|
|t:|1729801593
|switch|p1a: Aerodactyl|Aerodactyl, F|100/100
|
|-weather|Sandstorm|[upkeep]
|-damage|p2a: Gulet|45/100|[from] Sandstorm
|-heal|p2a: Gulet|52/100|[from] item: Leftovers
|upkeep
|turn|24
|inactive|Ktools has 270 seconds left.
|
|t:|1729801639
|move|p1a: Aerodactyl|Rock Slide|p2a: Gulet
|-damage|p2a: Gulet|10/100
|move|p2a: Gulet|Self-Destruct|p1a: Aerodactyl
|-resisted|p1a: Aerodactyl
|-crit|p1a: Aerodactyl
|-damage|p1a: Aerodactyl|0 fnt
|faint|p2a: Gulet
|faint|p1a: Aerodactyl
|inactive|crustaceus has 270 seconds left.
|
|t:|1729801673
|switch|p1a: Zapdos|Zapdos|100/100
|switch|p2a: Bumbas|Claydol|72/100
|
|-weather|Sandstorm|[upkeep]
|-damage|p1a: Zapdos|94/100|[from] Sandstorm
|-heal|p1a: Zapdos|100/100|[from] item: Leftovers
|-heal|p2a: Bumbas|78/100|[from] item: Leftovers
|upkeep
|turn|25
|
|t:|1729801680
|move|p1a: Zapdos|Hidden Power|p2a: Bumbas
|-supereffective|p2a: Bumbas
|-damage|p2a: Bumbas|40/100
|move|p2a: Bumbas|Explosion|p1a: Zapdos
|-damage|p1a: Zapdos|4/100
|faint|p2a: Bumbas
|
|t:|1729801687
|switch|p2a: Spoks|Gengar, M, shiny|8/100
|
|-weather|Sandstorm|[upkeep]
|-damage|p2a: Spoks|2/100|[from] Sandstorm
|-damage|p1a: Zapdos|0 fnt|[from] Sandstorm
|faint|p1a: Zapdos
|-heal|p2a: Spoks|8/100|[from] item: Leftovers
|upkeep
|
|t:|1729801690
|switch|p1a: Blissey|Blissey, F|100/100
|turn|26
|
|t:|1729801697
|move|p2a: Spoks|Explosion|p1a: Blissey
|-damage|p1a: Blissey|30/100
|faint|p2a: Spoks
|
|t:|1729801702
|switch|p2a: Zemene|Dugtrio, M, shiny|100/100
|-damage|p2a: Zemene|88/100|[from] Spikes
|
|-weather|Sandstorm|[upkeep]
|-damage|p1a: Blissey|23/100|[from] Sandstorm
|-heal|p1a: Blissey|30/100|[from] item: Leftovers
|upkeep
|turn|27
|c|☆Ktools|ggs
|c|☆crustaceus|ggs
|
|t:|1729801710
|move|p2a: Zemene|Earthquake|p1a: Blissey
|-damage|p1a: Blissey|0 fnt
|faint|p1a: Blissey
|
|win|crustaceus
|player|p1|

</script>
<script type="application/json" class="data" id="replaydata-smogtours-gen3ou-801638">
{"id":"smogtours-gen3ou-801638","format":"[Gen 3] OU","players":["Ktools","crustaceus"],"uploadtime":1729801710,"views":79,"formatid":"gen3ou","rating":null,"private":0,"password":null}
</script>

<script defer src="js/replays.js?9d40a366"></script>
