<!DOCTYPE html>
<meta charset="utf-8" />
<meta name="viewport" content="width=device-width" />

<title>[Gen 3] OU: Sorenz vs. Voyager - Replays - Pok&eacute;mon Showdown!</title>

<meta name="description" content="Watch a replay of a Pok&eacute;mon battle between Sorenz and Voyager! Format: [Gen 3] OU; Date: Oct 13, 2024" />
<!--

Hey, you! Looking in the source for the replay log?

You can find them in JSON format, just add `.json` at the end of a replay URL.

https://replay.pokemonshowdown.com/gen7randomdoublesbattle-865046831.json

Or, if you only need the log itself, add `.log` instead:

https://replay.pokemonshowdown.com/gen7randomdoublesbattle-865046831.log

-->

<link rel="stylesheet" href="//pokemonshowdown.com/style/global.css?0.023195364461161105" />
<link rel="stylesheet" href="//play.pokemonshowdown.com/style/font-awesome.css?0.13261647063804238" />
<link rel="stylesheet" href="//play.pokemonshowdown.com/style/battle.css?0.8753245789963631" />
<link rel="stylesheet" href="//play.pokemonshowdown.com/style/utilichart.css?0.8627959624976733" />

<!-- Global site tag (gtag.js) - Google Analytics -->
<script async src="https://www.googletagmanager.com/gtag/js?id=UA-26211653-1"></script>
<script>
  window.dataLayer = window.dataLayer || [];
  function gtag(){dataLayer.push(arguments);}
  gtag('js', new Date());

  gtag('config', 'UA-26211653-1');
</script>
<!-- End Google Analytics -->
<!-- Venatus Ad Manager - Install in <HEAD> of page -->
	<script src="https://hb.vntsm.com/v3/live/ad-manager.min.js" type="text/javascript" data-site-id="642aba63ec9a7b11c3c9c1be" data-mode="scan" async></script>
<!-- / Venatus Ad Manager -->

<style>
	@media (max-width:820px) {
		.battle {
			margin: 0 auto;
		}
		.battle-log {
			margin: 7px auto 0;
			max-width: 640px;
			height: 300px;
			position: static;
		}
	}
	.optgroup {
		display: inline-block;
		line-height: 22px;
		font-size: 10pt;
	}
	.optgroup .button {
		height: 25px;
		padding-top: 0;
		padding-bottom: 0;
	}
	.optgroup button.button {
		padding-left: 12px;
		padding-right: 12px;
	}
	.linklist {
		list-style: none;
		margin: 0.5em 0;
		padding: 0;
	}
	.linklist li {
		padding: 2px 0;
	}
	.sidebar {
		float: left;
		width: 320px;
	}
	.bar-wrapper {
		max-width: 1100px;
		margin: 0 auto;
	}
	.bar-wrapper.has-sidebar {
		max-width: 1430px;
	}
	.mainbar {
		margin: 0;
		padding-right: 1px;
	}
	.mainbar.has-sidebar {
		margin-left: 330px;
	}
	@media (min-width: 1511px) {
		.sidebar {
			width: 400px;
		}
		.bar-wrapper.has-sidebar {
			max-width: 1510px;
		}
		.mainbar.has-sidebar {
			margin-left: 410px;
		}
	}
	.section.first-section {
		margin-top: 9px;
	}
	.blocklink small {
		white-space: normal;
	}
	.button {
		vertical-align: middle;
	}
	.replay-controls {
		padding-top: 10px;
	}
	.replay-controls h1 {
		font-size: 16pt;
		font-weight: normal;
		color: #CCC;
	}
	.pagelink {
		text-align: center;
	}
	.pagelink a {
		width: 150px;
	}
	.textbox, .button {
		font-size: 11pt;
		vertical-align: middle;
	}
	@media (max-width: 450px) {
		.button {
			font-size: 9pt;
		}
	}
</style>

<div>

	<header>
		<div class="nav-wrapper"><ul class="nav">
			<li><a class="button nav-first" href="//pokemonshowdown.com/"><img src="//pokemonshowdown.com/images/pokemonshowdownbeta.png" srcset="//pokemonshowdown.com/images/pokemonshowdownbeta.png 1x, //pokemonshowdown.com/images/pokemonshowdownbeta@2x.png 2x" alt="Pok&eacute;mon Showdown" width="146" height="44" /> Home</a></li>
			<li><a class="button" href="//pokemonshowdown.com/dex/">Pok&eacute;dex</a></li>
			<li><a class="button cur" href="/">Replays</a></li>
			<li><a class="button" href="//pokemonshowdown.com/ladder/">Ladder</a></li>
			<li><a class="button nav-last" href="//pokemonshowdown.com/forums/">Forum</a></li>
			<li><a class="button greenbutton nav-first nav-last" href="//play.pokemonshowdown.com/">Play</a></li>
		</ul></div>
	</header>

	<div class="main" id="main">

		<noscript><section class="section">You need to enable JavaScript to use this page; sorry!</section></noscript>

	</div>

</div>

<script defer nomodule src="//play.pokemonshowdown.com/js/lib/ps-polyfill.js"></script>
<script defer src="//play.pokemonshowdown.com/js/lib/preact.min.js"></script>

<script defer src="//play.pokemonshowdown.com/config/config.js?2bddbc15"></script>
<script defer src="//play.pokemonshowdown.com/js/lib/jquery-1.11.0.min.js"></script>
<script defer src="//play.pokemonshowdown.com/js/lib/html-sanitizer-minified.js"></script>
<script defer src="//play.pokemonshowdown.com/js/battle-sound.js"></script>
<script defer src="//play.pokemonshowdown.com/js/battledata.js?0.7209276989879541"></script>
<script defer src="//play.pokemonshowdown.com/data/pokedex-mini.js?0.6111056340867951"></script>
<script defer src="//play.pokemonshowdown.com/data/pokedex-mini-bw.js?0.3532142036491459"></script>
<script defer src="//play.pokemonshowdown.com/data/graphics.js?0.24223875632456182"></script>
<script defer src="//play.pokemonshowdown.com/data/pokedex.js?0.38839984266356864"></script>
<script defer src="//play.pokemonshowdown.com/data/moves.js?0.21866028504024015"></script>
<script defer src="//play.pokemonshowdown.com/data/abilities.js?0.2005157953846628"></script>
<script defer src="//play.pokemonshowdown.com/data/items.js?0.9894211263848525"></script>
<script defer src="//play.pokemonshowdown.com/data/teambuilder-tables.js?0.6008791140282215"></script>
<script defer src="//play.pokemonshowdown.com/js/battle-tooltips.js?0.7580118955022959"></script>
<script defer src="//play.pokemonshowdown.com/js/battle.js?0.6057722274234274"></script>

<script defer src="js/utils.js?e31f9a17"></script>
<script defer src="js/replays-battle.js?7008c182"></script>

<!-- don't scrape this data! just add .json or .log after the URL!
Full API docs: https://github.com/smogon/pokemon-showdown-client/blob/master/WEB-API.md -->
<script type="text/plain" class="log" id="replaylog-smogtours-gen3ou-798347">
|inactive|Battle timer is ON: inactive players will automatically lose when time's up.
|t:|1728849718
|gametype|singles
|player|p1|Sorenz|wattson|
|player|p2|Voyager|acetrainerf-gen2|
|teamsize|p1|6
|teamsize|p2|6
|gen|3
|tier|[Gen 3] OU
|rule|Sleep Clause Mod: Limit one foe put to sleep
|rule|Switch Priority Clause Mod: Faster Pokémon switch first
|rule|Species Clause: Limit one of each Pokémon
|rule|OHKO Clause: OHKO moves are banned
|rule|Evasion Items Clause: Evasion items are banned
|rule|Evasion Moves Clause: Evasion moves are banned
|rule|Endless Battle Clause: Forcing endless battles is banned
|rule|HP Percentage Mod: HP is shown in percentages
|rule|One Boost Passer Clause: Limit one Baton Passer that has a way to boost its stats
|rule|Freeze Clause Mod: Limit one foe frozen
|
|t:|1728849718
|start
|switch|p1a: Zapdos|Zapdos|100/100
|switch|p2a: Arcanine|Arcanine, M|100/100
|-ability|p2a: Arcanine|Intimidate|boost
|-unboost|p1a: Zapdos|atk|1
|turn|1
|c|☆Sorenz|GL HF
|c|☆Voyager|u2
|
|t:|1728849736
|switch|p2a: Jirachi|Jirachi|100/100
|move|p1a: Zapdos|Substitute|p1a: Zapdos
|-start|p1a: Zapdos|Substitute
|-damage|p1a: Zapdos|75/100
|
|-heal|p1a: Zapdos|82/100|[from] item: Leftovers
|upkeep
|turn|2
|
|t:|1728849743
|switch|p2a: Zapdos|Zapdos|100/100
|move|p1a: Zapdos|Thunderbolt|p2a: Zapdos
|-damage|p2a: Zapdos|68/100
|
|-heal|p1a: Zapdos|88/100|[from] item: Leftovers
|-heal|p2a: Zapdos|74/100|[from] item: Leftovers
|upkeep
|turn|3
|
|t:|1728849752
|move|p1a: Zapdos|Hidden Power|p2a: Zapdos
|-supereffective|p2a: Zapdos
|-damage|p2a: Zapdos|41/100
|move|p2a: Zapdos|Thunderbolt|p1a: Zapdos
|-end|p1a: Zapdos|Substitute
|
|-heal|p1a: Zapdos|94/100|[from] item: Leftovers
|-heal|p2a: Zapdos|47/100|[from] item: Leftovers
|upkeep
|turn|4
|
|t:|1728849765
|move|p1a: Zapdos|Thunderbolt|p2a: Zapdos
|-damage|p2a: Zapdos|13/100
|move|p2a: Zapdos|Toxic|p1a: Zapdos|[miss]
|-miss|p2a: Zapdos|p1a: Zapdos
|
|-heal|p1a: Zapdos|100/100|[from] item: Leftovers
|-heal|p2a: Zapdos|20/100|[from] item: Leftovers
|upkeep
|turn|5
|
|t:|1728849768
|move|p2a: Zapdos|Protect|p2a: Zapdos
|-singleturn|p2a: Zapdos|Protect
|move|p1a: Zapdos|Thunderbolt|p2a: Zapdos
|-activate|p2a: Zapdos|Protect
|
|-heal|p2a: Zapdos|26/100|[from] item: Leftovers
|upkeep
|turn|6
|
|t:|1728849774
|switch|p2a: Claydol|Claydol|100/100
|move|p1a: Zapdos|Substitute|p1a: Zapdos
|-start|p1a: Zapdos|Substitute
|-damage|p1a: Zapdos|75/100
|
|-heal|p1a: Zapdos|82/100|[from] item: Leftovers
|upkeep
|turn|7
|
|t:|1728849786
|move|p1a: Zapdos|Baton Pass|p1a: Zapdos
|
|t:|1728849789
|switch|p1a: Starmie|Starmie|100/100|[from] Baton Pass
|move|p2a: Claydol|Psychic|p1a: Starmie
|-resisted|p1a: Starmie
|-activate|p1a: Starmie|Substitute|[damage]
|
|upkeep
|turn|8
|
|t:|1728849795
|switch|p2a: Jirachi|Jirachi|100/100
|move|p1a: Starmie|Hydro Pump|p2a: Jirachi
|-damage|p2a: Jirachi|61/100
|
|-heal|p2a: Jirachi|67/100|[from] item: Leftovers
|upkeep
|turn|9
|
|t:|1728849799
|move|p1a: Starmie|Hydro Pump|p2a: Jirachi
|-damage|p2a: Jirachi|25/100
|move|p2a: Jirachi|Wish|p2a: Jirachi
|
|-heal|p2a: Jirachi|31/100|[from] item: Leftovers
|upkeep
|turn|10
|
|t:|1728849803
|switch|p1a: Dugma|Dugtrio, M|100/100
|move|p2a: Jirachi|Toxic|p1a: Dugma
|-status|p1a: Dugma|tox
|
|-heal|p2a: Jirachi|81/100|[from] move: Wish|[wisher] Jirachi
|-damage|p1a: Dugma|94/100 tox|[from] psn
|-heal|p2a: Jirachi|87/100|[from] item: Leftovers
|upkeep
|turn|11
|
|t:|1728849806
|move|p2a: Jirachi|Protect|p2a: Jirachi
|-singleturn|p2a: Jirachi|Protect
|move|p1a: Dugma|Earthquake|p2a: Jirachi
|-activate|p2a: Jirachi|Protect
|
|-damage|p1a: Dugma|82/100 tox|[from] psn
|-heal|p2a: Jirachi|94/100|[from] item: Leftovers
|upkeep
|turn|12
|
|t:|1728849808
|move|p1a: Dugma|Earthquake|p2a: Jirachi
|-supereffective|p2a: Jirachi
|-damage|p2a: Jirachi|25/100
|move|p2a: Jirachi|Wish|p2a: Jirachi
|
|-damage|p1a: Dugma|64/100 tox|[from] psn
|-heal|p2a: Jirachi|31/100|[from] item: Leftovers
|upkeep
|turn|13
|
|t:|1728849817
|move|p2a: Jirachi|Protect|p2a: Jirachi
|-singleturn|p2a: Jirachi|Protect
|move|p1a: Dugma|Earthquake|p2a: Jirachi
|-activate|p2a: Jirachi|Protect
|
|-heal|p2a: Jirachi|81/100|[from] move: Wish|[wisher] Jirachi
|-damage|p1a: Dugma|40/100 tox|[from] psn
|-heal|p2a: Jirachi|88/100|[from] item: Leftovers
|upkeep
|turn|14
|
|t:|1728849823
|move|p1a: Dugma|Earthquake|p2a: Jirachi
|-supereffective|p2a: Jirachi
|-damage|p2a: Jirachi|23/100
|move|p2a: Jirachi|Wish|p2a: Jirachi
|
|-damage|p1a: Dugma|10/100 tox|[from] psn
|-heal|p2a: Jirachi|29/100|[from] item: Leftovers
|upkeep
|turn|15
|
|t:|1728849849
|switch|p1a: Zapdos|Zapdos|82/100
|move|p2a: Jirachi|Protect||[still]
|-fail|p2a: Jirachi
|
|-heal|p2a: Jirachi|79/100|[from] move: Wish|[wisher] Jirachi
|-heal|p1a: Zapdos|88/100|[from] item: Leftovers
|-heal|p2a: Jirachi|85/100|[from] item: Leftovers
|upkeep
|turn|16
|
|t:|1728849876
|move|p1a: Zapdos|Substitute|p1a: Zapdos
|-start|p1a: Zapdos|Substitute
|-damage|p1a: Zapdos|63/100
|move|p2a: Jirachi|Fire Punch|p1a: Zapdos
|-activate|p1a: Zapdos|Substitute|[damage]
|
|-heal|p1a: Zapdos|69/100|[from] item: Leftovers
|-heal|p2a: Jirachi|92/100|[from] item: Leftovers
|upkeep
|turn|17
|
|t:|1728849883
|move|p1a: Zapdos|Thunderbolt|p2a: Jirachi
|-damage|p2a: Jirachi|57/100
|move|p2a: Jirachi|Fire Punch|p1a: Zapdos
|-end|p1a: Zapdos|Substitute
|
|-heal|p1a: Zapdos|75/100|[from] item: Leftovers
|-heal|p2a: Jirachi|63/100|[from] item: Leftovers
|upkeep
|turn|18
|
|t:|1728849887
|move|p1a: Zapdos|Substitute|p1a: Zapdos
|-start|p1a: Zapdos|Substitute
|-damage|p1a: Zapdos|50/100
|move|p2a: Jirachi|Wish|p2a: Jirachi
|
|-heal|p1a: Zapdos|57/100|[from] item: Leftovers
|-heal|p2a: Jirachi|69/100|[from] item: Leftovers
|upkeep
|turn|19
|
|t:|1728849898
|move|p1a: Zapdos|Thunderbolt|p2a: Jirachi
|-damage|p2a: Jirachi|35/100
|move|p2a: Jirachi|Fire Punch|p1a: Zapdos
|-activate|p1a: Zapdos|Substitute|[damage]
|
|-heal|p2a: Jirachi|85/100|[from] move: Wish|[wisher] Jirachi
|-heal|p1a: Zapdos|63/100|[from] item: Leftovers
|-heal|p2a: Jirachi|91/100|[from] item: Leftovers
|upkeep
|turn|20
|
|t:|1728849903
|move|p1a: Zapdos|Thunderbolt|p2a: Jirachi
|-damage|p2a: Jirachi|57/100
|move|p2a: Jirachi|Fire Punch|p1a: Zapdos
|-end|p1a: Zapdos|Substitute
|
|-heal|p1a: Zapdos|69/100|[from] item: Leftovers
|-heal|p2a: Jirachi|63/100|[from] item: Leftovers
|upkeep
|turn|21
|
|t:|1728849912
|move|p1a: Zapdos|Substitute|p1a: Zapdos
|-start|p1a: Zapdos|Substitute
|-damage|p1a: Zapdos|44/100
|move|p2a: Jirachi|Wish|p2a: Jirachi
|
|-heal|p1a: Zapdos|50/100|[from] item: Leftovers
|-heal|p2a: Jirachi|69/100|[from] item: Leftovers
|upkeep
|turn|22
|
|t:|1728849917
|move|p1a: Zapdos|Thunderbolt|p2a: Jirachi
|-damage|p2a: Jirachi|35/100
|move|p2a: Jirachi|Fire Punch|p1a: Zapdos
|-activate|p1a: Zapdos|Substitute|[damage]
|
|-heal|p2a: Jirachi|85/100|[from] move: Wish|[wisher] Jirachi
|-heal|p1a: Zapdos|57/100|[from] item: Leftovers
|-heal|p2a: Jirachi|92/100|[from] item: Leftovers
|upkeep
|turn|23
|
|t:|1728849926
|move|p1a: Zapdos|Baton Pass|p1a: Zapdos
|
|t:|1728849937
|switch|p1a: Starmie|Starmie|100/100|[from] Baton Pass
|move|p2a: Jirachi|Fire Punch|p1a: Starmie
|-resisted|p1a: Starmie
|-activate|p1a: Starmie|Substitute|[damage]
|
|-heal|p2a: Jirachi|98/100|[from] item: Leftovers
|upkeep
|turn|24
|
|t:|1728849942
|move|p2a: Jirachi|Protect|p2a: Jirachi
|-singleturn|p2a: Jirachi|Protect
|move|p1a: Starmie|Thunderbolt|p2a: Jirachi
|-activate|p2a: Jirachi|Protect
|
|-heal|p2a: Jirachi|100/100|[from] item: Leftovers
|upkeep
|turn|25
|
|t:|1728849944
|move|p1a: Starmie|Hydro Pump|p2a: Jirachi
|-damage|p2a: Jirachi|62/100
|move|p2a: Jirachi|Wish|p2a: Jirachi
|
|-heal|p2a: Jirachi|69/100|[from] item: Leftovers
|upkeep
|turn|26
|
|t:|1728849947
|move|p1a: Starmie|Thunderbolt|p2a: Jirachi
|-damage|p2a: Jirachi|47/100
|move|p2a: Jirachi|Fire Punch|p1a: Starmie
|-resisted|p1a: Starmie
|-end|p1a: Starmie|Substitute
|
|-heal|p2a: Jirachi|97/100|[from] move: Wish|[wisher] Jirachi
|-heal|p2a: Jirachi|100/100|[from] item: Leftovers
|upkeep
|turn|27
|
|t:|1728849951
|move|p1a: Starmie|Thunderbolt|p2a: Jirachi
|-damage|p2a: Jirachi|79/100
|move|p2a: Jirachi|Toxic|p1a: Starmie
|-status|p1a: Starmie|tox
|
|-damage|p1a: Starmie|94/100 tox|[from] psn
|-heal|p2a: Jirachi|86/100|[from] item: Leftovers
|upkeep
|turn|28
|
|t:|1728849955
|-curestatus|p1a: Starmie|tox|[from] ability: Natural Cure
|switch|p1a: Gengar|Gengar, M|100/100
|move|p2a: Jirachi|Toxic|p1a: Gengar|[miss]
|-miss|p2a: Jirachi|p1a: Gengar
|
|-heal|p2a: Jirachi|92/100|[from] item: Leftovers
|upkeep
|turn|29
|
|t:|1728849967
|switch|p2a: Arcanine|Arcanine, M|100/100
|-ability|p2a: Arcanine|Intimidate|boost
|-unboost|p1a: Gengar|atk|1
|move|p1a: Gengar|Hypnosis|p2a: Arcanine|[miss]
|-miss|p1a: Gengar|p2a: Arcanine
|
|upkeep
|turn|30
|
|t:|1728849974
|switch|p1a: Swampert|Swampert, F|100/100
|move|p2a: Arcanine|Fire Blast|p1a: Swampert
|-resisted|p1a: Swampert
|-damage|p1a: Swampert|82/100
|
|-heal|p1a: Swampert|88/100|[from] item: Leftovers
|upkeep
|turn|31
|
|t:|1728849978
|switch|p2a: Jirachi|Jirachi|92/100
|move|p1a: Swampert|Surf|p2a: Jirachi
|-damage|p2a: Jirachi|68/100
|
|-heal|p2a: Jirachi|74/100|[from] item: Leftovers
|-heal|p1a: Swampert|94/100|[from] item: Leftovers
|upkeep
|turn|32
|
|t:|1728849998
|switch|p2a: Zapdos|Zapdos|26/100
|switch|p1a: Gengar|Gengar, M|100/100
|
|-heal|p2a: Zapdos|32/100|[from] item: Leftovers
|upkeep
|turn|33
|
|t:|1728850001
|move|p2a: Zapdos|Protect|p2a: Zapdos
|-singleturn|p2a: Zapdos|Protect
|move|p1a: Gengar|Ice Punch|p2a: Zapdos
|-activate|p2a: Zapdos|Protect
|
|-heal|p2a: Zapdos|38/100|[from] item: Leftovers
|upkeep
|turn|34
|
|t:|1728850005
|switch|p2a: Arcanine|Arcanine, M|100/100
|-ability|p2a: Arcanine|Intimidate|boost
|-unboost|p1a: Gengar|atk|1
|move|p1a: Gengar|Hypnosis|p2a: Arcanine|[miss]
|-miss|p1a: Gengar|p2a: Arcanine
|
|upkeep
|turn|35
|inactive|Sorenz has 270 seconds left.
|
|t:|1728850045
|switch|p1a: Swampert|Swampert, F|94/100
|move|p2a: Arcanine|Toxic|p1a: Swampert
|-status|p1a: Swampert|tox
|
|-heal|p1a: Swampert|100/100 tox|[from] item: Leftovers
|-damage|p1a: Swampert|94/100 tox|[from] psn
|upkeep
|turn|36
|inactive|Sorenz has 270 seconds left.
|
|t:|1728850055
|switch|p2a: Jirachi|Jirachi|74/100
|move|p1a: Swampert|Earthquake|p2a: Jirachi
|-supereffective|p2a: Jirachi
|-damage|p2a: Jirachi|23/100
|
|-heal|p2a: Jirachi|29/100|[from] item: Leftovers
|-heal|p1a: Swampert|100/100 tox|[from] item: Leftovers
|-damage|p1a: Swampert|88/100 tox|[from] psn
|upkeep
|turn|37
|inactive|Sorenz has 270 seconds left.
|
|t:|1728850068
|move|p2a: Jirachi|Protect|p2a: Jirachi
|-singleturn|p2a: Jirachi|Protect
|move|p1a: Swampert|Earthquake|p2a: Jirachi
|-activate|p2a: Jirachi|Protect
|
|-heal|p2a: Jirachi|35/100|[from] item: Leftovers
|-heal|p1a: Swampert|94/100 tox|[from] item: Leftovers
|-damage|p1a: Swampert|76/100 tox|[from] psn
|upkeep
|turn|38
|
|t:|1728850077
|switch|p2a: Zapdos|Zapdos|38/100
|move|p1a: Swampert|Ice Beam|p2a: Zapdos
|-supereffective|p2a: Zapdos
|-damage|p2a: Zapdos|8/100
|-status|p2a: Zapdos|frz
|
|-heal|p2a: Zapdos|14/100 frz|[from] item: Leftovers
|-heal|p1a: Swampert|82/100 tox|[from] item: Leftovers
|-damage|p1a: Swampert|57/100 tox|[from] psn
|upkeep
|turn|39
|
|t:|1728850082
|switch|p1a: Zapdos|Zapdos|57/100
|cant|p2a: Zapdos|frz
|
|-heal|p1a: Zapdos|63/100|[from] item: Leftovers
|-heal|p2a: Zapdos|20/100 frz|[from] item: Leftovers
|upkeep
|turn|40
|
|t:|1728850091
|switch|p2a: Arcanine|Arcanine, M|100/100
|-ability|p2a: Arcanine|Intimidate|boost
|-unboost|p1a: Zapdos|atk|1
|move|p1a: Zapdos|Substitute|p1a: Zapdos
|-start|p1a: Zapdos|Substitute
|-damage|p1a: Zapdos|38/100
|
|-heal|p1a: Zapdos|44/100|[from] item: Leftovers
|upkeep
|turn|41
|
|t:|1728850101
|move|p2a: Arcanine|Extreme Speed|p1a: Zapdos
|-activate|p1a: Zapdos|Substitute|[damage]
|move|p1a: Zapdos|Baton Pass|p1a: Zapdos
|
|t:|1728850105
|switch|p1a: Starmie|Starmie|94/100|[from] Baton Pass
|
|-heal|p1a: Starmie|100/100|[from] item: Leftovers
|upkeep
|turn|42
|
|t:|1728850108
|move|p2a: Arcanine|Extreme Speed|p1a: Starmie
|-end|p1a: Starmie|Substitute
|move|p1a: Starmie|Hydro Pump|p2a: Arcanine
|-supereffective|p2a: Arcanine
|-damage|p2a: Arcanine|1/100
|
|-heal|p2a: Arcanine|7/100|[from] item: Leftovers
|upkeep
|turn|43
|
|t:|1728850111
|move|p2a: Arcanine|Extreme Speed|p1a: Starmie
|-damage|p1a: Starmie|68/100
|move|p1a: Starmie|Thunderbolt|p2a: Arcanine
|-damage|p2a: Arcanine|0 fnt
|faint|p2a: Arcanine
|
|t:|1728850113
|switch|p2a: Dugtrio|Dugtrio, F|100/100
|
|-heal|p1a: Starmie|74/100|[from] item: Leftovers
|upkeep
|turn|44
|
|t:|1728850129
|move|p2a: Dugtrio|Earthquake|p1a: Starmie
|-damage|p1a: Starmie|0 fnt
|faint|p1a: Starmie
|inactive|Sorenz has 270 seconds left.
|
|t:|1728850166
|switch|p1a: Gengar|Gengar, M|100/100
|
|upkeep
|turn|45
|
|t:|1728850171
|switch|p2a: Zapdos|Zapdos|20/100 frz
|move|p1a: Gengar|Thunderbolt|p2a: Zapdos
|-damage|p2a: Zapdos|0 fnt
|faint|p2a: Zapdos
|
|t:|1728850183
|switch|p2a: Claydol|Claydol|100/100
|
|upkeep
|turn|46
|inactive|Sorenz has 270 seconds left.
|
|t:|1728850205
|move|p1a: Gengar|Ice Punch|p2a: Claydol
|-supereffective|p2a: Claydol
|-damage|p2a: Claydol|55/100
|move|p2a: Claydol|Psychic|p1a: Gengar
|-supereffective|p1a: Gengar
|-damage|p1a: Gengar|24/100
|
|-heal|p1a: Gengar|30/100|[from] item: Leftovers
|-heal|p2a: Claydol|61/100|[from] item: Leftovers
|upkeep
|turn|47
|
|t:|1728850211
|move|p1a: Gengar|Ice Punch|p2a: Claydol
|-supereffective|p2a: Claydol
|-damage|p2a: Claydol|19/100
|-status|p2a: Claydol|frz
|cant|p2a: Claydol|frz
|
|-heal|p1a: Gengar|36/100|[from] item: Leftovers
|-heal|p2a: Claydol|25/100 frz|[from] item: Leftovers
|upkeep
|turn|48
|
|t:|1728850214
|switch|p2a: Armaldo|Armaldo, F|100/100
|move|p1a: Gengar|Ice Punch|p2a: Armaldo
|-damage|p2a: Armaldo|81/100
|
|-heal|p1a: Gengar|42/100|[from] item: Leftovers
|-heal|p2a: Armaldo|87/100|[from] item: Leftovers
|upkeep
|turn|49
|c|☆Voyager|come on man
|inactive|Sorenz has 270 seconds left.
|c|☆Sorenz|double freeze is rough srry
|
|t:|1728850258
|switch|p1a: Swampert|Swampert, F|57/100 tox
|move|p2a: Armaldo|Rock Slide|p1a: Swampert
|-resisted|p1a: Swampert
|-damage|p1a: Swampert|46/100 tox
|
|-heal|p2a: Armaldo|93/100|[from] item: Leftovers
|-heal|p1a: Swampert|52/100 tox|[from] item: Leftovers
|-damage|p1a: Swampert|46/100 tox|[from] psn
|upkeep
|turn|50
|
|t:|1728850270
|switch|p2a: Claydol|Claydol|25/100 frz
|move|p1a: Swampert|Surf|p2a: Claydol
|-supereffective|p2a: Claydol
|-damage|p2a: Claydol|0 fnt
|faint|p2a: Claydol
|
|t:|1728850273
|switch|p2a: Jirachi|Jirachi|35/100
|
|-heal|p2a: Jirachi|41/100|[from] item: Leftovers
|-heal|p1a: Swampert|52/100 tox|[from] item: Leftovers
|-damage|p1a: Swampert|39/100 tox|[from] psn
|upkeep
|turn|51
|
|t:|1728850279
|switch|p1a: Dugma|Dugtrio, M|10/100 tox
|move|p2a: Jirachi|Protect||[still]
|-fail|p2a: Jirachi
|
|-damage|p1a: Dugma|4/100 tox|[from] psn
|-heal|p2a: Jirachi|47/100|[from] item: Leftovers
|upkeep
|turn|52
|
|t:|1728850282
|move|p2a: Jirachi|Protect|p2a: Jirachi
|-singleturn|p2a: Jirachi|Protect
|move|p1a: Dugma|Earthquake|p2a: Jirachi
|-activate|p2a: Jirachi|Protect
|
|-damage|p1a: Dugma|0 fnt|[from] psn
|faint|p1a: Dugma
|-heal|p2a: Jirachi|53/100|[from] item: Leftovers
|upkeep
|inactive|Sorenz has 270 seconds left.
|inactive|Sorenz has 240 seconds left.
|
|t:|1728850336
|switch|p1a: Swampert|Swampert, F|39/100 tox
|turn|53
|
|t:|1728850359
|move|p2a: Jirachi|Wish|p2a: Jirachi
|move|p1a: Swampert|Earthquake|p2a: Jirachi
|-supereffective|p2a: Jirachi
|-damage|p2a: Jirachi|1/100
|
|-heal|p2a: Jirachi|7/100|[from] item: Leftovers
|-heal|p1a: Swampert|46/100 tox|[from] item: Leftovers
|-damage|p1a: Swampert|39/100 tox|[from] psn
|upkeep
|turn|54
|inactive|Sorenz has 240 seconds left.
|
|t:|1728850372
|move|p2a: Jirachi|Protect|p2a: Jirachi
|-singleturn|p2a: Jirachi|Protect
|move|p1a: Swampert|Surf|p2a: Jirachi
|-activate|p2a: Jirachi|Protect
|
|-heal|p2a: Jirachi|57/100|[from] move: Wish|[wisher] Jirachi
|-heal|p2a: Jirachi|63/100|[from] item: Leftovers
|-heal|p1a: Swampert|46/100 tox|[from] item: Leftovers
|-damage|p1a: Swampert|33/100 tox|[from] psn
|upkeep
|turn|55
|inactive|Sorenz has 240 seconds left.
|
|t:|1728850403
|move|p2a: Jirachi|Wish|p2a: Jirachi
|move|p1a: Swampert|Earthquake|p2a: Jirachi
|-supereffective|p2a: Jirachi
|-damage|p2a: Jirachi|11/100
|
|-heal|p2a: Jirachi|18/100|[from] item: Leftovers
|-heal|p1a: Swampert|39/100 tox|[from] item: Leftovers
|-damage|p1a: Swampert|21/100 tox|[from] psn
|upkeep
|turn|56
|
|t:|1728850411
|switch|p1a: Zapdos|Zapdos|44/100
|move|p2a: Jirachi|Protect||[still]
|-fail|p2a: Jirachi
|
|-heal|p2a: Jirachi|68/100|[from] move: Wish|[wisher] Jirachi
|-heal|p1a: Zapdos|50/100|[from] item: Leftovers
|-heal|p2a: Jirachi|74/100|[from] item: Leftovers
|upkeep
|turn|57
|
|t:|1728850416
|move|p1a: Zapdos|Substitute|p1a: Zapdos
|-start|p1a: Zapdos|Substitute
|-damage|p1a: Zapdos|25/100
|move|p2a: Jirachi|Wish|p2a: Jirachi
|
|-heal|p1a: Zapdos|32/100|[from] item: Leftovers
|-heal|p2a: Jirachi|80/100|[from] item: Leftovers
|upkeep
|turn|58
|
|t:|1728850422
|move|p1a: Zapdos|Thunderbolt|p2a: Jirachi
|-damage|p2a: Jirachi|46/100
|move|p2a: Jirachi|Fire Punch|p1a: Zapdos
|-activate|p1a: Zapdos|Substitute|[damage]
|
|-heal|p2a: Jirachi|96/100|[from] move: Wish|[wisher] Jirachi
|-heal|p1a: Zapdos|38/100|[from] item: Leftovers
|-heal|p2a: Jirachi|100/100|[from] item: Leftovers
|upkeep
|turn|59
|
|t:|1728850425
|move|p1a: Zapdos|Thunderbolt|p2a: Jirachi
|-damage|p2a: Jirachi|67/100
|move|p2a: Jirachi|Fire Punch|p1a: Zapdos
|-crit|p1a: Zapdos
|-end|p1a: Zapdos|Substitute
|
|-heal|p1a: Zapdos|44/100|[from] item: Leftovers
|-heal|p2a: Jirachi|73/100|[from] item: Leftovers
|upkeep
|turn|60
|
|t:|1728850429
|switch|p2a: Armaldo|Armaldo, F|93/100
|move|p1a: Zapdos|Substitute|p1a: Zapdos
|-start|p1a: Zapdos|Substitute
|-damage|p1a: Zapdos|19/100
|
|-heal|p1a: Zapdos|25/100|[from] item: Leftovers
|-heal|p2a: Armaldo|99/100|[from] item: Leftovers
|upkeep
|turn|61
|
|t:|1728850433
|move|p1a: Zapdos|Baton Pass|p1a: Zapdos
|
|t:|1728850441
|switch|p1a: Swampert|Swampert, F|21/100 tox|[from] Baton Pass
|move|p2a: Armaldo|Rock Slide|p1a: Swampert|[miss]
|-miss|p2a: Armaldo|p1a: Swampert
|
|-heal|p2a: Armaldo|100/100|[from] item: Leftovers
|-heal|p1a: Swampert|27/100 tox|[from] item: Leftovers
|-damage|p1a: Swampert|21/100 tox|[from] psn
|upkeep
|turn|62
|
|t:|1728850446
|switch|p2a: Jirachi|Jirachi|73/100
|move|p1a: Swampert|Surf|p2a: Jirachi
|-damage|p2a: Jirachi|38/100
|
|-heal|p2a: Jirachi|44/100|[from] item: Leftovers
|-heal|p1a: Swampert|27/100 tox|[from] item: Leftovers
|-damage|p1a: Swampert|15/100 tox|[from] psn
|upkeep
|turn|63
|
|t:|1728850454
|switch|p1a: Celebi|Celebi|100/100
|move|p2a: Jirachi|Protect||[still]
|-fail|p2a: Jirachi
|
|-heal|p2a: Jirachi|50/100|[from] item: Leftovers
|upkeep
|turn|64
|
|t:|1728850456
|switch|p2a: Armaldo|Armaldo, F|100/100
|move|p1a: Celebi|Calm Mind|p1a: Celebi
|-boost|p1a: Celebi|spa|1
|-boost|p1a: Celebi|spd|1
|
|upkeep
|turn|65
|
|t:|1728850471
|move|p1a: Celebi|Psychic|p2a: Armaldo
|-damage|p2a: Armaldo|43/100
|move|p2a: Armaldo|Hidden Power|p1a: Celebi
|-supereffective|p1a: Celebi
|-damage|p1a: Celebi|0 fnt
|faint|p1a: Celebi
|inactive|Sorenz has 270 seconds left.
|
|t:|1728850494
|switch|p1a: Zapdos|Zapdos|25/100
|
|-heal|p1a: Zapdos|32/100|[from] item: Leftovers
|-heal|p2a: Armaldo|49/100|[from] item: Leftovers
|upkeep
|turn|66
|
|t:|1728850497
|move|p1a: Zapdos|Thunderbolt|p2a: Armaldo
|-damage|p2a: Armaldo|13/100
|move|p2a: Armaldo|Rock Slide|p1a: Zapdos
|-supereffective|p1a: Zapdos
|-damage|p1a: Zapdos|0 fnt
|faint|p1a: Zapdos
|
|t:|1728850504
|switch|p1a: Gengar|Gengar, M|42/100
|
|-heal|p1a: Gengar|48/100|[from] item: Leftovers
|-heal|p2a: Armaldo|19/100|[from] item: Leftovers
|upkeep
|turn|67
|
|t:|1728850506
|move|p1a: Gengar|Thunderbolt|p2a: Armaldo
|-damage|p2a: Armaldo|0 fnt
|faint|p2a: Armaldo
|
|t:|1728850509
|switch|p2a: Dugtrio|Dugtrio, F|100/100
|
|-heal|p1a: Gengar|54/100|[from] item: Leftovers
|upkeep
|turn|68
|
|t:|1728850511
|move|p2a: Dugtrio|Rock Slide|p1a: Gengar
|-damage|p1a: Gengar|12/100
|move|p1a: Gengar|Ice Punch|p2a: Dugtrio
|-supereffective|p2a: Dugtrio
|-damage|p2a: Dugtrio|0 fnt
|faint|p2a: Dugtrio
|
|t:|1728850514
|switch|p2a: Jirachi|Jirachi|50/100
|
|-heal|p1a: Gengar|17/100|[from] item: Leftovers
|-heal|p2a: Jirachi|57/100|[from] item: Leftovers
|upkeep
|turn|69
|
|t:|1728850516
|move|p2a: Jirachi|Protect|p2a: Jirachi
|-singleturn|p2a: Jirachi|Protect
|move|p1a: Gengar|Hypnosis|p2a: Jirachi
|-activate|p2a: Jirachi|Protect
|
|-heal|p1a: Gengar|23/100|[from] item: Leftovers
|-heal|p2a: Jirachi|63/100|[from] item: Leftovers
|upkeep
|turn|70
|
|t:|1728850518
|move|p1a: Gengar|Hypnosis|p2a: Jirachi|[miss]
|-miss|p1a: Gengar|p2a: Jirachi
|move|p2a: Jirachi|Fire Punch|p1a: Gengar
|-damage|p1a: Gengar|0 fnt
|faint|p1a: Gengar
|
|t:|1728850520
|switch|p1a: Swampert|Swampert, F|15/100 tox
|
|-heal|p2a: Jirachi|69/100|[from] item: Leftovers
|-heal|p1a: Swampert|21/100 tox|[from] item: Leftovers
|-damage|p1a: Swampert|15/100 tox|[from] psn
|upkeep
|turn|71
|
|t:|1728850522
|move|p2a: Jirachi|Protect|p2a: Jirachi
|-singleturn|p2a: Jirachi|Protect
|move|p1a: Swampert|Earthquake|p2a: Jirachi
|-activate|p2a: Jirachi|Protect
|
|-heal|p2a: Jirachi|75/100|[from] item: Leftovers
|-heal|p1a: Swampert|21/100 tox|[from] item: Leftovers
|-damage|p1a: Swampert|8/100 tox|[from] psn
|upkeep
|turn|72
|
|t:|1728850525
|move|p2a: Jirachi|Fire Punch|p1a: Swampert
|-resisted|p1a: Swampert
|-damage|p1a: Swampert|1/100 tox
|move|p1a: Swampert|Earthquake|p2a: Jirachi
|-supereffective|p2a: Jirachi
|-damage|p2a: Jirachi|28/100
|
|-heal|p2a: Jirachi|34/100|[from] item: Leftovers
|-heal|p1a: Swampert|7/100 tox|[from] item: Leftovers
|-damage|p1a: Swampert|0 fnt|[from] psn
|faint|p1a: Swampert
|
|win|Voyager
|upkeep
|c|☆Sorenz|gg
|c|☆Voyager|gg
|c|☆Sorenz|chal when ready for g2
|c|☆Sorenz|brb real fast
|player|p1|

</script>
<script type="application/json" class="data" id="replaydata-smogtours-gen3ou-798347">
{"id":"smogtours-gen3ou-798347","format":"[Gen 3] OU","players":["Sorenz","Voyager"],"uploadtime":1728850525,"views":177,"formatid":"gen3ou","rating":null,"private":0,"password":null}
</script>

<script defer src="js/replays.js?9d40a366"></script>
