<!DOCTYPE html>
<meta charset="utf-8" />
<meta name="viewport" content="width=device-width" />

<title>[Gen 3] OU: azepto vs. moistmania - Replays - Pok&eacute;mon Showdown!</title>

<meta name="description" content="Watch a replay of a Pok&eacute;mon battle between azepto and moistmania! Format: [Gen 3] OU; Date: Oct 29, 2024" />
<!--

Hey, you! Looking in the source for the replay log?

You can find them in JSON format, just add `.json` at the end of a replay URL.

https://replay.pokemonshowdown.com/gen7randomdoublesbattle-865046831.json

Or, if you only need the log itself, add `.log` instead:

https://replay.pokemonshowdown.com/gen7randomdoublesbattle-865046831.log

-->

<link rel="stylesheet" href="//pokemonshowdown.com/style/global.css?0.023195364461161105" />
<link rel="stylesheet" href="//play.pokemonshowdown.com/style/font-awesome.css?0.13261647063804238" />
<link rel="stylesheet" href="//play.pokemonshowdown.com/style/battle.css?0.8753245789963631" />
<link rel="stylesheet" href="//play.pokemonshowdown.com/style/utilichart.css?0.8627959624976733" />

<!-- Global site tag (gtag.js) - Google Analytics -->
<script async src="https://www.googletagmanager.com/gtag/js?id=UA-26211653-1"></script>
<script>
  window.dataLayer = window.dataLayer || [];
  function gtag(){dataLayer.push(arguments);}
  gtag('js', new Date());

  gtag('config', 'UA-26211653-1');
</script>
<!-- End Google Analytics -->
<!-- Venatus Ad Manager - Install in <HEAD> of page -->
	<script src="https://hb.vntsm.com/v3/live/ad-manager.min.js" type="text/javascript" data-site-id="642aba63ec9a7b11c3c9c1be" data-mode="scan" async></script>
<!-- / Venatus Ad Manager -->

<style>
	@media (max-width:820px) {
		.battle {
			margin: 0 auto;
		}
		.battle-log {
			margin: 7px auto 0;
			max-width: 640px;
			height: 300px;
			position: static;
		}
	}
	.optgroup {
		display: inline-block;
		line-height: 22px;
		font-size: 10pt;
	}
	.optgroup .button {
		height: 25px;
		padding-top: 0;
		padding-bottom: 0;
	}
	.optgroup button.button {
		padding-left: 12px;
		padding-right: 12px;
	}
	.linklist {
		list-style: none;
		margin: 0.5em 0;
		padding: 0;
	}
	.linklist li {
		padding: 2px 0;
	}
	.sidebar {
		float: left;
		width: 320px;
	}
	.bar-wrapper {
		max-width: 1100px;
		margin: 0 auto;
	}
	.bar-wrapper.has-sidebar {
		max-width: 1430px;
	}
	.mainbar {
		margin: 0;
		padding-right: 1px;
	}
	.mainbar.has-sidebar {
		margin-left: 330px;
	}
	@media (min-width: 1511px) {
		.sidebar {
			width: 400px;
		}
		.bar-wrapper.has-sidebar {
			max-width: 1510px;
		}
		.mainbar.has-sidebar {
			margin-left: 410px;
		}
	}
	.section.first-section {
		margin-top: 9px;
	}
	.blocklink small {
		white-space: normal;
	}
	.button {
		vertical-align: middle;
	}
	.replay-controls {
		padding-top: 10px;
	}
	.replay-controls h1 {
		font-size: 16pt;
		font-weight: normal;
		color: #CCC;
	}
	.pagelink {
		text-align: center;
	}
	.pagelink a {
		width: 150px;
	}
	.textbox, .button {
		font-size: 11pt;
		vertical-align: middle;
	}
	@media (max-width: 450px) {
		.button {
			font-size: 9pt;
		}
	}
</style>

<div>

	<header>
		<div class="nav-wrapper"><ul class="nav">
			<li><a class="button nav-first" href="//pokemonshowdown.com/"><img src="//pokemonshowdown.com/images/pokemonshowdownbeta.png" srcset="//pokemonshowdown.com/images/pokemonshowdownbeta.png 1x, //pokemonshowdown.com/images/pokemonshowdownbeta@2x.png 2x" alt="Pok&eacute;mon Showdown" width="146" height="44" /> Home</a></li>
			<li><a class="button" href="//pokemonshowdown.com/dex/">Pok&eacute;dex</a></li>
			<li><a class="button cur" href="/">Replays</a></li>
			<li><a class="button" href="//pokemonshowdown.com/ladder/">Ladder</a></li>
			<li><a class="button nav-last" href="//pokemonshowdown.com/forums/">Forum</a></li>
			<li><a class="button greenbutton nav-first nav-last" href="//play.pokemonshowdown.com/">Play</a></li>
		</ul></div>
	</header>

	<div class="main" id="main">

		<noscript><section class="section">You need to enable JavaScript to use this page; sorry!</section></noscript>

	</div>

</div>

<script defer nomodule src="//play.pokemonshowdown.com/js/lib/ps-polyfill.js"></script>
<script defer src="//play.pokemonshowdown.com/js/lib/preact.min.js"></script>

<script defer src="//play.pokemonshowdown.com/config/config.js?2bddbc15"></script>
<script defer src="//play.pokemonshowdown.com/js/lib/jquery-1.11.0.min.js"></script>
<script defer src="//play.pokemonshowdown.com/js/lib/html-sanitizer-minified.js"></script>
<script defer src="//play.pokemonshowdown.com/js/battle-sound.js"></script>
<script defer src="//play.pokemonshowdown.com/js/battledata.js?0.7209276989879541"></script>
<script defer src="//play.pokemonshowdown.com/data/pokedex-mini.js?0.6111056340867951"></script>
<script defer src="//play.pokemonshowdown.com/data/pokedex-mini-bw.js?0.3532142036491459"></script>
<script defer src="//play.pokemonshowdown.com/data/graphics.js?0.24223875632456182"></script>
<script defer src="//play.pokemonshowdown.com/data/pokedex.js?0.38839984266356864"></script>
<script defer src="//play.pokemonshowdown.com/data/moves.js?0.21866028504024015"></script>
<script defer src="//play.pokemonshowdown.com/data/abilities.js?0.2005157953846628"></script>
<script defer src="//play.pokemonshowdown.com/data/items.js?0.9894211263848525"></script>
<script defer src="//play.pokemonshowdown.com/data/teambuilder-tables.js?0.6008791140282215"></script>
<script defer src="//play.pokemonshowdown.com/js/battle-tooltips.js?0.7580118955022959"></script>
<script defer src="//play.pokemonshowdown.com/js/battle.js?0.6057722274234274"></script>

<script defer src="js/utils.js?e31f9a17"></script>
<script defer src="js/replays-battle.js?7008c182"></script>

<!-- don't scrape this data! just add .json or .log after the URL!
Full API docs: https://github.com/smogon/pokemon-showdown-client/blob/master/WEB-API.md -->
<script type="text/plain" class="log" id="replaylog-smogtours-gen3ou-803218">
|inactive|Battle timer is ON: inactive players will automatically lose when time's up.
|t:|1730167381
|gametype|singles
|player|p1|azepto|officeworker|
|player|p2|moistmania|backersf|
|teamsize|p1|6
|teamsize|p2|6
|gen|3
|tier|[Gen 3] OU
|rule|Sleep Clause Mod: Limit one foe put to sleep
|rule|Switch Priority Clause Mod: Faster Pokémon switch first
|rule|Species Clause: Limit one of each Pokémon
|rule|OHKO Clause: OHKO moves are banned
|rule|Evasion Items Clause: Evasion items are banned
|rule|Evasion Moves Clause: Evasion moves are banned
|rule|Endless Battle Clause: Forcing endless battles is banned
|rule|HP Percentage Mod: HP is shown in percentages
|rule|One Boost Passer Clause: Limit one Baton Passer that has a way to boost its stats
|rule|Freeze Clause Mod: Limit one foe frozen
|
|t:|1730167381
|start
|switch|p1a: Forretress|Forretress, M|100/100
|switch|p2a: Tyranitar|Tyranitar, M|100/100
|-weather|Sandstorm|[from] ability: Sand Stream|[of] p2a: Tyranitar
|turn|1
|c|☆moistmania|glhf
|c|☆azepto|glhf
|inactive|moistmania has 270 seconds left.
|
|t:|1730167421
|switch|p2a: Forretress|Forretress, M|100/100
|switch|p1a: Suicune|Suicune|100/100
|
|-weather|Sandstorm|[upkeep]
|-damage|p1a: Suicune|94/100|[from] Sandstorm
|-heal|p1a: Suicune|100/100|[from] item: Leftovers
|upkeep
|turn|2
|inactive|azepto has 270 seconds left.
|
|t:|1730167457
|switch|p2a: Blissey|Blissey, F|100/100
|move|p1a: Suicune|Calm Mind|p1a: Suicune
|-boost|p1a: Suicune|spa|1
|-boost|p1a: Suicune|spd|1
|
|-weather|Sandstorm|[upkeep]
|-damage|p1a: Suicune|94/100|[from] Sandstorm
|-damage|p2a: Blissey|94/100|[from] Sandstorm
|-heal|p1a: Suicune|100/100|[from] item: Leftovers
|-heal|p2a: Blissey|100/100|[from] item: Leftovers
|upkeep
|turn|3
|inactive|azepto has 270 seconds left.
|
|t:|1730167466
|move|p1a: Suicune|Calm Mind|p1a: Suicune
|-boost|p1a: Suicune|spa|1
|-boost|p1a: Suicune|spd|1
|move|p2a: Blissey|Thunderbolt|p1a: Suicune
|-supereffective|p1a: Suicune
|-crit|p1a: Suicune
|-damage|p1a: Suicune|23/100
|
|-weather|Sandstorm|[upkeep]
|-damage|p1a: Suicune|17/100|[from] Sandstorm
|-damage|p2a: Blissey|94/100|[from] Sandstorm
|-heal|p1a: Suicune|23/100|[from] item: Leftovers
|-heal|p2a: Blissey|100/100|[from] item: Leftovers
|upkeep
|turn|4
|inactive|azepto has 270 seconds left.
|c|☆moistmania|my b
|
|t:|1730167484
|move|p1a: Suicune|Rest|p1a: Suicune
|-status|p1a: Suicune|slp|[from] move: Rest
|-heal|p1a: Suicune|100/100 slp|[silent]
|move|p2a: Blissey|Thunderbolt|p1a: Suicune
|-supereffective|p1a: Suicune
|-crit|p1a: Suicune
|-damage|p1a: Suicune|27/100 slp
|
|-weather|Sandstorm|[upkeep]
|-damage|p1a: Suicune|21/100 slp|[from] Sandstorm
|-damage|p2a: Blissey|94/100|[from] Sandstorm
|-heal|p1a: Suicune|27/100 slp|[from] item: Leftovers
|-heal|p2a: Blissey|100/100|[from] item: Leftovers
|upkeep
|turn|5
|inactive|azepto has 270 seconds left.
|c|☆azepto|uh oh
|c|☆moistmania|double my b
|
|t:|1730167498
|switch|p1a: Snorlax|Snorlax, M|100/100
|move|p2a: Blissey|Thunderbolt|p1a: Snorlax
|-damage|p1a: Snorlax|87/100
|
|-weather|Sandstorm|[upkeep]
|-damage|p2a: Blissey|94/100|[from] Sandstorm
|-damage|p1a: Snorlax|81/100|[from] Sandstorm
|-heal|p2a: Blissey|100/100|[from] item: Leftovers
|-heal|p1a: Snorlax|87/100|[from] item: Leftovers
|upkeep
|turn|6
|inactive|azepto has 270 seconds left.
|
|t:|1730167520
|switch|p2a: Forretress|Forretress, M|100/100
|move|p1a: Snorlax|Body Slam|p2a: Forretress
|-resisted|p2a: Forretress
|-damage|p2a: Forretress|89/100
|
|-weather|Sandstorm|[upkeep]
|-damage|p1a: Snorlax|81/100|[from] Sandstorm
|-heal|p2a: Forretress|95/100|[from] item: Leftovers
|-heal|p1a: Snorlax|87/100|[from] item: Leftovers
|upkeep
|turn|7
|inactive|azepto has 240 seconds left.
|
|t:|1730167574
|switch|p1a: Forretress|Forretress, M|100/100
|move|p2a: Forretress|Spikes|p1a: Forretress
|-sidestart|p1: azepto|Spikes
|
|-weather|Sandstorm|[upkeep]
|-heal|p2a: Forretress|100/100|[from] item: Leftovers
|upkeep
|turn|8
|inactive|moistmania has 270 seconds left.
|
|t:|1730167612
|switch|p2a: Gengar|Gengar, F|100/100
|move|p1a: Forretress|Spikes|p2a: Gengar
|-sidestart|p2: moistmania|Spikes
|
|-weather|Sandstorm|[upkeep]
|-damage|p2a: Gengar|94/100|[from] Sandstorm
|-heal|p2a: Gengar|100/100|[from] item: Leftovers
|upkeep
|turn|9
|inactive|moistmania has 270 seconds left.
|inactive|azepto has 210 seconds left.
|inactive|moistmania has 240 seconds left.
|
|t:|1730167667
|switch|p2a: Blissey|Blissey, F|100/100
|-damage|p2a: Blissey|88/100|[from] Spikes
|switch|p1a: Zapdos|Zapdos|100/100
|
|-weather|Sandstorm|[upkeep]
|-damage|p1a: Zapdos|94/100|[from] Sandstorm
|-damage|p2a: Blissey|82/100|[from] Sandstorm
|-heal|p1a: Zapdos|100/100|[from] item: Leftovers
|-heal|p2a: Blissey|88/100|[from] item: Leftovers
|upkeep
|turn|10
|
|t:|1730167675
|move|p1a: Zapdos|Toxic|p2a: Blissey
|-status|p2a: Blissey|tox
|move|p2a: Blissey|Ice Beam|p1a: Zapdos
|-supereffective|p1a: Zapdos
|-damage|p1a: Zapdos|66/100
|
|-weather|Sandstorm|[upkeep]
|-damage|p1a: Zapdos|60/100|[from] Sandstorm
|-damage|p2a: Blissey|82/100 tox|[from] Sandstorm
|-heal|p1a: Zapdos|66/100|[from] item: Leftovers
|-heal|p2a: Blissey|88/100 tox|[from] item: Leftovers
|-damage|p2a: Blissey|82/100 tox|[from] psn
|upkeep
|turn|11
|inactive|azepto has 210 seconds left.
|inactive|azepto has 180 seconds left.
|inactive|moistmania has 210 seconds left.
|
|t:|1730167732
|switch|p1a: Snorlax|Snorlax, M|87/100
|-damage|p1a: Snorlax|74/100|[from] Spikes
|move|p2a: Blissey|Ice Beam|p1a: Snorlax
|-damage|p1a: Snorlax|61/100
|
|-weather|Sandstorm|[upkeep]
|-damage|p2a: Blissey|76/100 tox|[from] Sandstorm
|-damage|p1a: Snorlax|55/100|[from] Sandstorm
|-heal|p2a: Blissey|82/100 tox|[from] item: Leftovers
|-damage|p2a: Blissey|70/100 tox|[from] psn
|-heal|p1a: Snorlax|61/100|[from] item: Leftovers
|upkeep
|turn|12
|inactive|moistmania has 210 seconds left.
|
|t:|1730167758
|-curestatus|p2a: Blissey|tox|[from] ability: Natural Cure
|switch|p2a: Forretress|Forretress, M|100/100
|-damage|p2a: Forretress|88/100|[from] Spikes
|move|p1a: Snorlax|Curse|p1a: Snorlax
|-unboost|p1a: Snorlax|spe|1
|-boost|p1a: Snorlax|atk|1
|-boost|p1a: Snorlax|def|1
|
|-weather|Sandstorm|[upkeep]
|-damage|p1a: Snorlax|55/100|[from] Sandstorm
|-heal|p2a: Forretress|94/100|[from] item: Leftovers
|-heal|p1a: Snorlax|61/100|[from] item: Leftovers
|upkeep
|turn|13
|
|t:|1730167772
|move|p2a: Forretress|Spikes|p1a: Snorlax
|-sidestart|p1: azepto|Spikes
|move|p1a: Snorlax|Body Slam|p2a: Forretress
|-resisted|p2a: Forretress
|-damage|p2a: Forretress|77/100
|
|-weather|Sandstorm|[upkeep]
|-damage|p1a: Snorlax|55/100|[from] Sandstorm
|-heal|p2a: Forretress|84/100|[from] item: Leftovers
|-heal|p1a: Snorlax|61/100|[from] item: Leftovers
|upkeep
|turn|14
|
|t:|1730167778
|move|p2a: Forretress|Spikes|p1a: Snorlax
|-sidestart|p1: azepto|Spikes
|move|p1a: Snorlax|Curse|p1a: Snorlax
|-unboost|p1a: Snorlax|spe|1
|-boost|p1a: Snorlax|atk|1
|-boost|p1a: Snorlax|def|1
|
|-weather|Sandstorm|[upkeep]
|-damage|p1a: Snorlax|55/100|[from] Sandstorm
|-heal|p2a: Forretress|90/100|[from] item: Leftovers
|-heal|p1a: Snorlax|61/100|[from] item: Leftovers
|upkeep
|turn|15
|inactive|moistmania has 210 seconds left.
|inactive|azepto has 180 seconds left.
|
|t:|1730167810
|move|p2a: Forretress|Explosion|p1a: Snorlax
|-damage|p1a: Snorlax|9/100
|faint|p2a: Forretress
|inactive|moistmania has 180 seconds left.
|
|t:|1730167849
|switch|p2a: Starmie|Starmie|100/100
|-damage|p2a: Starmie|88/100|[from] Spikes
|
|-weather|Sandstorm|[upkeep]
|-damage|p2a: Starmie|82/100|[from] Sandstorm
|-damage|p1a: Snorlax|3/100|[from] Sandstorm
|-heal|p2a: Starmie|88/100|[from] item: Leftovers
|-heal|p1a: Snorlax|9/100|[from] item: Leftovers
|upkeep
|turn|16
|
|t:|1730167857
|move|p2a: Starmie|Ice Beam|p1a: Snorlax
|-damage|p1a: Snorlax|0 fnt
|faint|p1a: Snorlax
|inactive|azepto has 180 seconds left.
|
|t:|1730167881
|switch|p1a: Zapdos|Zapdos|66/100
|
|-weather|Sandstorm|[upkeep]
|-damage|p2a: Starmie|82/100|[from] Sandstorm
|-damage|p1a: Zapdos|60/100|[from] Sandstorm
|-heal|p2a: Starmie|88/100|[from] item: Leftovers
|-heal|p1a: Zapdos|66/100|[from] item: Leftovers
|upkeep
|turn|17
|inactive|moistmania has 180 seconds left.
|
|t:|1730167893
|switch|p2a: Blissey|Blissey, F|70/100
|-damage|p2a: Blissey|57/100|[from] Spikes
|move|p1a: Zapdos|Thunderbolt|p2a: Blissey
|-damage|p2a: Blissey|42/100
|
|-weather|Sandstorm|[upkeep]
|-damage|p1a: Zapdos|60/100|[from] Sandstorm
|-damage|p2a: Blissey|35/100|[from] Sandstorm
|-heal|p1a: Zapdos|66/100|[from] item: Leftovers
|-heal|p2a: Blissey|42/100|[from] item: Leftovers
|upkeep
|turn|18
|inactive|azepto has 180 seconds left.
|
|t:|1730167922
|move|p1a: Zapdos|Toxic|p2a: Blissey
|-status|p2a: Blissey|tox
|move|p2a: Blissey|Soft-Boiled|p2a: Blissey
|-heal|p2a: Blissey|91/100 tox
|
|-weather|Sandstorm|[upkeep]
|-damage|p1a: Zapdos|60/100|[from] Sandstorm
|-damage|p2a: Blissey|85/100 tox|[from] Sandstorm
|-heal|p1a: Zapdos|66/100|[from] item: Leftovers
|-heal|p2a: Blissey|91/100 tox|[from] item: Leftovers
|-damage|p2a: Blissey|85/100 tox|[from] psn
|upkeep
|turn|19
|inactive|azepto has 150 seconds left.
|
|t:|1730167953
|move|p1a: Zapdos|Rest|p1a: Zapdos
|-status|p1a: Zapdos|slp|[from] move: Rest
|-heal|p1a: Zapdos|100/100 slp|[silent]
|move|p2a: Blissey|Ice Beam|p1a: Zapdos
|-supereffective|p1a: Zapdos
|-damage|p1a: Zapdos|66/100 slp
|
|-weather|Sandstorm|[upkeep]
|-damage|p1a: Zapdos|60/100 slp|[from] Sandstorm
|-damage|p2a: Blissey|79/100 tox|[from] Sandstorm
|-heal|p1a: Zapdos|66/100 slp|[from] item: Leftovers
|-heal|p2a: Blissey|85/100 tox|[from] item: Leftovers
|-damage|p2a: Blissey|73/100 tox|[from] psn
|upkeep
|turn|20
|inactive|azepto has 150 seconds left.
|inactive|moistmania has 180 seconds left.
|
|t:|1730167992
|switch|p1a: Blissey|Blissey, F|100/100
|-damage|p1a: Blissey|76/100|[from] Spikes
|-curestatus|p2a: Blissey|tox|[from] ability: Natural Cure
|switch|p2a: Starmie|Starmie|88/100
|-damage|p2a: Starmie|76/100|[from] Spikes
|
|-weather|Sandstorm|[upkeep]
|-damage|p2a: Starmie|70/100|[from] Sandstorm
|-damage|p1a: Blissey|69/100|[from] Sandstorm
|-heal|p2a: Starmie|76/100|[from] item: Leftovers
|-heal|p1a: Blissey|76/100|[from] item: Leftovers
|upkeep
|turn|21
|inactive|azepto has 150 seconds left.
|
|t:|1730168004
|switch|p2a: Tyranitar|Tyranitar, M|100/100
|-damage|p2a: Tyranitar|88/100|[from] Spikes
|move|p1a: Blissey|Aromatherapy|p1a: Blissey
|-cureteam|p1a: Blissey|[from] move: Aromatherapy
|
|-weather|Sandstorm|[upkeep]
|-damage|p1a: Blissey|69/100|[from] Sandstorm
|-heal|p1a: Blissey|76/100|[from] item: Leftovers
|upkeep
|turn|22
|inactive|azepto has 150 seconds left.
|inactive|azepto has 120 seconds left.
|inactive|moistmania has 150 seconds left.
|inactive|azepto has 90 seconds left.
|inactive|moistmania has 120 seconds left.
|
|t:|1730168085
|switch|p1a: Forretress|Forretress, M|100/100
|-damage|p1a: Forretress|76/100|[from] Spikes
|move|p2a: Tyranitar|Rock Slide|p1a: Forretress
|-damage|p1a: Forretress|45/100
|
|-weather|Sandstorm|[upkeep]
|-heal|p1a: Forretress|52/100|[from] item: Leftovers
|upkeep
|turn|23
|
|t:|1730168098
|switch|p2a: Gengar|Gengar, F|100/100
|switch|p1a: Zapdos|Zapdos|66/100
|
|-weather|Sandstorm|[upkeep]
|-damage|p2a: Gengar|94/100|[from] Sandstorm
|-damage|p1a: Zapdos|60/100|[from] Sandstorm
|-heal|p2a: Gengar|100/100|[from] item: Leftovers
|-heal|p1a: Zapdos|66/100|[from] item: Leftovers
|upkeep
|turn|24
|inactive|moistmania has 120 seconds left.
|
|t:|1730168117
|switch|p2a: Blissey|Blissey, F|73/100
|-damage|p2a: Blissey|61/100|[from] Spikes
|move|p1a: Zapdos|Thunderbolt|p2a: Blissey
|-damage|p2a: Blissey|44/100
|
|-weather|Sandstorm|[upkeep]
|-damage|p1a: Zapdos|60/100|[from] Sandstorm
|-damage|p2a: Blissey|38/100|[from] Sandstorm
|-heal|p1a: Zapdos|66/100|[from] item: Leftovers
|-heal|p2a: Blissey|44/100|[from] item: Leftovers
|upkeep
|turn|25
|
|t:|1730168124
|move|p1a: Zapdos|Toxic|p2a: Blissey|[miss]
|-miss|p1a: Zapdos|p2a: Blissey
|move|p2a: Blissey|Soft-Boiled|p2a: Blissey
|-heal|p2a: Blissey|94/100
|
|-weather|Sandstorm|[upkeep]
|-damage|p1a: Zapdos|60/100|[from] Sandstorm
|-damage|p2a: Blissey|88/100|[from] Sandstorm
|-heal|p1a: Zapdos|66/100|[from] item: Leftovers
|-heal|p2a: Blissey|94/100|[from] item: Leftovers
|upkeep
|turn|26
|
|t:|1730168126
|move|p1a: Zapdos|Toxic|p2a: Blissey|[miss]
|-miss|p1a: Zapdos|p2a: Blissey
|move|p2a: Blissey|Ice Beam|p1a: Zapdos
|-supereffective|p1a: Zapdos
|-damage|p1a: Zapdos|31/100
|
|-weather|Sandstorm|[upkeep]
|-damage|p1a: Zapdos|25/100|[from] Sandstorm
|-damage|p2a: Blissey|88/100|[from] Sandstorm
|-heal|p1a: Zapdos|31/100|[from] item: Leftovers
|-heal|p2a: Blissey|94/100|[from] item: Leftovers
|upkeep
|turn|27
|
|t:|1730168131
|move|p1a: Zapdos|Rest|p1a: Zapdos
|-status|p1a: Zapdos|slp|[from] move: Rest
|-heal|p1a: Zapdos|100/100 slp|[silent]
|move|p2a: Blissey|Ice Beam|p1a: Zapdos
|-supereffective|p1a: Zapdos
|-damage|p1a: Zapdos|65/100 slp
|
|-weather|Sandstorm|[upkeep]
|-damage|p1a: Zapdos|58/100 slp|[from] Sandstorm
|-damage|p2a: Blissey|88/100|[from] Sandstorm
|-heal|p1a: Zapdos|65/100 slp|[from] item: Leftovers
|-heal|p2a: Blissey|94/100|[from] item: Leftovers
|upkeep
|turn|28
|
|t:|1730168133
|switch|p1a: Blissey|Blissey, F|76/100
|-damage|p1a: Blissey|51/100|[from] Spikes
|move|p2a: Blissey|Ice Beam|p1a: Blissey
|-damage|p1a: Blissey|41/100
|
|-weather|Sandstorm|[upkeep]
|-damage|p2a: Blissey|88/100|[from] Sandstorm
|-damage|p1a: Blissey|35/100|[from] Sandstorm
|-heal|p2a: Blissey|94/100|[from] item: Leftovers
|-heal|p1a: Blissey|41/100|[from] item: Leftovers
|upkeep
|turn|29
|
|t:|1730168146
|switch|p2a: Tyranitar|Tyranitar, M|88/100
|-damage|p2a: Tyranitar|76/100|[from] Spikes
|move|p1a: Blissey|Soft-Boiled|p1a: Blissey
|-heal|p1a: Blissey|91/100
|
|-weather|Sandstorm|[upkeep]
|-damage|p1a: Blissey|85/100|[from] Sandstorm
|-heal|p1a: Blissey|91/100|[from] item: Leftovers
|upkeep
|turn|30
|inactive|azepto has 120 seconds left.
|inactive|moistmania has 150 seconds left.
|
|t:|1730168171
|switch|p1a: Metagross|Metagross|100/100
|-damage|p1a: Metagross|75/100|[from] Spikes
|move|p2a: Tyranitar|Dragon Dance|p2a: Tyranitar
|-boost|p2a: Tyranitar|atk|1
|-boost|p2a: Tyranitar|spe|1
|
|-weather|Sandstorm|[upkeep]
|upkeep
|turn|31
|inactive|azepto has 120 seconds left.
|inactive|moistmania has 120 seconds left.
|
|t:|1730168229
|move|p2a: Tyranitar|Earthquake|p1a: Metagross
|-supereffective|p1a: Metagross
|-damage|p1a: Metagross|0 fnt
|faint|p1a: Metagross
|inactive|azepto has 90 seconds left.
|inactive|azepto has 60 seconds left.
|
|t:|1730168280
|switch|p1a: Forretress|Forretress, M|52/100
|-damage|p1a: Forretress|27/100|[from] Spikes
|
|-weather|Sandstorm|[upkeep]
|-heal|p1a: Forretress|33/100|[from] item: Leftovers
|upkeep
|turn|32
|
|t:|1730168296
|move|p2a: Tyranitar|Earthquake|p1a: Forretress
|-damage|p1a: Forretress|0 fnt
|faint|p1a: Forretress
|inactive|azepto has 60 seconds left.
|
|t:|1730168308
|switch|p1a: Blissey|Blissey, F|91/100
|-damage|p1a: Blissey|66/100|[from] Spikes
|
|-weather|Sandstorm|[upkeep]
|-damage|p1a: Blissey|60/100|[from] Sandstorm
|-heal|p1a: Blissey|66/100|[from] item: Leftovers
|upkeep
|turn|33
|
|t:|1730168313
|move|p2a: Tyranitar|Earthquake|p1a: Blissey
|-damage|p1a: Blissey|21/100
|move|p1a: Blissey|Aromatherapy|p1a: Blissey
|-cureteam|p1a: Blissey|[from] move: Aromatherapy
|
|-weather|Sandstorm|[upkeep]
|-damage|p1a: Blissey|15/100|[from] Sandstorm
|-heal|p1a: Blissey|21/100|[from] item: Leftovers
|upkeep
|turn|34
|inactive|azepto has 60 seconds left.
|
|t:|1730168330
|move|p2a: Tyranitar|Earthquake|p1a: Blissey
|-damage|p1a: Blissey|0 fnt
|faint|p1a: Blissey
|
|t:|1730168332
|switch|p1a: Zapdos|Zapdos|65/100
|
|-weather|Sandstorm|[upkeep]
|-damage|p1a: Zapdos|58/100|[from] Sandstorm
|-heal|p1a: Zapdos|65/100|[from] item: Leftovers
|upkeep
|turn|35
|
|t:|1730168335
|move|p2a: Tyranitar|Rock Slide|p1a: Zapdos
|-supereffective|p1a: Zapdos
|-crit|p1a: Zapdos
|-damage|p1a: Zapdos|0 fnt
|faint|p1a: Zapdos
|c|☆azepto|gg
|-message|azepto forfeited.
|
|win|moistmania
|c|☆moistmania|gg, sorry for the bad hax
|c|☆azepto|thats ayt, it happens
|player|p2|
|player|p2|moistmania|backersf|
|player|p1|

</script>
<script type="application/json" class="data" id="replaydata-smogtours-gen3ou-803218">
{"id":"smogtours-gen3ou-803218","format":"[Gen 3] OU","players":["azepto","moistmania"],"uploadtime":1730168342,"views":60,"formatid":"gen3ou","rating":null,"private":0,"password":null}
</script>

<script defer src="js/replays.js?9d40a366"></script>
