<!DOCTYPE html>
<meta charset="utf-8" />
<meta name="viewport" content="width=device-width" />

<title>[Gen 3] OU: green.9082 vs. happydayhouseboat - Replays - Pok&eacute;mon Showdown!</title>

<meta name="description" content="Watch a replay of a Pok&eacute;mon battle between green.9082 and happydayhouseboat! Format: [Gen 3] OU; Date: Oct 13, 2024" />
<!--

Hey, you! Looking in the source for the replay log?

You can find them in JSON format, just add `.json` at the end of a replay URL.

https://replay.pokemonshowdown.com/gen7randomdoublesbattle-865046831.json

Or, if you only need the log itself, add `.log` instead:

https://replay.pokemonshowdown.com/gen7randomdoublesbattle-865046831.log

-->

<link rel="stylesheet" href="//pokemonshowdown.com/style/global.css?0.023195364461161105" />
<link rel="stylesheet" href="//play.pokemonshowdown.com/style/font-awesome.css?0.13261647063804238" />
<link rel="stylesheet" href="//play.pokemonshowdown.com/style/battle.css?0.8753245789963631" />
<link rel="stylesheet" href="//play.pokemonshowdown.com/style/utilichart.css?0.8627959624976733" />

<!-- Global site tag (gtag.js) - Google Analytics -->
<script async src="https://www.googletagmanager.com/gtag/js?id=UA-26211653-1"></script>
<script>
  window.dataLayer = window.dataLayer || [];
  function gtag(){dataLayer.push(arguments);}
  gtag('js', new Date());

  gtag('config', 'UA-26211653-1');
</script>
<!-- End Google Analytics -->
<!-- Venatus Ad Manager - Install in <HEAD> of page -->
	<script src="https://hb.vntsm.com/v3/live/ad-manager.min.js" type="text/javascript" data-site-id="642aba63ec9a7b11c3c9c1be" data-mode="scan" async></script>
<!-- / Venatus Ad Manager -->

<style>
	@media (max-width:820px) {
		.battle {
			margin: 0 auto;
		}
		.battle-log {
			margin: 7px auto 0;
			max-width: 640px;
			height: 300px;
			position: static;
		}
	}
	.optgroup {
		display: inline-block;
		line-height: 22px;
		font-size: 10pt;
	}
	.optgroup .button {
		height: 25px;
		padding-top: 0;
		padding-bottom: 0;
	}
	.optgroup button.button {
		padding-left: 12px;
		padding-right: 12px;
	}
	.linklist {
		list-style: none;
		margin: 0.5em 0;
		padding: 0;
	}
	.linklist li {
		padding: 2px 0;
	}
	.sidebar {
		float: left;
		width: 320px;
	}
	.bar-wrapper {
		max-width: 1100px;
		margin: 0 auto;
	}
	.bar-wrapper.has-sidebar {
		max-width: 1430px;
	}
	.mainbar {
		margin: 0;
		padding-right: 1px;
	}
	.mainbar.has-sidebar {
		margin-left: 330px;
	}
	@media (min-width: 1511px) {
		.sidebar {
			width: 400px;
		}
		.bar-wrapper.has-sidebar {
			max-width: 1510px;
		}
		.mainbar.has-sidebar {
			margin-left: 410px;
		}
	}
	.section.first-section {
		margin-top: 9px;
	}
	.blocklink small {
		white-space: normal;
	}
	.button {
		vertical-align: middle;
	}
	.replay-controls {
		padding-top: 10px;
	}
	.replay-controls h1 {
		font-size: 16pt;
		font-weight: normal;
		color: #CCC;
	}
	.pagelink {
		text-align: center;
	}
	.pagelink a {
		width: 150px;
	}
	.textbox, .button {
		font-size: 11pt;
		vertical-align: middle;
	}
	@media (max-width: 450px) {
		.button {
			font-size: 9pt;
		}
	}
</style>

<div>

	<header>
		<div class="nav-wrapper"><ul class="nav">
			<li><a class="button nav-first" href="//pokemonshowdown.com/"><img src="//pokemonshowdown.com/images/pokemonshowdownbeta.png" srcset="//pokemonshowdown.com/images/pokemonshowdownbeta.png 1x, //pokemonshowdown.com/images/pokemonshowdownbeta@2x.png 2x" alt="Pok&eacute;mon Showdown" width="146" height="44" /> Home</a></li>
			<li><a class="button" href="//pokemonshowdown.com/dex/">Pok&eacute;dex</a></li>
			<li><a class="button cur" href="/">Replays</a></li>
			<li><a class="button" href="//pokemonshowdown.com/ladder/">Ladder</a></li>
			<li><a class="button nav-last" href="//pokemonshowdown.com/forums/">Forum</a></li>
			<li><a class="button greenbutton nav-first nav-last" href="//play.pokemonshowdown.com/">Play</a></li>
		</ul></div>
	</header>

	<div class="main" id="main">

		<noscript><section class="section">You need to enable JavaScript to use this page; sorry!</section></noscript>

	</div>

</div>

<script defer nomodule src="//play.pokemonshowdown.com/js/lib/ps-polyfill.js"></script>
<script defer src="//play.pokemonshowdown.com/js/lib/preact.min.js"></script>

<script defer src="//play.pokemonshowdown.com/config/config.js?2bddbc15"></script>
<script defer src="//play.pokemonshowdown.com/js/lib/jquery-1.11.0.min.js"></script>
<script defer src="//play.pokemonshowdown.com/js/lib/html-sanitizer-minified.js"></script>
<script defer src="//play.pokemonshowdown.com/js/battle-sound.js"></script>
<script defer src="//play.pokemonshowdown.com/js/battledata.js?0.7209276989879541"></script>
<script defer src="//play.pokemonshowdown.com/data/pokedex-mini.js?0.6111056340867951"></script>
<script defer src="//play.pokemonshowdown.com/data/pokedex-mini-bw.js?0.3532142036491459"></script>
<script defer src="//play.pokemonshowdown.com/data/graphics.js?0.24223875632456182"></script>
<script defer src="//play.pokemonshowdown.com/data/pokedex.js?0.38839984266356864"></script>
<script defer src="//play.pokemonshowdown.com/data/moves.js?0.21866028504024015"></script>
<script defer src="//play.pokemonshowdown.com/data/abilities.js?0.2005157953846628"></script>
<script defer src="//play.pokemonshowdown.com/data/items.js?0.9894211263848525"></script>
<script defer src="//play.pokemonshowdown.com/data/teambuilder-tables.js?0.6008791140282215"></script>
<script defer src="//play.pokemonshowdown.com/js/battle-tooltips.js?0.7580118955022959"></script>
<script defer src="//play.pokemonshowdown.com/js/battle.js?0.6057722274234274"></script>

<script defer src="js/utils.js?e31f9a17"></script>
<script defer src="js/replays-battle.js?7008c182"></script>

<!-- don't scrape this data! just add .json or .log after the URL!
Full API docs: https://github.com/smogon/pokemon-showdown-client/blob/master/WEB-API.md -->
<script type="text/plain" class="log" id="replaylog-smogtours-gen3ou-798511">
|inactive|Battle timer is ON: inactive players will automatically lose when time's up.
|t:|1728860682
|gametype|singles
|player|p1|green.9082|266|
|player|p2|happydayhouseboat|zinnia|
|teamsize|p1|6
|teamsize|p2|6
|gen|3
|tier|[Gen 3] OU
|rule|Sleep Clause Mod: Limit one foe put to sleep
|rule|Switch Priority Clause Mod: Faster Pokémon switch first
|rule|Species Clause: Limit one of each Pokémon
|rule|OHKO Clause: OHKO moves are banned
|rule|Evasion Items Clause: Evasion items are banned
|rule|Evasion Moves Clause: Evasion moves are banned
|rule|Endless Battle Clause: Forcing endless battles is banned
|rule|HP Percentage Mod: HP is shown in percentages
|rule|One Boost Passer Clause: Limit one Baton Passer that has a way to boost its stats
|rule|Freeze Clause Mod: Limit one foe frozen
|
|t:|1728860682
|start
|switch|p1a: Magneton|Magneton|100/100
|switch|p2a: Skarmory|Skarmory, F|100/100
|turn|1
|
|t:|1728860704
|move|p1a: Magneton|Thunderbolt|p2a: Skarmory
|-supereffective|p2a: Skarmory
|-damage|p2a: Skarmory|10/100
|move|p2a: Skarmory|Spikes|p1a: Magneton
|-sidestart|p1: green.9082|Spikes
|
|-heal|p2a: Skarmory|16/100|[from] item: Leftovers
|upkeep
|turn|2
|
|t:|1728860712
|move|p2a: Skarmory|Protect|p2a: Skarmory
|-singleturn|p2a: Skarmory|Protect
|move|p1a: Magneton|Thunderbolt|p2a: Skarmory
|-activate|p2a: Skarmory|Protect
|
|-heal|p2a: Skarmory|22/100|[from] item: Leftovers
|upkeep
|turn|3
|
|t:|1728860720
|move|p2a: Skarmory|Protect||[still]
|-fail|p2a: Skarmory
|move|p1a: Magneton|Thunderbolt|p2a: Skarmory
|-supereffective|p2a: Skarmory
|-damage|p2a: Skarmory|0 fnt
|faint|p2a: Skarmory
|
|t:|1728860727
|switch|p2a: Swampert|Swampert, M|100/100
|
|upkeep
|turn|4
|
|t:|1728860735
|switch|p1a: Claydol|Claydol|100/100
|move|p2a: Swampert|Hydro Pump|p1a: Claydol
|-supereffective|p1a: Claydol
|-damage|p1a: Claydol|26/100
|
|-heal|p1a: Claydol|33/100|[from] item: Leftovers
|upkeep
|turn|5
|
|t:|1728860746
|switch|p1a: Celebi|Celebi|100/100
|-damage|p1a: Celebi|88/100|[from] Spikes
|move|p2a: Swampert|Hydro Pump|p1a: Celebi
|-resisted|p1a: Celebi
|-damage|p1a: Celebi|72/100
|
|-heal|p1a: Celebi|78/100|[from] item: Leftovers
|upkeep
|turn|6
|
|t:|1728860756
|switch|p2a: Gengar|Gengar, M|100/100
|move|p1a: Celebi|Leech Seed|p2a: Gengar
|-start|p2a: Gengar|move: Leech Seed
|
|-damage|p2a: Gengar|88/100|[from] Leech Seed|[of] p1a: Celebi
|-heal|p1a: Celebi|86/100|[silent]
|-heal|p1a: Celebi|92/100|[from] item: Leftovers
|upkeep
|turn|7
|
|t:|1728860774
|move|p2a: Gengar|Ice Punch|p1a: Celebi
|-supereffective|p1a: Celebi
|-damage|p1a: Celebi|50/100
|move|p1a: Celebi|Recover|p1a: Celebi
|-heal|p1a: Celebi|99/100
|
|-heal|p2a: Gengar|94/100|[from] item: Leftovers
|-damage|p2a: Gengar|82/100|[from] Leech Seed|[of] p1a: Celebi
|-heal|p1a: Celebi|100/100|[silent]
|upkeep
|turn|8
|
|t:|1728860788
|switch|p2a: Jirachi|Jirachi|100/100
|move|p1a: Celebi|Recover||[still]
|-fail|p1a: Celebi|heal
|
|upkeep
|turn|9
|
|t:|1728860810
|move|p2a: Jirachi|Substitute|p2a: Jirachi
|-start|p2a: Jirachi|Substitute
|-damage|p2a: Jirachi|75/100
|move|p1a: Celebi|Perish Song|p1a: Celebi
|-start|p1a: Celebi|perish3|[silent]
|-start|p2a: Jirachi|perish3|[silent]
|-fieldactivate|move: Perish Song
|
|-heal|p2a: Jirachi|82/100|[from] item: Leftovers
|-start|p2a: Jirachi|perish3
|-start|p1a: Celebi|perish3
|upkeep
|turn|10
|
|t:|1728860820
|switch|p1a: Claydol|Claydol|33/100
|move|p2a: Jirachi|Fire Punch|p1a: Claydol
|-damage|p1a: Claydol|12/100
|
|-heal|p2a: Jirachi|88/100|[from] item: Leftovers
|-heal|p1a: Claydol|18/100|[from] item: Leftovers
|-start|p2a: Jirachi|perish2
|upkeep
|turn|11
|inactive|green.9082 has 270 seconds left.
|
|t:|1728860836
|switch|p1a: Suicune|Suicune|100/100
|-damage|p1a: Suicune|88/100|[from] Spikes
|move|p2a: Jirachi|Fire Punch|p1a: Suicune
|-resisted|p1a: Suicune
|-damage|p1a: Suicune|80/100
|
|-heal|p2a: Jirachi|94/100|[from] item: Leftovers
|-heal|p1a: Suicune|87/100|[from] item: Leftovers
|-start|p2a: Jirachi|perish1
|upkeep
|turn|12
|inactive|green.9082 has 270 seconds left.
|
|t:|1728860849
|switch|p2a: Gengar|Gengar, M|82/100
|move|p1a: Suicune|Calm Mind|p1a: Suicune
|-boost|p1a: Suicune|spa|1
|-boost|p1a: Suicune|spd|1
|
|-heal|p2a: Gengar|88/100|[from] item: Leftovers
|-heal|p1a: Suicune|93/100|[from] item: Leftovers
|upkeep
|turn|13
|
|t:|1728860858
|move|p2a: Gengar|Thunderbolt|p1a: Suicune
|-supereffective|p1a: Suicune
|-damage|p1a: Suicune|62/100
|move|p1a: Suicune|Surf|p2a: Gengar
|-damage|p2a: Gengar|10/100
|
|-heal|p2a: Gengar|16/100|[from] item: Leftovers
|-heal|p1a: Suicune|68/100|[from] item: Leftovers
|upkeep
|turn|14
|
|t:|1728860868
|switch|p1a: Claydol|Claydol|18/100
|move|p2a: Gengar|Explosion|p1a: Claydol
|-damage|p1a: Claydol|0 fnt
|faint|p2a: Gengar
|faint|p1a: Claydol
|
|t:|1728860881
|switch|p2a: Jirachi|Jirachi|94/100
|switch|p1a: Magneton|Magneton|100/100
|-damage|p1a: Magneton|88/100|[from] Spikes
|
|-heal|p2a: Jirachi|99/100|[from] item: Leftovers
|-heal|p1a: Magneton|94/100|[from] item: Leftovers
|upkeep
|turn|15
|
|t:|1728860898
|move|p2a: Jirachi|Calm Mind|p2a: Jirachi
|-boost|p2a: Jirachi|spa|1
|-boost|p2a: Jirachi|spd|1
|move|p1a: Magneton|Thunderbolt|p2a: Jirachi
|-damage|p2a: Jirachi|73/100
|-status|p2a: Jirachi|par
|
|-heal|p1a: Magneton|99/100|[from] item: Leftovers
|-heal|p2a: Jirachi|79/100 par|[from] item: Leftovers
|upkeep
|turn|16
|
|t:|1728860910
|switch|p1a: Celebi|Celebi|100/100
|-damage|p1a: Celebi|88/100|[from] Spikes
|cant|p2a: Jirachi|par
|
|-heal|p1a: Celebi|94/100|[from] item: Leftovers
|-heal|p2a: Jirachi|85/100 par|[from] item: Leftovers
|upkeep
|turn|17
|
|t:|1728860919
|move|p1a: Celebi|Leech Seed|p2a: Jirachi
|-start|p2a: Jirachi|move: Leech Seed
|move|p2a: Jirachi|Fire Punch|p1a: Celebi
|-supereffective|p1a: Celebi
|-damage|p1a: Celebi|48/100
|
|-heal|p1a: Celebi|55/100|[from] item: Leftovers
|-heal|p2a: Jirachi|91/100 par|[from] item: Leftovers
|-damage|p2a: Jirachi|79/100 par|[from] Leech Seed|[of] p1a: Celebi
|-heal|p1a: Celebi|67/100|[silent]
|upkeep
|turn|18
|
|t:|1728860932
|switch|p1a: Suicune|Suicune|68/100
|-damage|p1a: Suicune|56/100|[from] Spikes
|switch|p2a: Aerodactyl|Aerodactyl, F|100/100
|
|-heal|p1a: Suicune|62/100|[from] item: Leftovers
|upkeep
|turn|19
|
|t:|1728860941
|move|p2a: Aerodactyl|Rock Slide|p1a: Suicune|[miss]
|-miss|p2a: Aerodactyl|p1a: Suicune
|move|p1a: Suicune|Surf|p2a: Aerodactyl
|-supereffective|p2a: Aerodactyl
|-damage|p2a: Aerodactyl|7/100
|
|-heal|p1a: Suicune|68/100|[from] item: Leftovers
|upkeep
|turn|20
|c|☆green.9082|Sry about that
|
|t:|1728860955
|move|p2a: Aerodactyl|Rock Slide|p1a: Suicune
|-damage|p1a: Suicune|39/100
|move|p1a: Suicune|Surf|p2a: Aerodactyl
|-supereffective|p2a: Aerodactyl
|-damage|p2a: Aerodactyl|0 fnt
|faint|p2a: Aerodactyl
|c|☆happydayhouseboat|it happens ri[
|c|☆happydayhouseboat|rip lol
|
|t:|1728860965
|switch|p2a: Swampert|Swampert, M|100/100
|
|-heal|p1a: Suicune|46/100|[from] item: Leftovers
|upkeep
|turn|21
|
|t:|1728860979
|move|p1a: Suicune|Calm Mind|p1a: Suicune
|-boost|p1a: Suicune|spa|1
|-boost|p1a: Suicune|spd|1
|move|p2a: Swampert|Ice Beam|p1a: Suicune
|-resisted|p1a: Suicune
|-damage|p1a: Suicune|41/100
|
|-heal|p1a: Suicune|47/100|[from] item: Leftovers
|upkeep
|turn|22
|
|t:|1728860989
|move|p1a: Suicune|Rest|p1a: Suicune
|-status|p1a: Suicune|slp|[from] move: Rest
|-heal|p1a: Suicune|100/100 slp|[silent]
|move|p2a: Swampert|Earthquake|p1a: Suicune
|-damage|p1a: Suicune|78/100 slp
|
|-heal|p1a: Suicune|84/100 slp|[from] item: Leftovers
|upkeep
|turn|23
|
|t:|1728860998
|cant|p1a: Suicune|slp
|move|p2a: Swampert|Earthquake|p1a: Suicune
|-damage|p1a: Suicune|63/100 slp
|
|-heal|p1a: Suicune|70/100 slp|[from] item: Leftovers
|upkeep
|turn|24
|
|t:|1728861006
|cant|p1a: Suicune|slp
|move|p2a: Swampert|Earthquake|p1a: Suicune
|-damage|p1a: Suicune|47/100 slp
|
|-heal|p1a: Suicune|53/100 slp|[from] item: Leftovers
|upkeep
|turn|25
|
|t:|1728861013
|-curestatus|p1a: Suicune|slp|[msg]
|move|p1a: Suicune|Surf|p2a: Swampert
|-damage|p2a: Swampert|56/100
|move|p2a: Swampert|Earthquake|p1a: Suicune
|-damage|p1a: Suicune|33/100
|
|-heal|p1a: Suicune|39/100|[from] item: Leftovers
|-heal|p2a: Swampert|62/100|[from] item: Leftovers
|upkeep
|turn|26
|
|t:|1728861028
|move|p1a: Suicune|Rest|p1a: Suicune
|-status|p1a: Suicune|slp|[from] move: Rest
|-heal|p1a: Suicune|100/100 slp|[silent]
|move|p2a: Swampert|Earthquake|p1a: Suicune
|-damage|p1a: Suicune|79/100 slp
|
|-heal|p1a: Suicune|85/100 slp|[from] item: Leftovers
|-heal|p2a: Swampert|68/100|[from] item: Leftovers
|upkeep
|turn|27
|
|t:|1728861039
|switch|p2a: Tyranitar|Tyranitar, F|100/100
|-weather|Sandstorm|[from] ability: Sand Stream|[of] p2a: Tyranitar
|cant|p1a: Suicune|slp
|
|-weather|Sandstorm|[upkeep]
|-damage|p1a: Suicune|79/100 slp|[from] Sandstorm
|-heal|p1a: Suicune|85/100 slp|[from] item: Leftovers
|upkeep
|turn|28
|
|t:|1728861048
|move|p2a: Tyranitar|Dragon Dance|p2a: Tyranitar
|-boost|p2a: Tyranitar|atk|1
|-boost|p2a: Tyranitar|spe|1
|cant|p1a: Suicune|slp
|
|-weather|Sandstorm|[upkeep]
|-damage|p1a: Suicune|79/100 slp|[from] Sandstorm
|-heal|p1a: Suicune|85/100 slp|[from] item: Leftovers
|upkeep
|turn|29
|
|t:|1728861058
|move|p2a: Tyranitar|Rock Slide|p1a: Suicune
|-damage|p1a: Suicune|49/100 slp
|-curestatus|p1a: Suicune|slp|[msg]
|move|p1a: Suicune|Surf|p2a: Tyranitar
|-supereffective|p2a: Tyranitar
|-damage|p2a: Tyranitar|13/100
|
|-weather|Sandstorm|[upkeep]
|-damage|p1a: Suicune|43/100|[from] Sandstorm
|-heal|p1a: Suicune|49/100|[from] item: Leftovers
|upkeep
|turn|30
|
|t:|1728861069
|move|p2a: Tyranitar|Rock Slide|p1a: Suicune
|-damage|p1a: Suicune|16/100
|cant|p1a: Suicune|flinch
|
|-weather|Sandstorm|[upkeep]
|-damage|p1a: Suicune|10/100|[from] Sandstorm
|-heal|p1a: Suicune|16/100|[from] item: Leftovers
|upkeep
|turn|31
|
|t:|1728861080
|move|p2a: Tyranitar|Earthquake|p1a: Suicune
|-damage|p1a: Suicune|0 fnt
|faint|p1a: Suicune
|
|t:|1728861084
|switch|p1a: Celebi|Celebi|67/100
|-damage|p1a: Celebi|55/100|[from] Spikes
|
|-weather|Sandstorm|[upkeep]
|-damage|p1a: Celebi|48/100|[from] Sandstorm
|-heal|p1a: Celebi|55/100|[from] item: Leftovers
|upkeep
|turn|32
|
|t:|1728861093
|move|p2a: Tyranitar|Hidden Power|p1a: Celebi
|-supereffective|p1a: Celebi
|-damage|p1a: Celebi|0 fnt
|faint|p1a: Celebi
|
|t:|1728861099
|switch|p1a: Snorlax|Snorlax, M|100/100
|-damage|p1a: Snorlax|88/100|[from] Spikes
|
|-weather|Sandstorm|[upkeep]
|-damage|p1a: Snorlax|82/100|[from] Sandstorm
|-heal|p1a: Snorlax|88/100|[from] item: Leftovers
|upkeep
|turn|33
|
|t:|1728861108
|move|p2a: Tyranitar|Rock Slide|p1a: Snorlax
|-damage|p1a: Snorlax|36/100
|move|p1a: Snorlax|Body Slam|p2a: Tyranitar
|-resisted|p2a: Tyranitar
|-damage|p2a: Tyranitar|0 fnt
|faint|p2a: Tyranitar
|
|t:|1728861113
|switch|p2a: Swampert|Swampert, M|68/100
|
|-weather|Sandstorm|[upkeep]
|-damage|p1a: Snorlax|30/100|[from] Sandstorm
|-heal|p2a: Swampert|74/100|[from] item: Leftovers
|-heal|p1a: Snorlax|36/100|[from] item: Leftovers
|upkeep
|turn|34
|
|t:|1728861131
|move|p2a: Swampert|Earthquake|p1a: Snorlax
|-damage|p1a: Snorlax|4/100
|move|p1a: Snorlax|Body Slam|p2a: Swampert
|-damage|p2a: Swampert|48/100
|
|-weather|Sandstorm|[upkeep]
|-damage|p1a: Snorlax|0 fnt|[from] Sandstorm
|faint|p1a: Snorlax
|-heal|p2a: Swampert|54/100|[from] item: Leftovers
|upkeep
|
|t:|1728861142
|switch|p1a: Magneton|Magneton|99/100
|-damage|p1a: Magneton|88/100|[from] Spikes
|turn|35
|
|t:|1728861153
|move|p2a: Swampert|Protect|p2a: Swampert
|-singleturn|p2a: Swampert|Protect
|move|p1a: Magneton|Hidden Power|p2a: Swampert
|-activate|p2a: Swampert|Protect
|
|-weather|Sandstorm|[upkeep]
|-heal|p1a: Magneton|94/100|[from] item: Leftovers
|-heal|p2a: Swampert|60/100|[from] item: Leftovers
|upkeep
|turn|36
|
|t:|1728861163
|switch|p2a: Jirachi|Jirachi|79/100 par
|move|p1a: Magneton|Hidden Power|p2a: Jirachi
|-resisted|p2a: Jirachi
|-damage|p2a: Jirachi|68/100 par
|
|-weather|Sandstorm|[upkeep]
|-heal|p1a: Magneton|99/100|[from] item: Leftovers
|-heal|p2a: Jirachi|74/100 par|[from] item: Leftovers
|upkeep
|turn|37
|
|t:|1728861173
|move|p1a: Magneton|Thunderbolt|p2a: Jirachi
|-damage|p2a: Jirachi|32/100 par
|move|p2a: Jirachi|Calm Mind|p2a: Jirachi
|-boost|p2a: Jirachi|spa|1
|-boost|p2a: Jirachi|spd|1
|
|-weather|Sandstorm|[upkeep]
|-heal|p1a: Magneton|100/100|[from] item: Leftovers
|-heal|p2a: Jirachi|38/100 par|[from] item: Leftovers
|upkeep
|turn|38
|
|t:|1728861183
|move|p1a: Magneton|Thunderbolt|p2a: Jirachi
|-damage|p2a: Jirachi|10/100 par
|move|p2a: Jirachi|Fire Punch|p1a: Magneton
|-supereffective|p1a: Magneton
|-damage|p1a: Magneton|0 fnt
|faint|p1a: Magneton
|
|t:|1728861191
|switch|p1a: Salamence|Salamence, M|100/100
|-ability|p1a: Salamence|Intimidate|boost
|-unboost|p2a: Jirachi|atk|1
|
|-weather|Sandstorm|[upkeep]
|-damage|p1a: Salamence|94/100|[from] Sandstorm
|-heal|p1a: Salamence|100/100|[from] item: Leftovers
|-heal|p2a: Jirachi|16/100 par|[from] item: Leftovers
|upkeep
|turn|39
|
|t:|1728861200
|move|p1a: Salamence|Dragon Dance|p1a: Salamence
|-boost|p1a: Salamence|atk|1
|-boost|p1a: Salamence|spe|1
|move|p2a: Jirachi|Psychic|p1a: Salamence
|-damage|p1a: Salamence|35/100
|
|-weather|Sandstorm|[upkeep]
|-damage|p1a: Salamence|29/100|[from] Sandstorm
|-heal|p1a: Salamence|35/100|[from] item: Leftovers
|-heal|p2a: Jirachi|22/100 par|[from] item: Leftovers
|upkeep
|turn|40
|
|t:|1728861213
|move|p1a: Salamence|Hidden Power|p2a: Jirachi
|-resisted|p2a: Jirachi
|-damage|p2a: Jirachi|0 fnt
|faint|p2a: Jirachi
|
|t:|1728861216
|switch|p2a: Swampert|Swampert, M|60/100
|
|-weather|Sandstorm|[upkeep]
|-damage|p1a: Salamence|29/100|[from] Sandstorm
|-heal|p1a: Salamence|35/100|[from] item: Leftovers
|-heal|p2a: Swampert|67/100|[from] item: Leftovers
|upkeep
|turn|41
|
|t:|1728861224
|move|p1a: Salamence|Hidden Power|p2a: Swampert
|-damage|p2a: Swampert|19/100
|move|p2a: Swampert|Ice Beam|p1a: Salamence
|-supereffective|p1a: Salamence
|-damage|p1a: Salamence|0 fnt
|faint|p1a: Salamence
|
|win|happydayhouseboat

</script>
<script type="application/json" class="data" id="replaydata-smogtours-gen3ou-798511">
{"id":"smogtours-gen3ou-798511","format":"[Gen 3] OU","players":["green.9082","happydayhouseboat"],"uploadtime":1728861224,"views":78,"formatid":"gen3ou","rating":null,"private":0,"password":null}
</script>

<script defer src="js/replays.js?9d40a366"></script>
