<!DOCTYPE html>
<meta charset="utf-8" />
<meta name="viewport" content="width=device-width" />

<title>[Gen 3] OU: swinubfan123 vs. datguycactus - Replays - Pok&eacute;mon Showdown!</title>

<meta name="description" content="Watch a replay of a Pok&eacute;mon battle between swinubfan123 and datguycactus! Format: [Gen 3] OU; Date: Oct 1, 2024" />
<!--

Hey, you! Looking in the source for the replay log?

You can find them in JSON format, just add `.json` at the end of a replay URL.

https://replay.pokemonshowdown.com/gen7randomdoublesbattle-865046831.json

Or, if you only need the log itself, add `.log` instead:

https://replay.pokemonshowdown.com/gen7randomdoublesbattle-865046831.log

-->

<link rel="stylesheet" href="//pokemonshowdown.com/style/global.css?0.767286132409787" />
<link rel="stylesheet" href="//play.pokemonshowdown.com/style/font-awesome.css?0.9266228007934947" />
<link rel="stylesheet" href="//play.pokemonshowdown.com/style/battle.css?0.7924700842790926" />
<link rel="stylesheet" href="//play.pokemonshowdown.com/style/utilichart.css?0.8777417872839479" />

<!-- Global site tag (gtag.js) - Google Analytics -->
<script async src="https://www.googletagmanager.com/gtag/js?id=UA-26211653-1"></script>
<script>
  window.dataLayer = window.dataLayer || [];
  function gtag(){dataLayer.push(arguments);}
  gtag('js', new Date());

  gtag('config', 'UA-26211653-1');
</script>
<!-- End Google Analytics -->
<!-- Venatus Ad Manager - Install in <HEAD> of page -->
	<script src="https://hb.vntsm.com/v3/live/ad-manager.min.js" type="text/javascript" data-site-id="642aba63ec9a7b11c3c9c1be" data-mode="scan" async></script>
<!-- / Venatus Ad Manager -->

<style>
	@media (max-width:820px) {
		.battle {
			margin: 0 auto;
		}
		.battle-log {
			margin: 7px auto 0;
			max-width: 640px;
			height: 300px;
			position: static;
		}
	}
	.optgroup {
		display: inline-block;
		line-height: 22px;
		font-size: 10pt;
	}
	.optgroup .button {
		height: 25px;
		padding-top: 0;
		padding-bottom: 0;
	}
	.optgroup button.button {
		padding-left: 12px;
		padding-right: 12px;
	}
	.linklist {
		list-style: none;
		margin: 0.5em 0;
		padding: 0;
	}
	.linklist li {
		padding: 2px 0;
	}
	.sidebar {
		float: left;
		width: 320px;
	}
	.bar-wrapper {
		max-width: 1100px;
		margin: 0 auto;
	}
	.bar-wrapper.has-sidebar {
		max-width: 1430px;
	}
	.mainbar {
		margin: 0;
		padding-right: 1px;
	}
	.mainbar.has-sidebar {
		margin-left: 330px;
	}
	@media (min-width: 1511px) {
		.sidebar {
			width: 400px;
		}
		.bar-wrapper.has-sidebar {
			max-width: 1510px;
		}
		.mainbar.has-sidebar {
			margin-left: 410px;
		}
	}
	.section.first-section {
		margin-top: 9px;
	}
	.blocklink small {
		white-space: normal;
	}
	.button {
		vertical-align: middle;
	}
	.replay-controls {
		padding-top: 10px;
	}
	.replay-controls h1 {
		font-size: 16pt;
		font-weight: normal;
		color: #CCC;
	}
	.pagelink {
		text-align: center;
	}
	.pagelink a {
		width: 150px;
	}
	.textbox, .button {
		font-size: 11pt;
		vertical-align: middle;
	}
	@media (max-width: 450px) {
		.button {
			font-size: 9pt;
		}
	}
</style>

<div>

	<header>
		<div class="nav-wrapper"><ul class="nav">
			<li><a class="button nav-first" href="//pokemonshowdown.com/"><img src="//pokemonshowdown.com/images/pokemonshowdownbeta.png" srcset="//pokemonshowdown.com/images/pokemonshowdownbeta.png 1x, //pokemonshowdown.com/images/pokemonshowdownbeta@2x.png 2x" alt="Pok&eacute;mon Showdown" width="146" height="44" /> Home</a></li>
			<li><a class="button" href="//pokemonshowdown.com/dex/">Pok&eacute;dex</a></li>
			<li><a class="button cur" href="/">Replays</a></li>
			<li><a class="button" href="//pokemonshowdown.com/ladder/">Ladder</a></li>
			<li><a class="button nav-last" href="//pokemonshowdown.com/forums/">Forum</a></li>
			<li><a class="button greenbutton nav-first nav-last" href="//play.pokemonshowdown.com/">Play</a></li>
		</ul></div>
	</header>

	<div class="main" id="main">

		<noscript><section class="section">You need to enable JavaScript to use this page; sorry!</section></noscript>

	</div>

</div>

<script defer nomodule src="//play.pokemonshowdown.com/js/lib/ps-polyfill.js"></script>
<script defer src="//play.pokemonshowdown.com/js/lib/preact.min.js"></script>

<script defer src="//play.pokemonshowdown.com/config/config.js?6dec07f6"></script>
<script defer src="//play.pokemonshowdown.com/js/lib/jquery-1.11.0.min.js"></script>
<script defer src="//play.pokemonshowdown.com/js/lib/html-sanitizer-minified.js"></script>
<script defer src="//play.pokemonshowdown.com/js/battle-sound.js"></script>
<script defer src="//play.pokemonshowdown.com/js/battledata.js?0.6315294753075389"></script>
<script defer src="//play.pokemonshowdown.com/data/pokedex-mini.js?0.7603743185311358"></script>
<script defer src="//play.pokemonshowdown.com/data/pokedex-mini-bw.js?0.030888842834281283"></script>
<script defer src="//play.pokemonshowdown.com/data/graphics.js?0.05593094747507488"></script>
<script defer src="//play.pokemonshowdown.com/data/pokedex.js?0.47064822249611904"></script>
<script defer src="//play.pokemonshowdown.com/data/moves.js?0.8583693120512459"></script>
<script defer src="//play.pokemonshowdown.com/data/abilities.js?0.16017181182386842"></script>
<script defer src="//play.pokemonshowdown.com/data/items.js?0.4163379185673943"></script>
<script defer src="//play.pokemonshowdown.com/data/teambuilder-tables.js?0.31075597372830477"></script>
<script defer src="//play.pokemonshowdown.com/js/battle-tooltips.js?0.6536193500708172"></script>
<script defer src="//play.pokemonshowdown.com/js/battle.js?0.1916591943277901"></script>

<script defer src="js/utils.js?e31f9a17"></script>
<script defer src="js/replays-battle.js?7008c182"></script>

<!-- don't scrape this data! just add .json or .log after the URL!
Full API docs: https://github.com/smogon/pokemon-showdown-client/blob/master/WEB-API.md -->
<script type="text/plain" class="log" id="replaylog-smogtours-gen3ou-793833">
|inactive|Battle timer is ON: inactive players will automatically lose when time's up.
|t:|1727812448
|gametype|singles
|player|p1|swinubfan123|265|
|player|p2|datguycactus|169|
|teamsize|p1|6
|teamsize|p2|6
|gen|3
|tier|[Gen 3] OU
|rule|Sleep Clause Mod: Limit one foe put to sleep
|rule|Switch Priority Clause Mod: Faster Pokémon switch first
|rule|Species Clause: Limit one of each Pokémon
|rule|OHKO Clause: OHKO moves are banned
|rule|Evasion Items Clause: Evasion items are banned
|rule|Evasion Moves Clause: Evasion moves are banned
|rule|Endless Battle Clause: Forcing endless battles is banned
|rule|HP Percentage Mod: HP is shown in percentages
|rule|One Boost Passer Clause: Limit one Baton Passer that has a way to boost its stats
|rule|Freeze Clause Mod: Limit one foe frozen
|
|t:|1727812448
|start
|switch|p1a: Metagross|Metagross|100/100
|switch|p2a: Tyranitar|Tyranitar, F|100/100
|-weather|Sandstorm|[from] ability: Sand Stream|[of] p2a: Tyranitar
|turn|1
|
|t:|1727812470
|switch|p2a: Charizard|Charizard, F|100/100
|move|p1a: Metagross|Agility|p1a: Metagross
|-boost|p1a: Metagross|spe|2
|
|-weather|Sandstorm|[upkeep]
|-damage|p2a: Charizard|94/100|[from] Sandstorm
|-heal|p2a: Charizard|100/100|[from] item: Leftovers
|upkeep
|turn|2
|
|t:|1727812488
|move|p1a: Metagross|Explosion|p2a: Charizard
|-damage|p2a: Charizard|0 fnt
|faint|p1a: Metagross
|faint|p2a: Charizard
|
|t:|1727812503
|switch|p2a: Salamence|Salamence, M|100/100
|switch|p1a: Skarmory|Skarmory, F|100/100
|-ability|p2a: Salamence|Intimidate|boost
|-unboost|p1a: Skarmory|atk|1
|
|-weather|Sandstorm|[upkeep]
|-damage|p2a: Salamence|94/100|[from] Sandstorm
|-heal|p2a: Salamence|100/100|[from] item: Leftovers
|upkeep
|turn|3
|
|t:|1727812507
|move|p1a: Skarmory|Protect|p1a: Skarmory
|-singleturn|p1a: Skarmory|Protect
|move|p2a: Salamence|Fire Blast|p1a: Skarmory|[miss]
|-miss|p2a: Salamence|p1a: Skarmory
|
|-weather|Sandstorm|[upkeep]
|-damage|p2a: Salamence|94/100|[from] Sandstorm
|-heal|p2a: Salamence|100/100|[from] item: Leftovers
|upkeep
|turn|4
|
|t:|1727812512
|switch|p1a: Snorlax|Snorlax, F|100/100
|move|p2a: Salamence|Fire Blast|p1a: Snorlax
|-damage|p1a: Snorlax|75/100
|
|-weather|Sandstorm|[upkeep]
|-damage|p2a: Salamence|94/100|[from] Sandstorm
|-damage|p1a: Snorlax|69/100|[from] Sandstorm
|-heal|p2a: Salamence|100/100|[from] item: Leftovers
|-heal|p1a: Snorlax|75/100|[from] item: Leftovers
|upkeep
|turn|5
|
|t:|1727812517
|move|p2a: Salamence|Brick Break|p1a: Snorlax
|-supereffective|p1a: Snorlax
|-damage|p1a: Snorlax|38/100
|move|p1a: Snorlax|Curse|p1a: Snorlax
|-unboost|p1a: Snorlax|spe|1
|-boost|p1a: Snorlax|atk|1
|-boost|p1a: Snorlax|def|1
|
|-weather|Sandstorm|[upkeep]
|-damage|p2a: Salamence|94/100|[from] Sandstorm
|-damage|p1a: Snorlax|32/100|[from] Sandstorm
|-heal|p2a: Salamence|100/100|[from] item: Leftovers
|-heal|p1a: Snorlax|38/100|[from] item: Leftovers
|upkeep
|turn|6
|
|t:|1727812522
|move|p2a: Salamence|Brick Break|p1a: Snorlax
|-supereffective|p1a: Snorlax
|-damage|p1a: Snorlax|14/100
|move|p1a: Snorlax|Body Slam|p2a: Salamence
|-damage|p2a: Salamence|15/100
|-status|p2a: Salamence|par
|
|-weather|Sandstorm|[upkeep]
|-damage|p2a: Salamence|9/100 par|[from] Sandstorm
|-damage|p1a: Snorlax|8/100|[from] Sandstorm
|-heal|p2a: Salamence|15/100 par|[from] item: Leftovers
|-heal|p1a: Snorlax|14/100|[from] item: Leftovers
|upkeep
|turn|7
|
|t:|1727812525
|move|p2a: Salamence|Brick Break|p1a: Snorlax
|-supereffective|p1a: Snorlax
|-damage|p1a: Snorlax|0 fnt
|faint|p1a: Snorlax
|
|t:|1727812538
|switch|p1a: Jirachi|Jirachi|100/100
|
|-weather|Sandstorm|[upkeep]
|-damage|p2a: Salamence|9/100 par|[from] Sandstorm
|-heal|p2a: Salamence|15/100 par|[from] item: Leftovers
|upkeep
|turn|8
|
|t:|1727812543
|move|p1a: Jirachi|Body Slam|p2a: Salamence
|-damage|p2a: Salamence|0 fnt
|faint|p2a: Salamence
|
|t:|1727812553
|switch|p2a: Tyranitar|Tyranitar, F|100/100
|
|-weather|Sandstorm|[upkeep]
|upkeep
|turn|9
|
|t:|1727812559
|-singleturn|p2a: Tyranitar|move: Focus Punch
|move|p1a: Jirachi|Wish|p1a: Jirachi
|move|p2a: Tyranitar|Focus Punch|p1a: Jirachi
|-damage|p1a: Jirachi|55/100
|
|-weather|Sandstorm|[upkeep]
|-heal|p1a: Jirachi|62/100|[from] item: Leftovers
|upkeep
|turn|10
|
|t:|1727812564
|move|p1a: Jirachi|Body Slam|p2a: Tyranitar
|-resisted|p2a: Tyranitar
|-damage|p2a: Tyranitar|93/100
|-status|p2a: Tyranitar|par
|move|p2a: Tyranitar|Rock Slide|p1a: Jirachi
|-resisted|p1a: Jirachi
|-damage|p1a: Jirachi|44/100
|
|-heal|p1a: Jirachi|94/100|[from] move: Wish|[wisher] Jirachi
|-weather|Sandstorm|[upkeep]
|-heal|p1a: Jirachi|100/100|[from] item: Leftovers
|-heal|p2a: Tyranitar|99/100 par|[from] item: Leftovers
|upkeep
|turn|11
|
|t:|1727812572
|move|p1a: Jirachi|Wish|p1a: Jirachi
|move|p2a: Tyranitar|Earthquake|p1a: Jirachi
|-supereffective|p1a: Jirachi
|-damage|p1a: Jirachi|36/100
|
|-weather|Sandstorm|[upkeep]
|-heal|p1a: Jirachi|43/100|[from] item: Leftovers
|-heal|p2a: Tyranitar|100/100 par|[from] item: Leftovers
|upkeep
|turn|12
|
|t:|1727812578
|switch|p2a: Breloom|Breloom, M|100/100
|move|p1a: Jirachi|Protect||[still]
|-fail|p1a: Jirachi
|
|-heal|p1a: Jirachi|93/100|[from] move: Wish|[wisher] Jirachi
|-weather|Sandstorm|[upkeep]
|-damage|p2a: Breloom|94/100|[from] Sandstorm
|-heal|p2a: Breloom|100/100|[from] item: Leftovers
|-heal|p1a: Jirachi|99/100|[from] item: Leftovers
|upkeep
|turn|13
|
|t:|1727812597
|move|p2a: Breloom|Substitute|p2a: Breloom
|-start|p2a: Breloom|Substitute
|-damage|p2a: Breloom|76/100
|move|p1a: Jirachi|Fire Punch|p2a: Breloom
|-supereffective|p2a: Breloom
|-end|p2a: Breloom|Substitute
|
|-weather|Sandstorm|[upkeep]
|-damage|p2a: Breloom|70/100|[from] Sandstorm
|-heal|p2a: Breloom|76/100|[from] item: Leftovers
|-heal|p1a: Jirachi|100/100|[from] item: Leftovers
|upkeep
|turn|14
|
|t:|1727812601
|move|p2a: Breloom|Spore|p1a: Jirachi
|-status|p1a: Jirachi|slp|[from] move: Spore
|cant|p1a: Jirachi|slp
|
|-weather|Sandstorm|[upkeep]
|-damage|p2a: Breloom|70/100|[from] Sandstorm
|-heal|p2a: Breloom|76/100|[from] item: Leftovers
|upkeep
|turn|15
|
|t:|1727812605
|switch|p1a: Skarmory|Skarmory, F|100/100
|move|p2a: Breloom|Substitute|p2a: Breloom
|-start|p2a: Breloom|Substitute
|-damage|p2a: Breloom|51/100
|
|-weather|Sandstorm|[upkeep]
|-damage|p2a: Breloom|45/100|[from] Sandstorm
|-heal|p2a: Breloom|51/100|[from] item: Leftovers
|upkeep
|turn|16
|
|t:|1727812609
|-singleturn|p2a: Breloom|move: Focus Punch
|move|p2a: Breloom|Focus Punch|p1a: Skarmory
|-damage|p1a: Skarmory|42/100
|move|p1a: Skarmory|Roar|p2a: Breloom
|drag|p2a: Claydol|Claydol|100/100
|
|-weather|Sandstorm|[upkeep]
|-heal|p1a: Skarmory|48/100|[from] item: Leftovers
|upkeep
|turn|17
|
|t:|1727812622
|switch|p1a: Gengar|Gengar, F|100/100
|move|p2a: Claydol|Psychic|p1a: Gengar
|-supereffective|p1a: Gengar
|-damage|p1a: Gengar|53/100
|
|-weather|Sandstorm|[upkeep]
|-damage|p1a: Gengar|47/100|[from] Sandstorm
|-heal|p1a: Gengar|53/100|[from] item: Leftovers
|upkeep
|turn|18
|
|t:|1727812628
|switch|p1a: Skarmory|Skarmory, F|48/100
|move|p2a: Claydol|Psychic|p1a: Skarmory
|-resisted|p1a: Skarmory
|-damage|p1a: Skarmory|34/100
|-unboost|p1a: Skarmory|spd|1
|
|-weather|Sandstorm|[upkeep]
|-heal|p1a: Skarmory|40/100|[from] item: Leftovers
|upkeep
|turn|19
|
|t:|1727812636
|move|p1a: Skarmory|Protect|p1a: Skarmory
|-singleturn|p1a: Skarmory|Protect
|move|p2a: Claydol|Psychic|p1a: Skarmory
|-activate|p1a: Skarmory|Protect
|
|-weather|Sandstorm|[upkeep]
|-heal|p1a: Skarmory|46/100|[from] item: Leftovers
|upkeep
|turn|20
|
|t:|1727812646
|switch|p1a: Jirachi|Jirachi|100/100 slp
|switch|p2a: Tyranitar|Tyranitar, F|100/100 par
|
|-weather|Sandstorm|[upkeep]
|upkeep
|turn|21
|
|t:|1727812653
|cant|p1a: Jirachi|slp
|move|p2a: Tyranitar|Earthquake|p1a: Jirachi
|-supereffective|p1a: Jirachi
|-damage|p1a: Jirachi|42/100 slp
|
|-weather|Sandstorm|[upkeep]
|-heal|p1a: Jirachi|48/100 slp|[from] item: Leftovers
|upkeep
|turn|22
|
|t:|1727812660
|switch|p1a: Skarmory|Skarmory, F|46/100
|move|p2a: Tyranitar|Earthquake|p1a: Skarmory
|-immune|p1a: Skarmory
|
|-weather|Sandstorm|[upkeep]
|-heal|p1a: Skarmory|52/100|[from] item: Leftovers
|upkeep
|turn|23
|
|t:|1727812666
|switch|p2a: Breloom|Breloom, M|51/100
|move|p1a: Skarmory|Spikes|p2a: Breloom
|-sidestart|p2: datguycactus|Spikes
|
|-weather|Sandstorm|[upkeep]
|-damage|p2a: Breloom|45/100|[from] Sandstorm
|-heal|p2a: Breloom|51/100|[from] item: Leftovers
|-heal|p1a: Skarmory|58/100|[from] item: Leftovers
|upkeep
|turn|24
|
|t:|1727812683
|switch|p2a: Claydol|Claydol|100/100
|move|p1a: Skarmory|Spikes|p2a: Claydol
|-sidestart|p2: datguycactus|Spikes
|
|-weather|Sandstorm|[upkeep]
|-heal|p1a: Skarmory|64/100|[from] item: Leftovers
|upkeep
|turn|25
|
|t:|1727812686
|move|p1a: Skarmory|Toxic|p2a: Claydol
|-status|p2a: Claydol|tox
|move|p2a: Claydol|Rapid Spin|p1a: Skarmory
|-resisted|p1a: Skarmory
|-damage|p1a: Skarmory|62/100
|-sideend|p2: datguycactus|Spikes|[from] move: Rapid Spin|[of] p2a: Claydol
|
|-weather|Sandstorm|[upkeep]
|-heal|p1a: Skarmory|68/100|[from] item: Leftovers
|-damage|p2a: Claydol|94/100 tox|[from] psn
|upkeep
|turn|26
|
|t:|1727812693
|switch|p2a: Celebi|Celebi|100/100
|move|p1a: Skarmory|Spikes|p2a: Celebi
|-sidestart|p2: datguycactus|Spikes
|
|-weather|Sandstorm|[upkeep]
|-damage|p2a: Celebi|94/100|[from] Sandstorm
|-heal|p1a: Skarmory|74/100|[from] item: Leftovers
|-heal|p2a: Celebi|100/100|[from] item: Leftovers
|upkeep
|turn|27
|
|t:|1727812697
|move|p2a: Celebi|Leech Seed|p1a: Skarmory
|-start|p1a: Skarmory|move: Leech Seed
|move|p1a: Skarmory|Roar|p2a: Celebi
|drag|p2a: Breloom|Breloom, M|51/100
|-damage|p2a: Breloom|39/100|[from] Spikes
|
|-weather|Sandstorm|[upkeep]
|-damage|p2a: Breloom|33/100|[from] Sandstorm
|-heal|p2a: Breloom|39/100|[from] item: Leftovers
|-heal|p1a: Skarmory|80/100|[from] item: Leftovers
|-damage|p1a: Skarmory|68/100|[from] Leech Seed|[of] p2a: Breloom
|-heal|p2a: Breloom|54/100|[silent]
|upkeep
|turn|28
|
|t:|1727812706
|-singleturn|p2a: Breloom|move: Focus Punch
|switch|p1a: Gengar|Gengar, F|53/100
|move|p2a: Breloom|Focus Punch|p1a: Gengar
|-immune|p1a: Gengar
|
|-weather|Sandstorm|[upkeep]
|-damage|p1a: Gengar|47/100|[from] Sandstorm
|-damage|p2a: Breloom|48/100|[from] Sandstorm
|-heal|p1a: Gengar|53/100|[from] item: Leftovers
|-heal|p2a: Breloom|54/100|[from] item: Leftovers
|upkeep
|turn|29
|
|t:|1727812714
|switch|p2a: Tyranitar|Tyranitar, F|100/100 par
|-damage|p2a: Tyranitar|88/100 par|[from] Spikes
|move|p1a: Gengar|Will-O-Wisp||[still]
|-fail|p1a: Gengar
|
|-weather|Sandstorm|[upkeep]
|-damage|p1a: Gengar|47/100|[from] Sandstorm
|-heal|p1a: Gengar|53/100|[from] item: Leftovers
|-heal|p2a: Tyranitar|94/100 par|[from] item: Leftovers
|upkeep
|turn|30
|
|t:|1727812723
|switch|p1a: Claydol|Claydol|100/100
|move|p2a: Tyranitar|Rock Slide|p1a: Claydol
|-resisted|p1a: Claydol
|-damage|p1a: Claydol|79/100
|
|-weather|Sandstorm|[upkeep]
|-heal|p1a: Claydol|85/100|[from] item: Leftovers
|-heal|p2a: Tyranitar|100/100 par|[from] item: Leftovers
|upkeep
|turn|31
|
|t:|1727812730
|switch|p1a: Jirachi|Jirachi|48/100 slp
|move|p2a: Tyranitar|Hidden Power|p1a: Jirachi
|-damage|p1a: Jirachi|25/100 slp
|
|-weather|Sandstorm|[upkeep]
|-heal|p1a: Jirachi|31/100 slp|[from] item: Leftovers
|upkeep
|turn|32
|
|t:|1727812738
|-curestatus|p1a: Jirachi|slp|[msg]
|move|p1a: Jirachi|Protect|p1a: Jirachi
|-singleturn|p1a: Jirachi|Protect
|move|p2a: Tyranitar|Earthquake|p1a: Jirachi
|-activate|p1a: Jirachi|Protect
|
|-weather|Sandstorm|[upkeep]
|-heal|p1a: Jirachi|37/100|[from] item: Leftovers
|upkeep
|turn|33
|
|t:|1727812742
|switch|p1a: Gengar|Gengar, F|53/100
|move|p2a: Tyranitar|Earthquake|p1a: Gengar
|-immune|p1a: Gengar
|
|-weather|Sandstorm|[upkeep]
|-damage|p1a: Gengar|47/100|[from] Sandstorm
|-heal|p1a: Gengar|53/100|[from] item: Leftovers
|upkeep
|turn|34
|
|t:|1727812748
|switch|p1a: Jirachi|Jirachi|37/100
|move|p2a: Tyranitar|Rock Slide|p1a: Jirachi
|-resisted|p1a: Jirachi
|-damage|p1a: Jirachi|19/100
|
|-weather|Sandstorm|[upkeep]
|-heal|p1a: Jirachi|25/100|[from] item: Leftovers
|upkeep
|turn|35
|
|t:|1727812757
|switch|p1a: Claydol|Claydol|85/100
|move|p2a: Tyranitar|Earthquake|p1a: Claydol
|-immune|p1a: Claydol
|
|-weather|Sandstorm|[upkeep]
|-heal|p1a: Claydol|92/100|[from] item: Leftovers
|upkeep
|turn|36
|
|t:|1727812762
|switch|p2a: Celebi|Celebi|100/100
|-damage|p2a: Celebi|88/100|[from] Spikes
|move|p1a: Claydol|Earthquake|p2a: Celebi
|-resisted|p2a: Celebi
|-damage|p2a: Celebi|75/100
|
|-weather|Sandstorm|[upkeep]
|-damage|p2a: Celebi|68/100|[from] Sandstorm
|-heal|p2a: Celebi|75/100|[from] item: Leftovers
|-heal|p1a: Claydol|98/100|[from] item: Leftovers
|upkeep
|turn|37
|
|t:|1727812788
|switch|p1a: Gengar|Gengar, F|53/100
|move|p2a: Celebi|Leech Seed|p1a: Gengar
|-start|p1a: Gengar|move: Leech Seed
|
|-weather|Sandstorm|[upkeep]
|-damage|p1a: Gengar|47/100|[from] Sandstorm
|-damage|p2a: Celebi|68/100|[from] Sandstorm
|-heal|p1a: Gengar|53/100|[from] item: Leftovers
|-damage|p1a: Gengar|40/100|[from] Leech Seed|[of] p2a: Celebi
|-heal|p2a: Celebi|78/100|[silent]
|-heal|p2a: Celebi|84/100|[from] item: Leftovers
|upkeep
|turn|38
|
|t:|1727812795
|move|p1a: Gengar|Ice Punch|p2a: Celebi
|-supereffective|p2a: Celebi
|-damage|p2a: Celebi|52/100
|move|p2a: Celebi|Psychic|p1a: Gengar
|-supereffective|p1a: Gengar
|-damage|p1a: Gengar|0 fnt
|faint|p1a: Gengar
|
|t:|1727812799
|switch|p1a: Jirachi|Jirachi|25/100
|
|-weather|Sandstorm|[upkeep]
|-damage|p2a: Celebi|46/100|[from] Sandstorm
|-heal|p2a: Celebi|52/100|[from] item: Leftovers
|-heal|p1a: Jirachi|31/100|[from] item: Leftovers
|upkeep
|turn|39
|
|t:|1727812807
|move|p2a: Celebi|Leech Seed|p1a: Jirachi
|-start|p1a: Jirachi|move: Leech Seed
|move|p1a: Jirachi|Wish|p1a: Jirachi
|
|-weather|Sandstorm|[upkeep]
|-damage|p2a: Celebi|46/100|[from] Sandstorm
|-heal|p2a: Celebi|52/100|[from] item: Leftovers
|-heal|p1a: Jirachi|38/100|[from] item: Leftovers
|-damage|p1a: Jirachi|25/100|[from] Leech Seed|[of] p2a: Celebi
|-heal|p2a: Celebi|65/100|[silent]
|upkeep
|turn|40
|
|t:|1727812814
|switch|p2a: Tyranitar|Tyranitar, F|100/100 par
|-damage|p2a: Tyranitar|88/100 par|[from] Spikes
|switch|p1a: Skarmory|Skarmory, F|68/100
|
|-heal|p1a: Skarmory|100/100|[from] move: Wish|[wisher] Jirachi
|-weather|Sandstorm|[upkeep]
|-heal|p2a: Tyranitar|94/100 par|[from] item: Leftovers
|upkeep
|turn|41
|
|t:|1727812820
|switch|p2a: Breloom|Breloom, M|54/100
|-damage|p2a: Breloom|42/100|[from] Spikes
|move|p1a: Skarmory|Spikes|p2a: Breloom
|-sidestart|p2: datguycactus|Spikes
|
|-weather|Sandstorm|[upkeep]
|-damage|p2a: Breloom|36/100|[from] Sandstorm
|-heal|p2a: Breloom|42/100|[from] item: Leftovers
|upkeep
|turn|42
|
|t:|1727812826
|move|p2a: Breloom|Spore|p1a: Skarmory
|-status|p1a: Skarmory|slp|[from] move: Spore
|cant|p1a: Skarmory|slp
|
|-weather|Sandstorm|[upkeep]
|-damage|p2a: Breloom|36/100|[from] Sandstorm
|-heal|p2a: Breloom|42/100|[from] item: Leftovers
|upkeep
|turn|43
|
|t:|1727812830
|-singleturn|p2a: Breloom|move: Focus Punch
|switch|p1a: Claydol|Claydol|98/100
|move|p2a: Breloom|Focus Punch|p1a: Claydol
|-resisted|p1a: Claydol
|-damage|p1a: Claydol|60/100
|
|-weather|Sandstorm|[upkeep]
|-damage|p2a: Breloom|36/100|[from] Sandstorm
|-heal|p2a: Breloom|42/100|[from] item: Leftovers
|-heal|p1a: Claydol|66/100|[from] item: Leftovers
|upkeep
|turn|44
|
|t:|1727812836
|switch|p2a: Claydol|Claydol|94/100 tox
|move|p1a: Claydol|Psychic|p2a: Claydol
|-resisted|p2a: Claydol
|-damage|p2a: Claydol|85/100 tox
|
|-weather|Sandstorm|[upkeep]
|-heal|p1a: Claydol|72/100|[from] item: Leftovers
|-heal|p2a: Claydol|91/100 tox|[from] item: Leftovers
|-damage|p2a: Claydol|85/100 tox|[from] psn
|upkeep
|turn|45
|
|t:|1727812842
|switch|p1a: Skarmory|Skarmory, F|100/100 slp
|move|p2a: Claydol|Rapid Spin|p1a: Skarmory
|-resisted|p1a: Skarmory
|-damage|p1a: Skarmory|99/100 slp
|-sideend|p2: datguycactus|Spikes|[from] move: Rapid Spin|[of] p2a: Claydol
|
|-weather|Sandstorm|[upkeep]
|-heal|p1a: Skarmory|100/100 slp|[from] item: Leftovers
|-heal|p2a: Claydol|91/100 tox|[from] item: Leftovers
|-damage|p2a: Claydol|79/100 tox|[from] psn
|upkeep
|turn|46
|
|t:|1727812848
|cant|p1a: Skarmory|slp
|move|p2a: Claydol|Explosion|p1a: Skarmory
|-resisted|p1a: Skarmory
|-damage|p1a: Skarmory|53/100 slp
|faint|p2a: Claydol
|
|t:|1727812855
|switch|p2a: Breloom|Breloom, M|42/100
|
|-weather|Sandstorm|[upkeep]
|-damage|p2a: Breloom|36/100|[from] Sandstorm
|-heal|p2a: Breloom|42/100|[from] item: Leftovers
|-heal|p1a: Skarmory|59/100 slp|[from] item: Leftovers
|upkeep
|turn|47
|
|t:|1727812860
|-singleturn|p2a: Breloom|move: Focus Punch
|cant|p1a: Skarmory|slp
|move|p2a: Breloom|Focus Punch|p1a: Skarmory
|-damage|p1a: Skarmory|0 fnt
|faint|p1a: Skarmory
|
|t:|1727812864
|switch|p1a: Jirachi|Jirachi|25/100
|
|-weather|Sandstorm|[upkeep]
|-damage|p2a: Breloom|36/100|[from] Sandstorm
|-heal|p2a: Breloom|42/100|[from] item: Leftovers
|-heal|p1a: Jirachi|31/100|[from] item: Leftovers
|upkeep
|turn|48
|
|t:|1727812869
|move|p2a: Breloom|Spore|p1a: Jirachi
|-status|p1a: Jirachi|slp|[from] move: Spore
|cant|p1a: Jirachi|slp
|
|-weather|Sandstorm|[upkeep]
|-damage|p2a: Breloom|36/100|[from] Sandstorm
|-heal|p2a: Breloom|42/100|[from] item: Leftovers
|-heal|p1a: Jirachi|38/100 slp|[from] item: Leftovers
|upkeep
|turn|49
|
|t:|1727812872
|-singleturn|p2a: Breloom|move: Focus Punch
|cant|p1a: Jirachi|slp
|move|p2a: Breloom|Focus Punch|p1a: Jirachi
|-damage|p1a: Jirachi|0 fnt
|faint|p1a: Jirachi
|
|t:|1727812873
|switch|p1a: Claydol|Claydol|72/100
|
|-weather|Sandstorm|[upkeep]
|-damage|p2a: Breloom|36/100|[from] Sandstorm
|-heal|p2a: Breloom|42/100|[from] item: Leftovers
|-heal|p1a: Claydol|79/100|[from] item: Leftovers
|upkeep
|turn|50
|
|t:|1727812879
|move|p2a: Breloom|Spore|p1a: Claydol
|-status|p1a: Claydol|slp|[from] move: Spore
|cant|p1a: Claydol|slp
|
|-weather|Sandstorm|[upkeep]
|-damage|p2a: Breloom|36/100|[from] Sandstorm
|-heal|p2a: Breloom|42/100|[from] item: Leftovers
|-heal|p1a: Claydol|85/100 slp|[from] item: Leftovers
|upkeep
|turn|51
|
|t:|1727812882
|switch|p2a: Celebi|Celebi|65/100
|cant|p1a: Claydol|slp
|
|-weather|Sandstorm|[upkeep]
|-damage|p2a: Celebi|58/100|[from] Sandstorm
|-heal|p2a: Celebi|65/100|[from] item: Leftovers
|-heal|p1a: Claydol|91/100 slp|[from] item: Leftovers
|upkeep
|turn|52
|
|t:|1727812884
|move|p2a: Celebi|Hidden Power|p1a: Claydol
|-supereffective|p1a: Claydol
|-damage|p1a: Claydol|46/100 slp
|cant|p1a: Claydol|slp
|
|-weather|Sandstorm|[upkeep]
|-damage|p2a: Celebi|58/100|[from] Sandstorm
|-heal|p2a: Celebi|65/100|[from] item: Leftovers
|-heal|p1a: Claydol|52/100 slp|[from] item: Leftovers
|upkeep
|turn|53
|
|t:|1727812887
|move|p2a: Celebi|Hidden Power|p1a: Claydol
|-supereffective|p1a: Claydol
|-damage|p1a: Claydol|8/100 slp
|cant|p1a: Claydol|slp
|
|-weather|Sandstorm|[upkeep]
|-damage|p2a: Celebi|58/100|[from] Sandstorm
|-heal|p2a: Celebi|65/100|[from] item: Leftovers
|-heal|p1a: Claydol|14/100 slp|[from] item: Leftovers
|upkeep
|turn|54
|
|t:|1727812889
|move|p2a: Celebi|Hidden Power|p1a: Claydol
|-supereffective|p1a: Claydol
|-damage|p1a: Claydol|0 fnt
|faint|p1a: Claydol
|
|win|datguycactus
|c|☆swinubfan123|gg
|c|☆datguycactus|gg
|player|p2|

</script>
<script type="application/json" class="data" id="replaydata-smogtours-gen3ou-793833">
{"id":"smogtours-gen3ou-793833","format":"[Gen 3] OU","players":["swinubfan123","datguycactus"],"uploadtime":1727812889,"views":105,"formatid":"gen3ou","rating":null,"private":0,"password":null}
</script>

<script defer src="js/replays.js?9d40a366"></script>
