<!DOCTYPE html>
<meta charset="utf-8" />
<meta name="viewport" content="width=device-width" />

<title>[Gen 3] OU: jimothy non-subs vs. Lemon LC - Replays - Pok&eacute;mon Showdown!</title>

<meta name="description" content="Watch a replay of a Pok&eacute;mon battle between jimothy non-subs and Lemon LC! Format: [Gen 3] OU; Date: Oct 5, 2024" />
<!--

Hey, you! Looking in the source for the replay log?

You can find them in JSON format, just add `.json` at the end of a replay URL.

https://replay.pokemonshowdown.com/gen7randomdoublesbattle-865046831.json

Or, if you only need the log itself, add `.log` instead:

https://replay.pokemonshowdown.com/gen7randomdoublesbattle-865046831.log

-->

<link rel="stylesheet" href="//pokemonshowdown.com/style/global.css?0.767286132409787" />
<link rel="stylesheet" href="//play.pokemonshowdown.com/style/font-awesome.css?0.9266228007934947" />
<link rel="stylesheet" href="//play.pokemonshowdown.com/style/battle.css?0.7924700842790926" />
<link rel="stylesheet" href="//play.pokemonshowdown.com/style/utilichart.css?0.8777417872839479" />

<!-- Global site tag (gtag.js) - Google Analytics -->
<script async src="https://www.googletagmanager.com/gtag/js?id=UA-26211653-1"></script>
<script>
  window.dataLayer = window.dataLayer || [];
  function gtag(){dataLayer.push(arguments);}
  gtag('js', new Date());

  gtag('config', 'UA-26211653-1');
</script>
<!-- End Google Analytics -->
<!-- Venatus Ad Manager - Install in <HEAD> of page -->
	<script src="https://hb.vntsm.com/v3/live/ad-manager.min.js" type="text/javascript" data-site-id="642aba63ec9a7b11c3c9c1be" data-mode="scan" async></script>
<!-- / Venatus Ad Manager -->

<style>
	@media (max-width:820px) {
		.battle {
			margin: 0 auto;
		}
		.battle-log {
			margin: 7px auto 0;
			max-width: 640px;
			height: 300px;
			position: static;
		}
	}
	.optgroup {
		display: inline-block;
		line-height: 22px;
		font-size: 10pt;
	}
	.optgroup .button {
		height: 25px;
		padding-top: 0;
		padding-bottom: 0;
	}
	.optgroup button.button {
		padding-left: 12px;
		padding-right: 12px;
	}
	.linklist {
		list-style: none;
		margin: 0.5em 0;
		padding: 0;
	}
	.linklist li {
		padding: 2px 0;
	}
	.sidebar {
		float: left;
		width: 320px;
	}
	.bar-wrapper {
		max-width: 1100px;
		margin: 0 auto;
	}
	.bar-wrapper.has-sidebar {
		max-width: 1430px;
	}
	.mainbar {
		margin: 0;
		padding-right: 1px;
	}
	.mainbar.has-sidebar {
		margin-left: 330px;
	}
	@media (min-width: 1511px) {
		.sidebar {
			width: 400px;
		}
		.bar-wrapper.has-sidebar {
			max-width: 1510px;
		}
		.mainbar.has-sidebar {
			margin-left: 410px;
		}
	}
	.section.first-section {
		margin-top: 9px;
	}
	.blocklink small {
		white-space: normal;
	}
	.button {
		vertical-align: middle;
	}
	.replay-controls {
		padding-top: 10px;
	}
	.replay-controls h1 {
		font-size: 16pt;
		font-weight: normal;
		color: #CCC;
	}
	.pagelink {
		text-align: center;
	}
	.pagelink a {
		width: 150px;
	}
	.textbox, .button {
		font-size: 11pt;
		vertical-align: middle;
	}
	@media (max-width: 450px) {
		.button {
			font-size: 9pt;
		}
	}
</style>

<div>

	<header>
		<div class="nav-wrapper"><ul class="nav">
			<li><a class="button nav-first" href="//pokemonshowdown.com/"><img src="//pokemonshowdown.com/images/pokemonshowdownbeta.png" srcset="//pokemonshowdown.com/images/pokemonshowdownbeta.png 1x, //pokemonshowdown.com/images/pokemonshowdownbeta@2x.png 2x" alt="Pok&eacute;mon Showdown" width="146" height="44" /> Home</a></li>
			<li><a class="button" href="//pokemonshowdown.com/dex/">Pok&eacute;dex</a></li>
			<li><a class="button cur" href="/">Replays</a></li>
			<li><a class="button" href="//pokemonshowdown.com/ladder/">Ladder</a></li>
			<li><a class="button nav-last" href="//pokemonshowdown.com/forums/">Forum</a></li>
			<li><a class="button greenbutton nav-first nav-last" href="//play.pokemonshowdown.com/">Play</a></li>
		</ul></div>
	</header>

	<div class="main" id="main">

		<noscript><section class="section">You need to enable JavaScript to use this page; sorry!</section></noscript>

	</div>

</div>

<script defer nomodule src="//play.pokemonshowdown.com/js/lib/ps-polyfill.js"></script>
<script defer src="//play.pokemonshowdown.com/js/lib/preact.min.js"></script>

<script defer src="//play.pokemonshowdown.com/config/config.js?6dec07f6"></script>
<script defer src="//play.pokemonshowdown.com/js/lib/jquery-1.11.0.min.js"></script>
<script defer src="//play.pokemonshowdown.com/js/lib/html-sanitizer-minified.js"></script>
<script defer src="//play.pokemonshowdown.com/js/battle-sound.js"></script>
<script defer src="//play.pokemonshowdown.com/js/battledata.js?0.6315294753075389"></script>
<script defer src="//play.pokemonshowdown.com/data/pokedex-mini.js?0.7603743185311358"></script>
<script defer src="//play.pokemonshowdown.com/data/pokedex-mini-bw.js?0.030888842834281283"></script>
<script defer src="//play.pokemonshowdown.com/data/graphics.js?0.05593094747507488"></script>
<script defer src="//play.pokemonshowdown.com/data/pokedex.js?0.47064822249611904"></script>
<script defer src="//play.pokemonshowdown.com/data/moves.js?0.8583693120512459"></script>
<script defer src="//play.pokemonshowdown.com/data/abilities.js?0.16017181182386842"></script>
<script defer src="//play.pokemonshowdown.com/data/items.js?0.4163379185673943"></script>
<script defer src="//play.pokemonshowdown.com/data/teambuilder-tables.js?0.31075597372830477"></script>
<script defer src="//play.pokemonshowdown.com/js/battle-tooltips.js?0.6536193500708172"></script>
<script defer src="//play.pokemonshowdown.com/js/battle.js?0.1916591943277901"></script>

<script defer src="js/utils.js?e31f9a17"></script>
<script defer src="js/replays-battle.js?7008c182"></script>

<!-- don't scrape this data! just add .json or .log after the URL!
Full API docs: https://github.com/smogon/pokemon-showdown-client/blob/master/WEB-API.md -->
<script type="text/plain" class="log" id="replaylog-smogtours-gen3ou-795140">
|inactive|Battle timer is ON: inactive players will automatically lose when time's up.
|t:|1728156415
|gametype|singles
|player|p1|jimothy non-subs|102|
|player|p2|Lemon LC|102|
|teamsize|p1|6
|teamsize|p2|6
|gen|3
|tier|[Gen 3] OU
|rule|Sleep Clause Mod: Limit one foe put to sleep
|rule|Switch Priority Clause Mod: Faster Pokémon switch first
|rule|Species Clause: Limit one of each Pokémon
|rule|OHKO Clause: OHKO moves are banned
|rule|Evasion Items Clause: Evasion items are banned
|rule|Evasion Moves Clause: Evasion moves are banned
|rule|Endless Battle Clause: Forcing endless battles is banned
|rule|HP Percentage Mod: HP is shown in percentages
|rule|One Boost Passer Clause: Limit one Baton Passer that has a way to boost its stats
|rule|Freeze Clause Mod: Limit one foe frozen
|
|t:|1728156415
|start
|switch|p1a: Snorlax|Snorlax, F|100/100
|switch|p2a: Harry Souttar|Swampert, F|100/100
|turn|1
|c|☆Lemon LC|glhf
|inactive|Lemon LC has 270 seconds left.
|c|☆jimothy non-subs|sorry for being late :(
|c|☆jimothy non-subs|glhf
|c|☆Lemon LC|no worries, I have no clue how long your challenge was up hope you didn't have to wait too long as well 
|inactive|Lemon LC has 240 seconds left.
|c|☆jimothy non-subs|literally 5 seconds lmao
|inactive|jimothy non-subs has 270 seconds left.
|inactive|Lemon LC has 210 seconds left.
|c|☆Lemon LC|oh okay I walked back into the room after like 10 minutes and it was the first thing I saw
|
|t:|1728156520
|switch|p2a: Gustavo Hamer|Skarmory, M|100/100
|move|p1a: Snorlax|Earthquake|p2a: Gustavo Hamer
|-immune|p2a: Gustavo Hamer
|
|upkeep
|turn|2
|
|t:|1728156530
|switch|p2a: Rhian Brewster|Dugtrio, F|100/100
|switch|p1a: Claydol|Claydol|100/100
|
|upkeep
|turn|3
|c|☆jimothy non-subs|i actually have watched one of your videos btw
|inactive|jimothy non-subs has 270 seconds left.
|inactive|Lemon LC has 240 seconds left.
|
|t:|1728156563
|switch|p2a: Ollie Arblaster|Celebi|100/100
|move|p1a: Claydol|Earthquake|p2a: Ollie Arblaster
|-resisted|p2a: Ollie Arblaster
|-damage|p2a: Ollie Arblaster|89/100
|
|-heal|p2a: Ollie Arblaster|95/100|[from] item: Leftovers
|upkeep
|turn|4
|
|t:|1728156572
|switch|p1a: Charizard|Charizard, M|100/100
|move|p2a: Ollie Arblaster|Leech Seed|p1a: Charizard
|-start|p1a: Charizard|move: Leech Seed
|
|-damage|p1a: Charizard|88/100|[from] Leech Seed|[of] p2a: Ollie Arblaster
|-heal|p2a: Ollie Arblaster|100/100|[silent]
|upkeep
|turn|5
|inactive|jimothy non-subs has 270 seconds left.
|inactive|Lemon LC has 240 seconds left.
|inactive|jimothy non-subs has 240 seconds left.
|c|☆Lemon LC|Haha lol, which one and what'd you think? 
|inactive|jimothy non-subs has 210 seconds left.
|c|☆jimothy non-subs|it was the one on psychic types in little cup
|c|☆jimothy non-subs|i remeber it was well produced
|inactive|jimothy non-subs has 180 seconds left.
|c|☆Lemon LC|Yeah I'm very proud of that one, thank you 
|inactive|jimothy non-subs has 150 seconds left.
|
|t:|1728156734
|switch|p2a: Jesuran Rak-Sakyi|Starmie|100/100
|move|p1a: Charizard|Fire Blast|p2a: Jesuran Rak-Sakyi|[miss]
|-miss|p1a: Charizard|p2a: Jesuran Rak-Sakyi
|
|-damage|p1a: Charizard|75/100|[from] Leech Seed|[of] p2a: Jesuran Rak-Sakyi
|upkeep
|turn|6
|inactive|jimothy non-subs has 120 seconds left.
|
|t:|1728156751
|switch|p1a: Snorlax|Snorlax, F|100/100
|move|p2a: Jesuran Rak-Sakyi|Thunder Wave|p1a: Snorlax
|-status|p1a: Snorlax|par
|
|upkeep
|turn|7
|
|t:|1728156755
|switch|p2a: Gustavo Hamer|Skarmory, M|100/100
|switch|p1a: Raikou|Raikou|100/100
|
|upkeep
|turn|8
|
|t:|1728156768
|switch|p2a: Michael Cooper|Blissey, F|100/100
|move|p1a: Raikou|Substitute|p1a: Raikou
|-start|p1a: Raikou|Substitute
|-damage|p1a: Raikou|76/100
|
|-heal|p1a: Raikou|82/100|[from] item: Leftovers
|upkeep
|turn|9
|
|t:|1728156783
|move|p1a: Raikou|Thunderbolt|p2a: Michael Cooper
|-damage|p2a: Michael Cooper|82/100
|move|p2a: Michael Cooper|Ice Beam|p1a: Raikou
|-end|p1a: Raikou|Substitute
|
|-heal|p1a: Raikou|88/100|[from] item: Leftovers
|-heal|p2a: Michael Cooper|88/100|[from] item: Leftovers
|upkeep
|turn|10
|
|t:|1728156810
|switch|p1a: Snorlax|Snorlax, F|100/100 par
|move|p2a: Michael Cooper|Calm Mind|p2a: Michael Cooper
|-boost|p2a: Michael Cooper|spa|1
|-boost|p2a: Michael Cooper|spd|1
|
|-heal|p2a: Michael Cooper|94/100|[from] item: Leftovers
|upkeep
|turn|11
|
|t:|1728156824
|switch|p2a: Gustavo Hamer|Skarmory, M|100/100
|cant|p1a: Snorlax|par
|
|upkeep
|turn|12
|
|t:|1728156835
|switch|p1a: Claydol|Claydol|100/100
|move|p2a: Gustavo Hamer|Spikes|p1a: Claydol
|-sidestart|p1: jimothy non-subs|Spikes
|
|upkeep
|turn|13
|
|t:|1728156841
|move|p2a: Gustavo Hamer|Protect|p2a: Gustavo Hamer
|-singleturn|p2a: Gustavo Hamer|Protect
|move|p1a: Claydol|Rapid Spin|p2a: Gustavo Hamer
|-activate|p2a: Gustavo Hamer|Protect
|
|upkeep
|turn|14
|
|t:|1728156850
|move|p1a: Claydol|Rapid Spin|p2a: Gustavo Hamer
|-resisted|p2a: Gustavo Hamer
|-damage|p2a: Gustavo Hamer|99/100
|-sideend|p1: jimothy non-subs|Spikes|[from] move: Rapid Spin|[of] p1a: Claydol
|move|p2a: Gustavo Hamer|Toxic|p1a: Claydol
|-status|p1a: Claydol|tox
|
|-damage|p1a: Claydol|94/100 tox|[from] psn
|-heal|p2a: Gustavo Hamer|100/100|[from] item: Leftovers
|upkeep
|turn|15
|
|t:|1728156856
|switch|p1a: Charizard|Charizard, M|75/100
|move|p2a: Gustavo Hamer|Spikes|p1a: Charizard
|-sidestart|p1: jimothy non-subs|Spikes
|
|upkeep
|turn|16
|inactive|jimothy non-subs has 150 seconds left.
|inactive|Lemon LC has 270 seconds left.
|
|t:|1728156877
|switch|p1a: Raikou|Raikou|88/100
|-damage|p1a: Raikou|76/100|[from] Spikes
|switch|p2a: Jesuran Rak-Sakyi|Starmie|100/100
|
|-heal|p1a: Raikou|82/100|[from] item: Leftovers
|upkeep
|turn|17
|inactive|jimothy non-subs has 150 seconds left.
|inactive|Lemon LC has 270 seconds left.
|
|t:|1728156886
|switch|p2a: Michael Cooper|Blissey, F|94/100
|move|p1a: Raikou|Thunderbolt|p2a: Michael Cooper
|-damage|p2a: Michael Cooper|74/100
|
|-heal|p1a: Raikou|88/100|[from] item: Leftovers
|-heal|p2a: Michael Cooper|80/100|[from] item: Leftovers
|upkeep
|turn|18
|inactive|jimothy non-subs has 150 seconds left.
|inactive|Lemon LC has 270 seconds left.
|
|t:|1728156905
|move|p1a: Raikou|Calm Mind|p1a: Raikou
|-boost|p1a: Raikou|spa|1
|-boost|p1a: Raikou|spd|1
|move|p2a: Michael Cooper|Thunderbolt|p1a: Raikou
|-resisted|p1a: Raikou
|-damage|p1a: Raikou|80/100
|
|-heal|p1a: Raikou|86/100|[from] item: Leftovers
|-heal|p2a: Michael Cooper|87/100|[from] item: Leftovers
|upkeep
|turn|19
|
|t:|1728156910
|move|p1a: Raikou|Substitute|p1a: Raikou
|-start|p1a: Raikou|Substitute
|-damage|p1a: Raikou|61/100
|move|p2a: Michael Cooper|Calm Mind|p2a: Michael Cooper
|-boost|p2a: Michael Cooper|spa|1
|-boost|p2a: Michael Cooper|spd|1
|
|-heal|p1a: Raikou|67/100|[from] item: Leftovers
|-heal|p2a: Michael Cooper|93/100|[from] item: Leftovers
|upkeep
|turn|20
|
|t:|1728156916
|move|p1a: Raikou|Thunderbolt|p2a: Michael Cooper
|-damage|p2a: Michael Cooper|74/100
|move|p2a: Michael Cooper|Ice Beam|p1a: Raikou
|-end|p1a: Raikou|Substitute
|
|-heal|p1a: Raikou|74/100|[from] item: Leftovers
|-heal|p2a: Michael Cooper|80/100|[from] item: Leftovers
|upkeep
|turn|21
|
|t:|1728156932
|switch|p1a: Snorlax|Snorlax, F|100/100 par
|-damage|p1a: Snorlax|88/100 par|[from] Spikes
|move|p2a: Michael Cooper|Calm Mind|p2a: Michael Cooper
|-boost|p2a: Michael Cooper|spa|1
|-boost|p2a: Michael Cooper|spd|1
|
|-heal|p2a: Michael Cooper|87/100|[from] item: Leftovers
|-heal|p1a: Snorlax|94/100 par|[from] item: Leftovers
|upkeep
|turn|22
|
|t:|1728156947
|move|p2a: Michael Cooper|Thunderbolt|p1a: Snorlax
|-crit|p1a: Snorlax
|-damage|p1a: Snorlax|37/100 par
|cant|p1a: Snorlax|par
|
|-heal|p2a: Michael Cooper|93/100|[from] item: Leftovers
|-heal|p1a: Snorlax|43/100 par|[from] item: Leftovers
|upkeep
|turn|23
|
|t:|1728156956
|move|p2a: Michael Cooper|Ice Beam|p1a: Snorlax
|-damage|p1a: Snorlax|15/100 par
|move|p1a: Snorlax|Self-Destruct|p2a: Michael Cooper
|-damage|p2a: Michael Cooper|0 fnt
|faint|p1a: Snorlax
|faint|p2a: Michael Cooper
|
|t:|1728156973
|switch|p2a: Ollie Arblaster|Celebi|100/100
|switch|p1a: Claydol|Claydol|94/100 tox
|
|-heal|p1a: Claydol|100/100 tox|[from] item: Leftovers
|-damage|p1a: Claydol|94/100 tox|[from] psn
|upkeep
|turn|24
|
|t:|1728156981
|move|p2a: Ollie Arblaster|Leech Seed|p1a: Claydol
|-start|p1a: Claydol|move: Leech Seed
|move|p1a: Claydol|Sunny Day|p1a: Claydol
|-weather|SunnyDay
|
|-weather|SunnyDay|[upkeep]
|-heal|p1a: Claydol|100/100 tox|[from] item: Leftovers
|-damage|p1a: Claydol|88/100 tox|[from] Leech Seed|[of] p2a: Ollie Arblaster
|-damage|p1a: Claydol|75/100 tox|[from] psn
|upkeep
|turn|25
|
|t:|1728156991
|move|p2a: Ollie Arblaster|Leech Seed||[still]
|-fail|p2a: Ollie Arblaster
|move|p1a: Claydol|Rapid Spin|p2a: Ollie Arblaster
|-damage|p2a: Ollie Arblaster|97/100
|-end|p1a: Claydol|Leech Seed|[from] move: Rapid Spin|[of] p1a: Claydol
|-sideend|p1: jimothy non-subs|Spikes|[from] move: Rapid Spin|[of] p1a: Claydol
|
|-weather|SunnyDay|[upkeep]
|-heal|p2a: Ollie Arblaster|100/100|[from] item: Leftovers
|-heal|p1a: Claydol|82/100 tox|[from] item: Leftovers
|-damage|p1a: Claydol|63/100 tox|[from] psn
|upkeep
|turn|26
|
|t:|1728157001
|move|p2a: Ollie Arblaster|Leech Seed|p1a: Claydol
|-start|p1a: Claydol|move: Leech Seed
|move|p1a: Claydol|Explosion|p2a: Ollie Arblaster
|-damage|p2a: Ollie Arblaster|27/100
|faint|p1a: Claydol
|
|t:|1728157009
|switch|p1a: Dugtrio|Dugtrio, M|100/100
|
|-weather|SunnyDay|[upkeep]
|-heal|p2a: Ollie Arblaster|33/100|[from] item: Leftovers
|upkeep
|turn|27
|
|t:|1728157017
|move|p1a: Dugtrio|Hidden Power|p2a: Ollie Arblaster
|-supereffective|p2a: Ollie Arblaster
|-damage|p2a: Ollie Arblaster|0 fnt
|faint|p2a: Ollie Arblaster
|
|t:|1728157020
|switch|p2a: Rhian Brewster|Dugtrio, F|100/100
|
|-weather|SunnyDay|[upkeep]
|upkeep
|turn|28
|
|t:|1728157022
|move|p1a: Dugtrio|Hidden Power|p2a: Rhian Brewster
|-damage|p2a: Rhian Brewster|19/100
|move|p2a: Rhian Brewster|Earthquake|p1a: Dugtrio
|-damage|p1a: Dugtrio|0 fnt
|faint|p1a: Dugtrio
|
|t:|1728157026
|switch|p1a: Charizard|Charizard, M|75/100
|
|-weather|none
|-heal|p2a: Rhian Brewster|25/100|[from] item: Leftovers
|upkeep
|turn|29
|
|t:|1728157042
|switch|p2a: Jesuran Rak-Sakyi|Starmie|100/100
|move|p1a: Charizard|Substitute|p1a: Charizard
|-start|p1a: Charizard|Substitute
|-damage|p1a: Charizard|50/100
|
|upkeep
|turn|30
|
|t:|1728157050
|move|p2a: Jesuran Rak-Sakyi|Surf|p1a: Charizard
|-supereffective|p1a: Charizard
|-end|p1a: Charizard|Substitute
|move|p1a: Charizard|Fire Blast|p2a: Jesuran Rak-Sakyi
|-resisted|p2a: Jesuran Rak-Sakyi
|-damage|p2a: Jesuran Rak-Sakyi|69/100
|
|-heal|p2a: Jesuran Rak-Sakyi|75/100|[from] item: Leftovers
|upkeep
|turn|31
|
|t:|1728157062
|switch|p2a: Rhian Brewster|Dugtrio, F|25/100
|switch|p1a: Suicune|Suicune|100/100
|
|-heal|p2a: Rhian Brewster|31/100|[from] item: Leftovers
|upkeep
|turn|32
|inactive|jimothy non-subs has 210 seconds left.
|
|t:|1728157075
|switch|p2a: Gustavo Hamer|Skarmory, M|100/100
|move|p1a: Suicune|Calm Mind|p1a: Suicune
|-boost|p1a: Suicune|spa|1
|-boost|p1a: Suicune|spd|1
|
|upkeep
|turn|33
|
|t:|1728157079
|move|p1a: Suicune|Hydro Pump|p2a: Gustavo Hamer
|-damage|p2a: Gustavo Hamer|30/100
|move|p2a: Gustavo Hamer|Toxic|p1a: Suicune
|-status|p1a: Suicune|tox
|
|-damage|p1a: Suicune|94/100 tox|[from] psn
|-heal|p2a: Gustavo Hamer|36/100|[from] item: Leftovers
|upkeep
|turn|34
|
|t:|1728157086
|move|p1a: Suicune|Ice Beam|p2a: Gustavo Hamer
|-damage|p2a: Gustavo Hamer|0 fnt
|faint|p2a: Gustavo Hamer
|
|t:|1728157116
|switch|p2a: Harry Souttar|Swampert, F|100/100
|
|-heal|p1a: Suicune|100/100 tox|[from] item: Leftovers
|-damage|p1a: Suicune|88/100 tox|[from] psn
|upkeep
|turn|35
|
|t:|1728157132
|move|p2a: Harry Souttar|Protect|p2a: Harry Souttar
|-singleturn|p2a: Harry Souttar|Protect
|move|p1a: Suicune|Hydro Pump|p2a: Harry Souttar
|-activate|p2a: Harry Souttar|Protect
|
|-heal|p1a: Suicune|94/100 tox|[from] item: Leftovers
|-damage|p1a: Suicune|76/100 tox|[from] psn
|upkeep
|turn|36
|
|t:|1728157143
|move|p1a: Suicune|Ice Beam|p2a: Harry Souttar
|-damage|p2a: Harry Souttar|64/100
|move|p2a: Harry Souttar|Roar|p1a: Suicune
|drag|p1a: Charizard|Charizard, M|50/100
|
|-heal|p2a: Harry Souttar|70/100|[from] item: Leftovers
|upkeep
|turn|37
|
|t:|1728157150
|switch|p1a: Suicune|Suicune|76/100 tox
|move|p2a: Harry Souttar|Surf|p1a: Suicune
|-resisted|p1a: Suicune
|-damage|p1a: Suicune|63/100 tox
|
|-heal|p1a: Suicune|69/100 tox|[from] item: Leftovers
|-damage|p1a: Suicune|63/100 tox|[from] psn
|-heal|p2a: Harry Souttar|76/100|[from] item: Leftovers
|upkeep
|turn|38
|inactive|jimothy non-subs has 240 seconds left.
|inactive|Lemon LC has 270 seconds left.
|
|t:|1728157195
|move|p1a: Suicune|Ice Beam|p2a: Harry Souttar
|-damage|p2a: Harry Souttar|52/100
|move|p2a: Harry Souttar|Surf|p1a: Suicune
|-resisted|p1a: Suicune
|-damage|p1a: Suicune|50/100 tox
|
|-heal|p1a: Suicune|57/100 tox|[from] item: Leftovers
|-damage|p1a: Suicune|44/100 tox|[from] psn
|-heal|p2a: Harry Souttar|58/100|[from] item: Leftovers
|upkeep
|turn|39
|inactive|Lemon LC has 270 seconds left.
|
|t:|1728157202
|move|p1a: Suicune|Calm Mind|p1a: Suicune
|-boost|p1a: Suicune|spa|1
|-boost|p1a: Suicune|spd|1
|move|p2a: Harry Souttar|Roar|p1a: Suicune
|drag|p1a: Raikou|Raikou|74/100
|
|-heal|p1a: Raikou|80/100|[from] item: Leftovers
|-heal|p2a: Harry Souttar|64/100|[from] item: Leftovers
|upkeep
|turn|40
|inactive|Lemon LC has 270 seconds left.
|
|t:|1728157223
|move|p1a: Raikou|Hidden Power|p2a: Harry Souttar
|-supereffective|p2a: Harry Souttar
|-damage|p2a: Harry Souttar|0 fnt
|faint|p2a: Harry Souttar
|
|t:|1728157226
|switch|p2a: Rhian Brewster|Dugtrio, F|31/100
|
|-heal|p2a: Rhian Brewster|37/100|[from] item: Leftovers
|-heal|p1a: Raikou|86/100|[from] item: Leftovers
|upkeep
|turn|41
|
|t:|1728157230
|move|p2a: Rhian Brewster|Earthquake|p1a: Raikou
|-supereffective|p1a: Raikou
|-damage|p1a: Raikou|0 fnt
|faint|p1a: Raikou
|
|t:|1728157237
|switch|p1a: Charizard|Charizard, M|50/100
|
|-heal|p2a: Rhian Brewster|43/100|[from] item: Leftovers
|upkeep
|turn|42
|
|t:|1728157241
|switch|p2a: Jesuran Rak-Sakyi|Starmie|75/100
|move|p1a: Charizard|Substitute|p1a: Charizard
|-start|p1a: Charizard|Substitute
|-damage|p1a: Charizard|25/100
|
|-heal|p2a: Jesuran Rak-Sakyi|81/100|[from] item: Leftovers
|-enditem|p1a: Charizard|Petaya Berry|[eat]
|-boost|p1a: Charizard|spa|1|[from] item: Petaya Berry
|upkeep
|turn|43
|
|t:|1728157244
|move|p2a: Jesuran Rak-Sakyi|Surf|p1a: Charizard
|-supereffective|p1a: Charizard
|-end|p1a: Charizard|Substitute
|move|p1a: Charizard|Fire Blast|p2a: Jesuran Rak-Sakyi
|-resisted|p2a: Jesuran Rak-Sakyi
|-damage|p2a: Jesuran Rak-Sakyi|14/100
|
|-heal|p2a: Jesuran Rak-Sakyi|20/100|[from] item: Leftovers
|upkeep
|turn|44
|
|t:|1728157252
|move|p2a: Jesuran Rak-Sakyi|Surf|p1a: Charizard
|-supereffective|p1a: Charizard
|-damage|p1a: Charizard|0 fnt
|faint|p1a: Charizard
|
|t:|1728157254
|switch|p1a: Suicune|Suicune|44/100 tox
|
|-heal|p2a: Jesuran Rak-Sakyi|26/100|[from] item: Leftovers
|-heal|p1a: Suicune|50/100 tox|[from] item: Leftovers
|-damage|p1a: Suicune|44/100 tox|[from] psn
|upkeep
|turn|45
|
|t:|1728157257
|move|p2a: Jesuran Rak-Sakyi|Recover|p2a: Jesuran Rak-Sakyi
|-heal|p2a: Jesuran Rak-Sakyi|76/100
|move|p1a: Suicune|Hydro Pump|p2a: Jesuran Rak-Sakyi
|-resisted|p2a: Jesuran Rak-Sakyi
|-damage|p2a: Jesuran Rak-Sakyi|46/100
|
|-heal|p2a: Jesuran Rak-Sakyi|52/100|[from] item: Leftovers
|-heal|p1a: Suicune|50/100 tox|[from] item: Leftovers
|-damage|p1a: Suicune|38/100 tox|[from] psn
|upkeep
|turn|46
|
|t:|1728157264
|move|p2a: Jesuran Rak-Sakyi|Surf|p1a: Suicune
|-resisted|p1a: Suicune
|-damage|p1a: Suicune|25/100 tox
|move|p1a: Suicune|Ice Beam|p2a: Jesuran Rak-Sakyi
|-resisted|p2a: Jesuran Rak-Sakyi
|-damage|p2a: Jesuran Rak-Sakyi|34/100
|
|-heal|p2a: Jesuran Rak-Sakyi|41/100|[from] item: Leftovers
|-heal|p1a: Suicune|31/100 tox|[from] item: Leftovers
|-damage|p1a: Suicune|13/100 tox|[from] psn
|upkeep
|turn|47
|c|☆jimothy non-subs|gg
|
|t:|1728157271
|move|p2a: Jesuran Rak-Sakyi|Surf|p1a: Suicune
|-resisted|p1a: Suicune
|-damage|p1a: Suicune|0 fnt
|faint|p1a: Suicune
|
|win|Lemon LC
|c|☆Lemon LC|gg
|player|p1|
|player|p2|
|player|p2|Lemon LC|102|

</script>
<script type="application/json" class="data" id="replaydata-smogtours-gen3ou-795140">
{"id":"smogtours-gen3ou-795140","format":"[Gen 3] OU","players":["jimothy non-subs","Lemon LC"],"uploadtime":1728157271,"views":143,"formatid":"gen3ou","rating":null,"private":0,"password":null}
</script>

<script defer src="js/replays.js?9d40a366"></script>
