<!DOCTYPE html>
<meta charset="utf-8" />
<meta name="viewport" content="width=device-width" />

<title>[Gen 3] OU: billclintonlol vs. knexhawk2 - Replays - Pok&eacute;mon Showdown!</title>

<meta name="description" content="Watch a replay of a Pok&eacute;mon battle between billclintonlol and knexhawk2! Format: [Gen 3] OU; Date: Nov 3, 2024" />
<!--

Hey, you! Looking in the source for the replay log?

You can find them in JSON format, just add `.json` at the end of a replay URL.

https://replay.pokemonshowdown.com/gen7randomdoublesbattle-865046831.json

Or, if you only need the log itself, add `.log` instead:

https://replay.pokemonshowdown.com/gen7randomdoublesbattle-865046831.log

-->

<link rel="stylesheet" href="//pokemonshowdown.com/style/global.css?0.023195364461161105" />
<link rel="stylesheet" href="//play.pokemonshowdown.com/style/font-awesome.css?0.13261647063804238" />
<link rel="stylesheet" href="//play.pokemonshowdown.com/style/battle.css?0.8753245789963631" />
<link rel="stylesheet" href="//play.pokemonshowdown.com/style/utilichart.css?0.8627959624976733" />

<!-- Global site tag (gtag.js) - Google Analytics -->
<script async src="https://www.googletagmanager.com/gtag/js?id=UA-26211653-1"></script>
<script>
  window.dataLayer = window.dataLayer || [];
  function gtag(){dataLayer.push(arguments);}
  gtag('js', new Date());

  gtag('config', 'UA-26211653-1');
</script>
<!-- End Google Analytics -->
<!-- Venatus Ad Manager - Install in <HEAD> of page -->
	<script src="https://hb.vntsm.com/v3/live/ad-manager.min.js" type="text/javascript" data-site-id="642aba63ec9a7b11c3c9c1be" data-mode="scan" async></script>
<!-- / Venatus Ad Manager -->

<style>
	@media (max-width:820px) {
		.battle {
			margin: 0 auto;
		}
		.battle-log {
			margin: 7px auto 0;
			max-width: 640px;
			height: 300px;
			position: static;
		}
	}
	.optgroup {
		display: inline-block;
		line-height: 22px;
		font-size: 10pt;
	}
	.optgroup .button {
		height: 25px;
		padding-top: 0;
		padding-bottom: 0;
	}
	.optgroup button.button {
		padding-left: 12px;
		padding-right: 12px;
	}
	.linklist {
		list-style: none;
		margin: 0.5em 0;
		padding: 0;
	}
	.linklist li {
		padding: 2px 0;
	}
	.sidebar {
		float: left;
		width: 320px;
	}
	.bar-wrapper {
		max-width: 1100px;
		margin: 0 auto;
	}
	.bar-wrapper.has-sidebar {
		max-width: 1430px;
	}
	.mainbar {
		margin: 0;
		padding-right: 1px;
	}
	.mainbar.has-sidebar {
		margin-left: 330px;
	}
	@media (min-width: 1511px) {
		.sidebar {
			width: 400px;
		}
		.bar-wrapper.has-sidebar {
			max-width: 1510px;
		}
		.mainbar.has-sidebar {
			margin-left: 410px;
		}
	}
	.section.first-section {
		margin-top: 9px;
	}
	.blocklink small {
		white-space: normal;
	}
	.button {
		vertical-align: middle;
	}
	.replay-controls {
		padding-top: 10px;
	}
	.replay-controls h1 {
		font-size: 16pt;
		font-weight: normal;
		color: #CCC;
	}
	.pagelink {
		text-align: center;
	}
	.pagelink a {
		width: 150px;
	}
	.textbox, .button {
		font-size: 11pt;
		vertical-align: middle;
	}
	@media (max-width: 450px) {
		.button {
			font-size: 9pt;
		}
	}
</style>

<div>

	<header>
		<div class="nav-wrapper"><ul class="nav">
			<li><a class="button nav-first" href="//pokemonshowdown.com/"><img src="//pokemonshowdown.com/images/pokemonshowdownbeta.png" srcset="//pokemonshowdown.com/images/pokemonshowdownbeta.png 1x, //pokemonshowdown.com/images/pokemonshowdownbeta@2x.png 2x" alt="Pok&eacute;mon Showdown" width="146" height="44" /> Home</a></li>
			<li><a class="button" href="//pokemonshowdown.com/dex/">Pok&eacute;dex</a></li>
			<li><a class="button cur" href="/">Replays</a></li>
			<li><a class="button" href="//pokemonshowdown.com/ladder/">Ladder</a></li>
			<li><a class="button nav-last" href="//pokemonshowdown.com/forums/">Forum</a></li>
			<li><a class="button greenbutton nav-first nav-last" href="//play.pokemonshowdown.com/">Play</a></li>
		</ul></div>
	</header>

	<div class="main" id="main">

		<noscript><section class="section">You need to enable JavaScript to use this page; sorry!</section></noscript>

	</div>

</div>

<script defer nomodule src="//play.pokemonshowdown.com/js/lib/ps-polyfill.js"></script>
<script defer src="//play.pokemonshowdown.com/js/lib/preact.min.js"></script>

<script defer src="//play.pokemonshowdown.com/config/config.js?2bddbc15"></script>
<script defer src="//play.pokemonshowdown.com/js/lib/jquery-1.11.0.min.js"></script>
<script defer src="//play.pokemonshowdown.com/js/lib/html-sanitizer-minified.js"></script>
<script defer src="//play.pokemonshowdown.com/js/battle-sound.js"></script>
<script defer src="//play.pokemonshowdown.com/js/battledata.js?0.7209276989879541"></script>
<script defer src="//play.pokemonshowdown.com/data/pokedex-mini.js?0.6111056340867951"></script>
<script defer src="//play.pokemonshowdown.com/data/pokedex-mini-bw.js?0.3532142036491459"></script>
<script defer src="//play.pokemonshowdown.com/data/graphics.js?0.24223875632456182"></script>
<script defer src="//play.pokemonshowdown.com/data/pokedex.js?0.38839984266356864"></script>
<script defer src="//play.pokemonshowdown.com/data/moves.js?0.21866028504024015"></script>
<script defer src="//play.pokemonshowdown.com/data/abilities.js?0.2005157953846628"></script>
<script defer src="//play.pokemonshowdown.com/data/items.js?0.9894211263848525"></script>
<script defer src="//play.pokemonshowdown.com/data/teambuilder-tables.js?0.6008791140282215"></script>
<script defer src="//play.pokemonshowdown.com/js/battle-tooltips.js?0.7580118955022959"></script>
<script defer src="//play.pokemonshowdown.com/js/battle.js?0.6057722274234274"></script>

<script defer src="js/utils.js?e31f9a17"></script>
<script defer src="js/replays-battle.js?7008c182"></script>

<!-- don't scrape this data! just add .json or .log after the URL!
Full API docs: https://github.com/smogon/pokemon-showdown-client/blob/master/WEB-API.md -->
<script type="text/plain" class="log" id="replaylog-smogtours-gen3ou-804449">
|inactive|Battle timer is ON: inactive players will automatically lose when time's up.
|badge|p2|gold|gen9ou|3-3
|uhtml|medal-msg|<div class="broadcast-blue">Curious what those medals under the avatar are? PS now has Ladder Seasons! For more information, check out the <a href="https://www.smogon.com/forums/threads/3740067/">thread on Smogon.<\/a><\/div>
|t:|1730656849
|gametype|singles
|player|p1|billclintonlol|lucas|
|player|p2|knexhawk2|benga|
|teamsize|p1|6
|teamsize|p2|6
|gen|3
|tier|[Gen 3] OU
|rule|Sleep Clause Mod: Limit one foe put to sleep
|rule|Switch Priority Clause Mod: Faster Pokémon switch first
|rule|Species Clause: Limit one of each Pokémon
|rule|OHKO Clause: OHKO moves are banned
|rule|Evasion Items Clause: Evasion items are banned
|rule|Evasion Moves Clause: Evasion moves are banned
|rule|Endless Battle Clause: Forcing endless battles is banned
|rule|HP Percentage Mod: HP is shown in percentages
|rule|One Boost Passer Clause: Limit one Baton Passer that has a way to boost its stats
|rule|Freeze Clause Mod: Limit one foe frozen
|
|t:|1730656849
|start
|switch|p1a: yuh|Hariyama, M|100/100
|switch|p2a: Zapdos|Zapdos|100/100
|turn|1
|
|t:|1730656871
|move|p2a: Zapdos|Thunderbolt|p1a: yuh
|-damage|p1a: yuh|64/100
|move|p1a: yuh|Knock Off|p2a: Zapdos
|-damage|p2a: Zapdos|98/100
|-enditem|p2a: Zapdos|Leftovers|[from] move: Knock Off|[of] p1a: yuh
|-hint|In Gens 3-4, Knock Off only makes the target's item unusable; it cannot obtain a new item.
|
|-heal|p1a: yuh|70/100|[from] item: Leftovers
|upkeep
|turn|2
|
|t:|1730656877
|switch|p1a: big hoe|Blissey, F|100/100
|move|p2a: Zapdos|Thunderbolt|p1a: big hoe
|-damage|p1a: big hoe|83/100
|
|-heal|p1a: big hoe|89/100|[from] item: Leftovers
|upkeep
|turn|3
|
|t:|1730656881
|switch|p2a: Metagross|Metagross|100/100
|switch|p1a: yuh|Hariyama, M|70/100
|
|-heal|p1a: yuh|76/100|[from] item: Leftovers
|upkeep
|turn|4
|
|t:|1730656904
|switch|p1a: yuhhhh|Metagross|100/100
|move|p2a: Metagross|Meteor Mash|p1a: yuhhhh|[miss]
|-miss|p2a: Metagross|p1a: yuhhhh
|
|upkeep
|turn|5
|
|t:|1730656913
|switch|p2a: Zapdos|Zapdos|98/100
|move|p1a: yuhhhh|Meteor Mash|p2a: Zapdos
|-resisted|p2a: Zapdos
|-damage|p2a: Zapdos|68/100
|
|upkeep
|turn|6
|
|t:|1730656920
|switch|p1a: big hoe|Blissey, F|89/100
|move|p2a: Zapdos|Baton Pass|p2a: Zapdos
|
|t:|1730656921
|switch|p2a: Metagross|Metagross|100/100|[from] Baton Pass
|
|-heal|p1a: big hoe|95/100|[from] item: Leftovers
|upkeep
|turn|7
|
|t:|1730656930
|switch|p1a: yuhh|Starmie|100/100
|move|p2a: Metagross|Earthquake|p1a: yuhh
|-damage|p1a: yuhh|35/100
|
|-heal|p1a: yuhh|41/100|[from] item: Leftovers
|upkeep
|turn|8
|
|t:|1730656938
|switch|p1a: yuhhhhh|Salamence, M|100/100
|-ability|p1a: yuhhhhh|Intimidate|boost
|-fail|p2a: Metagross|unboost|[from] ability: Clear Body|[of] p2a: Metagross
|switch|p2a: Snorlax|Snorlax, M|100/100
|
|upkeep
|turn|9
|
|t:|1730656949
|switch|p1a: yuhhh|Tyranitar, M|100/100
|-weather|Sandstorm|[from] ability: Sand Stream|[of] p1a: yuhhh
|switch|p2a: Salamence|Salamence, M|100/100
|-ability|p2a: Salamence|Intimidate|boost
|-unboost|p1a: yuhhh|atk|1
|
|-weather|Sandstorm|[upkeep]
|-damage|p2a: Salamence|94/100|[from] Sandstorm
|-heal|p2a: Salamence|100/100|[from] item: Leftovers
|upkeep
|turn|10
|
|t:|1730656960
|switch|p2a: Swampert|Swampert, F|100/100
|switch|p1a: yuhhhhh|Salamence, M|100/100
|-ability|p1a: yuhhhhh|Intimidate|boost
|-unboost|p2a: Swampert|atk|1
|
|-weather|Sandstorm|[upkeep]
|-damage|p1a: yuhhhhh|94/100|[from] Sandstorm
|upkeep
|turn|11
|
|t:|1730656985
|switch|p1a: yuhh|Starmie|41/100
|move|p2a: Swampert|Earthquake|p1a: yuhh
|-damage|p1a: yuhh|9/100
|
|-weather|Sandstorm|[upkeep]
|-damage|p1a: yuhh|2/100|[from] Sandstorm
|-heal|p1a: yuhh|9/100|[from] item: Leftovers
|upkeep
|turn|12
|
|t:|1730656996
|switch|p2a: Zapdos|Zapdos|68/100
|move|p1a: yuhh|Recover|p1a: yuhh
|-heal|p1a: yuhh|59/100
|
|-weather|Sandstorm|[upkeep]
|-damage|p1a: yuhh|52/100|[from] Sandstorm
|-damage|p2a: Zapdos|62/100|[from] Sandstorm
|-heal|p1a: yuhh|59/100|[from] item: Leftovers
|upkeep
|turn|13
|
|t:|1730657014
|switch|p1a: big hoe|Blissey, F|95/100
|move|p2a: Zapdos|Baton Pass|p2a: Zapdos
|
|t:|1730657016
|switch|p2a: Metagross|Metagross|100/100|[from] Baton Pass
|
|-weather|Sandstorm|[upkeep]
|-damage|p1a: big hoe|89/100|[from] Sandstorm
|-heal|p1a: big hoe|95/100|[from] item: Leftovers
|upkeep
|turn|14
|
|t:|1730657031
|switch|p1a: yuhhhhh|Salamence, M|94/100
|-ability|p1a: yuhhhhh|Intimidate|boost
|-fail|p2a: Metagross|unboost|[from] ability: Clear Body|[of] p2a: Metagross
|move|p2a: Metagross|Earthquake|p1a: yuhhhhh
|-immune|p1a: yuhhhhh
|
|-weather|Sandstorm|[upkeep]
|-damage|p1a: yuhhhhh|88/100|[from] Sandstorm
|upkeep
|turn|15
|
|t:|1730657043
|switch|p2a: Swampert|Swampert, F|100/100
|move|p1a: yuhhhhh|Rock Slide|p2a: Swampert
|-resisted|p2a: Swampert
|-damage|p2a: Swampert|79/100
|
|-weather|Sandstorm|[upkeep]
|-damage|p1a: yuhhhhh|82/100|[from] Sandstorm
|-heal|p2a: Swampert|86/100|[from] item: Leftovers
|upkeep
|turn|16
|
|t:|1730657057
|switch|p1a: yuhh|Starmie|59/100
|move|p2a: Swampert|Curse|p2a: Swampert
|-unboost|p2a: Swampert|spe|1
|-boost|p2a: Swampert|atk|1
|-boost|p2a: Swampert|def|1
|
|-weather|Sandstorm|[upkeep]
|-damage|p1a: yuhh|52/100|[from] Sandstorm
|-heal|p1a: yuhh|59/100|[from] item: Leftovers
|-heal|p2a: Swampert|92/100|[from] item: Leftovers
|upkeep
|turn|17
|
|t:|1730657065
|move|p1a: yuhh|Recover|p1a: yuhh
|-heal|p1a: yuhh|100/100
|move|p2a: Swampert|Earthquake|p1a: yuhh
|-crit|p1a: yuhh
|-damage|p1a: yuhh|0 fnt
|faint|p1a: yuhh
|
|t:|1730657068
|switch|p1a: yuhhh|Tyranitar, M|100/100
|
|-weather|Sandstorm|[upkeep]
|-heal|p2a: Swampert|98/100|[from] item: Leftovers
|upkeep
|turn|18
|
|t:|1730657076
|switch|p2a: Metagross|Metagross|100/100
|move|p1a: yuhhh|Hidden Power|p2a: Metagross
|-resisted|p2a: Metagross
|-damage|p2a: Metagross|89/100
|
|-weather|Sandstorm|[upkeep]
|upkeep
|turn|19
|
|t:|1730657084
|switch|p1a: yuhhhh|Metagross|100/100
|move|p2a: Metagross|Earthquake|p1a: yuhhhh
|-supereffective|p1a: yuhhhh
|-damage|p1a: yuhhhh|22/100
|
|-weather|Sandstorm|[upkeep]
|-heal|p1a: yuhhhh|28/100|[from] item: Leftovers
|upkeep
|turn|20
|
|t:|1730657088
|switch|p2a: Zapdos|Zapdos|62/100
|switch|p1a: yuhhhhh|Salamence, M|82/100
|-ability|p1a: yuhhhhh|Intimidate|boost
|-unboost|p2a: Zapdos|atk|1
|
|-weather|Sandstorm|[upkeep]
|-damage|p1a: yuhhhhh|76/100|[from] Sandstorm
|-damage|p2a: Zapdos|56/100|[from] Sandstorm
|upkeep
|turn|21
|
|t:|1730657096
|switch|p2a: Tyranitar|Tyranitar, F|100/100
|move|p1a: yuhhhhh|Rock Slide|p2a: Tyranitar
|-damage|p2a: Tyranitar|59/100
|
|-weather|Sandstorm|[upkeep]
|-damage|p1a: yuhhhhh|70/100|[from] Sandstorm
|upkeep
|turn|22
|
|t:|1730657101
|switch|p1a: yuh|Hariyama, M|76/100
|move|p2a: Tyranitar|Dragon Dance|p2a: Tyranitar
|-boost|p2a: Tyranitar|atk|1
|-boost|p2a: Tyranitar|spe|1
|
|-weather|Sandstorm|[upkeep]
|-damage|p1a: yuh|70/100|[from] Sandstorm
|-heal|p1a: yuh|76/100|[from] item: Leftovers
|upkeep
|turn|23
|
|t:|1730657108
|move|p2a: Tyranitar|Earthquake|p1a: yuh
|-damage|p1a: yuh|37/100
|move|p1a: yuh|Brick Break|p2a: Tyranitar
|-supereffective|p2a: Tyranitar
|-damage|p2a: Tyranitar|0 fnt
|faint|p2a: Tyranitar
|
|t:|1730657114
|switch|p2a: Salamence|Salamence, M|100/100
|-ability|p2a: Salamence|Intimidate|boost
|-unboost|p1a: yuh|atk|1
|
|-weather|Sandstorm|[upkeep]
|-damage|p2a: Salamence|94/100|[from] Sandstorm
|-damage|p1a: yuh|31/100|[from] Sandstorm
|-heal|p2a: Salamence|100/100|[from] item: Leftovers
|-heal|p1a: yuh|37/100|[from] item: Leftovers
|upkeep
|turn|24
|
|t:|1730657123
|move|p2a: Salamence|Hidden Power|p1a: yuh
|-supereffective|p1a: yuh
|-damage|p1a: yuh|0 fnt
|faint|p1a: yuh
|
|t:|1730657127
|switch|p1a: yuhhhhh|Salamence, M|70/100
|-ability|p1a: yuhhhhh|Intimidate|boost
|-unboost|p2a: Salamence|atk|1
|
|-weather|Sandstorm|[upkeep]
|-damage|p1a: yuhhhhh|64/100|[from] Sandstorm
|-damage|p2a: Salamence|94/100|[from] Sandstorm
|-heal|p2a: Salamence|100/100|[from] item: Leftovers
|upkeep
|turn|25
|
|t:|1730657132
|switch|p2a: Swampert|Swampert, F|98/100
|move|p1a: yuhhhhh|Earthquake|p2a: Swampert
|-damage|p2a: Swampert|44/100
|
|-weather|Sandstorm|[upkeep]
|-damage|p1a: yuhhhhh|58/100|[from] Sandstorm
|-heal|p2a: Swampert|50/100|[from] item: Leftovers
|upkeep
|turn|26
|
|t:|1730657139
|switch|p1a: big hoe|Blissey, F|95/100
|switch|p2a: Zapdos|Zapdos|56/100
|
|-weather|Sandstorm|[upkeep]
|-damage|p2a: Zapdos|50/100|[from] Sandstorm
|-damage|p1a: big hoe|89/100|[from] Sandstorm
|-heal|p1a: big hoe|95/100|[from] item: Leftovers
|upkeep
|turn|27
|
|t:|1730657141
|move|p2a: Zapdos|Baton Pass|p2a: Zapdos
|
|t:|1730657142
|switch|p2a: Metagross|Metagross|89/100|[from] Baton Pass
|move|p1a: big hoe|Wish|p1a: big hoe
|
|-weather|Sandstorm|[upkeep]
|-damage|p1a: big hoe|89/100|[from] Sandstorm
|-heal|p1a: big hoe|95/100|[from] item: Leftovers
|upkeep
|turn|28
|
|t:|1730657148
|switch|p1a: yuhhh|Tyranitar, M|100/100
|move|p2a: Metagross|Meteor Mash|p1a: yuhhh|[miss]
|-miss|p2a: Metagross|p1a: yuhhh
|
|-weather|Sandstorm|[upkeep]
|upkeep
|turn|29
|
|t:|1730657157
|move|p2a: Metagross|Meteor Mash|p1a: yuhhh
|-supereffective|p1a: yuhhh
|-crit|p1a: yuhhh
|-damage|p1a: yuhhh|0 fnt
|faint|p1a: yuhhh
|
|t:|1730657164
|switch|p1a: yuhhhh|Metagross|28/100
|
|-weather|Sandstorm|[upkeep]
|-heal|p1a: yuhhhh|34/100|[from] item: Leftovers
|upkeep
|turn|30
|
|t:|1730657172
|switch|p2a: Zapdos|Zapdos|50/100
|move|p1a: yuhhhh|Explosion|p2a: Zapdos
|-damage|p2a: Zapdos|0 fnt
|faint|p1a: yuhhhh
|faint|p2a: Zapdos
|
|t:|1730657177
|switch|p2a: Snorlax|Snorlax, M|100/100
|switch|p1a: big hoe|Blissey, F|95/100
|
|-weather|Sandstorm|[upkeep]
|-damage|p1a: big hoe|89/100|[from] Sandstorm
|-damage|p2a: Snorlax|94/100|[from] Sandstorm
|-heal|p1a: big hoe|95/100|[from] item: Leftovers
|-heal|p2a: Snorlax|100/100|[from] item: Leftovers
|upkeep
|turn|31
|
|t:|1730657181
|move|p1a: big hoe|Wish|p1a: big hoe
|move|p2a: Snorlax|Self-Destruct|p1a: big hoe
|-damage|p1a: big hoe|0 fnt
|faint|p2a: Snorlax
|faint|p1a: big hoe
|c|☆billclintonlol|gg
|
|t:|1730657204
|switch|p1a: yuhhhhh|Salamence, M|58/100
|switch|p2a: Metagross|Metagross|89/100
|-ability|p1a: yuhhhhh|Intimidate|boost
|-fail|p2a: Metagross|unboost|[from] ability: Clear Body|[of] p2a: Metagross
|
|-weather|Sandstorm|[upkeep]
|-damage|p1a: yuhhhhh|52/100|[from] Sandstorm
|upkeep
|turn|32
|
|t:|1730657216
|move|p1a: yuhhhhh|Rock Slide|p2a: Metagross
|-resisted|p2a: Metagross
|-damage|p2a: Metagross|73/100
|cant|p2a: Metagross|flinch
|
|-heal|p1a: yuhhhhh|100/100|[from] move: Wish|[wisher] big hoe
|-weather|Sandstorm|[upkeep]
|-damage|p1a: yuhhhhh|94/100|[from] Sandstorm
|upkeep
|turn|33
|
|t:|1730657220
|move|p1a: yuhhhhh|Rock Slide|p2a: Metagross
|-resisted|p2a: Metagross
|-damage|p2a: Metagross|54/100
|move|p2a: Metagross|Explosion|p1a: yuhhhhh
|-damage|p1a: yuhhhhh|0 fnt
|faint|p2a: Metagross
|faint|p1a: yuhhhhh
|
|win|knexhawk2
|player|p1|

</script>
<script type="application/json" class="data" id="replaydata-smogtours-gen3ou-804449">
{"id":"smogtours-gen3ou-804449","format":"[Gen 3] OU","players":["billclintonlol","knexhawk2"],"uploadtime":1730657220,"views":55,"formatid":"gen3ou","rating":null,"private":0,"password":null}
</script>

<script defer src="js/replays.js?9d40a366"></script>
