<!DOCTYPE html>
<meta charset="utf-8" />
<meta name="viewport" content="width=device-width" />

<title>[Gen 3] OU: 13ased vs. Lhions - Replays - Pok&eacute;mon Showdown!</title>

<meta name="description" content="Watch a replay of a Pok&eacute;mon battle between 13ased and Lhions! Format: [Gen 3] OU; Date: Oct 29, 2024" />
<!--

Hey, you! Looking in the source for the replay log?

You can find them in JSON format, just add `.json` at the end of a replay URL.

https://replay.pokemonshowdown.com/gen7randomdoublesbattle-865046831.json

Or, if you only need the log itself, add `.log` instead:

https://replay.pokemonshowdown.com/gen7randomdoublesbattle-865046831.log

-->

<link rel="stylesheet" href="//pokemonshowdown.com/style/global.css?0.023195364461161105" />
<link rel="stylesheet" href="//play.pokemonshowdown.com/style/font-awesome.css?0.13261647063804238" />
<link rel="stylesheet" href="//play.pokemonshowdown.com/style/battle.css?0.8753245789963631" />
<link rel="stylesheet" href="//play.pokemonshowdown.com/style/utilichart.css?0.8627959624976733" />

<!-- Global site tag (gtag.js) - Google Analytics -->
<script async src="https://www.googletagmanager.com/gtag/js?id=UA-26211653-1"></script>
<script>
  window.dataLayer = window.dataLayer || [];
  function gtag(){dataLayer.push(arguments);}
  gtag('js', new Date());

  gtag('config', 'UA-26211653-1');
</script>
<!-- End Google Analytics -->
<!-- Venatus Ad Manager - Install in <HEAD> of page -->
	<script src="https://hb.vntsm.com/v3/live/ad-manager.min.js" type="text/javascript" data-site-id="642aba63ec9a7b11c3c9c1be" data-mode="scan" async></script>
<!-- / Venatus Ad Manager -->

<style>
	@media (max-width:820px) {
		.battle {
			margin: 0 auto;
		}
		.battle-log {
			margin: 7px auto 0;
			max-width: 640px;
			height: 300px;
			position: static;
		}
	}
	.optgroup {
		display: inline-block;
		line-height: 22px;
		font-size: 10pt;
	}
	.optgroup .button {
		height: 25px;
		padding-top: 0;
		padding-bottom: 0;
	}
	.optgroup button.button {
		padding-left: 12px;
		padding-right: 12px;
	}
	.linklist {
		list-style: none;
		margin: 0.5em 0;
		padding: 0;
	}
	.linklist li {
		padding: 2px 0;
	}
	.sidebar {
		float: left;
		width: 320px;
	}
	.bar-wrapper {
		max-width: 1100px;
		margin: 0 auto;
	}
	.bar-wrapper.has-sidebar {
		max-width: 1430px;
	}
	.mainbar {
		margin: 0;
		padding-right: 1px;
	}
	.mainbar.has-sidebar {
		margin-left: 330px;
	}
	@media (min-width: 1511px) {
		.sidebar {
			width: 400px;
		}
		.bar-wrapper.has-sidebar {
			max-width: 1510px;
		}
		.mainbar.has-sidebar {
			margin-left: 410px;
		}
	}
	.section.first-section {
		margin-top: 9px;
	}
	.blocklink small {
		white-space: normal;
	}
	.button {
		vertical-align: middle;
	}
	.replay-controls {
		padding-top: 10px;
	}
	.replay-controls h1 {
		font-size: 16pt;
		font-weight: normal;
		color: #CCC;
	}
	.pagelink {
		text-align: center;
	}
	.pagelink a {
		width: 150px;
	}
	.textbox, .button {
		font-size: 11pt;
		vertical-align: middle;
	}
	@media (max-width: 450px) {
		.button {
			font-size: 9pt;
		}
	}
</style>

<div>

	<header>
		<div class="nav-wrapper"><ul class="nav">
			<li><a class="button nav-first" href="//pokemonshowdown.com/"><img src="//pokemonshowdown.com/images/pokemonshowdownbeta.png" srcset="//pokemonshowdown.com/images/pokemonshowdownbeta.png 1x, //pokemonshowdown.com/images/pokemonshowdownbeta@2x.png 2x" alt="Pok&eacute;mon Showdown" width="146" height="44" /> Home</a></li>
			<li><a class="button" href="//pokemonshowdown.com/dex/">Pok&eacute;dex</a></li>
			<li><a class="button cur" href="/">Replays</a></li>
			<li><a class="button" href="//pokemonshowdown.com/ladder/">Ladder</a></li>
			<li><a class="button nav-last" href="//pokemonshowdown.com/forums/">Forum</a></li>
			<li><a class="button greenbutton nav-first nav-last" href="//play.pokemonshowdown.com/">Play</a></li>
		</ul></div>
	</header>

	<div class="main" id="main">

		<noscript><section class="section">You need to enable JavaScript to use this page; sorry!</section></noscript>

	</div>

</div>

<script defer nomodule src="//play.pokemonshowdown.com/js/lib/ps-polyfill.js"></script>
<script defer src="//play.pokemonshowdown.com/js/lib/preact.min.js"></script>

<script defer src="//play.pokemonshowdown.com/config/config.js?2bddbc15"></script>
<script defer src="//play.pokemonshowdown.com/js/lib/jquery-1.11.0.min.js"></script>
<script defer src="//play.pokemonshowdown.com/js/lib/html-sanitizer-minified.js"></script>
<script defer src="//play.pokemonshowdown.com/js/battle-sound.js"></script>
<script defer src="//play.pokemonshowdown.com/js/battledata.js?0.7209276989879541"></script>
<script defer src="//play.pokemonshowdown.com/data/pokedex-mini.js?0.6111056340867951"></script>
<script defer src="//play.pokemonshowdown.com/data/pokedex-mini-bw.js?0.3532142036491459"></script>
<script defer src="//play.pokemonshowdown.com/data/graphics.js?0.24223875632456182"></script>
<script defer src="//play.pokemonshowdown.com/data/pokedex.js?0.38839984266356864"></script>
<script defer src="//play.pokemonshowdown.com/data/moves.js?0.21866028504024015"></script>
<script defer src="//play.pokemonshowdown.com/data/abilities.js?0.2005157953846628"></script>
<script defer src="//play.pokemonshowdown.com/data/items.js?0.9894211263848525"></script>
<script defer src="//play.pokemonshowdown.com/data/teambuilder-tables.js?0.6008791140282215"></script>
<script defer src="//play.pokemonshowdown.com/js/battle-tooltips.js?0.7580118955022959"></script>
<script defer src="//play.pokemonshowdown.com/js/battle.js?0.6057722274234274"></script>

<script defer src="js/utils.js?e31f9a17"></script>
<script defer src="js/replays-battle.js?7008c182"></script>

<!-- don't scrape this data! just add .json or .log after the URL!
Full API docs: https://github.com/smogon/pokemon-showdown-client/blob/master/WEB-API.md -->
<script type="text/plain" class="log" id="replaylog-smogtours-gen3ou-803335">
|inactive|Battle timer is ON: inactive players will automatically lose when time's up.
|t:|1730235198
|gametype|singles
|player|p1|13ased|ltsurge|
|player|p2|Lhions|pokemonranger-gen4|
|teamsize|p1|6
|teamsize|p2|6
|gen|3
|tier|[Gen 3] OU
|rule|Sleep Clause Mod: Limit one foe put to sleep
|rule|Switch Priority Clause Mod: Faster Pokémon switch first
|rule|Species Clause: Limit one of each Pokémon
|rule|OHKO Clause: OHKO moves are banned
|rule|Evasion Items Clause: Evasion items are banned
|rule|Evasion Moves Clause: Evasion moves are banned
|rule|Endless Battle Clause: Forcing endless battles is banned
|rule|HP Percentage Mod: HP is shown in percentages
|rule|One Boost Passer Clause: Limit one Baton Passer that has a way to boost its stats
|rule|Freeze Clause Mod: Limit one foe frozen
|
|t:|1730235198
|start
|switch|p1a: Tyranitar|Tyranitar, M|100/100
|switch|p2a: Salamence|Salamence, M|100/100
|-ability|p2a: Salamence|Intimidate|boost
|-unboost|p1a: Tyranitar|atk|1
|-weather|Sandstorm|[from] ability: Sand Stream|[of] p1a: Tyranitar
|turn|1
|c|☆Lhions|hf
|c|☆13ased|Gl
|
|t:|1730235214
|switch|p1a: Gengar|Gengar, M|100/100
|move|p2a: Salamence|Brick Break|p1a: Gengar
|-immune|p1a: Gengar
|
|-weather|Sandstorm|[upkeep]
|-damage|p2a: Salamence|94/100|[from] Sandstorm
|-damage|p1a: Gengar|94/100|[from] Sandstorm
|-heal|p2a: Salamence|100/100|[from] item: Leftovers
|-heal|p1a: Gengar|100/100|[from] item: Leftovers
|upkeep
|turn|2
|
|t:|1730235225
|switch|p2a: Tyranitar|Tyranitar, M|100/100
|switch|p1a: Forretress|Forretress, F|100/100
|
|-weather|Sandstorm|[upkeep]
|upkeep
|turn|3
|
|t:|1730235252
|switch|p2a: Celebi|Celebi|100/100
|switch|p1a: Dugtrio|Dugtrio, M|100/100
|
|-weather|Sandstorm|[upkeep]
|-damage|p2a: Celebi|94/100|[from] Sandstorm
|-heal|p2a: Celebi|100/100|[from] item: Leftovers
|upkeep
|turn|4
|
|t:|1730235264
|switch|p1a: Forretress|Forretress, F|100/100
|move|p2a: Celebi|Giga Drain|p1a: Forretress
|-resisted|p1a: Forretress
|-damage|p1a: Forretress|94/100
|
|-weather|Sandstorm|[upkeep]
|-damage|p2a: Celebi|94/100|[from] Sandstorm
|-heal|p2a: Celebi|100/100|[from] item: Leftovers
|-heal|p1a: Forretress|100/100|[from] item: Leftovers
|upkeep
|turn|5
|
|t:|1730235276
|switch|p1a: Tyranitar|Tyranitar, M|100/100
|move|p2a: Celebi|Hidden Power|p1a: Tyranitar
|-resisted|p1a: Tyranitar
|-damage|p1a: Tyranitar|92/100
|
|-weather|Sandstorm|[upkeep]
|-damage|p2a: Celebi|94/100|[from] Sandstorm
|-heal|p2a: Celebi|100/100|[from] item: Leftovers
|-heal|p1a: Tyranitar|98/100|[from] item: Leftovers
|upkeep
|turn|6
|
|t:|1730235288
|move|p2a: Celebi|Calm Mind|p2a: Celebi
|-boost|p2a: Celebi|spa|1
|-boost|p2a: Celebi|spd|1
|move|p1a: Tyranitar|Crunch|p2a: Celebi
|-supereffective|p2a: Celebi
|-damage|p2a: Celebi|48/100
|
|-weather|Sandstorm|[upkeep]
|-damage|p2a: Celebi|42/100|[from] Sandstorm
|-heal|p2a: Celebi|48/100|[from] item: Leftovers
|-heal|p1a: Tyranitar|100/100|[from] item: Leftovers
|upkeep
|turn|7
|
|t:|1730235302
|move|p2a: Celebi|Giga Drain|p1a: Tyranitar
|-supereffective|p1a: Tyranitar
|-damage|p1a: Tyranitar|34/100
|-heal|p2a: Celebi|81/100|[from] drain|[of] p1a: Tyranitar
|move|p1a: Tyranitar|Roar|p2a: Celebi
|drag|p2a: Zapdos|Zapdos|100/100
|
|-weather|Sandstorm|[upkeep]
|-damage|p2a: Zapdos|94/100|[from] Sandstorm
|-heal|p2a: Zapdos|100/100|[from] item: Leftovers
|-heal|p1a: Tyranitar|40/100|[from] item: Leftovers
|upkeep
|turn|8
|
|t:|1730235311
|switch|p1a: Blissey|Blissey, F|100/100
|move|p2a: Zapdos|Thunderbolt|p1a: Blissey
|-damage|p1a: Blissey|80/100
|
|-weather|Sandstorm|[upkeep]
|-damage|p2a: Zapdos|94/100|[from] Sandstorm
|-damage|p1a: Blissey|74/100|[from] Sandstorm
|-heal|p2a: Zapdos|100/100|[from] item: Leftovers
|-heal|p1a: Blissey|80/100|[from] item: Leftovers
|upkeep
|turn|9
|
|t:|1730235320
|move|p2a: Zapdos|Baton Pass|p2a: Zapdos
|
|t:|1730235325
|switch|p2a: Heracross|Heracross, F|100/100|[from] Baton Pass
|move|p1a: Blissey|Ice Beam|p2a: Heracross
|-damage|p2a: Heracross|69/100
|
|-weather|Sandstorm|[upkeep]
|-damage|p2a: Heracross|63/100|[from] Sandstorm
|-damage|p1a: Blissey|74/100|[from] Sandstorm
|-heal|p2a: Heracross|69/100|[from] item: Leftovers
|-heal|p1a: Blissey|80/100|[from] item: Leftovers
|upkeep
|turn|10
|
|t:|1730235348
|switch|p1a: Gengar|Gengar, M|100/100
|move|p2a: Heracross|Rock Slide|p1a: Gengar
|-damage|p1a: Gengar|62/100
|
|-weather|Sandstorm|[upkeep]
|-damage|p1a: Gengar|56/100|[from] Sandstorm
|-damage|p2a: Heracross|63/100|[from] Sandstorm
|-heal|p1a: Gengar|62/100|[from] item: Leftovers
|-heal|p2a: Heracross|69/100|[from] item: Leftovers
|upkeep
|turn|11
|
|t:|1730235367
|switch|p1a: Dugtrio|Dugtrio, M|100/100
|switch|p2a: Tyranitar|Tyranitar, M|100/100
|
|-weather|Sandstorm|[upkeep]
|upkeep
|turn|12
|
|t:|1730235373
|move|p1a: Dugtrio|Earthquake|p2a: Tyranitar
|-supereffective|p2a: Tyranitar
|-damage|p2a: Tyranitar|0 fnt
|faint|p2a: Tyranitar
|
|t:|1730235384
|switch|p2a: Salamence|Salamence, M|100/100
|-ability|p2a: Salamence|Intimidate|boost
|-unboost|p1a: Dugtrio|atk|1
|
|-weather|Sandstorm|[upkeep]
|-damage|p2a: Salamence|94/100|[from] Sandstorm
|-heal|p2a: Salamence|100/100|[from] item: Leftovers
|upkeep
|turn|13
|
|t:|1730235398
|switch|p1a: Forretress|Forretress, F|100/100
|move|p2a: Salamence|Dragon Claw|p1a: Forretress
|-resisted|p1a: Forretress
|-damage|p1a: Forretress|83/100
|
|-weather|Sandstorm|[upkeep]
|-damage|p2a: Salamence|94/100|[from] Sandstorm
|-heal|p2a: Salamence|100/100|[from] item: Leftovers
|-heal|p1a: Forretress|89/100|[from] item: Leftovers
|upkeep
|turn|14
|
|t:|1730235400
|switch|p1a: Gengar|Gengar, M|62/100
|move|p2a: Salamence|Fire Blast|p1a: Gengar
|-damage|p1a: Gengar|19/100
|
|-weather|Sandstorm|[upkeep]
|-damage|p2a: Salamence|94/100|[from] Sandstorm
|-damage|p1a: Gengar|13/100|[from] Sandstorm
|-heal|p2a: Salamence|100/100|[from] item: Leftovers
|-heal|p1a: Gengar|19/100|[from] item: Leftovers
|upkeep
|turn|15
|
|t:|1730235405
|switch|p2a: Zapdos|Zapdos|100/100
|move|p1a: Gengar|Ice Punch|p2a: Zapdos
|-supereffective|p2a: Zapdos
|-damage|p2a: Zapdos|60/100
|
|-weather|Sandstorm|[upkeep]
|-damage|p1a: Gengar|13/100|[from] Sandstorm
|-damage|p2a: Zapdos|54/100|[from] Sandstorm
|-heal|p1a: Gengar|19/100|[from] item: Leftovers
|-heal|p2a: Zapdos|60/100|[from] item: Leftovers
|upkeep
|turn|16
|
|t:|1730235414
|switch|p1a: Blissey|Blissey, F|80/100
|move|p2a: Zapdos|Thunderbolt|p1a: Blissey
|-damage|p1a: Blissey|63/100
|
|-weather|Sandstorm|[upkeep]
|-damage|p2a: Zapdos|54/100|[from] Sandstorm
|-damage|p1a: Blissey|56/100|[from] Sandstorm
|-heal|p2a: Zapdos|60/100|[from] item: Leftovers
|-heal|p1a: Blissey|63/100|[from] item: Leftovers
|upkeep
|turn|17
|
|t:|1730235443
|move|p2a: Zapdos|Baton Pass|p2a: Zapdos
|
|t:|1730235449
|switch|p2a: Metagross|Metagross, shiny|100/100|[from] Baton Pass
|move|p1a: Blissey|Soft-Boiled|p1a: Blissey
|-heal|p1a: Blissey|100/100
|
|-weather|Sandstorm|[upkeep]
|-damage|p1a: Blissey|94/100|[from] Sandstorm
|-heal|p1a: Blissey|100/100|[from] item: Leftovers
|upkeep
|turn|18
|
|t:|1730235456
|switch|p1a: Swampert|Swampert, M|100/100
|move|p2a: Metagross|Agility|p2a: Metagross
|-boost|p2a: Metagross|spe|2
|
|-weather|Sandstorm|[upkeep]
|upkeep
|turn|19
|
|t:|1730235465
|switch|p2a: Zapdos|Zapdos|60/100
|move|p1a: Swampert|Earthquake|p2a: Zapdos
|-immune|p2a: Zapdos
|
|-weather|Sandstorm|[upkeep]
|-damage|p2a: Zapdos|54/100|[from] Sandstorm
|-heal|p2a: Zapdos|60/100|[from] item: Leftovers
|upkeep
|turn|20
|
|t:|1730235474
|switch|p1a: Blissey|Blissey, F|100/100
|move|p2a: Zapdos|Toxic|p1a: Blissey
|-status|p1a: Blissey|tox
|
|-weather|Sandstorm|[upkeep]
|-damage|p2a: Zapdos|54/100|[from] Sandstorm
|-damage|p1a: Blissey|94/100 tox|[from] Sandstorm
|-heal|p2a: Zapdos|60/100|[from] item: Leftovers
|-heal|p1a: Blissey|100/100 tox|[from] item: Leftovers
|-damage|p1a: Blissey|94/100 tox|[from] psn
|upkeep
|turn|21
|
|t:|1730235487
|move|p2a: Zapdos|Thunderbolt|p1a: Blissey
|-damage|p1a: Blissey|77/100 tox
|move|p1a: Blissey|Ice Beam|p2a: Zapdos
|-supereffective|p2a: Zapdos
|-damage|p2a: Zapdos|7/100
|
|-weather|Sandstorm|[upkeep]
|-damage|p2a: Zapdos|1/100|[from] Sandstorm
|-damage|p1a: Blissey|71/100 tox|[from] Sandstorm
|-heal|p2a: Zapdos|7/100|[from] item: Leftovers
|-heal|p1a: Blissey|77/100 tox|[from] item: Leftovers
|-damage|p1a: Blissey|65/100 tox|[from] psn
|upkeep
|turn|22
|
|t:|1730235496
|-curestatus|p1a: Blissey|tox|[from] ability: Natural Cure
|switch|p1a: Tyranitar|Tyranitar, M|40/100
|move|p2a: Zapdos|Thunderbolt|p1a: Tyranitar
|-damage|p1a: Tyranitar|1/100
|
|-weather|Sandstorm|[upkeep]
|-damage|p2a: Zapdos|1/100|[from] Sandstorm
|-heal|p2a: Zapdos|7/100|[from] item: Leftovers
|-heal|p1a: Tyranitar|7/100|[from] item: Leftovers
|upkeep
|turn|23
|
|t:|1730235503
|move|p2a: Zapdos|Hidden Power|p1a: Tyranitar
|-supereffective|p1a: Tyranitar
|-damage|p1a: Tyranitar|0 fnt
|faint|p1a: Tyranitar
|
|t:|1730235520
|switch|p1a: Gengar|Gengar, M|19/100
|
|-weather|Sandstorm|[upkeep]
|-damage|p1a: Gengar|13/100|[from] Sandstorm
|-damage|p2a: Zapdos|1/100|[from] Sandstorm
|-heal|p1a: Gengar|19/100|[from] item: Leftovers
|-heal|p2a: Zapdos|7/100|[from] item: Leftovers
|upkeep
|turn|24
|
|t:|1730235536
|switch|p2a: Metagross|Metagross, shiny|100/100
|move|p1a: Gengar|Thunderbolt|p2a: Metagross
|-damage|p2a: Metagross|71/100
|
|-weather|Sandstorm|[upkeep]
|-damage|p1a: Gengar|13/100|[from] Sandstorm
|-heal|p1a: Gengar|19/100|[from] item: Leftovers
|-heal|p2a: Metagross|77/100|[from] item: Leftovers
|upkeep
|turn|25
|
|t:|1730235547
|switch|p1a: Swampert|Swampert, M|100/100
|move|p2a: Metagross|Meteor Mash|p1a: Swampert|[miss]
|-miss|p2a: Metagross|p1a: Swampert
|
|-weather|Sandstorm|[upkeep]
|-heal|p2a: Metagross|83/100|[from] item: Leftovers
|upkeep
|turn|26
|
|t:|1730235558
|move|p2a: Metagross|Explosion|p1a: Swampert
|-damage|p1a: Swampert|0 fnt
|faint|p2a: Metagross
|faint|p1a: Swampert
|
|t:|1730235574
|switch|p2a: Salamence|Salamence, M|100/100
|switch|p1a: Forretress|Forretress, F|89/100
|-ability|p2a: Salamence|Intimidate|boost
|-unboost|p1a: Forretress|atk|1
|
|-weather|Sandstorm|[upkeep]
|-damage|p2a: Salamence|94/100|[from] Sandstorm
|-heal|p2a: Salamence|100/100|[from] item: Leftovers
|-heal|p1a: Forretress|95/100|[from] item: Leftovers
|upkeep
|turn|27
|
|t:|1730235579
|move|p2a: Salamence|Fire Blast|p1a: Forretress
|-supereffective|p1a: Forretress
|-damage|p1a: Forretress|0 fnt
|faint|p1a: Forretress
|
|t:|1730235585
|switch|p1a: Gengar|Gengar, M|19/100
|
|-weather|Sandstorm|[upkeep]
|-damage|p2a: Salamence|94/100|[from] Sandstorm
|-damage|p1a: Gengar|13/100|[from] Sandstorm
|-heal|p2a: Salamence|100/100|[from] item: Leftovers
|-heal|p1a: Gengar|19/100|[from] item: Leftovers
|upkeep
|turn|28
|
|t:|1730235590
|switch|p2a: Zapdos|Zapdos|7/100
|move|p1a: Gengar|Ice Punch|p2a: Zapdos
|-supereffective|p2a: Zapdos
|-damage|p2a: Zapdos|0 fnt
|faint|p2a: Zapdos
|
|t:|1730235594
|switch|p2a: Heracross|Heracross, F|69/100
|
|-weather|Sandstorm|[upkeep]
|-damage|p1a: Gengar|13/100|[from] Sandstorm
|-damage|p2a: Heracross|63/100|[from] Sandstorm
|-heal|p1a: Gengar|19/100|[from] item: Leftovers
|-heal|p2a: Heracross|69/100|[from] item: Leftovers
|upkeep
|turn|29
|inactive|13ased has 270 seconds left.
|
|t:|1730235654
|move|p1a: Gengar|Thunderbolt|p2a: Heracross
|-damage|p2a: Heracross|38/100
|-status|p2a: Heracross|par
|cant|p2a: Heracross|par
|
|-weather|Sandstorm|[upkeep]
|-damage|p1a: Gengar|13/100|[from] Sandstorm
|-damage|p2a: Heracross|32/100 par|[from] Sandstorm
|-heal|p1a: Gengar|19/100|[from] item: Leftovers
|-heal|p2a: Heracross|38/100 par|[from] item: Leftovers
|upkeep
|turn|30
|c|☆13ased|My b
|
|t:|1730235668
|move|p1a: Gengar|Thunderbolt|p2a: Heracross
|-damage|p2a: Heracross|4/100 par
|cant|p2a: Heracross|par
|
|-weather|Sandstorm|[upkeep]
|-damage|p1a: Gengar|13/100|[from] Sandstorm
|-damage|p2a: Heracross|0 fnt|[from] Sandstorm
|faint|p2a: Heracross
|-heal|p1a: Gengar|19/100|[from] item: Leftovers
|upkeep
|c|☆Lhions|and now max :(
|
|t:|1730235686
|switch|p2a: Celebi|Celebi|81/100
|turn|31
|
|t:|1730235703
|move|p1a: Gengar|Ice Punch|p2a: Celebi
|-supereffective|p2a: Celebi
|-damage|p2a: Celebi|35/100
|-status|p2a: Celebi|frz
|cant|p2a: Celebi|frz
|
|-weather|Sandstorm|[upkeep]
|-damage|p1a: Gengar|13/100|[from] Sandstorm
|-damage|p2a: Celebi|29/100 frz|[from] Sandstorm
|-heal|p1a: Gengar|19/100|[from] item: Leftovers
|-heal|p2a: Celebi|35/100 frz|[from] item: Leftovers
|upkeep
|turn|32
|c|☆Lhions|ok
|c|☆13ased|Jeez
|
|t:|1730235717
|move|p1a: Gengar|Ice Punch|p2a: Celebi
|-supereffective|p2a: Celebi
|-damage|p2a: Celebi|0 fnt
|faint|p2a: Celebi
|
|t:|1730235721
|switch|p2a: Salamence|Salamence, M|100/100
|-ability|p2a: Salamence|Intimidate|boost
|-unboost|p1a: Gengar|atk|1
|
|-weather|Sandstorm|[upkeep]
|-damage|p2a: Salamence|94/100|[from] Sandstorm
|-damage|p1a: Gengar|13/100|[from] Sandstorm
|-heal|p2a: Salamence|100/100|[from] item: Leftovers
|-heal|p1a: Gengar|19/100|[from] item: Leftovers
|upkeep
|turn|33
|
|t:|1730235724
|move|p2a: Salamence|Dragon Claw|p1a: Gengar
|-damage|p1a: Gengar|0 fnt
|faint|p1a: Gengar
|
|t:|1730235730
|switch|p1a: Blissey|Blissey, F|65/100
|
|-weather|Sandstorm|[upkeep]
|-damage|p2a: Salamence|94/100|[from] Sandstorm
|-damage|p1a: Blissey|58/100|[from] Sandstorm
|-heal|p2a: Salamence|100/100|[from] item: Leftovers
|-heal|p1a: Blissey|65/100|[from] item: Leftovers
|upkeep
|turn|34
|
|t:|1730235734
|move|p2a: Salamence|Brick Break|p1a: Blissey
|-supereffective|p1a: Blissey
|-damage|p1a: Blissey|19/100
|move|p1a: Blissey|Ice Beam|p2a: Salamence
|-supereffective|p2a: Salamence
|-damage|p2a: Salamence|0 fnt
|faint|p2a: Salamence
|
|win|13ased

</script>
<script type="application/json" class="data" id="replaydata-smogtours-gen3ou-803335">
{"id":"smogtours-gen3ou-803335","format":"[Gen 3] OU","players":["13ased","Lhions"],"uploadtime":1730235734,"views":53,"formatid":"gen3ou","rating":null,"private":0,"password":null}
</script>

<script defer src="js/replays.js?9d40a366"></script>
