<!DOCTYPE html>
<meta charset="utf-8" />
<meta name="viewport" content="width=device-width" />

<title>[Gen 3] OU: aldrich_unfaithful vs. Spreek - Replays - Pok&eacute;mon Showdown!</title>

<meta name="description" content="Watch a replay of a Pok&eacute;mon battle between aldrich_unfaithful and Spreek! Format: [Gen 3] OU; Date: Nov 9, 2024" />
<!--

Hey, you! Looking in the source for the replay log?

You can find them in JSON format, just add `.json` at the end of a replay URL.

https://replay.pokemonshowdown.com/gen7randomdoublesbattle-865046831.json

Or, if you only need the log itself, add `.log` instead:

https://replay.pokemonshowdown.com/gen7randomdoublesbattle-865046831.log

-->

<link rel="stylesheet" href="//pokemonshowdown.com/style/global.css?0.023195364461161105" />
<link rel="stylesheet" href="//play.pokemonshowdown.com/style/font-awesome.css?0.13261647063804238" />
<link rel="stylesheet" href="//play.pokemonshowdown.com/style/battle.css?0.8753245789963631" />
<link rel="stylesheet" href="//play.pokemonshowdown.com/style/utilichart.css?0.8627959624976733" />

<!-- Global site tag (gtag.js) - Google Analytics -->
<script async src="https://www.googletagmanager.com/gtag/js?id=UA-26211653-1"></script>
<script>
  window.dataLayer = window.dataLayer || [];
  function gtag(){dataLayer.push(arguments);}
  gtag('js', new Date());

  gtag('config', 'UA-26211653-1');
</script>
<!-- End Google Analytics -->
<!-- Venatus Ad Manager - Install in <HEAD> of page -->
	<script src="https://hb.vntsm.com/v3/live/ad-manager.min.js" type="text/javascript" data-site-id="642aba63ec9a7b11c3c9c1be" data-mode="scan" async></script>
<!-- / Venatus Ad Manager -->

<style>
	@media (max-width:820px) {
		.battle {
			margin: 0 auto;
		}
		.battle-log {
			margin: 7px auto 0;
			max-width: 640px;
			height: 300px;
			position: static;
		}
	}
	.optgroup {
		display: inline-block;
		line-height: 22px;
		font-size: 10pt;
	}
	.optgroup .button {
		height: 25px;
		padding-top: 0;
		padding-bottom: 0;
	}
	.optgroup button.button {
		padding-left: 12px;
		padding-right: 12px;
	}
	.linklist {
		list-style: none;
		margin: 0.5em 0;
		padding: 0;
	}
	.linklist li {
		padding: 2px 0;
	}
	.sidebar {
		float: left;
		width: 320px;
	}
	.bar-wrapper {
		max-width: 1100px;
		margin: 0 auto;
	}
	.bar-wrapper.has-sidebar {
		max-width: 1430px;
	}
	.mainbar {
		margin: 0;
		padding-right: 1px;
	}
	.mainbar.has-sidebar {
		margin-left: 330px;
	}
	@media (min-width: 1511px) {
		.sidebar {
			width: 400px;
		}
		.bar-wrapper.has-sidebar {
			max-width: 1510px;
		}
		.mainbar.has-sidebar {
			margin-left: 410px;
		}
	}
	.section.first-section {
		margin-top: 9px;
	}
	.blocklink small {
		white-space: normal;
	}
	.button {
		vertical-align: middle;
	}
	.replay-controls {
		padding-top: 10px;
	}
	.replay-controls h1 {
		font-size: 16pt;
		font-weight: normal;
		color: #CCC;
	}
	.pagelink {
		text-align: center;
	}
	.pagelink a {
		width: 150px;
	}
	.textbox, .button {
		font-size: 11pt;
		vertical-align: middle;
	}
	@media (max-width: 450px) {
		.button {
			font-size: 9pt;
		}
	}
</style>

<div>

	<header>
		<div class="nav-wrapper"><ul class="nav">
			<li><a class="button nav-first" href="//pokemonshowdown.com/"><img src="//pokemonshowdown.com/images/pokemonshowdownbeta.png" srcset="//pokemonshowdown.com/images/pokemonshowdownbeta.png 1x, //pokemonshowdown.com/images/pokemonshowdownbeta@2x.png 2x" alt="Pok&eacute;mon Showdown" width="146" height="44" /> Home</a></li>
			<li><a class="button" href="//pokemonshowdown.com/dex/">Pok&eacute;dex</a></li>
			<li><a class="button cur" href="/">Replays</a></li>
			<li><a class="button" href="//pokemonshowdown.com/ladder/">Ladder</a></li>
			<li><a class="button nav-last" href="//pokemonshowdown.com/forums/">Forum</a></li>
			<li><a class="button greenbutton nav-first nav-last" href="//play.pokemonshowdown.com/">Play</a></li>
		</ul></div>
	</header>

	<div class="main" id="main">

		<noscript><section class="section">You need to enable JavaScript to use this page; sorry!</section></noscript>

	</div>

</div>

<script defer nomodule src="//play.pokemonshowdown.com/js/lib/ps-polyfill.js"></script>
<script defer src="//play.pokemonshowdown.com/js/lib/preact.min.js"></script>

<script defer src="//play.pokemonshowdown.com/config/config.js?2bddbc15"></script>
<script defer src="//play.pokemonshowdown.com/js/lib/jquery-1.11.0.min.js"></script>
<script defer src="//play.pokemonshowdown.com/js/lib/html-sanitizer-minified.js"></script>
<script defer src="//play.pokemonshowdown.com/js/battle-sound.js"></script>
<script defer src="//play.pokemonshowdown.com/js/battledata.js?0.7209276989879541"></script>
<script defer src="//play.pokemonshowdown.com/data/pokedex-mini.js?0.6111056340867951"></script>
<script defer src="//play.pokemonshowdown.com/data/pokedex-mini-bw.js?0.3532142036491459"></script>
<script defer src="//play.pokemonshowdown.com/data/graphics.js?0.24223875632456182"></script>
<script defer src="//play.pokemonshowdown.com/data/pokedex.js?0.38839984266356864"></script>
<script defer src="//play.pokemonshowdown.com/data/moves.js?0.21866028504024015"></script>
<script defer src="//play.pokemonshowdown.com/data/abilities.js?0.2005157953846628"></script>
<script defer src="//play.pokemonshowdown.com/data/items.js?0.9894211263848525"></script>
<script defer src="//play.pokemonshowdown.com/data/teambuilder-tables.js?0.6008791140282215"></script>
<script defer src="//play.pokemonshowdown.com/js/battle-tooltips.js?0.7580118955022959"></script>
<script defer src="//play.pokemonshowdown.com/js/battle.js?0.6057722274234274"></script>

<script defer src="js/utils.js?e31f9a17"></script>
<script defer src="js/replays-battle.js?7008c182"></script>

<!-- don't scrape this data! just add .json or .log after the URL!
Full API docs: https://github.com/smogon/pokemon-showdown-client/blob/master/WEB-API.md -->
<script type="text/plain" class="log" id="replaylog-smogtours-gen3ou-805492">
|inactive|Battle timer is ON: inactive players will automatically lose when time's up.
|t:|1731175451
|gametype|singles
|player|p1|aldrich_unfaithful|veteranf|
|player|p2|Spreek|170|
|teamsize|p1|6
|teamsize|p2|6
|gen|3
|tier|[Gen 3] OU
|rule|Sleep Clause Mod: Limit one foe put to sleep
|rule|Switch Priority Clause Mod: Faster Pokémon switch first
|rule|Species Clause: Limit one of each Pokémon
|rule|OHKO Clause: OHKO moves are banned
|rule|Evasion Items Clause: Evasion items are banned
|rule|Evasion Moves Clause: Evasion moves are banned
|rule|Endless Battle Clause: Forcing endless battles is banned
|rule|HP Percentage Mod: HP is shown in percentages
|rule|One Boost Passer Clause: Limit one Baton Passer that has a way to boost its stats
|rule|Freeze Clause Mod: Limit one foe frozen
|
|t:|1731175451
|start
|switch|p1a: Tyranitar|Tyranitar, F|100/100
|switch|p2a: Heracross|Heracross, F|100/100
|-weather|Sandstorm|[from] ability: Sand Stream|[of] p1a: Tyranitar
|turn|1
|c|☆Spreek|hf
|c|☆aldrich_unfaithful|u2
|inactive|Spreek has 270 seconds left.
|inactive|aldrich_unfaithful has 270 seconds left.
|inactive|Spreek has 240 seconds left.
|
|t:|1731175517
|move|p2a: Heracross|Brick Break|p1a: Tyranitar
|-supereffective|p1a: Tyranitar
|-damage|p1a: Tyranitar|0 fnt
|faint|p1a: Tyranitar
|
|t:|1731175521
|switch|p1a: Charizard|Charizard, F|100/100
|
|-weather|Sandstorm|[upkeep]
|-damage|p1a: Charizard|94/100|[from] Sandstorm
|-damage|p2a: Heracross|95/100|[from] Sandstorm
|upkeep
|turn|2
|
|t:|1731175531
|switch|p2a: Gyarados|Gyarados, M|100/100
|-ability|p2a: Gyarados|Intimidate|boost
|-unboost|p1a: Charizard|atk|1
|move|p1a: Charizard|Substitute|p1a: Charizard
|-start|p1a: Charizard|Substitute
|-damage|p1a: Charizard|70/100
|
|-weather|Sandstorm|[upkeep]
|-damage|p1a: Charizard|63/100|[from] Sandstorm
|-damage|p2a: Gyarados|94/100|[from] Sandstorm
|-heal|p2a: Gyarados|100/100|[from] item: Leftovers
|upkeep
|turn|3
|
|t:|1731175536
|move|p1a: Charizard|Fire Blast|p2a: Gyarados|[miss]
|-miss|p1a: Charizard|p2a: Gyarados
|move|p2a: Gyarados|Dragon Dance|p2a: Gyarados
|-boost|p2a: Gyarados|atk|1
|-boost|p2a: Gyarados|spe|1
|
|-weather|Sandstorm|[upkeep]
|-damage|p2a: Gyarados|94/100|[from] Sandstorm
|-damage|p1a: Charizard|57/100|[from] Sandstorm
|-heal|p2a: Gyarados|100/100|[from] item: Leftovers
|upkeep
|turn|4
|
|t:|1731175555
|move|p2a: Gyarados|Hidden Power|p1a: Charizard
|-supereffective|p1a: Charizard
|-end|p1a: Charizard|Substitute
|move|p1a: Charizard|Fire Blast|p2a: Gyarados|[miss]
|-miss|p1a: Charizard|p2a: Gyarados
|
|-weather|Sandstorm|[upkeep]
|-damage|p2a: Gyarados|94/100|[from] Sandstorm
|-damage|p1a: Charizard|51/100|[from] Sandstorm
|-heal|p2a: Gyarados|100/100|[from] item: Leftovers
|upkeep
|turn|5
|c|☆Spreek|mb
|
|t:|1731175584
|switch|p1a: Swampert|Swampert, F|100/100
|move|p2a: Gyarados|Hidden Power|p1a: Swampert
|-resisted|p1a: Swampert
|-damage|p1a: Swampert|82/100
|
|-weather|Sandstorm|[upkeep]
|-damage|p2a: Gyarados|94/100|[from] Sandstorm
|-heal|p2a: Gyarados|100/100|[from] item: Leftovers
|-heal|p1a: Swampert|88/100|[from] item: Leftovers
|upkeep
|turn|6
|
|t:|1731175597
|move|p2a: Gyarados|Dragon Dance|p2a: Gyarados
|-boost|p2a: Gyarados|atk|1
|-boost|p2a: Gyarados|spe|1
|move|p1a: Swampert|Ice Beam|p2a: Gyarados
|-damage|p2a: Gyarados|74/100
|
|-weather|Sandstorm|[upkeep]
|-damage|p2a: Gyarados|68/100|[from] Sandstorm
|-heal|p2a: Gyarados|74/100|[from] item: Leftovers
|-heal|p1a: Swampert|94/100|[from] item: Leftovers
|upkeep
|turn|7
|
|t:|1731175611
|move|p2a: Gyarados|Earthquake|p1a: Swampert
|-damage|p1a: Swampert|29/100
|move|p1a: Swampert|Ice Beam|p2a: Gyarados
|-damage|p2a: Gyarados|46/100
|
|-weather|Sandstorm|[upkeep]
|-damage|p2a: Gyarados|40/100|[from] Sandstorm
|-heal|p2a: Gyarados|46/100|[from] item: Leftovers
|-heal|p1a: Swampert|35/100|[from] item: Leftovers
|upkeep
|turn|8
|
|t:|1731175616
|move|p2a: Gyarados|Earthquake|p1a: Swampert
|-damage|p1a: Swampert|0 fnt
|faint|p1a: Swampert
|
|t:|1731175621
|switch|p1a: Venusaur|Venusaur, M|100/100
|
|-weather|Sandstorm|[upkeep]
|-damage|p2a: Gyarados|40/100|[from] Sandstorm
|-damage|p1a: Venusaur|95/100|[from] Sandstorm
|-heal|p2a: Gyarados|46/100|[from] item: Leftovers
|-heal|p1a: Venusaur|100/100|[from] item: Leftovers
|upkeep
|turn|9
|inactive|aldrich_unfaithful has 270 seconds left.
|inactive|aldrich_unfaithful has 240 seconds left.
|
|t:|1731175691
|move|p2a: Gyarados|Taunt|p1a: Venusaur
|-start|p1a: Venusaur|move: Taunt
|cant|p1a: Venusaur|move: Taunt|Sleep Powder
|
|-weather|Sandstorm|[upkeep]
|-damage|p2a: Gyarados|40/100|[from] Sandstorm
|-damage|p1a: Venusaur|95/100|[from] Sandstorm
|-heal|p2a: Gyarados|46/100|[from] item: Leftovers
|-heal|p1a: Venusaur|100/100|[from] item: Leftovers
|upkeep
|turn|10
|
|t:|1731175704
|move|p2a: Gyarados|Earthquake|p1a: Venusaur
|-damage|p1a: Venusaur|17/100
|move|p1a: Venusaur|Giga Drain|p2a: Gyarados
|-crit|p2a: Gyarados
|-damage|p2a: Gyarados|0 fnt
|-heal|p1a: Venusaur|44/100|[from] drain|[of] p2a: Gyarados
|faint|p2a: Gyarados
|inactive|Spreek has 270 seconds left.
|
|t:|1731175717
|switch|p2a: Raikou|Raikou|100/100
|
|-weather|Sandstorm|[upkeep]
|-damage|p2a: Raikou|94/100|[from] Sandstorm
|-damage|p1a: Venusaur|38/100|[from] Sandstorm
|-heal|p2a: Raikou|100/100|[from] item: Leftovers
|-heal|p1a: Venusaur|44/100|[from] item: Leftovers
|-end|p1a: Venusaur|move: Taunt|[silent]
|upkeep
|turn|11
|
|t:|1731175723
|switch|p1a: Jolteon|Jolteon, F|100/100
|move|p2a: Raikou|Substitute|p2a: Raikou
|-start|p2a: Raikou|Substitute
|-damage|p2a: Raikou|75/100
|
|-weather|Sandstorm|[upkeep]
|-damage|p1a: Jolteon|94/100|[from] Sandstorm
|-damage|p2a: Raikou|69/100|[from] Sandstorm
|-heal|p1a: Jolteon|100/100|[from] item: Leftovers
|-heal|p2a: Raikou|75/100|[from] item: Leftovers
|upkeep
|turn|12
|
|t:|1731175726
|move|p1a: Jolteon|Thunderbolt|p2a: Raikou
|-resisted|p2a: Raikou
|-activate|p2a: Raikou|Substitute|[damage]
|move|p2a: Raikou|Calm Mind|p2a: Raikou
|-boost|p2a: Raikou|spa|1
|-boost|p2a: Raikou|spd|1
|
|-weather|Sandstorm|[upkeep]
|-damage|p1a: Jolteon|94/100|[from] Sandstorm
|-damage|p2a: Raikou|69/100|[from] Sandstorm
|-heal|p1a: Jolteon|100/100|[from] item: Leftovers
|-heal|p2a: Raikou|75/100|[from] item: Leftovers
|upkeep
|turn|13
|
|t:|1731175752
|move|p1a: Jolteon|Thunderbolt|p2a: Raikou
|-resisted|p2a: Raikou
|-end|p2a: Raikou|Substitute
|move|p2a: Raikou|Substitute|p2a: Raikou
|-start|p2a: Raikou|Substitute
|-damage|p2a: Raikou|50/100
|
|-weather|Sandstorm|[upkeep]
|-damage|p1a: Jolteon|94/100|[from] Sandstorm
|-damage|p2a: Raikou|44/100|[from] Sandstorm
|-heal|p1a: Jolteon|100/100|[from] item: Leftovers
|-heal|p2a: Raikou|50/100|[from] item: Leftovers
|upkeep
|turn|14
|
|t:|1731175757
|move|p1a: Jolteon|Thunderbolt|p2a: Raikou
|-resisted|p2a: Raikou
|-activate|p2a: Raikou|Substitute|[damage]
|move|p2a: Raikou|Calm Mind|p2a: Raikou
|-boost|p2a: Raikou|spa|1
|-boost|p2a: Raikou|spd|1
|
|-weather|Sandstorm|[upkeep]
|-damage|p1a: Jolteon|94/100|[from] Sandstorm
|-damage|p2a: Raikou|44/100|[from] Sandstorm
|-heal|p1a: Jolteon|100/100|[from] item: Leftovers
|-heal|p2a: Raikou|50/100|[from] item: Leftovers
|upkeep
|turn|15
|inactive|Spreek has 270 seconds left.
|
|t:|1731175802
|move|p1a: Jolteon|Thunderbolt|p2a: Raikou
|-resisted|p2a: Raikou
|-activate|p2a: Raikou|Substitute|[damage]
|move|p2a: Raikou|Calm Mind|p2a: Raikou
|-boost|p2a: Raikou|spa|1
|-boost|p2a: Raikou|spd|1
|
|-weather|Sandstorm|[upkeep]
|-damage|p1a: Jolteon|94/100|[from] Sandstorm
|-damage|p2a: Raikou|44/100|[from] Sandstorm
|-heal|p1a: Jolteon|100/100|[from] item: Leftovers
|-heal|p2a: Raikou|50/100|[from] item: Leftovers
|upkeep
|turn|16
|
|t:|1731175809
|move|p1a: Jolteon|Thunderbolt|p2a: Raikou
|-resisted|p2a: Raikou
|-activate|p2a: Raikou|Substitute|[damage]
|move|p2a: Raikou|Substitute|p2a: Raikou
|-fail|p2a: Raikou|move: Substitute
|
|-weather|Sandstorm|[upkeep]
|-damage|p1a: Jolteon|94/100|[from] Sandstorm
|-damage|p2a: Raikou|44/100|[from] Sandstorm
|-heal|p1a: Jolteon|100/100|[from] item: Leftovers
|-heal|p2a: Raikou|50/100|[from] item: Leftovers
|upkeep
|turn|17
|
|t:|1731175814
|move|p1a: Jolteon|Thunderbolt|p2a: Raikou
|-resisted|p2a: Raikou
|-end|p2a: Raikou|Substitute
|move|p2a: Raikou|Substitute|p2a: Raikou
|-start|p2a: Raikou|Substitute
|-damage|p2a: Raikou|25/100
|
|-weather|Sandstorm|[upkeep]
|-damage|p1a: Jolteon|94/100|[from] Sandstorm
|-damage|p2a: Raikou|19/100|[from] Sandstorm
|-heal|p1a: Jolteon|100/100|[from] item: Leftovers
|-heal|p2a: Raikou|25/100|[from] item: Leftovers
|upkeep
|turn|18
|
|t:|1731175827
|move|p1a: Jolteon|Thunderbolt|p2a: Raikou
|-resisted|p2a: Raikou
|-activate|p2a: Raikou|Substitute|[damage]
|move|p2a: Raikou|Thunderbolt|p1a: Jolteon
|-immune|p1a: Jolteon|[from] ability: Volt Absorb
|
|-weather|Sandstorm|[upkeep]
|-damage|p1a: Jolteon|94/100|[from] Sandstorm
|-damage|p2a: Raikou|19/100|[from] Sandstorm
|-heal|p1a: Jolteon|100/100|[from] item: Leftovers
|-heal|p2a: Raikou|25/100|[from] item: Leftovers
|upkeep
|turn|19
|
|t:|1731175831
|move|p1a: Jolteon|Thunderbolt|p2a: Raikou
|-resisted|p2a: Raikou
|-activate|p2a: Raikou|Substitute|[damage]
|move|p2a: Raikou|Hidden Power|p1a: Jolteon
|-damage|p1a: Jolteon|40/100
|
|-weather|Sandstorm|[upkeep]
|-damage|p1a: Jolteon|34/100|[from] Sandstorm
|-damage|p2a: Raikou|19/100|[from] Sandstorm
|-heal|p1a: Jolteon|40/100|[from] item: Leftovers
|-heal|p2a: Raikou|25/100|[from] item: Leftovers
|upkeep
|turn|20
|
|t:|1731175836
|move|p1a: Jolteon|Thunderbolt|p2a: Raikou
|-resisted|p2a: Raikou
|-activate|p2a: Raikou|Substitute|[damage]
|move|p2a: Raikou|Hidden Power|p1a: Jolteon
|-damage|p1a: Jolteon|0 fnt
|faint|p1a: Jolteon
|
|t:|1731175839
|switch|p1a: Aerodactyl|Aerodactyl, F|100/100
|
|-weather|Sandstorm|[upkeep]
|-damage|p2a: Raikou|19/100|[from] Sandstorm
|-heal|p2a: Raikou|25/100|[from] item: Leftovers
|upkeep
|turn|21
|
|t:|1731175841
|move|p1a: Aerodactyl|Earthquake|p2a: Raikou
|-supereffective|p2a: Raikou
|-end|p2a: Raikou|Substitute
|move|p2a: Raikou|Thunderbolt|p1a: Aerodactyl
|-supereffective|p1a: Aerodactyl
|-damage|p1a: Aerodactyl|0 fnt
|faint|p1a: Aerodactyl
|-message|aldrich_unfaithful forfeited.
|
|win|Spreek
|c|☆aldrich_unfaithful|gg
|c|☆Spreek|ggs

</script>
<script type="application/json" class="data" id="replaydata-smogtours-gen3ou-805492">
{"id":"smogtours-gen3ou-805492","format":"[Gen 3] OU","players":["aldrich_unfaithful","Spreek"],"uploadtime":1731175851,"views":22,"formatid":"gen3ou","rating":null,"private":0,"password":null}
</script>

<script defer src="js/replays.js?9d40a366"></script>
