<!DOCTYPE html>
<meta charset="utf-8" />
<meta name="viewport" content="width=device-width" />

<title>[Gen 3] OU: bebra322 vs. Yuiis - Replays - Pok&eacute;mon Showdown!</title>

<meta name="description" content="Watch a replay of a Pok&eacute;mon battle between bebra322 and Yuiis! Format: [Gen 3] OU; Date: Oct 8, 2024" />
<!--

Hey, you! Looking in the source for the replay log?

You can find them in JSON format, just add `.json` at the end of a replay URL.

https://replay.pokemonshowdown.com/gen7randomdoublesbattle-865046831.json

Or, if you only need the log itself, add `.log` instead:

https://replay.pokemonshowdown.com/gen7randomdoublesbattle-865046831.log

-->

<link rel="stylesheet" href="//pokemonshowdown.com/style/global.css?0.023195364461161105" />
<link rel="stylesheet" href="//play.pokemonshowdown.com/style/font-awesome.css?0.13261647063804238" />
<link rel="stylesheet" href="//play.pokemonshowdown.com/style/battle.css?0.8753245789963631" />
<link rel="stylesheet" href="//play.pokemonshowdown.com/style/utilichart.css?0.8627959624976733" />

<!-- Global site tag (gtag.js) - Google Analytics -->
<script async src="https://www.googletagmanager.com/gtag/js?id=UA-26211653-1"></script>
<script>
  window.dataLayer = window.dataLayer || [];
  function gtag(){dataLayer.push(arguments);}
  gtag('js', new Date());

  gtag('config', 'UA-26211653-1');
</script>
<!-- End Google Analytics -->
<!-- Venatus Ad Manager - Install in <HEAD> of page -->
	<script src="https://hb.vntsm.com/v3/live/ad-manager.min.js" type="text/javascript" data-site-id="642aba63ec9a7b11c3c9c1be" data-mode="scan" async></script>
<!-- / Venatus Ad Manager -->

<style>
	@media (max-width:820px) {
		.battle {
			margin: 0 auto;
		}
		.battle-log {
			margin: 7px auto 0;
			max-width: 640px;
			height: 300px;
			position: static;
		}
	}
	.optgroup {
		display: inline-block;
		line-height: 22px;
		font-size: 10pt;
	}
	.optgroup .button {
		height: 25px;
		padding-top: 0;
		padding-bottom: 0;
	}
	.optgroup button.button {
		padding-left: 12px;
		padding-right: 12px;
	}
	.linklist {
		list-style: none;
		margin: 0.5em 0;
		padding: 0;
	}
	.linklist li {
		padding: 2px 0;
	}
	.sidebar {
		float: left;
		width: 320px;
	}
	.bar-wrapper {
		max-width: 1100px;
		margin: 0 auto;
	}
	.bar-wrapper.has-sidebar {
		max-width: 1430px;
	}
	.mainbar {
		margin: 0;
		padding-right: 1px;
	}
	.mainbar.has-sidebar {
		margin-left: 330px;
	}
	@media (min-width: 1511px) {
		.sidebar {
			width: 400px;
		}
		.bar-wrapper.has-sidebar {
			max-width: 1510px;
		}
		.mainbar.has-sidebar {
			margin-left: 410px;
		}
	}
	.section.first-section {
		margin-top: 9px;
	}
	.blocklink small {
		white-space: normal;
	}
	.button {
		vertical-align: middle;
	}
	.replay-controls {
		padding-top: 10px;
	}
	.replay-controls h1 {
		font-size: 16pt;
		font-weight: normal;
		color: #CCC;
	}
	.pagelink {
		text-align: center;
	}
	.pagelink a {
		width: 150px;
	}
	.textbox, .button {
		font-size: 11pt;
		vertical-align: middle;
	}
	@media (max-width: 450px) {
		.button {
			font-size: 9pt;
		}
	}
</style>

<div>

	<header>
		<div class="nav-wrapper"><ul class="nav">
			<li><a class="button nav-first" href="//pokemonshowdown.com/"><img src="//pokemonshowdown.com/images/pokemonshowdownbeta.png" srcset="//pokemonshowdown.com/images/pokemonshowdownbeta.png 1x, //pokemonshowdown.com/images/pokemonshowdownbeta@2x.png 2x" alt="Pok&eacute;mon Showdown" width="146" height="44" /> Home</a></li>
			<li><a class="button" href="//pokemonshowdown.com/dex/">Pok&eacute;dex</a></li>
			<li><a class="button cur" href="/">Replays</a></li>
			<li><a class="button" href="//pokemonshowdown.com/ladder/">Ladder</a></li>
			<li><a class="button nav-last" href="//pokemonshowdown.com/forums/">Forum</a></li>
			<li><a class="button greenbutton nav-first nav-last" href="//play.pokemonshowdown.com/">Play</a></li>
		</ul></div>
	</header>

	<div class="main" id="main">

		<noscript><section class="section">You need to enable JavaScript to use this page; sorry!</section></noscript>

	</div>

</div>

<script defer nomodule src="//play.pokemonshowdown.com/js/lib/ps-polyfill.js"></script>
<script defer src="//play.pokemonshowdown.com/js/lib/preact.min.js"></script>

<script defer src="//play.pokemonshowdown.com/config/config.js?2bddbc15"></script>
<script defer src="//play.pokemonshowdown.com/js/lib/jquery-1.11.0.min.js"></script>
<script defer src="//play.pokemonshowdown.com/js/lib/html-sanitizer-minified.js"></script>
<script defer src="//play.pokemonshowdown.com/js/battle-sound.js"></script>
<script defer src="//play.pokemonshowdown.com/js/battledata.js?0.7209276989879541"></script>
<script defer src="//play.pokemonshowdown.com/data/pokedex-mini.js?0.6111056340867951"></script>
<script defer src="//play.pokemonshowdown.com/data/pokedex-mini-bw.js?0.3532142036491459"></script>
<script defer src="//play.pokemonshowdown.com/data/graphics.js?0.24223875632456182"></script>
<script defer src="//play.pokemonshowdown.com/data/pokedex.js?0.38839984266356864"></script>
<script defer src="//play.pokemonshowdown.com/data/moves.js?0.21866028504024015"></script>
<script defer src="//play.pokemonshowdown.com/data/abilities.js?0.2005157953846628"></script>
<script defer src="//play.pokemonshowdown.com/data/items.js?0.9894211263848525"></script>
<script defer src="//play.pokemonshowdown.com/data/teambuilder-tables.js?0.6008791140282215"></script>
<script defer src="//play.pokemonshowdown.com/js/battle-tooltips.js?0.7580118955022959"></script>
<script defer src="//play.pokemonshowdown.com/js/battle.js?0.6057722274234274"></script>

<script defer src="js/utils.js?e31f9a17"></script>
<script defer src="js/replays-battle.js?7008c182"></script>

<!-- don't scrape this data! just add .json or .log after the URL!
Full API docs: https://github.com/smogon/pokemon-showdown-client/blob/master/WEB-API.md -->
<script type="text/plain" class="log" id="replaylog-smogtours-gen3ou-796415">
|inactive|Battle timer is ON: inactive players will automatically lose when time's up.
|t:|1728409143
|gametype|singles
|player|p1|bebra322|170|
|player|p2|Yuiis|camper|
|teamsize|p1|6
|teamsize|p2|6
|gen|3
|tier|[Gen 3] OU
|rule|Sleep Clause Mod: Limit one foe put to sleep
|rule|Switch Priority Clause Mod: Faster Pokémon switch first
|rule|Species Clause: Limit one of each Pokémon
|rule|OHKO Clause: OHKO moves are banned
|rule|Evasion Items Clause: Evasion items are banned
|rule|Evasion Moves Clause: Evasion moves are banned
|rule|Endless Battle Clause: Forcing endless battles is banned
|rule|HP Percentage Mod: HP is shown in percentages
|rule|One Boost Passer Clause: Limit one Baton Passer that has a way to boost its stats
|rule|Freeze Clause Mod: Limit one foe frozen
|
|t:|1728409143
|start
|switch|p1a: Tyranitar|Tyranitar, M|100/100
|switch|p2a: Arcanine|Arcanine, M|100/100
|-weather|Sandstorm|[from] ability: Sand Stream|[of] p1a: Tyranitar
|-ability|p2a: Arcanine|Intimidate|boost
|-unboost|p1a: Tyranitar|atk|1
|turn|1
|inactive|bebra322 has 270 seconds left.
|
|t:|1728409190
|switch|p1a: Swampert|Swampert, M|100/100
|move|p2a: Arcanine|Hidden Power|p1a: Swampert
|-damage|p1a: Swampert|89/100
|
|-weather|Sandstorm|[upkeep]
|-damage|p2a: Arcanine|94/100|[from] Sandstorm
|-heal|p1a: Swampert|95/100|[from] item: Leftovers
|upkeep
|turn|2
|
|t:|1728409211
|switch|p2a: Skarmory|Skarmory, F|100/100
|move|p1a: Swampert|Surf|p2a: Skarmory
|-damage|p2a: Skarmory|72/100
|
|-weather|Sandstorm|[upkeep]
|-heal|p2a: Skarmory|78/100|[from] item: Leftovers
|-heal|p1a: Swampert|100/100|[from] item: Leftovers
|upkeep
|turn|3
|
|t:|1728409221
|switch|p1a: Breloom|Breloom, M|100/100
|move|p2a: Skarmory|Spikes|p1a: Breloom
|-sidestart|p1: bebra322|Spikes
|
|-weather|Sandstorm|[upkeep]
|-damage|p1a: Breloom|94/100|[from] Sandstorm
|-heal|p1a: Breloom|100/100|[from] item: Leftovers
|-heal|p2a: Skarmory|84/100|[from] item: Leftovers
|upkeep
|turn|4
|
|t:|1728409234
|switch|p2a: Arcanine|Arcanine, M|94/100
|-ability|p2a: Arcanine|Intimidate|boost
|-unboost|p1a: Breloom|atk|1
|move|p1a: Breloom|Spore|p2a: Arcanine
|-status|p2a: Arcanine|slp|[from] move: Spore
|
|-weather|Sandstorm|[upkeep]
|-damage|p1a: Breloom|94/100|[from] Sandstorm
|-damage|p2a: Arcanine|88/100 slp|[from] Sandstorm
|-heal|p1a: Breloom|100/100|[from] item: Leftovers
|upkeep
|turn|5
|inactive|bebra322 has 270 seconds left.
|
|t:|1728409267
|switch|p1a: Charizard|Charizard, F|100/100
|switch|p2a: Salamence|Salamence, M|100/100
|-ability|p2a: Salamence|Intimidate|boost
|-unboost|p1a: Charizard|atk|1
|
|-weather|Sandstorm|[upkeep]
|-damage|p1a: Charizard|94/100|[from] Sandstorm
|-damage|p2a: Salamence|94/100|[from] Sandstorm
|-heal|p1a: Charizard|100/100|[from] item: Leftovers
|-heal|p2a: Salamence|100/100|[from] item: Leftovers
|upkeep
|turn|6
|inactive|bebra322 has 270 seconds left.
|
|t:|1728409285
|switch|p1a: Umbreon|Umbreon, F|100/100
|-damage|p1a: Umbreon|88/100|[from] Spikes
|move|p2a: Salamence|Rock Slide|p1a: Umbreon
|-crit|p1a: Umbreon
|-damage|p1a: Umbreon|39/100
|
|-weather|Sandstorm|[upkeep]
|-damage|p2a: Salamence|94/100|[from] Sandstorm
|-damage|p1a: Umbreon|33/100|[from] Sandstorm
|-heal|p2a: Salamence|100/100|[from] item: Leftovers
|-heal|p1a: Umbreon|39/100|[from] item: Leftovers
|upkeep
|turn|7
|inactive|bebra322 has 270 seconds left.
|
|t:|1728409318
|move|p2a: Salamence|Hidden Power|p1a: Umbreon
|-damage|p1a: Umbreon|7/100
|move|p1a: Umbreon|Wish|p1a: Umbreon
|
|-weather|Sandstorm|[upkeep]
|-damage|p2a: Salamence|94/100|[from] Sandstorm
|-damage|p1a: Umbreon|1/100|[from] Sandstorm
|-heal|p2a: Salamence|100/100|[from] item: Leftovers
|-heal|p1a: Umbreon|7/100|[from] item: Leftovers
|upkeep
|turn|8
|
|t:|1728409330
|switch|p2a: Skarmory|Skarmory, F|84/100
|move|p1a: Umbreon|Protect||[still]
|-fail|p1a: Umbreon
|
|-heal|p1a: Umbreon|57/100|[from] move: Wish|[wisher] Umbreon
|-weather|Sandstorm|[upkeep]
|-damage|p1a: Umbreon|51/100|[from] Sandstorm
|-heal|p2a: Skarmory|90/100|[from] item: Leftovers
|-heal|p1a: Umbreon|57/100|[from] item: Leftovers
|upkeep
|turn|9
|
|t:|1728409348
|switch|p1a: Forretress|Forretress, M|100/100
|-damage|p1a: Forretress|88/100|[from] Spikes
|move|p2a: Skarmory|Spikes|p1a: Forretress
|-sidestart|p1: bebra322|Spikes
|
|-weather|Sandstorm|[upkeep]
|-heal|p2a: Skarmory|96/100|[from] item: Leftovers
|-heal|p1a: Forretress|94/100|[from] item: Leftovers
|upkeep
|turn|10
|
|t:|1728409356
|move|p2a: Skarmory|Taunt|p1a: Forretress
|-start|p1a: Forretress|move: Taunt
|move|p1a: Forretress|Rapid Spin|p2a: Skarmory
|-resisted|p2a: Skarmory
|-damage|p2a: Skarmory|95/100
|-sideend|p1: bebra322|Spikes|[from] move: Rapid Spin|[of] p1a: Forretress
|
|-weather|Sandstorm|[upkeep]
|-heal|p2a: Skarmory|100/100|[from] item: Leftovers
|-heal|p1a: Forretress|100/100|[from] item: Leftovers
|upkeep
|turn|11
|
|t:|1728409364
|switch|p2a: Arcanine|Arcanine, M|88/100 slp
|-ability|p2a: Arcanine|Intimidate|boost
|-unboost|p1a: Forretress|atk|1
|switch|p1a: Charizard|Charizard, F|100/100
|
|-weather|Sandstorm|[upkeep]
|-damage|p1a: Charizard|94/100|[from] Sandstorm
|-damage|p2a: Arcanine|82/100 slp|[from] Sandstorm
|-heal|p1a: Charizard|100/100|[from] item: Leftovers
|upkeep
|turn|12
|inactive|bebra322 has 270 seconds left.
|
|t:|1728409381
|switch|p1a: Swampert|Swampert, M|100/100
|switch|p2a: Starmie|Starmie|100/100
|
|-weather|Sandstorm|[upkeep]
|-damage|p2a: Starmie|94/100|[from] Sandstorm
|-heal|p2a: Starmie|100/100|[from] item: Leftovers
|upkeep
|turn|13
|inactive|bebra322 has 270 seconds left.
|
|t:|1728409399
|switch|p1a: Umbreon|Umbreon, F|57/100
|move|p2a: Starmie|Surf|p1a: Umbreon
|-damage|p1a: Umbreon|38/100
|
|-weather|Sandstorm|[upkeep]
|-damage|p2a: Starmie|94/100|[from] Sandstorm
|-damage|p1a: Umbreon|31/100|[from] Sandstorm
|-heal|p2a: Starmie|100/100|[from] item: Leftovers
|-heal|p1a: Umbreon|38/100|[from] item: Leftovers
|upkeep
|turn|14
|
|t:|1728409414
|switch|p2a: Skarmory|Skarmory, F|100/100
|move|p1a: Umbreon|Wish|p1a: Umbreon
|
|-weather|Sandstorm|[upkeep]
|-damage|p1a: Umbreon|31/100|[from] Sandstorm
|-heal|p1a: Umbreon|38/100|[from] item: Leftovers
|upkeep
|turn|15
|inactive|bebra322 has 270 seconds left.
|
|t:|1728409425
|move|p2a: Skarmory|Toxic|p1a: Umbreon
|-status|p1a: Umbreon|tox
|move|p1a: Umbreon|Pursuit|p2a: Skarmory
|-resisted|p2a: Skarmory
|-damage|p2a: Skarmory|94/100
|
|-heal|p1a: Umbreon|88/100 tox|[from] move: Wish|[wisher] Umbreon
|-weather|Sandstorm|[upkeep]
|-damage|p1a: Umbreon|81/100 tox|[from] Sandstorm
|-heal|p2a: Skarmory|99/100|[from] item: Leftovers
|-heal|p1a: Umbreon|88/100 tox|[from] item: Leftovers
|-damage|p1a: Umbreon|81/100 tox|[from] psn
|upkeep
|turn|16
|inactive|bebra322 has 270 seconds left.
|
|t:|1728409436
|switch|p1a: Forretress|Forretress, M|100/100
|move|p2a: Skarmory|Spikes|p1a: Forretress
|-sidestart|p1: bebra322|Spikes
|
|-weather|Sandstorm|[upkeep]
|-heal|p2a: Skarmory|100/100|[from] item: Leftovers
|upkeep
|turn|17
|inactive|bebra322 has 270 seconds left.
|
|t:|1728409451
|move|p2a: Skarmory|Taunt|p1a: Forretress
|-start|p1a: Forretress|move: Taunt
|cant|p1a: Forretress|move: Taunt|Spikes
|
|-weather|Sandstorm|[upkeep]
|upkeep
|turn|18
|
|t:|1728409459
|switch|p2a: Arcanine|Arcanine, M|82/100 slp
|-ability|p2a: Arcanine|Intimidate|boost
|-unboost|p1a: Forretress|atk|1
|move|p1a: Forretress|Rapid Spin|p2a: Arcanine
|-damage|p2a: Arcanine|80/100 slp
|-sideend|p1: bebra322|Spikes|[from] move: Rapid Spin|[of] p1a: Forretress
|
|-weather|Sandstorm|[upkeep]
|-damage|p2a: Arcanine|74/100 slp|[from] Sandstorm
|-end|p1a: Forretress|move: Taunt|[silent]
|upkeep
|turn|19
|
|t:|1728409466
|switch|p1a: Swampert|Swampert, M|100/100
|cant|p2a: Arcanine|slp
|
|-weather|Sandstorm|[upkeep]
|-damage|p2a: Arcanine|68/100 slp|[from] Sandstorm
|upkeep
|turn|20
|
|t:|1728409478
|switch|p2a: Starmie|Starmie|100/100
|switch|p1a: Umbreon|Umbreon, F|81/100 tox
|
|-weather|Sandstorm|[upkeep]
|-damage|p2a: Starmie|94/100|[from] Sandstorm
|-damage|p1a: Umbreon|75/100 tox|[from] Sandstorm
|-heal|p2a: Starmie|100/100|[from] item: Leftovers
|-heal|p1a: Umbreon|81/100 tox|[from] item: Leftovers
|-damage|p1a: Umbreon|75/100 tox|[from] psn
|upkeep
|turn|21
|
|t:|1728409483
|move|p2a: Starmie|Surf|p1a: Umbreon
|-damage|p1a: Umbreon|56/100 tox
|move|p1a: Umbreon|Pursuit|p2a: Starmie
|-supereffective|p2a: Starmie
|-damage|p2a: Starmie|69/100
|
|-weather|Sandstorm|[upkeep]
|-damage|p2a: Starmie|63/100|[from] Sandstorm
|-damage|p1a: Umbreon|50/100 tox|[from] Sandstorm
|-heal|p2a: Starmie|69/100|[from] item: Leftovers
|-heal|p1a: Umbreon|56/100 tox|[from] item: Leftovers
|-damage|p1a: Umbreon|44/100 tox|[from] psn
|upkeep
|turn|22
|
|t:|1728409492
|move|p2a: Starmie|Surf|p1a: Umbreon
|-damage|p1a: Umbreon|22/100 tox
|move|p1a: Umbreon|Toxic|p2a: Starmie
|-status|p2a: Starmie|tox
|
|-weather|Sandstorm|[upkeep]
|-damage|p2a: Starmie|63/100 tox|[from] Sandstorm
|-damage|p1a: Umbreon|16/100 tox|[from] Sandstorm
|-heal|p2a: Starmie|69/100 tox|[from] item: Leftovers
|-damage|p2a: Starmie|63/100 tox|[from] psn
|-heal|p1a: Umbreon|22/100 tox|[from] item: Leftovers
|-damage|p1a: Umbreon|4/100 tox|[from] psn
|upkeep
|turn|23
|
|t:|1728409501
|move|p2a: Starmie|Recover|p2a: Starmie
|-heal|p2a: Starmie|100/100 tox
|move|p1a: Umbreon|Pursuit|p2a: Starmie
|-supereffective|p2a: Starmie
|-damage|p2a: Starmie|73/100 tox
|
|-weather|Sandstorm|[upkeep]
|-damage|p2a: Starmie|67/100 tox|[from] Sandstorm
|-damage|p1a: Umbreon|0 fnt|[from] Sandstorm
|faint|p1a: Umbreon
|-heal|p2a: Starmie|73/100 tox|[from] item: Leftovers
|-damage|p2a: Starmie|61/100 tox|[from] psn
|upkeep
|inactive|bebra322 has 270 seconds left.
|
|t:|1728409540
|switch|p1a: Tyranitar|Tyranitar, M|100/100
|turn|24
|inactive|bebra322 has 270 seconds left.
|
|t:|1728409556
|move|p2a: Starmie|Surf|p1a: Tyranitar
|-supereffective|p1a: Tyranitar
|-damage|p1a: Tyranitar|27/100
|move|p1a: Tyranitar|Dragon Dance|p1a: Tyranitar
|-boost|p1a: Tyranitar|atk|1
|-boost|p1a: Tyranitar|spe|1
|
|-weather|Sandstorm|[upkeep]
|-damage|p2a: Starmie|55/100 tox|[from] Sandstorm
|-heal|p2a: Starmie|61/100 tox|[from] item: Leftovers
|-damage|p2a: Starmie|42/100 tox|[from] psn
|upkeep
|turn|25
|
|t:|1728409572
|-curestatus|p2a: Starmie|tox|[from] ability: Natural Cure
|switch|p2a: Arcanine|Arcanine, M|68/100 slp
|-ability|p2a: Arcanine|Intimidate|boost
|-unboost|p1a: Tyranitar|atk|1
|move|p1a: Tyranitar|Rock Slide|p2a: Arcanine
|-supereffective|p2a: Arcanine
|-damage|p2a: Arcanine|9/100 slp
|
|-weather|Sandstorm|[upkeep]
|-damage|p2a: Arcanine|3/100 slp|[from] Sandstorm
|upkeep
|turn|26
|inactive|bebra322 has 270 seconds left.
|
|t:|1728409600
|move|p1a: Tyranitar|Dragon Dance|p1a: Tyranitar
|-boost|p1a: Tyranitar|atk|1
|-boost|p1a: Tyranitar|spe|1
|cant|p2a: Arcanine|slp
|
|-weather|Sandstorm|[upkeep]
|-damage|p2a: Arcanine|0 fnt|[from] Sandstorm
|faint|p2a: Arcanine
|upkeep
|
|t:|1728409614
|switch|p2a: Salamence|Salamence, M|100/100
|-ability|p2a: Salamence|Intimidate|boost
|-unboost|p1a: Tyranitar|atk|1
|turn|27
|
|t:|1728409620
|switch|p2a: Metagross|Metagross|100/100
|move|p1a: Tyranitar|Rock Slide|p2a: Metagross
|-resisted|p2a: Metagross
|-damage|p2a: Metagross|83/100
|
|-weather|Sandstorm|[upkeep]
|-heal|p2a: Metagross|89/100|[from] item: Leftovers
|upkeep
|turn|28
|inactive|bebra322 has 270 seconds left.
|
|t:|1728409646
|move|p1a: Tyranitar|Earthquake|p2a: Metagross
|-supereffective|p2a: Metagross
|-damage|p2a: Metagross|33/100
|move|p2a: Metagross|Earthquake|p1a: Tyranitar
|-supereffective|p1a: Tyranitar
|-damage|p1a: Tyranitar|0 fnt
|faint|p1a: Tyranitar
|
|t:|1728409649
|switch|p1a: Charizard|Charizard, F|100/100
|
|-weather|Sandstorm|[upkeep]
|-damage|p1a: Charizard|94/100|[from] Sandstorm
|-heal|p1a: Charizard|100/100|[from] item: Leftovers
|-heal|p2a: Metagross|39/100|[from] item: Leftovers
|upkeep
|turn|29
|
|t:|1728409663
|switch|p2a: Blissey|Blissey, F|100/100
|move|p1a: Charizard|Fire Blast|p2a: Blissey
|-damage|p2a: Blissey|77/100
|
|-weather|Sandstorm|[upkeep]
|-damage|p1a: Charizard|94/100|[from] Sandstorm
|-damage|p2a: Blissey|71/100|[from] Sandstorm
|-heal|p1a: Charizard|100/100|[from] item: Leftovers
|-heal|p2a: Blissey|77/100|[from] item: Leftovers
|upkeep
|turn|30
|
|t:|1728409672
|move|p1a: Charizard|Beat Up|p2a: Blissey
|-damage|p2a: Blissey|68/100
|-damage|p2a: Blissey|57/100
|-damage|p2a: Blissey|42/100
|-damage|p2a: Blissey|28/100
|-hitcount|p2a: Blissey|4
|move|p2a: Blissey|Thunderbolt|p1a: Charizard
|-supereffective|p1a: Charizard
|-damage|p1a: Charizard|35/100
|
|-weather|Sandstorm|[upkeep]
|-damage|p1a: Charizard|28/100|[from] Sandstorm
|-damage|p2a: Blissey|21/100|[from] Sandstorm
|-heal|p1a: Charizard|35/100|[from] item: Leftovers
|-heal|p2a: Blissey|28/100|[from] item: Leftovers
|upkeep
|turn|31
|inactive|bebra322 has 270 seconds left.
|inactive|Yuiis has 270 seconds left.
|
|t:|1728409731
|switch|p2a: Metagross|Metagross|39/100
|move|p1a: Charizard|Fire Blast|p2a: Metagross
|-supereffective|p2a: Metagross
|-damage|p2a: Metagross|0 fnt
|faint|p2a: Metagross
|
|t:|1728409738
|switch|p2a: Starmie|Starmie|42/100
|
|-weather|Sandstorm|[upkeep]
|-damage|p2a: Starmie|36/100|[from] Sandstorm
|-damage|p1a: Charizard|28/100|[from] Sandstorm
|-heal|p2a: Starmie|42/100|[from] item: Leftovers
|-heal|p1a: Charizard|35/100|[from] item: Leftovers
|upkeep
|turn|32
|inactive|bebra322 has 270 seconds left.
|
|t:|1728409773
|switch|p1a: Forretress|Forretress, M|100/100
|move|p2a: Starmie|Recover|p2a: Starmie
|-heal|p2a: Starmie|92/100
|
|-weather|Sandstorm|[upkeep]
|-damage|p2a: Starmie|86/100|[from] Sandstorm
|-heal|p2a: Starmie|92/100|[from] item: Leftovers
|upkeep
|turn|33
|
|t:|1728409780
|move|p2a: Starmie|Surf|p1a: Forretress
|-damage|p1a: Forretress|65/100
|move|p1a: Forretress|Spikes|p2a: Starmie
|-sidestart|p2: Yuiis|Spikes
|
|-weather|Sandstorm|[upkeep]
|-damage|p2a: Starmie|86/100|[from] Sandstorm
|-heal|p2a: Starmie|92/100|[from] item: Leftovers
|-heal|p1a: Forretress|72/100|[from] item: Leftovers
|upkeep
|turn|34
|inactive|Yuiis has 270 seconds left.
|
|t:|1728409797
|switch|p2a: Blissey|Blissey, F|28/100
|-damage|p2a: Blissey|15/100|[from] Spikes
|move|p1a: Forretress|Explosion|p2a: Blissey
|-damage|p2a: Blissey|0 fnt
|faint|p1a: Forretress
|faint|p2a: Blissey
|inactive|Yuiis has 270 seconds left.
|
|t:|1728409818
|switch|p2a: Skarmory|Skarmory, F|100/100
|switch|p1a: Breloom|Breloom, M|100/100
|
|-weather|Sandstorm|[upkeep]
|-damage|p1a: Breloom|94/100|[from] Sandstorm
|-heal|p1a: Breloom|100/100|[from] item: Leftovers
|upkeep
|turn|35
|
|t:|1728409831
|move|p1a: Breloom|Spore|p2a: Skarmory
|-status|p2a: Skarmory|slp|[from] move: Spore
|cant|p2a: Skarmory|slp
|
|-weather|Sandstorm|[upkeep]
|-damage|p1a: Breloom|94/100|[from] Sandstorm
|-heal|p1a: Breloom|100/100|[from] item: Leftovers
|upkeep
|turn|36
|inactive|bebra322 has 240 seconds left.
|
|t:|1728409849
|switch|p1a: Swampert|Swampert, M|100/100
|switch|p2a: Salamence|Salamence, M|100/100
|-ability|p2a: Salamence|Intimidate|boost
|-unboost|p1a: Swampert|atk|1
|
|-weather|Sandstorm|[upkeep]
|-damage|p2a: Salamence|94/100|[from] Sandstorm
|-heal|p2a: Salamence|100/100|[from] item: Leftovers
|upkeep
|turn|37
|
|t:|1728409858
|switch|p2a: Skarmory|Skarmory, F|100/100 slp
|move|p1a: Swampert|Roar|p2a: Skarmory
|drag|p2a: Salamence|Salamence, M|100/100
|-ability|p2a: Salamence|Intimidate|boost
|-unboost|p1a: Swampert|atk|1
|
|-weather|Sandstorm|[upkeep]
|-damage|p2a: Salamence|94/100|[from] Sandstorm
|-heal|p2a: Salamence|100/100|[from] item: Leftovers
|upkeep
|turn|38
|inactive|bebra322 has 240 seconds left.
|
|t:|1728409877
|switch|p2a: Skarmory|Skarmory, F|100/100 slp
|move|p1a: Swampert|Surf|p2a: Skarmory
|-damage|p2a: Skarmory|70/100 slp
|
|-weather|Sandstorm|[upkeep]
|-heal|p2a: Skarmory|76/100 slp|[from] item: Leftovers
|upkeep
|turn|39
|
|t:|1728409889
|cant|p2a: Skarmory|slp
|move|p1a: Swampert|Surf|p2a: Skarmory
|-damage|p2a: Skarmory|49/100 slp
|
|-weather|Sandstorm|[upkeep]
|-heal|p2a: Skarmory|55/100 slp|[from] item: Leftovers
|upkeep
|turn|40
|inactive|bebra322 has 240 seconds left.
|
|t:|1728409906
|-curestatus|p2a: Skarmory|slp|[msg]
|move|p2a: Skarmory|Toxic|p1a: Swampert
|-status|p1a: Swampert|tox
|move|p1a: Swampert|Surf|p2a: Skarmory
|-crit|p2a: Skarmory
|-damage|p2a: Skarmory|1/100
|
|-weather|Sandstorm|[upkeep]
|-heal|p2a: Skarmory|7/100|[from] item: Leftovers
|-damage|p1a: Swampert|94/100 tox|[from] psn
|upkeep
|turn|41
|inactive|Yuiis has 270 seconds left.
|inactive|Yuiis has 240 seconds left.
|
|t:|1728409979
|move|p2a: Skarmory|Spikes|p1a: Swampert
|-sidestart|p1: bebra322|Spikes
|move|p1a: Swampert|Refresh|p1a: Swampert
|-curestatus|p1a: Swampert|tox|[msg]
|
|-weather|Sandstorm|[upkeep]
|-heal|p2a: Skarmory|13/100|[from] item: Leftovers
|-heal|p1a: Swampert|100/100|[from] item: Leftovers
|upkeep
|turn|42
|
|t:|1728409998
|move|p2a: Skarmory|Taunt|p1a: Swampert
|-start|p1a: Swampert|move: Taunt
|move|p1a: Swampert|Surf|p2a: Skarmory
|-damage|p2a: Skarmory|0 fnt
|faint|p2a: Skarmory
|
|t:|1728410004
|switch|p2a: Salamence|Salamence, M|100/100
|-ability|p2a: Salamence|Intimidate|boost
|-unboost|p1a: Swampert|atk|1
|
|-weather|Sandstorm|[upkeep]
|-damage|p2a: Salamence|94/100|[from] Sandstorm
|-heal|p2a: Salamence|100/100|[from] item: Leftovers
|upkeep
|turn|43
|
|t:|1728410024
|switch|p1a: Charizard|Charizard, F|35/100
|move|p2a: Salamence|Dragon Dance|p2a: Salamence
|-boost|p2a: Salamence|atk|1
|-boost|p2a: Salamence|spe|1
|
|-weather|Sandstorm|[upkeep]
|-damage|p2a: Salamence|94/100|[from] Sandstorm
|-damage|p1a: Charizard|28/100|[from] Sandstorm
|-heal|p2a: Salamence|100/100|[from] item: Leftovers
|-heal|p1a: Charizard|35/100|[from] item: Leftovers
|upkeep
|turn|44
|
|t:|1728410029
|move|p2a: Salamence|Hidden Power|p1a: Charizard
|-damage|p1a: Charizard|0 fnt
|faint|p1a: Charizard
|
|t:|1728410031
|switch|p1a: Swampert|Swampert, M|100/100
|-damage|p1a: Swampert|88/100|[from] Spikes
|
|-weather|Sandstorm|[upkeep]
|-damage|p2a: Salamence|94/100|[from] Sandstorm
|-heal|p2a: Salamence|100/100|[from] item: Leftovers
|-heal|p1a: Swampert|94/100|[from] item: Leftovers
|upkeep
|turn|45
|
|t:|1728410041
|move|p2a: Salamence|Hidden Power|p1a: Swampert
|-damage|p1a: Swampert|52/100
|move|p1a: Swampert|Roar|p2a: Salamence
|drag|p2a: Starmie|Starmie|92/100
|-damage|p2a: Starmie|80/100|[from] Spikes
|
|-weather|Sandstorm|[upkeep]
|-damage|p2a: Starmie|74/100|[from] Sandstorm
|-heal|p2a: Starmie|80/100|[from] item: Leftovers
|-heal|p1a: Swampert|58/100|[from] item: Leftovers
|upkeep
|turn|46
|
|t:|1728410045
|move|p1a: Swampert|Protect|p1a: Swampert
|-singleturn|p1a: Swampert|Protect
|move|p2a: Starmie|Surf|p1a: Swampert
|-activate|p1a: Swampert|Protect
|
|-weather|Sandstorm|[upkeep]
|-damage|p2a: Starmie|74/100|[from] Sandstorm
|-heal|p2a: Starmie|80/100|[from] item: Leftovers
|-heal|p1a: Swampert|64/100|[from] item: Leftovers
|upkeep
|turn|47
|
|t:|1728410057
|switch|p1a: Breloom|Breloom, M|100/100
|-damage|p1a: Breloom|88/100|[from] Spikes
|move|p2a: Starmie|Surf|p1a: Breloom
|-resisted|p1a: Breloom
|-damage|p1a: Breloom|56/100
|
|-weather|Sandstorm|[upkeep]
|-damage|p2a: Starmie|74/100|[from] Sandstorm
|-damage|p1a: Breloom|50/100|[from] Sandstorm
|-heal|p2a: Starmie|80/100|[from] item: Leftovers
|-heal|p1a: Breloom|56/100|[from] item: Leftovers
|upkeep
|turn|48
|
|t:|1728410062
|move|p2a: Starmie|Ice Beam|p1a: Breloom
|-supereffective|p1a: Breloom
|-damage|p1a: Breloom|0 fnt
|faint|p1a: Breloom
|inactive|bebra322 has 270 seconds left.
|
|t:|1728410092
|switch|p1a: Swampert|Swampert, M|64/100
|-damage|p1a: Swampert|52/100|[from] Spikes
|
|-weather|Sandstorm|[upkeep]
|-damage|p2a: Starmie|74/100|[from] Sandstorm
|-heal|p2a: Starmie|80/100|[from] item: Leftovers
|-heal|p1a: Swampert|58/100|[from] item: Leftovers
|upkeep
|turn|49
|
|t:|1728410095
|move|p1a: Swampert|Protect|p1a: Swampert
|-singleturn|p1a: Swampert|Protect
|move|p2a: Starmie|Surf|p1a: Swampert
|-activate|p1a: Swampert|Protect
|
|-weather|Sandstorm|[upkeep]
|-damage|p2a: Starmie|74/100|[from] Sandstorm
|-heal|p2a: Starmie|80/100|[from] item: Leftovers
|-heal|p1a: Swampert|64/100|[from] item: Leftovers
|upkeep
|turn|50
|
|t:|1728410099
|move|p2a: Starmie|Surf|p1a: Swampert
|-crit|p1a: Swampert
|-damage|p1a: Swampert|7/100
|move|p1a: Swampert|Surf|p2a: Starmie
|-resisted|p2a: Starmie
|-damage|p2a: Starmie|55/100
|
|-weather|Sandstorm|[upkeep]
|-damage|p2a: Starmie|49/100|[from] Sandstorm
|-heal|p2a: Starmie|55/100|[from] item: Leftovers
|-heal|p1a: Swampert|13/100|[from] item: Leftovers
|upkeep
|turn|51
|c|☆bebra322|ggs
|
|t:|1728410107
|move|p2a: Starmie|Recover|p2a: Starmie
|-heal|p2a: Starmie|100/100
|move|p1a: Swampert|Surf|p2a: Starmie
|-resisted|p2a: Starmie
|-damage|p2a: Starmie|72/100
|
|-weather|Sandstorm|[upkeep]
|-damage|p2a: Starmie|66/100|[from] Sandstorm
|-heal|p2a: Starmie|72/100|[from] item: Leftovers
|-heal|p1a: Swampert|19/100|[from] item: Leftovers
|upkeep
|turn|52
|c|☆Yuiis|ggs
|
|t:|1728410120
|move|p2a: Starmie|Surf|p1a: Swampert
|-damage|p1a: Swampert|0 fnt
|faint|p1a: Swampert
|
|win|Yuiis

</script>
<script type="application/json" class="data" id="replaydata-smogtours-gen3ou-796415">
{"id":"smogtours-gen3ou-796415","format":"[Gen 3] OU","players":["bebra322","Yuiis"],"uploadtime":1728410120,"views":97,"formatid":"gen3ou","rating":null,"private":0,"password":null}
</script>

<script defer src="js/replays.js?9d40a366"></script>
