<!DOCTYPE html>
<meta charset="utf-8" />
<meta name="viewport" content="width=device-width" />

<title>[Gen 3] OU: DraykOP vs. violet river - Replays - Pok&eacute;mon Showdown!</title>

<meta name="description" content="Watch a replay of a Pok&eacute;mon battle between DraykOP and violet river! Format: [Gen 3] OU; Date: Oct 6, 2024" />
<!--

Hey, you! Looking in the source for the replay log?

You can find them in JSON format, just add `.json` at the end of a replay URL.

https://replay.pokemonshowdown.com/gen7randomdoublesbattle-865046831.json

Or, if you only need the log itself, add `.log` instead:

https://replay.pokemonshowdown.com/gen7randomdoublesbattle-865046831.log

-->

<link rel="stylesheet" href="//pokemonshowdown.com/style/global.css?0.023195364461161105" />
<link rel="stylesheet" href="//play.pokemonshowdown.com/style/font-awesome.css?0.13261647063804238" />
<link rel="stylesheet" href="//play.pokemonshowdown.com/style/battle.css?0.8753245789963631" />
<link rel="stylesheet" href="//play.pokemonshowdown.com/style/utilichart.css?0.8627959624976733" />

<!-- Global site tag (gtag.js) - Google Analytics -->
<script async src="https://www.googletagmanager.com/gtag/js?id=UA-26211653-1"></script>
<script>
  window.dataLayer = window.dataLayer || [];
  function gtag(){dataLayer.push(arguments);}
  gtag('js', new Date());

  gtag('config', 'UA-26211653-1');
</script>
<!-- End Google Analytics -->
<!-- Venatus Ad Manager - Install in <HEAD> of page -->
	<script src="https://hb.vntsm.com/v3/live/ad-manager.min.js" type="text/javascript" data-site-id="642aba63ec9a7b11c3c9c1be" data-mode="scan" async></script>
<!-- / Venatus Ad Manager -->

<style>
	@media (max-width:820px) {
		.battle {
			margin: 0 auto;
		}
		.battle-log {
			margin: 7px auto 0;
			max-width: 640px;
			height: 300px;
			position: static;
		}
	}
	.optgroup {
		display: inline-block;
		line-height: 22px;
		font-size: 10pt;
	}
	.optgroup .button {
		height: 25px;
		padding-top: 0;
		padding-bottom: 0;
	}
	.optgroup button.button {
		padding-left: 12px;
		padding-right: 12px;
	}
	.linklist {
		list-style: none;
		margin: 0.5em 0;
		padding: 0;
	}
	.linklist li {
		padding: 2px 0;
	}
	.sidebar {
		float: left;
		width: 320px;
	}
	.bar-wrapper {
		max-width: 1100px;
		margin: 0 auto;
	}
	.bar-wrapper.has-sidebar {
		max-width: 1430px;
	}
	.mainbar {
		margin: 0;
		padding-right: 1px;
	}
	.mainbar.has-sidebar {
		margin-left: 330px;
	}
	@media (min-width: 1511px) {
		.sidebar {
			width: 400px;
		}
		.bar-wrapper.has-sidebar {
			max-width: 1510px;
		}
		.mainbar.has-sidebar {
			margin-left: 410px;
		}
	}
	.section.first-section {
		margin-top: 9px;
	}
	.blocklink small {
		white-space: normal;
	}
	.button {
		vertical-align: middle;
	}
	.replay-controls {
		padding-top: 10px;
	}
	.replay-controls h1 {
		font-size: 16pt;
		font-weight: normal;
		color: #CCC;
	}
	.pagelink {
		text-align: center;
	}
	.pagelink a {
		width: 150px;
	}
	.textbox, .button {
		font-size: 11pt;
		vertical-align: middle;
	}
	@media (max-width: 450px) {
		.button {
			font-size: 9pt;
		}
	}
</style>

<div>

	<header>
		<div class="nav-wrapper"><ul class="nav">
			<li><a class="button nav-first" href="//pokemonshowdown.com/"><img src="//pokemonshowdown.com/images/pokemonshowdownbeta.png" srcset="//pokemonshowdown.com/images/pokemonshowdownbeta.png 1x, //pokemonshowdown.com/images/pokemonshowdownbeta@2x.png 2x" alt="Pok&eacute;mon Showdown" width="146" height="44" /> Home</a></li>
			<li><a class="button" href="//pokemonshowdown.com/dex/">Pok&eacute;dex</a></li>
			<li><a class="button cur" href="/">Replays</a></li>
			<li><a class="button" href="//pokemonshowdown.com/ladder/">Ladder</a></li>
			<li><a class="button nav-last" href="//pokemonshowdown.com/forums/">Forum</a></li>
			<li><a class="button greenbutton nav-first nav-last" href="//play.pokemonshowdown.com/">Play</a></li>
		</ul></div>
	</header>

	<div class="main" id="main">

		<noscript><section class="section">You need to enable JavaScript to use this page; sorry!</section></noscript>

	</div>

</div>

<script defer nomodule src="//play.pokemonshowdown.com/js/lib/ps-polyfill.js"></script>
<script defer src="//play.pokemonshowdown.com/js/lib/preact.min.js"></script>

<script defer src="//play.pokemonshowdown.com/config/config.js?2bddbc15"></script>
<script defer src="//play.pokemonshowdown.com/js/lib/jquery-1.11.0.min.js"></script>
<script defer src="//play.pokemonshowdown.com/js/lib/html-sanitizer-minified.js"></script>
<script defer src="//play.pokemonshowdown.com/js/battle-sound.js"></script>
<script defer src="//play.pokemonshowdown.com/js/battledata.js?0.7209276989879541"></script>
<script defer src="//play.pokemonshowdown.com/data/pokedex-mini.js?0.6111056340867951"></script>
<script defer src="//play.pokemonshowdown.com/data/pokedex-mini-bw.js?0.3532142036491459"></script>
<script defer src="//play.pokemonshowdown.com/data/graphics.js?0.24223875632456182"></script>
<script defer src="//play.pokemonshowdown.com/data/pokedex.js?0.38839984266356864"></script>
<script defer src="//play.pokemonshowdown.com/data/moves.js?0.21866028504024015"></script>
<script defer src="//play.pokemonshowdown.com/data/abilities.js?0.2005157953846628"></script>
<script defer src="//play.pokemonshowdown.com/data/items.js?0.9894211263848525"></script>
<script defer src="//play.pokemonshowdown.com/data/teambuilder-tables.js?0.6008791140282215"></script>
<script defer src="//play.pokemonshowdown.com/js/battle-tooltips.js?0.7580118955022959"></script>
<script defer src="//play.pokemonshowdown.com/js/battle.js?0.6057722274234274"></script>

<script defer src="js/utils.js?e31f9a17"></script>
<script defer src="js/replays-battle.js?7008c182"></script>

<!-- don't scrape this data! just add .json or .log after the URL!
Full API docs: https://github.com/smogon/pokemon-showdown-client/blob/master/WEB-API.md -->
<script type="text/plain" class="log" id="replaylog-smogtours-gen3ou-795495">
|inactive|Battle timer is ON: inactive players will automatically lose when time's up.
|t:|1728221079
|gametype|singles
|player|p1|DraykOP|hexmaniac-gen3|
|player|p2|violet river|sonia-masters|
|teamsize|p1|6
|teamsize|p2|6
|gen|3
|tier|[Gen 3] OU
|rule|Sleep Clause Mod: Limit one foe put to sleep
|rule|Switch Priority Clause Mod: Faster Pokémon switch first
|rule|Species Clause: Limit one of each Pokémon
|rule|OHKO Clause: OHKO moves are banned
|rule|Evasion Items Clause: Evasion items are banned
|rule|Evasion Moves Clause: Evasion moves are banned
|rule|Endless Battle Clause: Forcing endless battles is banned
|rule|HP Percentage Mod: HP is shown in percentages
|rule|One Boost Passer Clause: Limit one Baton Passer that has a way to boost its stats
|rule|Freeze Clause Mod: Limit one foe frozen
|
|t:|1728221079
|start
|switch|p1a: Glalie|Glalie, F, shiny|100/100
|switch|p2a: Soulwind Slayer|Registeel|100/100
|turn|1
|
|t:|1728221086
|move|p1a: Glalie|Taunt|p2a: Soulwind Slayer
|-start|p2a: Soulwind Slayer|move: Taunt
|move|p2a: Soulwind Slayer|Seismic Toss|p1a: Glalie
|-damage|p1a: Glalie|67/100
|
|upkeep
|turn|2
|
|t:|1728221091
|move|p1a: Glalie|Spikes|p2a: Soulwind Slayer
|-sidestart|p2: violet river|Spikes
|move|p2a: Soulwind Slayer|Seismic Toss|p1a: Glalie
|-damage|p1a: Glalie|34/100
|
|-end|p2a: Soulwind Slayer|move: Taunt|[silent]
|upkeep
|turn|3
|
|t:|1728221096
|move|p1a: Glalie|Spikes|p2a: Soulwind Slayer
|-sidestart|p2: violet river|Spikes
|move|p2a: Soulwind Slayer|Seismic Toss|p1a: Glalie
|-damage|p1a: Glalie|1/100
|
|-enditem|p1a: Glalie|Salac Berry|[eat]
|-boost|p1a: Glalie|spe|1|[from] item: Salac Berry
|upkeep
|turn|4
|
|t:|1728221100
|move|p1a: Glalie|Spikes|p2a: Soulwind Slayer
|-sidestart|p2: violet river|Spikes
|move|p2a: Soulwind Slayer|Seismic Toss|p1a: Glalie
|-damage|p1a: Glalie|0 fnt
|faint|p1a: Glalie
|
|t:|1728221106
|switch|p1a: Moltres|Moltres|100/100
|
|upkeep
|turn|5
|
|t:|1728221110
|switch|p2a: Jump for Beef|Milotic, F|100/100
|-damage|p2a: Jump for Beef|76/100|[from] Spikes
|move|p1a: Moltres|Flamethrower|p2a: Jump for Beef
|-resisted|p2a: Jump for Beef
|-damage|p2a: Jump for Beef|58/100
|
|-heal|p2a: Jump for Beef|64/100|[from] item: Leftovers
|upkeep
|turn|6
|c|☆DraykOP|nickname is so real 
|
|t:|1728221129
|move|p1a: Moltres|Hidden Power|p2a: Jump for Beef
|-supereffective|p2a: Jump for Beef
|-damage|p2a: Jump for Beef|28/100
|move|p2a: Jump for Beef|Recover|p2a: Jump for Beef
|-heal|p2a: Jump for Beef|78/100
|
|-heal|p2a: Jump for Beef|84/100|[from] item: Leftovers
|upkeep
|turn|7
|
|t:|1728221141
|switch|p1a: Jolteon|Jolteon, M|100/100
|move|p2a: Jump for Beef|Surf|p1a: Jolteon
|-damage|p1a: Jolteon|60/100
|
|-heal|p1a: Jolteon|65/100|[from] item: Leftovers
|-heal|p2a: Jump for Beef|90/100|[from] item: Leftovers
|upkeep
|turn|8
|
|t:|1728221146
|switch|p2a: God's Eyes|Claydol|100/100
|move|p1a: Jolteon|Thunderbolt|p2a: God's Eyes
|-immune|p2a: God's Eyes
|
|-heal|p1a: Jolteon|71/100|[from] item: Leftovers
|upkeep
|turn|9
|
|t:|1728221149
|move|p1a: Jolteon|Baton Pass|p1a: Jolteon
|
|t:|1728221156
|switch|p1a: Gengar|Gengar, F|100/100|[from] Baton Pass
|move|p2a: God's Eyes|Psychic|p1a: Gengar
|-supereffective|p1a: Gengar
|-damage|p1a: Gengar|47/100
|
|-heal|p1a: Gengar|53/100|[from] item: Leftovers
|upkeep
|turn|10
|
|t:|1728221164
|move|p1a: Gengar|Ice Punch|p2a: God's Eyes
|-supereffective|p2a: God's Eyes
|-damage|p2a: God's Eyes|63/100
|move|p2a: God's Eyes|Psychic|p1a: Gengar
|-supereffective|p1a: Gengar
|-damage|p1a: Gengar|5/100
|
|-heal|p1a: Gengar|11/100|[from] item: Leftovers
|-heal|p2a: God's Eyes|69/100|[from] item: Leftovers
|upkeep
|turn|11
|
|t:|1728221171
|switch|p2a: Ms. Nails|Skarmory, M|100/100
|move|p1a: Gengar|Explosion|p2a: Ms. Nails
|-resisted|p2a: Ms. Nails
|-damage|p2a: Ms. Nails|72/100
|faint|p1a: Gengar
|
|t:|1728221175
|switch|p1a: Moltres|Moltres|100/100
|
|-heal|p2a: Ms. Nails|78/100|[from] item: Leftovers
|upkeep
|turn|12
|
|t:|1728221179
|switch|p2a: She Who Wanders|Blissey, F|100/100
|-damage|p2a: She Who Wanders|76/100|[from] Spikes
|move|p1a: Moltres|Will-O-Wisp|p2a: She Who Wanders
|-status|p2a: She Who Wanders|brn
|
|-heal|p2a: She Who Wanders|82/100 brn|[from] item: Leftovers
|-damage|p2a: She Who Wanders|69/100 brn|[from] brn
|upkeep
|turn|13
|
|t:|1728221183
|move|p2a: She Who Wanders|Soft-Boiled|p2a: She Who Wanders
|-heal|p2a: She Who Wanders|100/100 brn
|move|p1a: Moltres|Roar|p2a: She Who Wanders
|-curestatus|p2a: She Who Wanders|brn|[from] ability: Natural Cure
|drag|p2a: Soulwind Slayer|Registeel|100/100
|-damage|p2a: Soulwind Slayer|75/100|[from] Spikes
|
|-heal|p2a: Soulwind Slayer|82/100|[from] item: Leftovers
|upkeep
|turn|14
|
|t:|1728221191
|switch|p1a: Tyranitar|Tyranitar, M|100/100
|-weather|Sandstorm|[from] ability: Sand Stream|[of] p1a: Tyranitar
|move|p2a: Soulwind Slayer|Thunder Wave|p1a: Tyranitar
|-status|p1a: Tyranitar|par
|-enditem|p1a: Tyranitar|Lum Berry|[eat]
|-curestatus|p1a: Tyranitar|par|[msg]
|
|-weather|Sandstorm|[upkeep]
|-heal|p2a: Soulwind Slayer|88/100|[from] item: Leftovers
|upkeep
|turn|15
|
|t:|1728221198
|move|p1a: Tyranitar|Dragon Dance|p1a: Tyranitar
|-boost|p1a: Tyranitar|atk|1
|-boost|p1a: Tyranitar|spe|1
|move|p2a: Soulwind Slayer|Thunder Wave|p1a: Tyranitar
|-status|p1a: Tyranitar|par
|
|-weather|Sandstorm|[upkeep]
|-heal|p2a: Soulwind Slayer|94/100|[from] item: Leftovers
|upkeep
|turn|16
|
|t:|1728221203
|switch|p2a: God's Eyes|Claydol|69/100
|move|p1a: Tyranitar|Dragon Dance|p1a: Tyranitar
|-boost|p1a: Tyranitar|atk|1
|-boost|p1a: Tyranitar|spe|1
|
|-weather|Sandstorm|[upkeep]
|-heal|p2a: God's Eyes|75/100|[from] item: Leftovers
|upkeep
|turn|17
|
|t:|1728221205
|move|p2a: God's Eyes|Rapid Spin|p1a: Tyranitar
|-resisted|p1a: Tyranitar
|-damage|p1a: Tyranitar|98/100 par
|-sideend|p2: violet river|Spikes|[from] move: Rapid Spin|[of] p2a: God's Eyes
|move|p1a: Tyranitar|Double-Edge|p2a: God's Eyes
|-damage|p2a: God's Eyes|0 fnt
|-damage|p1a: Tyranitar|74/100 par|[from] Recoil|[of] p2a: God's Eyes
|faint|p2a: God's Eyes
|
|t:|1728221208
|switch|p2a: Chudtrio|Dugtrio, M|100/100
|
|-weather|Sandstorm|[upkeep]
|upkeep
|turn|18
|
|t:|1728221211
|move|p2a: Chudtrio|Earthquake|p1a: Tyranitar
|-supereffective|p1a: Tyranitar
|-damage|p1a: Tyranitar|0 fnt
|faint|p1a: Tyranitar
|
|t:|1728221217
|switch|p1a: Moltres|Moltres|100/100
|
|-weather|Sandstorm|[upkeep]
|-damage|p1a: Moltres|94/100|[from] Sandstorm
|-heal|p1a: Moltres|100/100|[from] item: Leftovers
|upkeep
|turn|19
|
|t:|1728221220
|switch|p2a: She Who Wanders|Blissey, F|100/100
|move|p1a: Moltres|Will-O-Wisp|p2a: She Who Wanders
|-status|p2a: She Who Wanders|brn
|
|-weather|Sandstorm|[upkeep]
|-damage|p1a: Moltres|94/100|[from] Sandstorm
|-damage|p2a: She Who Wanders|94/100 brn|[from] Sandstorm
|-heal|p1a: Moltres|100/100|[from] item: Leftovers
|-heal|p2a: She Who Wanders|100/100 brn|[from] item: Leftovers
|-damage|p2a: She Who Wanders|88/100 brn|[from] brn
|upkeep
|turn|20
|
|t:|1728221226
|switch|p1a: Jolteon|Jolteon, M|71/100
|move|p2a: She Who Wanders|Ice Beam|p1a: Jolteon
|-damage|p1a: Jolteon|40/100
|
|-weather|Sandstorm|[upkeep]
|-damage|p1a: Jolteon|34/100|[from] Sandstorm
|-damage|p2a: She Who Wanders|82/100 brn|[from] Sandstorm
|-heal|p1a: Jolteon|40/100|[from] item: Leftovers
|-heal|p2a: She Who Wanders|88/100 brn|[from] item: Leftovers
|-damage|p2a: She Who Wanders|76/100 brn|[from] brn
|upkeep
|turn|21
|
|t:|1728221231
|move|p2a: She Who Wanders|Ice Beam|p1a: Jolteon
|-damage|p1a: Jolteon|8/100
|move|p1a: Jolteon|Roar|p2a: She Who Wanders
|-curestatus|p2a: She Who Wanders|brn|[from] ability: Natural Cure
|drag|p2a: Jump for Beef|Milotic, F|90/100
|
|-weather|Sandstorm|[upkeep]
|-damage|p1a: Jolteon|2/100|[from] Sandstorm
|-damage|p2a: Jump for Beef|84/100|[from] Sandstorm
|-heal|p1a: Jolteon|8/100|[from] item: Leftovers
|-heal|p2a: Jump for Beef|90/100|[from] item: Leftovers
|upkeep
|turn|22
|
|t:|1728221234
|switch|p2a: She Who Wanders|Blissey, F|76/100
|move|p1a: Jolteon|Thunderbolt|p2a: She Who Wanders
|-damage|p2a: She Who Wanders|56/100
|
|-weather|Sandstorm|[upkeep]
|-damage|p1a: Jolteon|2/100|[from] Sandstorm
|-damage|p2a: She Who Wanders|50/100|[from] Sandstorm
|-heal|p1a: Jolteon|8/100|[from] item: Leftovers
|-heal|p2a: She Who Wanders|56/100|[from] item: Leftovers
|upkeep
|turn|23
|
|t:|1728221238
|move|p1a: Jolteon|Thunderbolt|p2a: She Who Wanders
|-damage|p2a: She Who Wanders|38/100
|move|p2a: She Who Wanders|Soft-Boiled|p2a: She Who Wanders
|-heal|p2a: She Who Wanders|88/100
|
|-weather|Sandstorm|[upkeep]
|-damage|p1a: Jolteon|2/100|[from] Sandstorm
|-damage|p2a: She Who Wanders|82/100|[from] Sandstorm
|-heal|p1a: Jolteon|8/100|[from] item: Leftovers
|-heal|p2a: She Who Wanders|88/100|[from] item: Leftovers
|upkeep
|turn|24
|
|t:|1728221243
|move|p1a: Jolteon|Baton Pass|p1a: Jolteon
|
|t:|1728221245
|switch|p1a: Swampert|Swampert, M|100/100|[from] Baton Pass
|move|p2a: She Who Wanders|Ice Beam|p1a: Swampert
|-damage|p1a: Swampert|68/100
|
|-weather|Sandstorm|[upkeep]
|-damage|p2a: She Who Wanders|82/100|[from] Sandstorm
|-heal|p1a: Swampert|74/100|[from] item: Leftovers
|-heal|p2a: She Who Wanders|88/100|[from] item: Leftovers
|upkeep
|turn|25
|c|☆violet river|gg
|
|t:|1728221252
|-singleturn|p1a: Swampert|move: Focus Punch
|switch|p2a: Jump for Beef|Milotic, F|90/100
|move|p1a: Swampert|Focus Punch|p2a: Jump for Beef
|-damage|p2a: Jump for Beef|62/100
|
|-weather|Sandstorm|[upkeep]
|-damage|p2a: Jump for Beef|56/100|[from] Sandstorm
|-heal|p1a: Swampert|80/100|[from] item: Leftovers
|-heal|p2a: Jump for Beef|62/100|[from] item: Leftovers
|upkeep
|turn|26
|
|t:|1728221256
|move|p1a: Swampert|Hydro Pump|p2a: Jump for Beef
|-resisted|p2a: Jump for Beef
|-crit|p2a: Jump for Beef
|-damage|p2a: Jump for Beef|26/100
|move|p2a: Jump for Beef|Surf|p1a: Swampert
|-damage|p1a: Swampert|41/100
|
|-weather|Sandstorm|[upkeep]
|-damage|p2a: Jump for Beef|20/100|[from] Sandstorm
|-heal|p1a: Swampert|47/100|[from] item: Leftovers
|-heal|p2a: Jump for Beef|26/100|[from] item: Leftovers
|upkeep
|turn|27
|
|t:|1728221265
|switch|p2a: Ms. Nails|Skarmory, M|78/100
|move|p1a: Swampert|Earthquake|p2a: Ms. Nails
|-immune|p2a: Ms. Nails
|
|-weather|Sandstorm|[upkeep]
|-heal|p1a: Swampert|53/100|[from] item: Leftovers
|-heal|p2a: Ms. Nails|84/100|[from] item: Leftovers
|upkeep
|turn|28
|
|t:|1728221268
|move|p1a: Swampert|Hydro Pump|p2a: Ms. Nails
|-damage|p2a: Ms. Nails|39/100
|move|p2a: Ms. Nails|Spikes|p1a: Swampert
|-sidestart|p1: DraykOP|Spikes
|
|-weather|Sandstorm|[upkeep]
|-heal|p1a: Swampert|59/100|[from] item: Leftovers
|-heal|p2a: Ms. Nails|45/100|[from] item: Leftovers
|upkeep
|turn|29
|
|t:|1728221272
|-singleturn|p1a: Swampert|move: Focus Punch
|move|p2a: Ms. Nails|Protect|p2a: Ms. Nails
|-singleturn|p2a: Ms. Nails|Protect
|move|p1a: Swampert|Focus Punch|p2a: Ms. Nails
|-activate|p2a: Ms. Nails|Protect
|
|-weather|Sandstorm|[upkeep]
|-heal|p1a: Swampert|66/100|[from] item: Leftovers
|-heal|p2a: Ms. Nails|51/100|[from] item: Leftovers
|upkeep
|turn|30
|
|t:|1728221278
|move|p1a: Swampert|Earthquake|p2a: Ms. Nails
|-immune|p2a: Ms. Nails
|move|p2a: Ms. Nails|Roar|p1a: Swampert
|drag|p1a: Jolteon|Jolteon, M|8/100
|-damage|p1a: Jolteon|0 fnt|[from] Spikes
|faint|p1a: Jolteon
|
|t:|1728221286
|switch|p1a: Moltres|Moltres|100/100
|
|-weather|Sandstorm|[upkeep]
|-damage|p1a: Moltres|94/100|[from] Sandstorm
|-heal|p1a: Moltres|100/100|[from] item: Leftovers
|-heal|p2a: Ms. Nails|57/100|[from] item: Leftovers
|upkeep
|turn|31
|
|t:|1728221292
|switch|p2a: She Who Wanders|Blissey, F|88/100
|move|p1a: Moltres|Roar|p2a: She Who Wanders
|drag|p2a: Jump for Beef|Milotic, F|26/100
|
|-weather|Sandstorm|[upkeep]
|-damage|p1a: Moltres|94/100|[from] Sandstorm
|-damage|p2a: Jump for Beef|20/100|[from] Sandstorm
|-heal|p1a: Moltres|100/100|[from] item: Leftovers
|-heal|p2a: Jump for Beef|26/100|[from] item: Leftovers
|upkeep
|turn|32
|
|t:|1728221299
|switch|p2a: She Who Wanders|Blissey, F|88/100
|move|p1a: Moltres|Hidden Power|p2a: She Who Wanders
|-damage|p2a: She Who Wanders|78/100
|
|-weather|Sandstorm|[upkeep]
|-damage|p1a: Moltres|94/100|[from] Sandstorm
|-damage|p2a: She Who Wanders|72/100|[from] Sandstorm
|-heal|p1a: Moltres|100/100|[from] item: Leftovers
|-heal|p2a: She Who Wanders|78/100|[from] item: Leftovers
|upkeep
|turn|33
|
|t:|1728221302
|switch|p1a: Swampert|Swampert, M|66/100
|-damage|p1a: Swampert|53/100|[from] Spikes
|move|p2a: She Who Wanders|Ice Beam|p1a: Swampert
|-damage|p1a: Swampert|23/100
|
|-weather|Sandstorm|[upkeep]
|-damage|p2a: She Who Wanders|72/100|[from] Sandstorm
|-heal|p1a: Swampert|29/100|[from] item: Leftovers
|-heal|p2a: She Who Wanders|78/100|[from] item: Leftovers
|upkeep
|turn|34
|
|t:|1728221307
|switch|p2a: Jump for Beef|Milotic, F|26/100
|move|p1a: Swampert|Earthquake|p2a: Jump for Beef
|-damage|p2a: Jump for Beef|0 fnt
|faint|p2a: Jump for Beef
|
|t:|1728221309
|switch|p2a: Chudtrio|Dugtrio, M|100/100
|
|-weather|Sandstorm|[upkeep]
|-heal|p1a: Swampert|35/100|[from] item: Leftovers
|upkeep
|turn|35
|
|t:|1728221311
|move|p2a: Chudtrio|Earthquake|p1a: Swampert
|-damage|p1a: Swampert|0 fnt
|faint|p1a: Swampert
|
|t:|1728221313
|switch|p1a: Moltres|Moltres|100/100
|
|-weather|Sandstorm|[upkeep]
|-damage|p1a: Moltres|94/100|[from] Sandstorm
|-heal|p1a: Moltres|100/100|[from] item: Leftovers
|upkeep
|turn|36
|
|t:|1728221315
|switch|p2a: She Who Wanders|Blissey, F|78/100
|move|p1a: Moltres|Will-O-Wisp|p2a: She Who Wanders
|-status|p2a: She Who Wanders|brn
|
|-weather|Sandstorm|[upkeep]
|-damage|p1a: Moltres|94/100|[from] Sandstorm
|-damage|p2a: She Who Wanders|72/100 brn|[from] Sandstorm
|-heal|p1a: Moltres|100/100|[from] item: Leftovers
|-heal|p2a: She Who Wanders|78/100 brn|[from] item: Leftovers
|-damage|p2a: She Who Wanders|66/100 brn|[from] brn
|upkeep
|turn|37
|
|t:|1728221318
|move|p2a: She Who Wanders|Soft-Boiled|p2a: She Who Wanders
|-heal|p2a: She Who Wanders|100/100 brn
|move|p1a: Moltres|Roar|p2a: She Who Wanders
|-curestatus|p2a: She Who Wanders|brn|[from] ability: Natural Cure
|drag|p2a: Ms. Nails|Skarmory, M|57/100
|
|-weather|Sandstorm|[upkeep]
|-damage|p1a: Moltres|94/100|[from] Sandstorm
|-heal|p1a: Moltres|100/100|[from] item: Leftovers
|-heal|p2a: Ms. Nails|63/100|[from] item: Leftovers
|upkeep
|turn|38
|
|t:|1728221321
|switch|p2a: She Who Wanders|Blissey, F|100/100
|move|p1a: Moltres|Flamethrower|p2a: She Who Wanders
|-damage|p2a: She Who Wanders|79/100
|
|-weather|Sandstorm|[upkeep]
|-damage|p1a: Moltres|94/100|[from] Sandstorm
|-damage|p2a: She Who Wanders|73/100|[from] Sandstorm
|-heal|p1a: Moltres|100/100|[from] item: Leftovers
|-heal|p2a: She Who Wanders|79/100|[from] item: Leftovers
|upkeep
|turn|39
|
|t:|1728221323
|move|p1a: Moltres|Will-O-Wisp|p2a: She Who Wanders
|-status|p2a: She Who Wanders|brn
|move|p2a: She Who Wanders|Thunderbolt|p1a: Moltres
|-supereffective|p1a: Moltres
|-damage|p1a: Moltres|37/100
|
|-weather|Sandstorm|[upkeep]
|-damage|p1a: Moltres|31/100|[from] Sandstorm
|-damage|p2a: She Who Wanders|73/100 brn|[from] Sandstorm
|-heal|p1a: Moltres|37/100|[from] item: Leftovers
|-heal|p2a: She Who Wanders|79/100 brn|[from] item: Leftovers
|-damage|p2a: She Who Wanders|67/100 brn|[from] brn
|upkeep
|turn|40
|
|t:|1728221328
|move|p1a: Moltres|Flamethrower|p2a: She Who Wanders
|-damage|p2a: She Who Wanders|45/100 brn
|move|p2a: She Who Wanders|Thunderbolt|p1a: Moltres
|-supereffective|p1a: Moltres
|-damage|p1a: Moltres|0 fnt
|faint|p1a: Moltres
|
|win|violet river
|c|☆DraykOP|gg

</script>
<script type="application/json" class="data" id="replaydata-smogtours-gen3ou-795495">
{"id":"smogtours-gen3ou-795495","format":"[Gen 3] OU","players":["DraykOP","violet river"],"uploadtime":1728221328,"views":186,"formatid":"gen3ou","rating":null,"private":0,"password":null}
</script>

<script defer src="js/replays.js?9d40a366"></script>
