<!DOCTYPE html>
<meta charset="utf-8" />
<meta name="viewport" content="width=device-width" />

<title>[Gen 3] OU: beeoi vs. pslmrt_ochs - Replays - Pok&eacute;mon Showdown!</title>

<meta name="description" content="Watch a replay of a Pok&eacute;mon battle between beeoi and pslmrt_ochs! Format: [Gen 3] OU; Date: Oct 9, 2024" />
<!--

Hey, you! Looking in the source for the replay log?

You can find them in JSON format, just add `.json` at the end of a replay URL.

https://replay.pokemonshowdown.com/gen7randomdoublesbattle-865046831.json

Or, if you only need the log itself, add `.log` instead:

https://replay.pokemonshowdown.com/gen7randomdoublesbattle-865046831.log

-->

<link rel="stylesheet" href="//pokemonshowdown.com/style/global.css?0.023195364461161105" />
<link rel="stylesheet" href="//play.pokemonshowdown.com/style/font-awesome.css?0.13261647063804238" />
<link rel="stylesheet" href="//play.pokemonshowdown.com/style/battle.css?0.8753245789963631" />
<link rel="stylesheet" href="//play.pokemonshowdown.com/style/utilichart.css?0.8627959624976733" />

<!-- Global site tag (gtag.js) - Google Analytics -->
<script async src="https://www.googletagmanager.com/gtag/js?id=UA-26211653-1"></script>
<script>
  window.dataLayer = window.dataLayer || [];
  function gtag(){dataLayer.push(arguments);}
  gtag('js', new Date());

  gtag('config', 'UA-26211653-1');
</script>
<!-- End Google Analytics -->
<!-- Venatus Ad Manager - Install in <HEAD> of page -->
	<script src="https://hb.vntsm.com/v3/live/ad-manager.min.js" type="text/javascript" data-site-id="642aba63ec9a7b11c3c9c1be" data-mode="scan" async></script>
<!-- / Venatus Ad Manager -->

<style>
	@media (max-width:820px) {
		.battle {
			margin: 0 auto;
		}
		.battle-log {
			margin: 7px auto 0;
			max-width: 640px;
			height: 300px;
			position: static;
		}
	}
	.optgroup {
		display: inline-block;
		line-height: 22px;
		font-size: 10pt;
	}
	.optgroup .button {
		height: 25px;
		padding-top: 0;
		padding-bottom: 0;
	}
	.optgroup button.button {
		padding-left: 12px;
		padding-right: 12px;
	}
	.linklist {
		list-style: none;
		margin: 0.5em 0;
		padding: 0;
	}
	.linklist li {
		padding: 2px 0;
	}
	.sidebar {
		float: left;
		width: 320px;
	}
	.bar-wrapper {
		max-width: 1100px;
		margin: 0 auto;
	}
	.bar-wrapper.has-sidebar {
		max-width: 1430px;
	}
	.mainbar {
		margin: 0;
		padding-right: 1px;
	}
	.mainbar.has-sidebar {
		margin-left: 330px;
	}
	@media (min-width: 1511px) {
		.sidebar {
			width: 400px;
		}
		.bar-wrapper.has-sidebar {
			max-width: 1510px;
		}
		.mainbar.has-sidebar {
			margin-left: 410px;
		}
	}
	.section.first-section {
		margin-top: 9px;
	}
	.blocklink small {
		white-space: normal;
	}
	.button {
		vertical-align: middle;
	}
	.replay-controls {
		padding-top: 10px;
	}
	.replay-controls h1 {
		font-size: 16pt;
		font-weight: normal;
		color: #CCC;
	}
	.pagelink {
		text-align: center;
	}
	.pagelink a {
		width: 150px;
	}
	.textbox, .button {
		font-size: 11pt;
		vertical-align: middle;
	}
	@media (max-width: 450px) {
		.button {
			font-size: 9pt;
		}
	}
</style>

<div>

	<header>
		<div class="nav-wrapper"><ul class="nav">
			<li><a class="button nav-first" href="//pokemonshowdown.com/"><img src="//pokemonshowdown.com/images/pokemonshowdownbeta.png" srcset="//pokemonshowdown.com/images/pokemonshowdownbeta.png 1x, //pokemonshowdown.com/images/pokemonshowdownbeta@2x.png 2x" alt="Pok&eacute;mon Showdown" width="146" height="44" /> Home</a></li>
			<li><a class="button" href="//pokemonshowdown.com/dex/">Pok&eacute;dex</a></li>
			<li><a class="button cur" href="/">Replays</a></li>
			<li><a class="button" href="//pokemonshowdown.com/ladder/">Ladder</a></li>
			<li><a class="button nav-last" href="//pokemonshowdown.com/forums/">Forum</a></li>
			<li><a class="button greenbutton nav-first nav-last" href="//play.pokemonshowdown.com/">Play</a></li>
		</ul></div>
	</header>

	<div class="main" id="main">

		<noscript><section class="section">You need to enable JavaScript to use this page; sorry!</section></noscript>

	</div>

</div>

<script defer nomodule src="//play.pokemonshowdown.com/js/lib/ps-polyfill.js"></script>
<script defer src="//play.pokemonshowdown.com/js/lib/preact.min.js"></script>

<script defer src="//play.pokemonshowdown.com/config/config.js?2bddbc15"></script>
<script defer src="//play.pokemonshowdown.com/js/lib/jquery-1.11.0.min.js"></script>
<script defer src="//play.pokemonshowdown.com/js/lib/html-sanitizer-minified.js"></script>
<script defer src="//play.pokemonshowdown.com/js/battle-sound.js"></script>
<script defer src="//play.pokemonshowdown.com/js/battledata.js?0.7209276989879541"></script>
<script defer src="//play.pokemonshowdown.com/data/pokedex-mini.js?0.6111056340867951"></script>
<script defer src="//play.pokemonshowdown.com/data/pokedex-mini-bw.js?0.3532142036491459"></script>
<script defer src="//play.pokemonshowdown.com/data/graphics.js?0.24223875632456182"></script>
<script defer src="//play.pokemonshowdown.com/data/pokedex.js?0.38839984266356864"></script>
<script defer src="//play.pokemonshowdown.com/data/moves.js?0.21866028504024015"></script>
<script defer src="//play.pokemonshowdown.com/data/abilities.js?0.2005157953846628"></script>
<script defer src="//play.pokemonshowdown.com/data/items.js?0.9894211263848525"></script>
<script defer src="//play.pokemonshowdown.com/data/teambuilder-tables.js?0.6008791140282215"></script>
<script defer src="//play.pokemonshowdown.com/js/battle-tooltips.js?0.7580118955022959"></script>
<script defer src="//play.pokemonshowdown.com/js/battle.js?0.6057722274234274"></script>

<script defer src="js/utils.js?e31f9a17"></script>
<script defer src="js/replays-battle.js?7008c182"></script>

<!-- don't scrape this data! just add .json or .log after the URL!
Full API docs: https://github.com/smogon/pokemon-showdown-client/blob/master/WEB-API.md -->
<script type="text/plain" class="log" id="replaylog-smogtours-gen3ou-796575">
|inactive|Battle timer is ON: inactive players will automatically lose when time's up.
|t:|1728440415
|gametype|singles
|player|p1|beeoi|101|
|player|p2|pslmrt_ochs|170|
|teamsize|p1|6
|teamsize|p2|6
|gen|3
|tier|[Gen 3] OU
|rule|Sleep Clause Mod: Limit one foe put to sleep
|rule|Switch Priority Clause Mod: Faster Pokémon switch first
|rule|Species Clause: Limit one of each Pokémon
|rule|OHKO Clause: OHKO moves are banned
|rule|Evasion Items Clause: Evasion items are banned
|rule|Evasion Moves Clause: Evasion moves are banned
|rule|Endless Battle Clause: Forcing endless battles is banned
|rule|HP Percentage Mod: HP is shown in percentages
|rule|One Boost Passer Clause: Limit one Baton Passer that has a way to boost its stats
|rule|Freeze Clause Mod: Limit one foe frozen
|
|t:|1728440415
|start
|switch|p1a: Tyranitar|Tyranitar, M|100/100
|switch|p2a: Skarmory|Skarmory, F|100/100
|-weather|Sandstorm|[from] ability: Sand Stream|[of] p1a: Tyranitar
|turn|1
|
|t:|1728440431
|move|p2a: Skarmory|Spikes|p1a: Tyranitar
|-sidestart|p1: beeoi|Spikes
|move|p1a: Tyranitar|Fire Blast|p2a: Skarmory
|-supereffective|p2a: Skarmory
|-crit|p2a: Skarmory
|-damage|p2a: Skarmory|0 fnt
|faint|p2a: Skarmory
|inactive|pslmrt_ochs has 270 seconds left.
|
|t:|1728440473
|switch|p2a: Swampert|Swampert, F|100/100
|
|-weather|Sandstorm|[upkeep]
|upkeep
|turn|2
|
|t:|1728440484
|switch|p1a: Regice|Regice|100/100
|-damage|p1a: Regice|88/100|[from] Spikes
|move|p2a: Swampert|Hydro Pump|p1a: Regice
|-damage|p1a: Regice|69/100
|
|-weather|Sandstorm|[upkeep]
|-damage|p1a: Regice|63/100|[from] Sandstorm
|-heal|p1a: Regice|69/100|[from] item: Leftovers
|upkeep
|turn|3
|inactive|pslmrt_ochs has 270 seconds left.
|
|t:|1728440502
|move|p2a: Swampert|Protect|p2a: Swampert
|-singleturn|p2a: Swampert|Protect
|move|p1a: Regice|Ice Beam|p2a: Swampert
|-activate|p2a: Swampert|Protect
|
|-weather|Sandstorm|[upkeep]
|-damage|p1a: Regice|63/100|[from] Sandstorm
|-heal|p1a: Regice|69/100|[from] item: Leftovers
|upkeep
|turn|4
|
|t:|1728440513
|move|p2a: Swampert|Earthquake|p1a: Regice
|-damage|p1a: Regice|36/100
|move|p1a: Regice|Thunder Wave|p2a: Swampert
|-immune|p2a: Swampert
|
|-weather|Sandstorm|[upkeep]
|-damage|p1a: Regice|30/100|[from] Sandstorm
|-heal|p1a: Regice|36/100|[from] item: Leftovers
|upkeep
|turn|5
|inactive|pslmrt_ochs has 270 seconds left.
|
|t:|1728440529
|move|p2a: Swampert|Protect|p2a: Swampert
|-singleturn|p2a: Swampert|Protect
|move|p1a: Regice|Counter|p2a: Swampert
|
|-weather|Sandstorm|[upkeep]
|-damage|p1a: Regice|30/100|[from] Sandstorm
|-heal|p1a: Regice|36/100|[from] item: Leftovers
|upkeep
|turn|6
|
|t:|1728440552
|switch|p2a: Gengar|Gengar, F|100/100
|move|p1a: Regice|Ice Beam|p2a: Gengar
|-damage|p2a: Gengar|50/100
|
|-weather|Sandstorm|[upkeep]
|-damage|p2a: Gengar|44/100|[from] Sandstorm
|-damage|p1a: Regice|30/100|[from] Sandstorm
|-heal|p2a: Gengar|50/100|[from] item: Leftovers
|-heal|p1a: Regice|36/100|[from] item: Leftovers
|upkeep
|turn|7
|inactive|pslmrt_ochs has 240 seconds left.
|
|t:|1728440591
|switch|p2a: Blissey|Blissey, F, shiny|100/100
|move|p1a: Regice|Ice Beam|p2a: Blissey
|-damage|p2a: Blissey|82/100
|
|-weather|Sandstorm|[upkeep]
|-damage|p2a: Blissey|76/100|[from] Sandstorm
|-damage|p1a: Regice|30/100|[from] Sandstorm
|-heal|p2a: Blissey|82/100|[from] item: Leftovers
|-heal|p1a: Regice|36/100|[from] item: Leftovers
|upkeep
|turn|8
|
|t:|1728440614
|switch|p1a: Swampert|Swampert, M|100/100
|-damage|p1a: Swampert|88/100|[from] Spikes
|move|p2a: Blissey|Toxic|p1a: Swampert
|-status|p1a: Swampert|tox
|-enditem|p1a: Swampert|Lum Berry|[eat]
|-curestatus|p1a: Swampert|tox|[msg]
|
|-weather|Sandstorm|[upkeep]
|-damage|p2a: Blissey|76/100|[from] Sandstorm
|-heal|p2a: Blissey|82/100|[from] item: Leftovers
|upkeep
|turn|9
|inactive|beeoi has 270 seconds left.
|
|t:|1728440630
|switch|p1a: Gengar|Gengar, F|100/100
|move|p2a: Blissey|Toxic|p1a: Gengar
|-immune|p1a: Gengar
|
|-weather|Sandstorm|[upkeep]
|-damage|p1a: Gengar|94/100|[from] Sandstorm
|-damage|p2a: Blissey|76/100|[from] Sandstorm
|-heal|p1a: Gengar|100/100|[from] item: Leftovers
|-heal|p2a: Blissey|82/100|[from] item: Leftovers
|upkeep
|turn|10
|inactive|beeoi has 270 seconds left.
|inactive|pslmrt_ochs has 210 seconds left.
|
|t:|1728440668
|move|p1a: Gengar|Will-O-Wisp|p2a: Blissey
|-status|p2a: Blissey|brn
|move|p2a: Blissey|Fire Blast|p1a: Gengar
|-damage|p1a: Gengar|65/100
|
|-weather|Sandstorm|[upkeep]
|-damage|p1a: Gengar|59/100|[from] Sandstorm
|-damage|p2a: Blissey|76/100 brn|[from] Sandstorm
|-heal|p1a: Gengar|65/100|[from] item: Leftovers
|-heal|p2a: Blissey|82/100 brn|[from] item: Leftovers
|-damage|p2a: Blissey|69/100 brn|[from] brn
|upkeep
|turn|11
|inactive|pslmrt_ochs has 210 seconds left.
|inactive|beeoi has 270 seconds left.
|
|t:|1728440683
|move|p1a: Gengar|Taunt|p2a: Blissey
|-start|p2a: Blissey|move: Taunt
|move|p2a: Blissey|Fire Blast|p1a: Gengar
|-damage|p1a: Gengar|31/100
|
|-weather|Sandstorm|[upkeep]
|-damage|p1a: Gengar|25/100|[from] Sandstorm
|-damage|p2a: Blissey|63/100 brn|[from] Sandstorm
|-heal|p1a: Gengar|31/100|[from] item: Leftovers
|-heal|p2a: Blissey|69/100 brn|[from] item: Leftovers
|-damage|p2a: Blissey|57/100 brn|[from] brn
|upkeep
|turn|12
|inactive|pslmrt_ochs has 210 seconds left.
|inactive|beeoi has 270 seconds left.
|
|t:|1728440703
|switch|p1a: Tyranitar|Tyranitar, M|100/100
|-damage|p1a: Tyranitar|88/100|[from] Spikes
|move|p2a: Blissey|Fire Blast|p1a: Tyranitar
|-resisted|p1a: Tyranitar
|-damage|p1a: Tyranitar|74/100
|
|-weather|Sandstorm|[upkeep]
|-damage|p2a: Blissey|51/100 brn|[from] Sandstorm
|-heal|p1a: Tyranitar|80/100|[from] item: Leftovers
|-heal|p2a: Blissey|57/100 brn|[from] item: Leftovers
|-damage|p2a: Blissey|44/100 brn|[from] brn
|-end|p2a: Blissey|move: Taunt|[silent]
|upkeep
|turn|13
|inactive|beeoi has 270 seconds left.
|inactive|pslmrt_ochs has 180 seconds left.
|
|t:|1728440740
|move|p2a: Blissey|Soft-Boiled|p2a: Blissey
|-heal|p2a: Blissey|94/100 brn
|move|p1a: Tyranitar|Roar|p2a: Blissey
|-curestatus|p2a: Blissey|brn|[from] ability: Natural Cure
|drag|p2a: Swampert|Swampert, F|100/100
|
|-weather|Sandstorm|[upkeep]
|-heal|p1a: Tyranitar|86/100|[from] item: Leftovers
|upkeep
|turn|14
|inactive|beeoi has 270 seconds left.
|
|t:|1728440759
|switch|p1a: Gengar|Gengar, F|31/100
|move|p2a: Swampert|Hydro Pump|p1a: Gengar
|-damage|p1a: Gengar|0 fnt
|faint|p1a: Gengar
|
|t:|1728440778
|switch|p1a: Suicune|Suicune|100/100
|-damage|p1a: Suicune|88/100|[from] Spikes
|
|-weather|Sandstorm|[upkeep]
|-damage|p1a: Suicune|82/100|[from] Sandstorm
|-heal|p1a: Suicune|88/100|[from] item: Leftovers
|upkeep
|turn|15
|inactive|pslmrt_ochs has 150 seconds left.
|
|t:|1728440818
|switch|p2a: Blissey|Blissey, F, shiny|94/100
|move|p1a: Suicune|Calm Mind|p1a: Suicune
|-boost|p1a: Suicune|spa|1
|-boost|p1a: Suicune|spd|1
|
|-weather|Sandstorm|[upkeep]
|-damage|p1a: Suicune|82/100|[from] Sandstorm
|-damage|p2a: Blissey|88/100|[from] Sandstorm
|-heal|p1a: Suicune|88/100|[from] item: Leftovers
|-heal|p2a: Blissey|94/100|[from] item: Leftovers
|upkeep
|turn|16
|inactive|pslmrt_ochs has 150 seconds left.
|
|t:|1728440830
|move|p1a: Suicune|Calm Mind|p1a: Suicune
|-boost|p1a: Suicune|spa|1
|-boost|p1a: Suicune|spd|1
|move|p2a: Blissey|Toxic|p1a: Suicune
|-status|p1a: Suicune|tox
|
|-weather|Sandstorm|[upkeep]
|-damage|p1a: Suicune|82/100 tox|[from] Sandstorm
|-damage|p2a: Blissey|88/100|[from] Sandstorm
|-heal|p1a: Suicune|88/100 tox|[from] item: Leftovers
|-damage|p1a: Suicune|82/100 tox|[from] psn
|-heal|p2a: Blissey|94/100|[from] item: Leftovers
|upkeep
|turn|17
|inactive|pslmrt_ochs has 150 seconds left.
|inactive|pslmrt_ochs has 120 seconds left.
|
|t:|1728440867
|switch|p2a: Starmie|Starmie|100/100
|move|p1a: Suicune|Hydro Pump|p2a: Starmie
|-resisted|p2a: Starmie
|-damage|p2a: Starmie|24/100
|
|-weather|Sandstorm|[upkeep]
|-damage|p2a: Starmie|18/100|[from] Sandstorm
|-damage|p1a: Suicune|76/100 tox|[from] Sandstorm
|-heal|p2a: Starmie|24/100|[from] item: Leftovers
|-heal|p1a: Suicune|82/100 tox|[from] item: Leftovers
|-damage|p1a: Suicune|70/100 tox|[from] psn
|upkeep
|turn|18
|inactive|pslmrt_ochs has 120 seconds left.
|
|t:|1728440889
|move|p2a: Starmie|Thunderbolt|p1a: Suicune
|-supereffective|p1a: Suicune
|-damage|p1a: Suicune|47/100 tox
|move|p1a: Suicune|Hydro Pump|p2a: Starmie|[miss]
|-miss|p1a: Suicune|p2a: Starmie
|
|-weather|Sandstorm|[upkeep]
|-damage|p2a: Starmie|18/100|[from] Sandstorm
|-damage|p1a: Suicune|41/100 tox|[from] Sandstorm
|-heal|p2a: Starmie|24/100|[from] item: Leftovers
|-heal|p1a: Suicune|47/100 tox|[from] item: Leftovers
|-damage|p1a: Suicune|29/100 tox|[from] psn
|upkeep
|turn|19
|inactive|pslmrt_ochs has 120 seconds left.
|
|t:|1728440907
|move|p2a: Starmie|Rapid Spin|p1a: Suicune
|-damage|p1a: Suicune|26/100 tox
|move|p1a: Suicune|Rest|p1a: Suicune
|-status|p1a: Suicune|slp|[from] move: Rest
|-heal|p1a: Suicune|100/100 slp|[silent]
|
|-weather|Sandstorm|[upkeep]
|-damage|p2a: Starmie|18/100|[from] Sandstorm
|-damage|p1a: Suicune|94/100 slp|[from] Sandstorm
|-heal|p2a: Starmie|24/100|[from] item: Leftovers
|-heal|p1a: Suicune|100/100 slp|[from] item: Leftovers
|upkeep
|turn|20
|inactive|pslmrt_ochs has 120 seconds left.
|
|t:|1728440920
|move|p2a: Starmie|Thunderbolt|p1a: Suicune
|-supereffective|p1a: Suicune
|-damage|p1a: Suicune|75/100 slp
|cant|p1a: Suicune|slp
|
|-weather|Sandstorm|[upkeep]
|-damage|p2a: Starmie|18/100|[from] Sandstorm
|-damage|p1a: Suicune|69/100 slp|[from] Sandstorm
|-heal|p2a: Starmie|24/100|[from] item: Leftovers
|-heal|p1a: Suicune|75/100 slp|[from] item: Leftovers
|upkeep
|turn|21
|inactive|pslmrt_ochs has 120 seconds left.
|
|t:|1728440932
|move|p2a: Starmie|Thunderbolt|p1a: Suicune
|-supereffective|p1a: Suicune
|-damage|p1a: Suicune|50/100 slp
|cant|p1a: Suicune|slp
|
|-weather|Sandstorm|[upkeep]
|-damage|p2a: Starmie|18/100|[from] Sandstorm
|-damage|p1a: Suicune|44/100 slp|[from] Sandstorm
|-heal|p2a: Starmie|24/100|[from] item: Leftovers
|-heal|p1a: Suicune|50/100 slp|[from] item: Leftovers
|upkeep
|turn|22
|inactive|pslmrt_ochs has 120 seconds left.
|
|t:|1728440945
|move|p2a: Starmie|Thunderbolt|p1a: Suicune
|-supereffective|p1a: Suicune
|-damage|p1a: Suicune|28/100 slp
|-curestatus|p1a: Suicune|slp|[msg]
|move|p1a: Suicune|Ice Beam|p2a: Starmie
|-resisted|p2a: Starmie
|-damage|p2a: Starmie|0 fnt
|faint|p2a: Starmie
|
|t:|1728440953
|switch|p2a: Gengar|Gengar, F|50/100
|
|-weather|Sandstorm|[upkeep]
|-damage|p2a: Gengar|44/100|[from] Sandstorm
|-damage|p1a: Suicune|21/100|[from] Sandstorm
|-heal|p2a: Gengar|50/100|[from] item: Leftovers
|-heal|p1a: Suicune|28/100|[from] item: Leftovers
|upkeep
|turn|23
|inactive|pslmrt_ochs has 120 seconds left.
|
|t:|1728440966
|switch|p1a: Regice|Regice|36/100
|-damage|p1a: Regice|24/100|[from] Spikes
|move|p2a: Gengar|Explosion|p1a: Regice
|-damage|p1a: Regice|0 fnt
|faint|p2a: Gengar
|faint|p1a: Regice
|inactive|pslmrt_ochs has 120 seconds left.
|
|t:|1728440982
|switch|p2a: Tyranitar|Tyranitar, F|100/100
|switch|p1a: Swampert|Swampert, M|88/100
|-damage|p1a: Swampert|76/100|[from] Spikes
|
|-weather|Sandstorm|[upkeep]
|upkeep
|turn|24
|
|t:|1728441011
|move|p2a: Tyranitar|Earthquake|p1a: Swampert
|-damage|p1a: Swampert|42/100
|move|p1a: Swampert|Earthquake|p2a: Tyranitar
|-supereffective|p2a: Tyranitar
|-damage|p2a: Tyranitar|39/100
|
|-weather|Sandstorm|[upkeep]
|-heal|p2a: Tyranitar|45/100|[from] item: Leftovers
|upkeep
|turn|25
|
|t:|1728441024
|move|p2a: Tyranitar|Earthquake|p1a: Swampert
|-damage|p1a: Swampert|7/100
|move|p1a: Swampert|Earthquake|p2a: Tyranitar
|-supereffective|p2a: Tyranitar
|-damage|p2a: Tyranitar|0 fnt
|faint|p2a: Tyranitar
|inactive|pslmrt_ochs has 90 seconds left.
|
|t:|1728441040
|switch|p2a: Swampert|Swampert, F|100/100
|
|-weather|Sandstorm|[upkeep]
|upkeep
|turn|26
|inactive|beeoi has 270 seconds left.
|inactive|pslmrt_ochs has 90 seconds left.
|
|t:|1728441059
|move|p1a: Swampert|Surf|p2a: Swampert
|-damage|p2a: Swampert|53/100
|move|p2a: Swampert|Ice Beam|p1a: Swampert
|-damage|p1a: Swampert|0 fnt
|faint|p1a: Swampert
|
|t:|1728441078
|switch|p1a: Suicune|Suicune|28/100
|-damage|p1a: Suicune|15/100|[from] Spikes
|
|-weather|Sandstorm|[upkeep]
|-damage|p1a: Suicune|9/100|[from] Sandstorm
|-heal|p1a: Suicune|15/100|[from] item: Leftovers
|-heal|p2a: Swampert|60/100|[from] item: Leftovers
|upkeep
|turn|27
|
|t:|1728441097
|move|p1a: Suicune|Rest|p1a: Suicune
|-status|p1a: Suicune|slp|[from] move: Rest
|-heal|p1a: Suicune|100/100 slp|[silent]
|move|p2a: Swampert|Hydro Pump|p1a: Suicune
|-resisted|p1a: Suicune
|-damage|p1a: Suicune|83/100 slp
|
|-weather|Sandstorm|[upkeep]
|-damage|p1a: Suicune|77/100 slp|[from] Sandstorm
|-heal|p1a: Suicune|83/100 slp|[from] item: Leftovers
|-heal|p2a: Swampert|66/100|[from] item: Leftovers
|upkeep
|turn|28
|inactive|pslmrt_ochs has 90 seconds left.
|
|t:|1728441118
|cant|p1a: Suicune|slp
|move|p2a: Swampert|Earthquake|p1a: Suicune
|-damage|p1a: Suicune|53/100 slp
|
|-weather|Sandstorm|[upkeep]
|-damage|p1a: Suicune|47/100 slp|[from] Sandstorm
|-heal|p1a: Suicune|53/100 slp|[from] item: Leftovers
|-heal|p2a: Swampert|72/100|[from] item: Leftovers
|upkeep
|turn|29
|inactive|pslmrt_ochs has 90 seconds left.
|
|t:|1728441129
|cant|p1a: Suicune|slp
|move|p2a: Swampert|Earthquake|p1a: Suicune
|-damage|p1a: Suicune|23/100 slp
|
|-weather|Sandstorm|[upkeep]
|-damage|p1a: Suicune|17/100 slp|[from] Sandstorm
|-heal|p1a: Suicune|23/100 slp|[from] item: Leftovers
|-heal|p2a: Swampert|78/100|[from] item: Leftovers
|upkeep
|turn|30
|
|t:|1728441141
|-curestatus|p1a: Suicune|slp|[msg]
|move|p1a: Suicune|Hydro Pump|p2a: Swampert
|-damage|p2a: Swampert|28/100
|move|p2a: Swampert|Earthquake|p1a: Suicune
|-damage|p1a: Suicune|0 fnt
|faint|p1a: Suicune
|inactive|beeoi has 240 seconds left.
|
|t:|1728441152
|switch|p1a: Tyranitar|Tyranitar, M|86/100
|-damage|p1a: Tyranitar|74/100|[from] Spikes
|
|-weather|Sandstorm|[upkeep]
|-heal|p1a: Tyranitar|80/100|[from] item: Leftovers
|-heal|p2a: Swampert|34/100|[from] item: Leftovers
|upkeep
|turn|31
|
|t:|1728441168
|move|p2a: Swampert|Protect|p2a: Swampert
|-singleturn|p2a: Swampert|Protect
|move|p1a: Tyranitar|Crunch|p2a: Swampert
|-activate|p2a: Swampert|Protect
|
|-weather|Sandstorm|[upkeep]
|-heal|p1a: Tyranitar|86/100|[from] item: Leftovers
|-heal|p2a: Swampert|40/100|[from] item: Leftovers
|upkeep
|turn|32
|
|t:|1728441179
|move|p1a: Tyranitar|Pursuit|p2a: Swampert
|-crit|p2a: Swampert
|-damage|p2a: Swampert|7/100
|move|p2a: Swampert|Earthquake|p1a: Tyranitar
|-supereffective|p1a: Tyranitar
|-damage|p1a: Tyranitar|23/100
|
|-weather|Sandstorm|[upkeep]
|-heal|p1a: Tyranitar|29/100|[from] item: Leftovers
|-heal|p2a: Swampert|13/100|[from] item: Leftovers
|upkeep
|turn|33
|
|t:|1728441189
|move|p1a: Tyranitar|Crunch|p2a: Swampert
|-damage|p2a: Swampert|0 fnt
|faint|p2a: Swampert
|
|t:|1728441194
|switch|p2a: Blissey|Blissey, F, shiny|94/100
|
|-weather|Sandstorm|[upkeep]
|-damage|p2a: Blissey|88/100|[from] Sandstorm
|-heal|p1a: Tyranitar|35/100|[from] item: Leftovers
|-heal|p2a: Blissey|94/100|[from] item: Leftovers
|upkeep
|turn|34
|
|t:|1728441209
|move|p1a: Tyranitar|Crunch|p2a: Blissey
|-damage|p2a: Blissey|80/100
|move|p2a: Blissey|Ice Beam|p1a: Tyranitar
|-damage|p1a: Tyranitar|13/100
|
|-weather|Sandstorm|[upkeep]
|-damage|p2a: Blissey|74/100|[from] Sandstorm
|-heal|p1a: Tyranitar|19/100|[from] item: Leftovers
|-heal|p2a: Blissey|80/100|[from] item: Leftovers
|upkeep
|turn|35
|
|t:|1728441220
|move|p1a: Tyranitar|Crunch|p2a: Blissey
|-damage|p2a: Blissey|65/100
|move|p2a: Blissey|Ice Beam|p1a: Tyranitar
|-damage|p1a: Tyranitar|0 fnt
|faint|p1a: Tyranitar
|
|t:|1728441226
|switch|p1a: Metagross|Metagross|100/100
|-damage|p1a: Metagross|88/100|[from] Spikes
|
|-weather|Sandstorm|[upkeep]
|-damage|p2a: Blissey|59/100|[from] Sandstorm
|-heal|p2a: Blissey|65/100|[from] item: Leftovers
|upkeep
|turn|36
|inactive|pslmrt_ochs has 90 seconds left.
|
|t:|1728441274
|move|p1a: Metagross|Meteor Mash|p2a: Blissey|[miss]
|-miss|p1a: Metagross|p2a: Blissey
|move|p2a: Blissey|Fire Blast|p1a: Metagross
|-supereffective|p1a: Metagross
|-crit|p1a: Metagross
|-damage|p1a: Metagross|0 fnt
|faint|p1a: Metagross
|
|win|pslmrt_ochs
|c|☆beeoi|WOW
|c|☆beeoi|okay lol

</script>
<script type="application/json" class="data" id="replaydata-smogtours-gen3ou-796575">
{"id":"smogtours-gen3ou-796575","format":"[Gen 3] OU","players":["beeoi","pslmrt_ochs"],"uploadtime":1728441274,"views":117,"formatid":"gen3ou","rating":null,"private":0,"password":null}
</script>

<script defer src="js/replays.js?9d40a366"></script>
