<!DOCTYPE html>
<meta charset="utf-8" />
<meta name="viewport" content="width=device-width" />

<title>[Gen 3] OU: Euph0riADV vs. ADV TechSupport - Replays - Pok&eacute;mon Showdown!</title>

<meta name="description" content="Watch a replay of a Pok&eacute;mon battle between Euph0riADV and ADV TechSupport! Format: [Gen 3] OU; Date: Oct 10, 2024" />
<!--

Hey, you! Looking in the source for the replay log?

You can find them in JSON format, just add `.json` at the end of a replay URL.

https://replay.pokemonshowdown.com/gen7randomdoublesbattle-865046831.json

Or, if you only need the log itself, add `.log` instead:

https://replay.pokemonshowdown.com/gen7randomdoublesbattle-865046831.log

-->

<link rel="stylesheet" href="//pokemonshowdown.com/style/global.css?0.023195364461161105" />
<link rel="stylesheet" href="//play.pokemonshowdown.com/style/font-awesome.css?0.13261647063804238" />
<link rel="stylesheet" href="//play.pokemonshowdown.com/style/battle.css?0.8753245789963631" />
<link rel="stylesheet" href="//play.pokemonshowdown.com/style/utilichart.css?0.8627959624976733" />

<!-- Global site tag (gtag.js) - Google Analytics -->
<script async src="https://www.googletagmanager.com/gtag/js?id=UA-26211653-1"></script>
<script>
  window.dataLayer = window.dataLayer || [];
  function gtag(){dataLayer.push(arguments);}
  gtag('js', new Date());

  gtag('config', 'UA-26211653-1');
</script>
<!-- End Google Analytics -->
<!-- Venatus Ad Manager - Install in <HEAD> of page -->
	<script src="https://hb.vntsm.com/v3/live/ad-manager.min.js" type="text/javascript" data-site-id="642aba63ec9a7b11c3c9c1be" data-mode="scan" async></script>
<!-- / Venatus Ad Manager -->

<style>
	@media (max-width:820px) {
		.battle {
			margin: 0 auto;
		}
		.battle-log {
			margin: 7px auto 0;
			max-width: 640px;
			height: 300px;
			position: static;
		}
	}
	.optgroup {
		display: inline-block;
		line-height: 22px;
		font-size: 10pt;
	}
	.optgroup .button {
		height: 25px;
		padding-top: 0;
		padding-bottom: 0;
	}
	.optgroup button.button {
		padding-left: 12px;
		padding-right: 12px;
	}
	.linklist {
		list-style: none;
		margin: 0.5em 0;
		padding: 0;
	}
	.linklist li {
		padding: 2px 0;
	}
	.sidebar {
		float: left;
		width: 320px;
	}
	.bar-wrapper {
		max-width: 1100px;
		margin: 0 auto;
	}
	.bar-wrapper.has-sidebar {
		max-width: 1430px;
	}
	.mainbar {
		margin: 0;
		padding-right: 1px;
	}
	.mainbar.has-sidebar {
		margin-left: 330px;
	}
	@media (min-width: 1511px) {
		.sidebar {
			width: 400px;
		}
		.bar-wrapper.has-sidebar {
			max-width: 1510px;
		}
		.mainbar.has-sidebar {
			margin-left: 410px;
		}
	}
	.section.first-section {
		margin-top: 9px;
	}
	.blocklink small {
		white-space: normal;
	}
	.button {
		vertical-align: middle;
	}
	.replay-controls {
		padding-top: 10px;
	}
	.replay-controls h1 {
		font-size: 16pt;
		font-weight: normal;
		color: #CCC;
	}
	.pagelink {
		text-align: center;
	}
	.pagelink a {
		width: 150px;
	}
	.textbox, .button {
		font-size: 11pt;
		vertical-align: middle;
	}
	@media (max-width: 450px) {
		.button {
			font-size: 9pt;
		}
	}
</style>

<div>

	<header>
		<div class="nav-wrapper"><ul class="nav">
			<li><a class="button nav-first" href="//pokemonshowdown.com/"><img src="//pokemonshowdown.com/images/pokemonshowdownbeta.png" srcset="//pokemonshowdown.com/images/pokemonshowdownbeta.png 1x, //pokemonshowdown.com/images/pokemonshowdownbeta@2x.png 2x" alt="Pok&eacute;mon Showdown" width="146" height="44" /> Home</a></li>
			<li><a class="button" href="//pokemonshowdown.com/dex/">Pok&eacute;dex</a></li>
			<li><a class="button cur" href="/">Replays</a></li>
			<li><a class="button" href="//pokemonshowdown.com/ladder/">Ladder</a></li>
			<li><a class="button nav-last" href="//pokemonshowdown.com/forums/">Forum</a></li>
			<li><a class="button greenbutton nav-first nav-last" href="//play.pokemonshowdown.com/">Play</a></li>
		</ul></div>
	</header>

	<div class="main" id="main">

		<noscript><section class="section">You need to enable JavaScript to use this page; sorry!</section></noscript>

	</div>

</div>

<script defer nomodule src="//play.pokemonshowdown.com/js/lib/ps-polyfill.js"></script>
<script defer src="//play.pokemonshowdown.com/js/lib/preact.min.js"></script>

<script defer src="//play.pokemonshowdown.com/config/config.js?2bddbc15"></script>
<script defer src="//play.pokemonshowdown.com/js/lib/jquery-1.11.0.min.js"></script>
<script defer src="//play.pokemonshowdown.com/js/lib/html-sanitizer-minified.js"></script>
<script defer src="//play.pokemonshowdown.com/js/battle-sound.js"></script>
<script defer src="//play.pokemonshowdown.com/js/battledata.js?0.7209276989879541"></script>
<script defer src="//play.pokemonshowdown.com/data/pokedex-mini.js?0.6111056340867951"></script>
<script defer src="//play.pokemonshowdown.com/data/pokedex-mini-bw.js?0.3532142036491459"></script>
<script defer src="//play.pokemonshowdown.com/data/graphics.js?0.24223875632456182"></script>
<script defer src="//play.pokemonshowdown.com/data/pokedex.js?0.38839984266356864"></script>
<script defer src="//play.pokemonshowdown.com/data/moves.js?0.21866028504024015"></script>
<script defer src="//play.pokemonshowdown.com/data/abilities.js?0.2005157953846628"></script>
<script defer src="//play.pokemonshowdown.com/data/items.js?0.9894211263848525"></script>
<script defer src="//play.pokemonshowdown.com/data/teambuilder-tables.js?0.6008791140282215"></script>
<script defer src="//play.pokemonshowdown.com/js/battle-tooltips.js?0.7580118955022959"></script>
<script defer src="//play.pokemonshowdown.com/js/battle.js?0.6057722274234274"></script>

<script defer src="js/utils.js?e31f9a17"></script>
<script defer src="js/replays-battle.js?7008c182"></script>

<!-- don't scrape this data! just add .json or .log after the URL!
Full API docs: https://github.com/smogon/pokemon-showdown-client/blob/master/WEB-API.md -->
<script type="text/plain" class="log" id="replaylog-smogtours-gen3ou-796845">
|inactive|Battle timer is ON: inactive players will automatically lose when time's up.
|t:|1728525429
|gametype|singles
|player|p1|Euph0riADV|169|
|player|p2|ADV TechSupport|burglar|
|teamsize|p1|6
|teamsize|p2|6
|gen|3
|tier|[Gen 3] OU
|rule|Sleep Clause Mod: Limit one foe put to sleep
|rule|Switch Priority Clause Mod: Faster Pokémon switch first
|rule|Species Clause: Limit one of each Pokémon
|rule|OHKO Clause: OHKO moves are banned
|rule|Evasion Items Clause: Evasion items are banned
|rule|Evasion Moves Clause: Evasion moves are banned
|rule|Endless Battle Clause: Forcing endless battles is banned
|rule|HP Percentage Mod: HP is shown in percentages
|rule|One Boost Passer Clause: Limit one Baton Passer that has a way to boost its stats
|rule|Freeze Clause Mod: Limit one foe frozen
|
|t:|1728525429
|start
|switch|p1a: Limelight|Tyranitar, M|100/100
|switch|p2a: Hariyama|Hariyama, F|100/100
|-weather|Sandstorm|[from] ability: Sand Stream|[of] p1a: Limelight
|turn|1
|c|☆ADV TechSupport|glhf
|c|☆Euph0riADV|glhf
|inactive|Euph0riADV has 270 seconds left.
|inactive|Euph0riADV has 240 seconds left.
|
|t:|1728525503
|switch|p1a: Overture|Starmie|100/100
|move|p2a: Hariyama|Knock Off|p1a: Overture
|-supereffective|p1a: Overture
|-damage|p1a: Overture|92/100
|-enditem|p1a: Overture|Leftovers|[from] move: Knock Off|[of] p2a: Hariyama
|-hint|In Gens 3-4, Knock Off only makes the target's item unusable; it cannot obtain a new item.
|
|-weather|Sandstorm|[upkeep]
|-damage|p1a: Overture|86/100|[from] Sandstorm
|-damage|p2a: Hariyama|94/100|[from] Sandstorm
|-heal|p2a: Hariyama|100/100|[from] item: Leftovers
|upkeep
|turn|2
|
|t:|1728525507
|move|p2a: Hariyama|Protect|p2a: Hariyama
|-singleturn|p2a: Hariyama|Protect
|move|p1a: Overture|Hydro Pump|p2a: Hariyama
|-activate|p2a: Hariyama|Protect
|
|-weather|Sandstorm|[upkeep]
|-damage|p1a: Overture|80/100|[from] Sandstorm
|-damage|p2a: Hariyama|94/100|[from] Sandstorm
|-heal|p2a: Hariyama|100/100|[from] item: Leftovers
|upkeep
|turn|3
|
|t:|1728525514
|switch|p2a: Blissey|Blissey, F|100/100
|move|p1a: Overture|Hydro Pump|p2a: Blissey
|-damage|p2a: Blissey|83/100
|
|-weather|Sandstorm|[upkeep]
|-damage|p1a: Overture|74/100|[from] Sandstorm
|-damage|p2a: Blissey|77/100|[from] Sandstorm
|-heal|p2a: Blissey|83/100|[from] item: Leftovers
|upkeep
|turn|4
|
|t:|1728525517
|switch|p1a: Fly By Night|Skarmory, M|100/100
|move|p2a: Blissey|Wish|p2a: Blissey
|
|-weather|Sandstorm|[upkeep]
|-damage|p2a: Blissey|77/100|[from] Sandstorm
|-heal|p2a: Blissey|83/100|[from] item: Leftovers
|upkeep
|turn|5
|
|t:|1728525526
|switch|p2a: Starmie|Starmie|100/100
|move|p1a: Fly By Night|Spikes|p2a: Starmie
|-sidestart|p2: ADV TechSupport|Spikes
|
|-weather|Sandstorm|[upkeep]
|-damage|p2a: Starmie|94/100|[from] Sandstorm
|-heal|p2a: Starmie|100/100|[from] item: Leftovers
|upkeep
|turn|6
|
|t:|1728525533
|switch|p1a: Analog Kid|Jolteon, F|100/100
|move|p2a: Starmie|Thunderbolt|p1a: Analog Kid
|-immune|p1a: Analog Kid|[from] ability: Volt Absorb
|
|-weather|Sandstorm|[upkeep]
|-damage|p1a: Analog Kid|94/100|[from] Sandstorm
|-damage|p2a: Starmie|94/100|[from] Sandstorm
|-heal|p1a: Analog Kid|100/100|[from] item: Leftovers
|-heal|p2a: Starmie|100/100|[from] item: Leftovers
|upkeep
|turn|7
|
|t:|1728525538
|switch|p2a: Flygon|Flygon, F|100/100
|move|p1a: Analog Kid|Thunder Wave|p2a: Flygon
|-immune|p2a: Flygon
|
|-weather|Sandstorm|[upkeep]
|-damage|p1a: Analog Kid|94/100|[from] Sandstorm
|-heal|p1a: Analog Kid|100/100|[from] item: Leftovers
|upkeep
|turn|8
|
|t:|1728525546
|move|p2a: Flygon|Protect|p2a: Flygon
|-singleturn|p2a: Flygon|Protect
|move|p1a: Analog Kid|Baton Pass|p1a: Analog Kid
|
|t:|1728525556
|switch|p1a: YYZ|Gengar, F, shiny|100/100|[from] Baton Pass
|
|-weather|Sandstorm|[upkeep]
|-damage|p1a: YYZ|95/100|[from] Sandstorm
|-heal|p1a: YYZ|100/100|[from] item: Leftovers
|upkeep
|turn|9
|
|t:|1728525560
|switch|p2a: Blissey|Blissey, F|83/100
|-damage|p2a: Blissey|70/100|[from] Spikes
|move|p1a: YYZ|Ice Punch|p2a: Blissey
|-damage|p2a: Blissey|60/100
|
|-weather|Sandstorm|[upkeep]
|-damage|p1a: YYZ|95/100|[from] Sandstorm
|-damage|p2a: Blissey|54/100|[from] Sandstorm
|-heal|p1a: YYZ|100/100|[from] item: Leftovers
|-heal|p2a: Blissey|60/100|[from] item: Leftovers
|upkeep
|turn|10
|
|t:|1728525579
|switch|p1a: Fly By Night|Skarmory, M|100/100
|move|p2a: Blissey|Wish|p2a: Blissey
|
|-weather|Sandstorm|[upkeep]
|-damage|p2a: Blissey|54/100|[from] Sandstorm
|-heal|p2a: Blissey|60/100|[from] item: Leftovers
|upkeep
|turn|11
|
|t:|1728525585
|move|p1a: Fly By Night|Spikes|p2a: Blissey
|-sidestart|p2: ADV TechSupport|Spikes
|move|p2a: Blissey|Seismic Toss|p1a: Fly By Night
|-damage|p1a: Fly By Night|71/100
|
|-heal|p2a: Blissey|100/100|[from] move: Wish|[wisher] Blissey
|-weather|Sandstorm|[upkeep]
|-damage|p2a: Blissey|94/100|[from] Sandstorm
|-heal|p1a: Fly By Night|77/100|[from] item: Leftovers
|-heal|p2a: Blissey|100/100|[from] item: Leftovers
|upkeep
|turn|12
|
|t:|1728525612
|switch|p1a: Hemispheres|Metagross|100/100
|move|p2a: Blissey|Wish|p2a: Blissey
|
|-weather|Sandstorm|[upkeep]
|-damage|p2a: Blissey|94/100|[from] Sandstorm
|-heal|p2a: Blissey|100/100|[from] item: Leftovers
|upkeep
|turn|13
|
|t:|1728525616
|switch|p2a: Skarmory|Skarmory, F|100/100
|move|p1a: Hemispheres|Meteor Mash|p2a: Skarmory
|-resisted|p2a: Skarmory
|-damage|p2a: Skarmory|72/100
|
|-heal|p2a: Skarmory|100/100|[from] move: Wish|[wisher] Blissey
|-weather|Sandstorm|[upkeep]
|upkeep
|turn|14
|
|t:|1728525626
|switch|p1a: YYZ|Gengar, F, shiny|100/100
|move|p2a: Skarmory|Spikes|p1a: YYZ
|-sidestart|p1: Euph0riADV|Spikes
|
|-weather|Sandstorm|[upkeep]
|-damage|p1a: YYZ|95/100|[from] Sandstorm
|-heal|p1a: YYZ|100/100|[from] item: Leftovers
|upkeep
|turn|15
|
|t:|1728525632
|move|p1a: YYZ|Ice Punch|p2a: Skarmory
|-damage|p2a: Skarmory|60/100
|move|p2a: Skarmory|Spikes|p1a: YYZ
|-sidestart|p1: Euph0riADV|Spikes
|
|-weather|Sandstorm|[upkeep]
|-damage|p1a: YYZ|95/100|[from] Sandstorm
|-heal|p1a: YYZ|100/100|[from] item: Leftovers
|-heal|p2a: Skarmory|66/100|[from] item: Leftovers
|upkeep
|turn|16
|
|t:|1728525642
|switch|p2a: Hariyama|Hariyama, F|100/100
|-damage|p2a: Hariyama|84/100|[from] Spikes
|move|p1a: YYZ|Fire Punch|p2a: Hariyama
|-damage|p2a: Hariyama|66/100
|
|-weather|Sandstorm|[upkeep]
|-damage|p1a: YYZ|95/100|[from] Sandstorm
|-damage|p2a: Hariyama|60/100|[from] Sandstorm
|-heal|p1a: YYZ|100/100|[from] item: Leftovers
|-heal|p2a: Hariyama|66/100|[from] item: Leftovers
|upkeep
|turn|17
|
|t:|1728525655
|switch|p1a: Fly By Night|Skarmory, M|77/100
|move|p2a: Hariyama|Whirlwind|p1a: Fly By Night
|drag|p1a: YYZ|Gengar, F, shiny|100/100
|
|-weather|Sandstorm|[upkeep]
|-damage|p1a: YYZ|95/100|[from] Sandstorm
|-damage|p2a: Hariyama|60/100|[from] Sandstorm
|-heal|p1a: YYZ|100/100|[from] item: Leftovers
|-heal|p2a: Hariyama|66/100|[from] item: Leftovers
|upkeep
|turn|18
|
|t:|1728525665
|switch|p1a: Fly By Night|Skarmory, M|77/100
|move|p2a: Hariyama|Protect||[still]
|-fail|p2a: Hariyama
|
|-weather|Sandstorm|[upkeep]
|-damage|p2a: Hariyama|60/100|[from] Sandstorm
|-heal|p1a: Fly By Night|83/100|[from] item: Leftovers
|-heal|p2a: Hariyama|66/100|[from] item: Leftovers
|upkeep
|turn|19
|
|t:|1728525671
|move|p1a: Fly By Night|Spikes|p2a: Hariyama
|-sidestart|p2: ADV TechSupport|Spikes
|move|p2a: Hariyama|Knock Off|p1a: Fly By Night
|-resisted|p1a: Fly By Night
|-damage|p1a: Fly By Night|82/100
|-enditem|p1a: Fly By Night|Leftovers|[from] move: Knock Off|[of] p2a: Hariyama
|
|-weather|Sandstorm|[upkeep]
|-damage|p2a: Hariyama|60/100|[from] Sandstorm
|-heal|p2a: Hariyama|66/100|[from] item: Leftovers
|upkeep
|turn|20
|
|t:|1728525686
|move|p2a: Hariyama|Knock Off|p1a: Fly By Night
|-resisted|p1a: Fly By Night
|-damage|p1a: Fly By Night|81/100
|move|p1a: Fly By Night|Roar|p2a: Hariyama
|drag|p2a: Blissey|Blissey, F|100/100
|-damage|p2a: Blissey|76/100|[from] Spikes
|
|-weather|Sandstorm|[upkeep]
|-damage|p2a: Blissey|69/100|[from] Sandstorm
|-heal|p2a: Blissey|76/100|[from] item: Leftovers
|upkeep
|turn|21
|
|t:|1728525694
|move|p1a: Fly By Night|Toxic|p2a: Blissey
|-status|p2a: Blissey|tox
|move|p2a: Blissey|Wish|p2a: Blissey
|
|-weather|Sandstorm|[upkeep]
|-damage|p2a: Blissey|69/100 tox|[from] Sandstorm
|-heal|p2a: Blissey|76/100 tox|[from] item: Leftovers
|-damage|p2a: Blissey|69/100 tox|[from] psn
|upkeep
|turn|22
|
|t:|1728525702
|switch|p1a: Overture|Starmie|74/100
|-damage|p1a: Overture|58/100|[from] Spikes
|-curestatus|p2a: Blissey|tox|[from] ability: Natural Cure
|switch|p2a: Starmie|Starmie|100/100
|-damage|p2a: Starmie|76/100|[from] Spikes
|
|-heal|p2a: Starmie|100/100|[from] move: Wish|[wisher] Blissey
|-weather|Sandstorm|[upkeep]
|-damage|p1a: Overture|52/100|[from] Sandstorm
|-damage|p2a: Starmie|94/100|[from] Sandstorm
|-heal|p2a: Starmie|100/100|[from] item: Leftovers
|upkeep
|turn|23
|
|t:|1728525710
|move|p1a: Overture|Thunderbolt|p2a: Starmie
|-supereffective|p2a: Starmie
|-damage|p2a: Starmie|17/100
|move|p2a: Starmie|Thunderbolt|p1a: Overture
|-supereffective|p1a: Overture
|-damage|p1a: Overture|0 fnt
|faint|p1a: Overture
|
|t:|1728525715
|switch|p1a: Analog Kid|Jolteon, F|100/100
|-damage|p1a: Analog Kid|84/100|[from] Spikes
|
|-weather|Sandstorm|[upkeep]
|-damage|p1a: Analog Kid|78/100|[from] Sandstorm
|-damage|p2a: Starmie|11/100|[from] Sandstorm
|-heal|p1a: Analog Kid|84/100|[from] item: Leftovers
|-heal|p2a: Starmie|17/100|[from] item: Leftovers
|upkeep
|turn|24
|
|t:|1728525720
|switch|p1a: YYZ|Gengar, F, shiny|100/100
|switch|p2a: Flygon|Flygon, F|100/100
|
|-weather|Sandstorm|[upkeep]
|-damage|p1a: YYZ|95/100|[from] Sandstorm
|-heal|p1a: YYZ|100/100|[from] item: Leftovers
|upkeep
|turn|25
|
|t:|1728525723
|move|p2a: Flygon|Protect|p2a: Flygon
|-singleturn|p2a: Flygon|Protect
|move|p1a: YYZ|Ice Punch|p2a: Flygon
|-activate|p2a: Flygon|Protect
|
|-weather|Sandstorm|[upkeep]
|-damage|p1a: YYZ|95/100|[from] Sandstorm
|-heal|p1a: YYZ|100/100|[from] item: Leftovers
|upkeep
|turn|26
|
|t:|1728525750
|switch|p2a: Skarmory|Skarmory, F|66/100
|move|p1a: YYZ|Ice Punch|p2a: Skarmory
|-damage|p2a: Skarmory|32/100
|-status|p2a: Skarmory|frz
|
|-weather|Sandstorm|[upkeep]
|-damage|p1a: YYZ|95/100|[from] Sandstorm
|-heal|p1a: YYZ|100/100|[from] item: Leftovers
|-heal|p2a: Skarmory|38/100 frz|[from] item: Leftovers
|upkeep
|turn|27
|c|☆Euph0riADV|my b
|
|t:|1728525759
|move|p1a: YYZ|Fire Punch|p2a: Skarmory
|-supereffective|p2a: Skarmory
|-damage|p2a: Skarmory|0 fnt
|faint|p2a: Skarmory
|
|t:|1728525768
|switch|p2a: Blissey|Blissey, F|69/100
|-damage|p2a: Blissey|44/100|[from] Spikes
|
|-weather|Sandstorm|[upkeep]
|-damage|p1a: YYZ|95/100|[from] Sandstorm
|-damage|p2a: Blissey|38/100|[from] Sandstorm
|-heal|p1a: YYZ|100/100|[from] item: Leftovers
|-heal|p2a: Blissey|44/100|[from] item: Leftovers
|upkeep
|turn|28
|
|t:|1728525775
|switch|p1a: Limelight|Tyranitar, M|100/100
|-damage|p1a: Limelight|84/100|[from] Spikes
|move|p2a: Blissey|Wish|p2a: Blissey
|
|-weather|Sandstorm|[upkeep]
|-damage|p2a: Blissey|38/100|[from] Sandstorm
|-heal|p1a: Limelight|90/100|[from] item: Leftovers
|-heal|p2a: Blissey|44/100|[from] item: Leftovers
|upkeep
|turn|29
|
|t:|1728525785
|-singleturn|p1a: Limelight|move: Focus Punch
|move|p1a: Limelight|Focus Punch|p2a: Blissey
|-supereffective|p2a: Blissey
|-crit|p2a: Blissey
|-damage|p2a: Blissey|0 fnt
|faint|p2a: Blissey
|
|t:|1728525795
|switch|p2a: Hariyama|Hariyama, F|66/100
|-damage|p2a: Hariyama|41/100|[from] Spikes
|
|-heal|p2a: Hariyama|91/100|[from] move: Wish|[wisher] Blissey
|-weather|Sandstorm|[upkeep]
|-damage|p2a: Hariyama|85/100|[from] Sandstorm
|-heal|p1a: Limelight|96/100|[from] item: Leftovers
|-heal|p2a: Hariyama|91/100|[from] item: Leftovers
|upkeep
|turn|30
|
|t:|1728525814
|switch|p1a: Fly By Night|Skarmory, M|81/100
|move|p2a: Hariyama|Knock Off|p1a: Fly By Night
|-resisted|p1a: Fly By Night
|-damage|p1a: Fly By Night|80/100
|
|-weather|Sandstorm|[upkeep]
|-damage|p2a: Hariyama|85/100|[from] Sandstorm
|-heal|p2a: Hariyama|91/100|[from] item: Leftovers
|upkeep
|turn|31
|
|t:|1728525819
|move|p2a: Hariyama|Brick Break|p1a: Fly By Night
|-crit|p1a: Fly By Night
|-damage|p1a: Fly By Night|33/100
|move|p1a: Fly By Night|Roar|p2a: Hariyama
|drag|p2a: Tyranitar|Tyranitar, F|100/100
|-damage|p2a: Tyranitar|76/100|[from] Spikes
|
|-weather|Sandstorm|[upkeep]
|-heal|p2a: Tyranitar|82/100|[from] item: Leftovers
|upkeep
|turn|32
|
|t:|1728525826
|move|p1a: Fly By Night|Protect|p1a: Fly By Night
|-singleturn|p1a: Fly By Night|Protect
|move|p2a: Tyranitar|Rock Slide|p1a: Fly By Night
|-activate|p1a: Fly By Night|Protect
|
|-weather|Sandstorm|[upkeep]
|-heal|p2a: Tyranitar|88/100|[from] item: Leftovers
|upkeep
|turn|33
|
|t:|1728525834
|switch|p1a: Limelight|Tyranitar, M|96/100
|-damage|p1a: Limelight|80/100|[from] Spikes
|move|p2a: Tyranitar|Fire Blast|p1a: Limelight
|-resisted|p1a: Limelight
|-damage|p1a: Limelight|66/100
|
|-weather|Sandstorm|[upkeep]
|-heal|p2a: Tyranitar|94/100|[from] item: Leftovers
|-heal|p1a: Limelight|72/100|[from] item: Leftovers
|upkeep
|turn|34
|
|t:|1728525837
|move|p2a: Tyranitar|Earthquake|p1a: Limelight
|-supereffective|p1a: Limelight
|-damage|p1a: Limelight|22/100
|move|p1a: Limelight|Earthquake|p2a: Tyranitar
|-supereffective|p2a: Tyranitar
|-damage|p2a: Tyranitar|8/100
|
|-weather|Sandstorm|[upkeep]
|-heal|p2a: Tyranitar|15/100|[from] item: Leftovers
|-heal|p1a: Limelight|28/100|[from] item: Leftovers
|upkeep
|turn|35
|
|t:|1728525847
|switch|p1a: YYZ|Gengar, F, shiny|100/100
|move|p2a: Tyranitar|Rock Slide|p1a: YYZ
|-damage|p1a: YYZ|32/100
|
|-weather|Sandstorm|[upkeep]
|-damage|p1a: YYZ|26/100|[from] Sandstorm
|-heal|p1a: YYZ|32/100|[from] item: Leftovers
|-heal|p2a: Tyranitar|21/100|[from] item: Leftovers
|upkeep
|turn|36
|
|t:|1728525854
|switch|p2a: Hariyama|Hariyama, F|91/100
|-damage|p2a: Hariyama|66/100|[from] Spikes
|move|p1a: YYZ|Hidden Power|p2a: Hariyama
|-damage|p2a: Hariyama|48/100
|
|-weather|Sandstorm|[upkeep]
|-damage|p1a: YYZ|26/100|[from] Sandstorm
|-damage|p2a: Hariyama|42/100|[from] Sandstorm
|-heal|p1a: YYZ|32/100|[from] item: Leftovers
|-heal|p2a: Hariyama|48/100|[from] item: Leftovers
|upkeep
|turn|37
|c|☆Euph0riADV|nice play
|
|t:|1728525873
|switch|p1a: Fly By Night|Skarmory, M|33/100
|move|p2a: Hariyama|Knock Off|p1a: Fly By Night
|-resisted|p1a: Fly By Night
|-damage|p1a: Fly By Night|32/100
|
|-weather|Sandstorm|[upkeep]
|-damage|p2a: Hariyama|42/100|[from] Sandstorm
|-heal|p2a: Hariyama|48/100|[from] item: Leftovers
|upkeep
|turn|38
|
|t:|1728525877
|move|p1a: Fly By Night|Protect|p1a: Fly By Night
|-singleturn|p1a: Fly By Night|Protect
|move|p2a: Hariyama|Brick Break|p1a: Fly By Night
|-activate|p1a: Fly By Night|Protect
|
|-weather|Sandstorm|[upkeep]
|-damage|p2a: Hariyama|42/100|[from] Sandstorm
|-heal|p2a: Hariyama|48/100|[from] item: Leftovers
|upkeep
|turn|39
|
|t:|1728525885
|move|p1a: Fly By Night|Toxic|p2a: Hariyama
|-status|p2a: Hariyama|tox
|move|p2a: Hariyama|Brick Break|p1a: Fly By Night
|-damage|p1a: Fly By Night|0 fnt
|faint|p1a: Fly By Night
|
|t:|1728525891
|switch|p1a: Analog Kid|Jolteon, F|84/100
|-damage|p1a: Analog Kid|67/100|[from] Spikes
|
|-weather|Sandstorm|[upkeep]
|-damage|p1a: Analog Kid|61/100|[from] Sandstorm
|-damage|p2a: Hariyama|42/100 tox|[from] Sandstorm
|-heal|p1a: Analog Kid|67/100|[from] item: Leftovers
|-heal|p2a: Hariyama|48/100 tox|[from] item: Leftovers
|-damage|p2a: Hariyama|42/100 tox|[from] psn
|upkeep
|turn|40
|
|t:|1728525894
|switch|p2a: Flygon|Flygon, F|100/100
|move|p1a: Analog Kid|Thunderbolt|p2a: Flygon
|-immune|p2a: Flygon
|
|-weather|Sandstorm|[upkeep]
|-damage|p1a: Analog Kid|61/100|[from] Sandstorm
|-heal|p1a: Analog Kid|67/100|[from] item: Leftovers
|upkeep
|turn|41
|
|t:|1728525903
|move|p1a: Analog Kid|Baton Pass|p1a: Analog Kid
|
|t:|1728525913
|switch|p1a: Limelight|Tyranitar, M|28/100|[from] Baton Pass
|-damage|p1a: Limelight|11/100|[from] Spikes
|move|p2a: Flygon|Fire Blast|p1a: Limelight
|-resisted|p1a: Limelight
|-damage|p1a: Limelight|2/100
|-status|p1a: Limelight|brn
|
|-weather|Sandstorm|[upkeep]
|-heal|p1a: Limelight|8/100 brn|[from] item: Leftovers
|-damage|p1a: Limelight|0 fnt|[from] brn
|faint|p1a: Limelight
|upkeep
|
|t:|1728525919
|switch|p1a: YYZ|Gengar, F, shiny|32/100
|turn|42
|
|t:|1728525930
|move|p1a: YYZ|Ice Punch|p2a: Flygon
|-supereffective|p2a: Flygon
|-damage|p2a: Flygon|0 fnt
|faint|p2a: Flygon
|c|☆ADV TechSupport|gg
|-message|ADV TechSupport forfeited.
|
|win|Euph0riADV

</script>
<script type="application/json" class="data" id="replaydata-smogtours-gen3ou-796845">
{"id":"smogtours-gen3ou-796845","format":"[Gen 3] OU","players":["Euph0riADV","ADV TechSupport"],"uploadtime":1728525936,"views":100,"formatid":"gen3ou","rating":null,"private":0,"password":null}
</script>

<script defer src="js/replays.js?9d40a366"></script>
