<!DOCTYPE html>
<meta charset="utf-8" />
<meta name="viewport" content="width=device-width" />

<title>[Gen 3] OU: KeshBa45 vs. dustyfans - Replays - Pok&eacute;mon Showdown!</title>

<meta name="description" content="Watch a replay of a Pok&eacute;mon battle between KeshBa45 and dustyfans! Format: [Gen 3] OU; Date: Oct 22, 2024" />
<!--

Hey, you! Looking in the source for the replay log?

You can find them in JSON format, just add `.json` at the end of a replay URL.

https://replay.pokemonshowdown.com/gen7randomdoublesbattle-865046831.json

Or, if you only need the log itself, add `.log` instead:

https://replay.pokemonshowdown.com/gen7randomdoublesbattle-865046831.log

-->

<link rel="stylesheet" href="//pokemonshowdown.com/style/global.css?0.767286132409787" />
<link rel="stylesheet" href="//play.pokemonshowdown.com/style/font-awesome.css?0.9266228007934947" />
<link rel="stylesheet" href="//play.pokemonshowdown.com/style/battle.css?0.7924700842790926" />
<link rel="stylesheet" href="//play.pokemonshowdown.com/style/utilichart.css?0.8777417872839479" />

<!-- Global site tag (gtag.js) - Google Analytics -->
<script async src="https://www.googletagmanager.com/gtag/js?id=UA-26211653-1"></script>
<script>
  window.dataLayer = window.dataLayer || [];
  function gtag(){dataLayer.push(arguments);}
  gtag('js', new Date());

  gtag('config', 'UA-26211653-1');
</script>
<!-- End Google Analytics -->
<!-- Venatus Ad Manager - Install in <HEAD> of page -->
	<script src="https://hb.vntsm.com/v3/live/ad-manager.min.js" type="text/javascript" data-site-id="642aba63ec9a7b11c3c9c1be" data-mode="scan" async></script>
<!-- / Venatus Ad Manager -->

<style>
	@media (max-width:820px) {
		.battle {
			margin: 0 auto;
		}
		.battle-log {
			margin: 7px auto 0;
			max-width: 640px;
			height: 300px;
			position: static;
		}
	}
	.optgroup {
		display: inline-block;
		line-height: 22px;
		font-size: 10pt;
	}
	.optgroup .button {
		height: 25px;
		padding-top: 0;
		padding-bottom: 0;
	}
	.optgroup button.button {
		padding-left: 12px;
		padding-right: 12px;
	}
	.linklist {
		list-style: none;
		margin: 0.5em 0;
		padding: 0;
	}
	.linklist li {
		padding: 2px 0;
	}
	.sidebar {
		float: left;
		width: 320px;
	}
	.bar-wrapper {
		max-width: 1100px;
		margin: 0 auto;
	}
	.bar-wrapper.has-sidebar {
		max-width: 1430px;
	}
	.mainbar {
		margin: 0;
		padding-right: 1px;
	}
	.mainbar.has-sidebar {
		margin-left: 330px;
	}
	@media (min-width: 1511px) {
		.sidebar {
			width: 400px;
		}
		.bar-wrapper.has-sidebar {
			max-width: 1510px;
		}
		.mainbar.has-sidebar {
			margin-left: 410px;
		}
	}
	.section.first-section {
		margin-top: 9px;
	}
	.blocklink small {
		white-space: normal;
	}
	.button {
		vertical-align: middle;
	}
	.replay-controls {
		padding-top: 10px;
	}
	.replay-controls h1 {
		font-size: 16pt;
		font-weight: normal;
		color: #CCC;
	}
	.pagelink {
		text-align: center;
	}
	.pagelink a {
		width: 150px;
	}
	.textbox, .button {
		font-size: 11pt;
		vertical-align: middle;
	}
	@media (max-width: 450px) {
		.button {
			font-size: 9pt;
		}
	}
</style>

<div>

	<header>
		<div class="nav-wrapper"><ul class="nav">
			<li><a class="button nav-first" href="//pokemonshowdown.com/"><img src="//pokemonshowdown.com/images/pokemonshowdownbeta.png" srcset="//pokemonshowdown.com/images/pokemonshowdownbeta.png 1x, //pokemonshowdown.com/images/pokemonshowdownbeta@2x.png 2x" alt="Pok&eacute;mon Showdown" width="146" height="44" /> Home</a></li>
			<li><a class="button" href="//pokemonshowdown.com/dex/">Pok&eacute;dex</a></li>
			<li><a class="button cur" href="/">Replays</a></li>
			<li><a class="button" href="//pokemonshowdown.com/ladder/">Ladder</a></li>
			<li><a class="button nav-last" href="//pokemonshowdown.com/forums/">Forum</a></li>
			<li><a class="button greenbutton nav-first nav-last" href="//play.pokemonshowdown.com/">Play</a></li>
		</ul></div>
	</header>

	<div class="main" id="main">

		<noscript><section class="section">You need to enable JavaScript to use this page; sorry!</section></noscript>

	</div>

</div>

<script defer nomodule src="//play.pokemonshowdown.com/js/lib/ps-polyfill.js"></script>
<script defer src="//play.pokemonshowdown.com/js/lib/preact.min.js"></script>

<script defer src="//play.pokemonshowdown.com/config/config.js?6dec07f6"></script>
<script defer src="//play.pokemonshowdown.com/js/lib/jquery-1.11.0.min.js"></script>
<script defer src="//play.pokemonshowdown.com/js/lib/html-sanitizer-minified.js"></script>
<script defer src="//play.pokemonshowdown.com/js/battle-sound.js"></script>
<script defer src="//play.pokemonshowdown.com/js/battledata.js?0.6315294753075389"></script>
<script defer src="//play.pokemonshowdown.com/data/pokedex-mini.js?0.7603743185311358"></script>
<script defer src="//play.pokemonshowdown.com/data/pokedex-mini-bw.js?0.030888842834281283"></script>
<script defer src="//play.pokemonshowdown.com/data/graphics.js?0.05593094747507488"></script>
<script defer src="//play.pokemonshowdown.com/data/pokedex.js?0.47064822249611904"></script>
<script defer src="//play.pokemonshowdown.com/data/moves.js?0.8583693120512459"></script>
<script defer src="//play.pokemonshowdown.com/data/abilities.js?0.16017181182386842"></script>
<script defer src="//play.pokemonshowdown.com/data/items.js?0.4163379185673943"></script>
<script defer src="//play.pokemonshowdown.com/data/teambuilder-tables.js?0.31075597372830477"></script>
<script defer src="//play.pokemonshowdown.com/js/battle-tooltips.js?0.6536193500708172"></script>
<script defer src="//play.pokemonshowdown.com/js/battle.js?0.1916591943277901"></script>

<script defer src="js/utils.js?e31f9a17"></script>
<script defer src="js/replays-battle.js?7008c182"></script>

<!-- don't scrape this data! just add .json or .log after the URL!
Full API docs: https://github.com/smogon/pokemon-showdown-client/blob/master/WEB-API.md -->
<script type="text/plain" class="log" id="replaylog-gen3ou-2228689775-ngztrrv0jssnm1po56f19vvy4gt0dvlpw">
|j|☆KeshBa45
|j|☆dustyfans
|t:|1729628415
|gametype|singles
|player|p1|KeshBa45|#wcop2024africa|
|player|p2|dustyfans|blackbelt-gen4dp|
|teamsize|p1|6
|teamsize|p2|6
|gen|3
|tier|[Gen 3] OU
|rule|Sleep Clause Mod: Limit one foe put to sleep
|rule|Switch Priority Clause Mod: Faster Pokémon switch first
|rule|Species Clause: Limit one of each Pokémon
|rule|OHKO Clause: OHKO moves are banned
|rule|Evasion Items Clause: Evasion items are banned
|rule|Evasion Moves Clause: Evasion moves are banned
|rule|Endless Battle Clause: Forcing endless battles is banned
|rule|HP Percentage Mod: HP is shown in percentages
|rule|One Boost Passer Clause: Limit one Baton Passer that has a way to boost its stats
|rule|Freeze Clause Mod: Limit one foe frozen
|
|t:|1729628415
|start
|switch|p1a: Zapdos|Zapdos|100/100
|switch|p2a: Celebi|Celebi|100/100
|turn|1
|
|t:|1729628430
|move|p1a: Zapdos|Baton Pass|p1a: Zapdos
|
|t:|1729628432
|switch|p1a: Dugtrio|Dugtrio, F|100/100|[from] Baton Pass
|move|p2a: Celebi|Swords Dance|p2a: Celebi
|-boost|p2a: Celebi|atk|2
|
|upkeep
|turn|2
|
|t:|1729628442
|move|p1a: Dugtrio|Hidden Power|p2a: Celebi
|-supereffective|p2a: Celebi
|-crit|p2a: Celebi
|-damage|p2a: Celebi|0 fnt
|faint|p2a: Celebi
|
|t:|1729628473
|switch|p2a: Suicune|Suicune|100/100
|
|upkeep
|turn|3
|
|t:|1729628482
|switch|p1a: Zapdos|Zapdos|100/100
|move|p2a: Suicune|Substitute|p2a: Suicune
|-start|p2a: Suicune|Substitute
|-damage|p2a: Suicune|76/100
|
|-heal|p2a: Suicune|82/100|[from] item: Leftovers
|upkeep
|turn|4
|
|t:|1729628494
|move|p1a: Zapdos|Thunderbolt|p2a: Suicune
|-supereffective|p2a: Suicune
|-end|p2a: Suicune|Substitute
|move|p2a: Suicune|Surf|p1a: Zapdos
|-damage|p1a: Zapdos|65/100
|
|-heal|p1a: Zapdos|71/100|[from] item: Leftovers
|-heal|p2a: Suicune|88/100|[from] item: Leftovers
|upkeep
|turn|5
|
|t:|1729628505
|switch|p2a: Flygon|Flygon, F|100/100
|move|p1a: Zapdos|Thunderbolt|p2a: Flygon
|-immune|p2a: Flygon
|
|-heal|p1a: Zapdos|77/100|[from] item: Leftovers
|upkeep
|turn|6
|
|t:|1729628568
|move|p1a: Zapdos|Baton Pass|p1a: Zapdos
|
|t:|1729628591
|switch|p1a: Celebi|Celebi|100/100|[from] Baton Pass
|move|p2a: Flygon|Hidden Power|p1a: Celebi
|-supereffective|p1a: Celebi
|-damage|p1a: Celebi|29/100
|
|-heal|p1a: Celebi|36/100|[from] item: Leftovers
|upkeep
|turn|7
|
|t:|1729628616
|switch|p1a: Swampert|Swampert, M|100/100
|move|p2a: Flygon|Hidden Power|p1a: Swampert
|-damage|p1a: Swampert|84/100
|
|-heal|p1a: Swampert|90/100|[from] item: Leftovers
|upkeep
|turn|8
|
|t:|1729628634
|move|p2a: Flygon|Giga Drain|p1a: Swampert
|-supereffective|p1a: Swampert
|-damage|p1a: Swampert|49/100
|move|p1a: Swampert|Ice Beam|p2a: Flygon
|-supereffective|p2a: Flygon
|-damage|p2a: Flygon|15/100
|
|-heal|p2a: Flygon|21/100|[from] item: Leftovers
|-heal|p1a: Swampert|55/100|[from] item: Leftovers
|upkeep
|turn|9
|
|t:|1729628640
|move|p1a: Swampert|Protect|p1a: Swampert
|-singleturn|p1a: Swampert|Protect
|move|p2a: Flygon|Giga Drain|p1a: Swampert
|-activate|p1a: Swampert|Protect
|
|-heal|p2a: Flygon|27/100|[from] item: Leftovers
|-heal|p1a: Swampert|61/100|[from] item: Leftovers
|upkeep
|turn|10
|
|t:|1729628650
|switch|p1a: Zapdos|Zapdos|77/100
|move|p2a: Flygon|Giga Drain|p1a: Zapdos
|-resisted|p1a: Zapdos
|-crit|p1a: Zapdos
|-damage|p1a: Zapdos|65/100
|-heal|p2a: Flygon|34/100|[from] drain|[of] p1a: Zapdos
|
|-heal|p1a: Zapdos|71/100|[from] item: Leftovers
|-heal|p2a: Flygon|40/100|[from] item: Leftovers
|upkeep
|turn|11
|
|t:|1729628655
|move|p1a: Zapdos|Hidden Power|p2a: Flygon
|-damage|p2a: Flygon|14/100
|move|p2a: Flygon|Rock Slide|p1a: Zapdos
|-supereffective|p1a: Zapdos
|-damage|p1a: Zapdos|9/100
|
|-heal|p1a: Zapdos|15/100|[from] item: Leftovers
|-heal|p2a: Flygon|20/100|[from] item: Leftovers
|upkeep
|turn|12
|
|t:|1729628671
|switch|p2a: Cradily|Cradily, F|100/100
|move|p1a: Zapdos|Hidden Power|p2a: Cradily
|-damage|p2a: Cradily|80/100
|
|-heal|p1a: Zapdos|21/100|[from] item: Leftovers
|-heal|p2a: Cradily|86/100|[from] item: Leftovers
|upkeep
|turn|13
|
|t:|1729628685
|move|p1a: Zapdos|Thunder Wave|p2a: Cradily
|-status|p2a: Cradily|par
|cant|p2a: Cradily|par
|
|-heal|p1a: Zapdos|27/100|[from] item: Leftovers
|-heal|p2a: Cradily|92/100 par|[from] item: Leftovers
|upkeep
|turn|14
|
|t:|1729628692
|switch|p1a: Celebi|Celebi|36/100
|move|p2a: Cradily|Hidden Power|p1a: Celebi
|-supereffective|p1a: Celebi
|-damage|p1a: Celebi|19/100
|
|-heal|p1a: Celebi|25/100|[from] item: Leftovers
|-heal|p2a: Cradily|98/100 par|[from] item: Leftovers
|upkeep
|turn|15
|
|t:|1729628698
|move|p1a: Celebi|Recover|p1a: Celebi
|-heal|p1a: Celebi|75/100
|cant|p2a: Cradily|par
|
|-heal|p1a: Celebi|81/100|[from] item: Leftovers
|-heal|p2a: Cradily|100/100 par|[from] item: Leftovers
|upkeep
|turn|16
|
|t:|1729628702
|move|p1a: Celebi|Psychic|p2a: Cradily
|-damage|p2a: Cradily|72/100 par
|move|p2a: Cradily|Toxic|p1a: Celebi
|-status|p1a: Celebi|tox
|
|-heal|p1a: Celebi|88/100 tox|[from] item: Leftovers
|-damage|p1a: Celebi|81/100 tox|[from] psn
|-heal|p2a: Cradily|78/100 par|[from] item: Leftovers
|upkeep
|turn|17
|
|t:|1729628708
|move|p1a: Celebi|Psychic|p2a: Cradily
|-damage|p2a: Cradily|50/100 par
|-unboost|p2a: Cradily|spd|1
|cant|p2a: Cradily|par
|
|-heal|p1a: Celebi|88/100 tox|[from] item: Leftovers
|-damage|p1a: Celebi|75/100 tox|[from] psn
|-heal|p2a: Cradily|57/100 par|[from] item: Leftovers
|upkeep
|turn|18
|
|t:|1729628718
|switch|p2a: Snorlax|Snorlax, F|100/100
|move|p1a: Celebi|Baton Pass|p1a: Celebi
|
|t:|1729628723
|-curestatus|p1a: Celebi|tox|[from] ability: Natural Cure
|switch|p1a: Tyranitar|Tyranitar, F|100/100|[from] Baton Pass
|-weather|Sandstorm|[from] ability: Sand Stream|[of] p1a: Tyranitar
|
|-weather|Sandstorm|[upkeep]
|-damage|p2a: Snorlax|94/100|[from] Sandstorm
|-heal|p2a: Snorlax|100/100|[from] item: Leftovers
|upkeep
|turn|19
|
|t:|1729628738
|-singleturn|p1a: Tyranitar|move: Focus Punch
|move|p2a: Snorlax|Body Slam|p1a: Tyranitar
|-resisted|p1a: Tyranitar
|-damage|p1a: Tyranitar|86/100
|move|p1a: Tyranitar|Focus Punch||[still]
|cant|p1a: Tyranitar|Focus Punch|Focus Punch
|
|-weather|Sandstorm|[upkeep]
|-damage|p2a: Snorlax|94/100|[from] Sandstorm
|-heal|p1a: Tyranitar|92/100|[from] item: Leftovers
|-heal|p2a: Snorlax|100/100|[from] item: Leftovers
|upkeep
|turn|20
|
|t:|1729628752
|-singleturn|p1a: Tyranitar|move: Focus Punch
|move|p2a: Snorlax|Body Slam|p1a: Tyranitar
|-resisted|p1a: Tyranitar
|-damage|p1a: Tyranitar|79/100
|-status|p1a: Tyranitar|par
|cant|p1a: Tyranitar|par
|
|-weather|Sandstorm|[upkeep]
|-damage|p2a: Snorlax|94/100|[from] Sandstorm
|-heal|p2a: Snorlax|100/100|[from] item: Leftovers
|-heal|p1a: Tyranitar|85/100 par|[from] item: Leftovers
|upkeep
|turn|21
|
|t:|1729628760
|-singleturn|p1a: Tyranitar|move: Focus Punch
|move|p2a: Snorlax|Body Slam|p1a: Tyranitar
|-resisted|p1a: Tyranitar
|-damage|p1a: Tyranitar|71/100 par
|cant|p1a: Tyranitar|par
|
|-weather|Sandstorm|[upkeep]
|-damage|p2a: Snorlax|94/100|[from] Sandstorm
|-heal|p2a: Snorlax|100/100|[from] item: Leftovers
|-heal|p1a: Tyranitar|77/100 par|[from] item: Leftovers
|upkeep
|turn|22
|
|t:|1729628765
|move|p2a: Snorlax|Body Slam|p1a: Tyranitar
|-resisted|p1a: Tyranitar
|-damage|p1a: Tyranitar|64/100 par
|move|p1a: Tyranitar|Rock Slide|p2a: Snorlax
|-damage|p2a: Snorlax|62/100
|
|-weather|Sandstorm|[upkeep]
|-damage|p2a: Snorlax|56/100|[from] Sandstorm
|-heal|p2a: Snorlax|62/100|[from] item: Leftovers
|-heal|p1a: Tyranitar|70/100 par|[from] item: Leftovers
|upkeep
|turn|23
|
|t:|1729628771
|-singleturn|p1a: Tyranitar|move: Focus Punch
|switch|p2a: Flygon|Flygon, F|20/100
|move|p1a: Tyranitar|Focus Punch|p2a: Flygon
|-damage|p2a: Flygon|0 fnt
|faint|p2a: Flygon
|
|t:|1729628776
|switch|p2a: Suicune|Suicune|88/100
|
|-weather|Sandstorm|[upkeep]
|-damage|p2a: Suicune|82/100|[from] Sandstorm
|-heal|p2a: Suicune|88/100|[from] item: Leftovers
|-heal|p1a: Tyranitar|77/100 par|[from] item: Leftovers
|upkeep
|turn|24
|
|t:|1729628780
|switch|p1a: Zapdos|Zapdos|27/100
|move|p2a: Suicune|Surf|p1a: Zapdos
|-damage|p1a: Zapdos|0 fnt
|faint|p1a: Zapdos
|
|t:|1729628782
|switch|p1a: Starmie|Starmie|100/100
|
|-weather|Sandstorm|[upkeep]
|-damage|p1a: Starmie|94/100|[from] Sandstorm
|-damage|p2a: Suicune|82/100|[from] Sandstorm
|-heal|p1a: Starmie|100/100|[from] item: Leftovers
|-heal|p2a: Suicune|88/100|[from] item: Leftovers
|upkeep
|turn|25
|
|t:|1729628790
|switch|p2a: Cradily|Cradily, F|57/100 par
|move|p1a: Starmie|Hydro Pump|p2a: Cradily
|-damage|p2a: Cradily|12/100 par
|
|-weather|Sandstorm|[upkeep]
|-damage|p1a: Starmie|94/100|[from] Sandstorm
|-heal|p1a: Starmie|100/100|[from] item: Leftovers
|-heal|p2a: Cradily|18/100 par|[from] item: Leftovers
|upkeep
|turn|26
|
|t:|1729628805
|move|p1a: Starmie|Ice Beam|p2a: Cradily
|-supereffective|p2a: Cradily
|-damage|p2a: Cradily|0 fnt
|faint|p2a: Cradily
|
|t:|1729628847
|switch|p2a: Snorlax|Snorlax, F|62/100
|
|-weather|Sandstorm|[upkeep]
|-damage|p1a: Starmie|94/100|[from] Sandstorm
|-damage|p2a: Snorlax|56/100|[from] Sandstorm
|-heal|p1a: Starmie|100/100|[from] item: Leftovers
|-heal|p2a: Snorlax|62/100|[from] item: Leftovers
|upkeep
|turn|27
|
|t:|1729628856
|switch|p1a: Tyranitar|Tyranitar, F|77/100 par
|move|p2a: Snorlax|Curse|p2a: Snorlax
|-unboost|p2a: Snorlax|spe|1
|-boost|p2a: Snorlax|atk|1
|-boost|p2a: Snorlax|def|1
|
|-weather|Sandstorm|[upkeep]
|-damage|p2a: Snorlax|56/100|[from] Sandstorm
|-heal|p2a: Snorlax|62/100|[from] item: Leftovers
|-heal|p1a: Tyranitar|83/100 par|[from] item: Leftovers
|upkeep
|turn|28
|
|t:|1729628861
|move|p2a: Snorlax|Body Slam|p1a: Tyranitar
|-resisted|p1a: Tyranitar
|-damage|p1a: Tyranitar|62/100 par
|move|p1a: Tyranitar|Rock Slide|p2a: Snorlax
|-damage|p2a: Snorlax|37/100
|
|-weather|Sandstorm|[upkeep]
|-damage|p2a: Snorlax|31/100|[from] Sandstorm
|-heal|p2a: Snorlax|37/100|[from] item: Leftovers
|-heal|p1a: Tyranitar|68/100 par|[from] item: Leftovers
|upkeep
|turn|29
|
|t:|1729628869
|-singleturn|p1a: Tyranitar|move: Focus Punch
|move|p2a: Snorlax|Body Slam|p1a: Tyranitar
|-resisted|p1a: Tyranitar
|-damage|p1a: Tyranitar|49/100 par
|move|p1a: Tyranitar|Focus Punch||[still]
|cant|p1a: Tyranitar|Focus Punch|Focus Punch
|
|-weather|Sandstorm|[upkeep]
|-damage|p2a: Snorlax|31/100|[from] Sandstorm
|-heal|p2a: Snorlax|37/100|[from] item: Leftovers
|-heal|p1a: Tyranitar|55/100 par|[from] item: Leftovers
|upkeep
|turn|30
|
|t:|1729628874
|move|p2a: Snorlax|Body Slam|p1a: Tyranitar
|-resisted|p1a: Tyranitar
|-damage|p1a: Tyranitar|34/100 par
|move|p1a: Tyranitar|Rock Slide|p2a: Snorlax
|-damage|p2a: Snorlax|13/100
|
|-weather|Sandstorm|[upkeep]
|-damage|p2a: Snorlax|7/100|[from] Sandstorm
|-heal|p2a: Snorlax|13/100|[from] item: Leftovers
|-heal|p1a: Tyranitar|40/100 par|[from] item: Leftovers
|upkeep
|turn|31
|
|t:|1729628880
|-singleturn|p1a: Tyranitar|move: Focus Punch
|move|p2a: Snorlax|Body Slam|p1a: Tyranitar
|-resisted|p1a: Tyranitar
|-damage|p1a: Tyranitar|18/100 par
|move|p1a: Tyranitar|Focus Punch||[still]
|cant|p1a: Tyranitar|Focus Punch|Focus Punch
|
|-weather|Sandstorm|[upkeep]
|-damage|p2a: Snorlax|7/100|[from] Sandstorm
|-heal|p2a: Snorlax|13/100|[from] item: Leftovers
|-heal|p1a: Tyranitar|24/100 par|[from] item: Leftovers
|upkeep
|turn|32
|
|t:|1729628892
|-singleturn|p1a: Tyranitar|move: Focus Punch
|move|p2a: Snorlax|Body Slam|p1a: Tyranitar
|-resisted|p1a: Tyranitar
|-damage|p1a: Tyranitar|4/100 par
|move|p1a: Tyranitar|Focus Punch||[still]
|cant|p1a: Tyranitar|Focus Punch|Focus Punch
|
|-weather|Sandstorm|[upkeep]
|-damage|p2a: Snorlax|7/100|[from] Sandstorm
|-heal|p2a: Snorlax|13/100|[from] item: Leftovers
|-heal|p1a: Tyranitar|10/100 par|[from] item: Leftovers
|upkeep
|turn|33
|
|t:|1729628912
|-singleturn|p1a: Tyranitar|move: Focus Punch
|move|p2a: Snorlax|Body Slam|p1a: Tyranitar
|-resisted|p1a: Tyranitar
|-damage|p1a: Tyranitar|0 fnt
|faint|p1a: Tyranitar
|
|t:|1729628920
|switch|p1a: Celebi|Celebi|75/100
|
|-weather|Sandstorm|[upkeep]
|-damage|p1a: Celebi|69/100|[from] Sandstorm
|-damage|p2a: Snorlax|7/100|[from] Sandstorm
|-heal|p1a: Celebi|75/100|[from] item: Leftovers
|-heal|p2a: Snorlax|13/100|[from] item: Leftovers
|upkeep
|turn|34
|
|t:|1729628957
|switch|p2a: Suicune|Suicune|88/100
|move|p1a: Celebi|Psychic|p2a: Suicune
|-damage|p2a: Suicune|60/100
|
|-weather|Sandstorm|[upkeep]
|-damage|p2a: Suicune|54/100|[from] Sandstorm
|-damage|p1a: Celebi|69/100|[from] Sandstorm
|-heal|p2a: Suicune|60/100|[from] item: Leftovers
|-heal|p1a: Celebi|75/100|[from] item: Leftovers
|upkeep
|turn|35
|c|☆dustyfans|you all good?
|inactive|Battle timer is ON: inactive players will automatically lose when time's up. (requested by dustyfans)
|inactive|KeshBa45 has 270 seconds left.
|inactive|KeshBa45 has 240 seconds left.
|inactive|KeshBa45 has 210 seconds left.
|inactive|KeshBa45 has 180 seconds left.
|inactive|KeshBa45 has 150 seconds left.
|inactive|KeshBa45 has 120 seconds left.
|inactive|KeshBa45 has 90 seconds left.
|inactive|KeshBa45 has 60 seconds left.
|inactive|KeshBa45 has 30 seconds left.
|inactive|KeshBa45 has 20 seconds left.
|inactive|KeshBa45 has 15 seconds left.
|inactive|KeshBa45 has 10 seconds left.
|inactive|KeshBa45 has 5 seconds left.
|-message|KeshBa45 lost due to inactivity.
|
|win|dustyfans

</script>
<script type="application/json" class="data" id="replaydata-gen3ou-2228689775-ngztrrv0jssnm1po56f19vvy4gt0dvlpw">
{"id":"gen3ou-2228689775","format":"[Gen 3] OU","players":["KeshBa45","dustyfans"],"uploadtime":1729629565,"views":98,"formatid":"gen3ou","rating":null,"private":1,"password":"ngztrrv0jssnm1po56f19vvy4gt0dvl"}
</script>

<script defer src="js/replays.js?9d40a366"></script>
