<!DOCTYPE html>
<meta charset="utf-8" />
<meta name="viewport" content="width=device-width" />

<title>[Gen 3] OU: niiiccck vs. CD56 - Replays - Pok&eacute;mon Showdown!</title>

<meta name="description" content="Watch a replay of a Pok&eacute;mon battle between niiiccck and CD56! Format: [Gen 3] OU; Date: Oct 11, 2024" />
<!--

Hey, you! Looking in the source for the replay log?

You can find them in JSON format, just add `.json` at the end of a replay URL.

https://replay.pokemonshowdown.com/gen7randomdoublesbattle-865046831.json

Or, if you only need the log itself, add `.log` instead:

https://replay.pokemonshowdown.com/gen7randomdoublesbattle-865046831.log

-->

<link rel="stylesheet" href="//pokemonshowdown.com/style/global.css?0.023195364461161105" />
<link rel="stylesheet" href="//play.pokemonshowdown.com/style/font-awesome.css?0.13261647063804238" />
<link rel="stylesheet" href="//play.pokemonshowdown.com/style/battle.css?0.8753245789963631" />
<link rel="stylesheet" href="//play.pokemonshowdown.com/style/utilichart.css?0.8627959624976733" />

<!-- Global site tag (gtag.js) - Google Analytics -->
<script async src="https://www.googletagmanager.com/gtag/js?id=UA-26211653-1"></script>
<script>
  window.dataLayer = window.dataLayer || [];
  function gtag(){dataLayer.push(arguments);}
  gtag('js', new Date());

  gtag('config', 'UA-26211653-1');
</script>
<!-- End Google Analytics -->
<!-- Venatus Ad Manager - Install in <HEAD> of page -->
	<script src="https://hb.vntsm.com/v3/live/ad-manager.min.js" type="text/javascript" data-site-id="642aba63ec9a7b11c3c9c1be" data-mode="scan" async></script>
<!-- / Venatus Ad Manager -->

<style>
	@media (max-width:820px) {
		.battle {
			margin: 0 auto;
		}
		.battle-log {
			margin: 7px auto 0;
			max-width: 640px;
			height: 300px;
			position: static;
		}
	}
	.optgroup {
		display: inline-block;
		line-height: 22px;
		font-size: 10pt;
	}
	.optgroup .button {
		height: 25px;
		padding-top: 0;
		padding-bottom: 0;
	}
	.optgroup button.button {
		padding-left: 12px;
		padding-right: 12px;
	}
	.linklist {
		list-style: none;
		margin: 0.5em 0;
		padding: 0;
	}
	.linklist li {
		padding: 2px 0;
	}
	.sidebar {
		float: left;
		width: 320px;
	}
	.bar-wrapper {
		max-width: 1100px;
		margin: 0 auto;
	}
	.bar-wrapper.has-sidebar {
		max-width: 1430px;
	}
	.mainbar {
		margin: 0;
		padding-right: 1px;
	}
	.mainbar.has-sidebar {
		margin-left: 330px;
	}
	@media (min-width: 1511px) {
		.sidebar {
			width: 400px;
		}
		.bar-wrapper.has-sidebar {
			max-width: 1510px;
		}
		.mainbar.has-sidebar {
			margin-left: 410px;
		}
	}
	.section.first-section {
		margin-top: 9px;
	}
	.blocklink small {
		white-space: normal;
	}
	.button {
		vertical-align: middle;
	}
	.replay-controls {
		padding-top: 10px;
	}
	.replay-controls h1 {
		font-size: 16pt;
		font-weight: normal;
		color: #CCC;
	}
	.pagelink {
		text-align: center;
	}
	.pagelink a {
		width: 150px;
	}
	.textbox, .button {
		font-size: 11pt;
		vertical-align: middle;
	}
	@media (max-width: 450px) {
		.button {
			font-size: 9pt;
		}
	}
</style>

<div>

	<header>
		<div class="nav-wrapper"><ul class="nav">
			<li><a class="button nav-first" href="//pokemonshowdown.com/"><img src="//pokemonshowdown.com/images/pokemonshowdownbeta.png" srcset="//pokemonshowdown.com/images/pokemonshowdownbeta.png 1x, //pokemonshowdown.com/images/pokemonshowdownbeta@2x.png 2x" alt="Pok&eacute;mon Showdown" width="146" height="44" /> Home</a></li>
			<li><a class="button" href="//pokemonshowdown.com/dex/">Pok&eacute;dex</a></li>
			<li><a class="button cur" href="/">Replays</a></li>
			<li><a class="button" href="//pokemonshowdown.com/ladder/">Ladder</a></li>
			<li><a class="button nav-last" href="//pokemonshowdown.com/forums/">Forum</a></li>
			<li><a class="button greenbutton nav-first nav-last" href="//play.pokemonshowdown.com/">Play</a></li>
		</ul></div>
	</header>

	<div class="main" id="main">

		<noscript><section class="section">You need to enable JavaScript to use this page; sorry!</section></noscript>

	</div>

</div>

<script defer nomodule src="//play.pokemonshowdown.com/js/lib/ps-polyfill.js"></script>
<script defer src="//play.pokemonshowdown.com/js/lib/preact.min.js"></script>

<script defer src="//play.pokemonshowdown.com/config/config.js?2bddbc15"></script>
<script defer src="//play.pokemonshowdown.com/js/lib/jquery-1.11.0.min.js"></script>
<script defer src="//play.pokemonshowdown.com/js/lib/html-sanitizer-minified.js"></script>
<script defer src="//play.pokemonshowdown.com/js/battle-sound.js"></script>
<script defer src="//play.pokemonshowdown.com/js/battledata.js?0.7209276989879541"></script>
<script defer src="//play.pokemonshowdown.com/data/pokedex-mini.js?0.6111056340867951"></script>
<script defer src="//play.pokemonshowdown.com/data/pokedex-mini-bw.js?0.3532142036491459"></script>
<script defer src="//play.pokemonshowdown.com/data/graphics.js?0.24223875632456182"></script>
<script defer src="//play.pokemonshowdown.com/data/pokedex.js?0.38839984266356864"></script>
<script defer src="//play.pokemonshowdown.com/data/moves.js?0.21866028504024015"></script>
<script defer src="//play.pokemonshowdown.com/data/abilities.js?0.2005157953846628"></script>
<script defer src="//play.pokemonshowdown.com/data/items.js?0.9894211263848525"></script>
<script defer src="//play.pokemonshowdown.com/data/teambuilder-tables.js?0.6008791140282215"></script>
<script defer src="//play.pokemonshowdown.com/js/battle-tooltips.js?0.7580118955022959"></script>
<script defer src="//play.pokemonshowdown.com/js/battle.js?0.6057722274234274"></script>

<script defer src="js/utils.js?e31f9a17"></script>
<script defer src="js/replays-battle.js?7008c182"></script>

<!-- don't scrape this data! just add .json or .log after the URL!
Full API docs: https://github.com/smogon/pokemon-showdown-client/blob/master/WEB-API.md -->
<script type="text/plain" class="log" id="replaylog-smogtours-gen3ou-797117">
|inactive|Battle timer is ON: inactive players will automatically lose when time's up.
|t:|1728613557
|gametype|singles
|player|p1|niiiccck|265|
|player|p2|CD56|265|
|teamsize|p1|6
|teamsize|p2|6
|gen|3
|tier|[Gen 3] OU
|rule|Sleep Clause Mod: Limit one foe put to sleep
|rule|Switch Priority Clause Mod: Faster Pokémon switch first
|rule|Species Clause: Limit one of each Pokémon
|rule|OHKO Clause: OHKO moves are banned
|rule|Evasion Items Clause: Evasion items are banned
|rule|Evasion Moves Clause: Evasion moves are banned
|rule|Endless Battle Clause: Forcing endless battles is banned
|rule|HP Percentage Mod: HP is shown in percentages
|rule|One Boost Passer Clause: Limit one Baton Passer that has a way to boost its stats
|rule|Freeze Clause Mod: Limit one foe frozen
|
|t:|1728613557
|start
|switch|p1a: 3 Stacks|Forretress, F, shiny|100/100
|switch|p2a: Zapdos|Zapdos|100/100
|turn|1
|
|t:|1728613568
|move|p2a: Zapdos|Thunderbolt|p1a: 3 Stacks
|-damage|p1a: 3 Stacks|50/100
|move|p1a: 3 Stacks|Spikes|p2a: Zapdos
|-sidestart|p2: CD56|Spikes
|
|-heal|p1a: 3 Stacks|56/100|[from] item: Leftovers
|upkeep
|turn|2
|
|t:|1728613583
|switch|p2a: Gengar|Gengar, F|100/100
|move|p1a: 3 Stacks|Explosion|p2a: Gengar
|-immune|p2a: Gengar
|faint|p1a: 3 Stacks
|
|t:|1728613603
|switch|p1a: 2 Porygon|Porygon2, shiny|100/100
|-ability|p1a: 2 Porygon|Levitate|[from] ability: Trace|[of] p2a: Gengar
|
|upkeep
|turn|3
|
|t:|1728613609
|switch|p2a: Blissey|Blissey, F|100/100
|-damage|p2a: Blissey|88/100|[from] Spikes
|move|p1a: 2 Porygon|Psychic|p2a: Blissey
|-damage|p2a: Blissey|77/100
|
|-heal|p2a: Blissey|83/100|[from] item: Leftovers
|upkeep
|turn|4
|
|t:|1728613619
|switch|p1a: Doug|Dugtrio, F|100/100
|move|p2a: Blissey|Toxic|p1a: Doug
|-status|p1a: Doug|tox
|
|-damage|p1a: Doug|94/100 tox|[from] psn
|-heal|p2a: Blissey|89/100|[from] item: Leftovers
|upkeep
|turn|5
|
|t:|1728613628
|move|p1a: Doug|Earthquake|p2a: Blissey
|-damage|p2a: Blissey|36/100
|move|p2a: Blissey|Ice Beam|p1a: Doug
|-supereffective|p1a: Doug
|-damage|p1a: Doug|0 fnt
|faint|p1a: Doug
|
|t:|1728613646
|switch|p1a: Trap Card|Kabutops, F, shiny|100/100
|
|-heal|p2a: Blissey|42/100|[from] item: Leftovers
|upkeep
|turn|6
|inactive|niiiccck has 270 seconds left.
|
|t:|1728613684
|switch|p2a: Metagross|Metagross|100/100
|-damage|p2a: Metagross|88/100|[from] Spikes
|move|p1a: Trap Card|Swords Dance|p1a: Trap Card
|-boost|p1a: Trap Card|atk|2
|
|-heal|p2a: Metagross|94/100|[from] item: Leftovers
|upkeep
|turn|7
|inactive|niiiccck has 270 seconds left.
|
|t:|1728613719
|switch|p1a: Freakyzard|Charizard, F|100/100
|move|p2a: Metagross|Meteor Mash|p1a: Freakyzard
|-resisted|p1a: Freakyzard
|-damage|p1a: Freakyzard|57/100
|-boost|p2a: Metagross|atk|1
|
|-heal|p1a: Freakyzard|63/100|[from] item: Leftovers
|-heal|p2a: Metagross|99/100|[from] item: Leftovers
|upkeep
|turn|8
|inactive|niiiccck has 240 seconds left.
|
|t:|1728613740
|switch|p2a: Tyranitar|Tyranitar, M|100/100
|-damage|p2a: Tyranitar|88/100|[from] Spikes
|-weather|Sandstorm|[from] ability: Sand Stream|[of] p2a: Tyranitar
|move|p1a: Freakyzard|Fire Blast|p2a: Tyranitar
|-resisted|p2a: Tyranitar
|-damage|p2a: Tyranitar|68/100
|-status|p2a: Tyranitar|brn
|
|-weather|Sandstorm|[upkeep]
|-damage|p1a: Freakyzard|57/100|[from] Sandstorm
|-heal|p1a: Freakyzard|63/100|[from] item: Leftovers
|-heal|p2a: Tyranitar|75/100 brn|[from] item: Leftovers
|-damage|p2a: Tyranitar|62/100 brn|[from] brn
|upkeep
|turn|9
|inactive|niiiccck has 240 seconds left.
|
|t:|1728613754
|move|p1a: Freakyzard|Earthquake|p2a: Tyranitar
|-supereffective|p2a: Tyranitar
|-damage|p2a: Tyranitar|18/100 brn
|move|p2a: Tyranitar|Pursuit|p1a: Freakyzard
|-damage|p1a: Freakyzard|37/100
|
|-weather|Sandstorm|[upkeep]
|-damage|p1a: Freakyzard|31/100|[from] Sandstorm
|-heal|p1a: Freakyzard|37/100|[from] item: Leftovers
|-heal|p2a: Tyranitar|24/100 brn|[from] item: Leftovers
|-damage|p2a: Tyranitar|12/100 brn|[from] brn
|upkeep
|turn|10
|inactive|niiiccck has 240 seconds left.
|
|t:|1728613769
|switch|p2a: Zapdos|Zapdos|100/100
|move|p1a: Freakyzard|Rock Slide|p2a: Zapdos
|-supereffective|p2a: Zapdos
|-damage|p2a: Zapdos|64/100
|
|-weather|Sandstorm|[upkeep]
|-damage|p1a: Freakyzard|31/100|[from] Sandstorm
|-damage|p2a: Zapdos|58/100|[from] Sandstorm
|-heal|p1a: Freakyzard|37/100|[from] item: Leftovers
|-heal|p2a: Zapdos|64/100|[from] item: Leftovers
|upkeep
|turn|11
|inactive|niiiccck has 240 seconds left.
|
|t:|1728613781
|switch|p1a: 2 Porygon|Porygon2, shiny|100/100
|-ability|p1a: 2 Porygon|Pressure|[from] ability: Trace|[of] p2a: Zapdos
|move|p2a: Zapdos|Thunderbolt|p1a: 2 Porygon
|-damage|p1a: 2 Porygon|68/100
|
|-weather|Sandstorm|[upkeep]
|-damage|p2a: Zapdos|58/100|[from] Sandstorm
|-damage|p1a: 2 Porygon|61/100|[from] Sandstorm
|-heal|p2a: Zapdos|64/100|[from] item: Leftovers
|-heal|p1a: 2 Porygon|68/100|[from] item: Leftovers
|upkeep
|turn|12
|inactive|niiiccck has 240 seconds left.
|
|t:|1728613792
|switch|p2a: Blissey|Blissey, F|42/100
|-damage|p2a: Blissey|29/100|[from] Spikes
|move|p1a: 2 Porygon|Psychic|p2a: Blissey
|-damage|p2a: Blissey|18/100
|
|-weather|Sandstorm|[upkeep]
|-damage|p2a: Blissey|12/100|[from] Sandstorm
|-damage|p1a: 2 Porygon|61/100|[from] Sandstorm
|-heal|p2a: Blissey|18/100|[from] item: Leftovers
|-heal|p1a: 2 Porygon|68/100|[from] item: Leftovers
|upkeep
|turn|13
|inactive|niiiccck has 240 seconds left.
|
|t:|1728613808
|move|p2a: Blissey|Soft-Boiled|p2a: Blissey
|-heal|p2a: Blissey|68/100
|move|p1a: 2 Porygon|Recover|p1a: 2 Porygon
|-heal|p1a: 2 Porygon|100/100
|
|-weather|Sandstorm|[upkeep]
|-damage|p2a: Blissey|62/100|[from] Sandstorm
|-damage|p1a: 2 Porygon|94/100|[from] Sandstorm
|-heal|p2a: Blissey|68/100|[from] item: Leftovers
|-heal|p1a: 2 Porygon|100/100|[from] item: Leftovers
|upkeep
|turn|14
|inactive|niiiccck has 240 seconds left.
|
|t:|1728613827
|move|p2a: Blissey|Toxic|p1a: 2 Porygon|[miss]
|-miss|p2a: Blissey|p1a: 2 Porygon
|move|p1a: 2 Porygon|Psychic|p2a: Blissey
|-damage|p2a: Blissey|58/100
|
|-weather|Sandstorm|[upkeep]
|-damage|p2a: Blissey|52/100|[from] Sandstorm
|-damage|p1a: 2 Porygon|94/100|[from] Sandstorm
|-heal|p2a: Blissey|58/100|[from] item: Leftovers
|-heal|p1a: 2 Porygon|100/100|[from] item: Leftovers
|upkeep
|turn|15
|
|t:|1728613849
|switch|p1a: Woof|Heracross, F, shiny|100/100
|move|p2a: Blissey|Soft-Boiled|p2a: Blissey
|-heal|p2a: Blissey|100/100
|
|-weather|Sandstorm|[upkeep]
|-damage|p1a: Woof|95/100|[from] Sandstorm
|-damage|p2a: Blissey|94/100|[from] Sandstorm
|-heal|p1a: Woof|100/100|[from] item: Leftovers
|-heal|p2a: Blissey|100/100|[from] item: Leftovers
|upkeep
|turn|16
|
|t:|1728613865
|switch|p2a: Tyranitar|Tyranitar, M|12/100 brn
|-damage|p2a: Tyranitar|0 fnt|[from] Spikes
|faint|p2a: Tyranitar
|
|t:|1728613869
|switch|p2a: Gengar|Gengar, F|100/100
|
|-weather|Sandstorm|[upkeep]
|-damage|p2a: Gengar|95/100|[from] Sandstorm
|-damage|p1a: Woof|95/100|[from] Sandstorm
|-heal|p2a: Gengar|100/100|[from] item: Leftovers
|-heal|p1a: Woof|100/100|[from] item: Leftovers
|upkeep
|turn|17
|inactive|niiiccck has 210 seconds left.
|
|t:|1728613896
|move|p2a: Gengar|Thunderbolt|p1a: Woof
|-damage|p1a: Woof|71/100
|move|p1a: Woof|Swords Dance|p1a: Woof
|-boost|p1a: Woof|atk|2
|
|-weather|Sandstorm|[upkeep]
|-damage|p2a: Gengar|95/100|[from] Sandstorm
|-damage|p1a: Woof|65/100|[from] Sandstorm
|-heal|p2a: Gengar|100/100|[from] item: Leftovers
|-heal|p1a: Woof|71/100|[from] item: Leftovers
|upkeep
|turn|18
|
|t:|1728613905
|move|p2a: Gengar|Explosion|p1a: Woof
|-damage|p1a: Woof|0 fnt
|faint|p2a: Gengar
|faint|p1a: Woof
|
|t:|1728613914
|switch|p2a: Zapdos|Zapdos|64/100
|switch|p1a: Freakyzard|Charizard, F|37/100
|
|-weather|Sandstorm|[upkeep]
|-damage|p1a: Freakyzard|31/100|[from] Sandstorm
|-damage|p2a: Zapdos|58/100|[from] Sandstorm
|-heal|p1a: Freakyzard|37/100|[from] item: Leftovers
|-heal|p2a: Zapdos|64/100|[from] item: Leftovers
|upkeep
|turn|19
|
|t:|1728613923
|switch|p1a: 2 Porygon|Porygon2, shiny|100/100
|-ability|p1a: 2 Porygon|Pressure|[from] ability: Trace|[of] p2a: Zapdos
|move|p2a: Zapdos|Thunderbolt|p1a: 2 Porygon
|-damage|p1a: 2 Porygon|63/100
|
|-weather|Sandstorm|[upkeep]
|-damage|p2a: Zapdos|58/100|[from] Sandstorm
|-damage|p1a: 2 Porygon|57/100|[from] Sandstorm
|-heal|p2a: Zapdos|64/100|[from] item: Leftovers
|-heal|p1a: 2 Porygon|63/100|[from] item: Leftovers
|upkeep
|turn|20
|
|t:|1728613937
|switch|p2a: Blissey|Blissey, F|100/100
|-damage|p2a: Blissey|88/100|[from] Spikes
|switch|p1a: Trap Card|Kabutops, F, shiny|100/100
|
|-weather|Sandstorm|[upkeep]
|-damage|p2a: Blissey|82/100|[from] Sandstorm
|-heal|p2a: Blissey|88/100|[from] item: Leftovers
|upkeep
|turn|21
|
|t:|1728613947
|switch|p1a: Freakyzard|Charizard, F|37/100
|switch|p2a: Metagross|Metagross|99/100
|-damage|p2a: Metagross|88/100|[from] Spikes
|
|-weather|Sandstorm|[upkeep]
|-damage|p1a: Freakyzard|31/100|[from] Sandstorm
|-heal|p1a: Freakyzard|37/100|[from] item: Leftovers
|-heal|p2a: Metagross|94/100|[from] item: Leftovers
|upkeep
|turn|22
|inactive|niiiccck has 210 seconds left.
|
|t:|1728614006
|switch|p2a: Blissey|Blissey, F|88/100
|-damage|p2a: Blissey|76/100|[from] Spikes
|move|p1a: Freakyzard|Fire Blast|p2a: Blissey
|-damage|p2a: Blissey|56/100
|-status|p2a: Blissey|brn
|
|-weather|Sandstorm|[upkeep]
|-damage|p1a: Freakyzard|31/100|[from] Sandstorm
|-damage|p2a: Blissey|50/100 brn|[from] Sandstorm
|-heal|p1a: Freakyzard|37/100|[from] item: Leftovers
|-heal|p2a: Blissey|56/100 brn|[from] item: Leftovers
|-damage|p2a: Blissey|43/100 brn|[from] brn
|upkeep
|turn|23
|inactive|niiiccck has 180 seconds left.
|
|t:|1728614043
|move|p1a: Freakyzard|Rock Slide|p2a: Blissey
|-damage|p2a: Blissey|22/100 brn
|move|p2a: Blissey|Soft-Boiled|p2a: Blissey
|-heal|p2a: Blissey|72/100 brn
|
|-weather|Sandstorm|[upkeep]
|-damage|p1a: Freakyzard|31/100|[from] Sandstorm
|-damage|p2a: Blissey|66/100 brn|[from] Sandstorm
|-heal|p1a: Freakyzard|37/100|[from] item: Leftovers
|-heal|p2a: Blissey|72/100 brn|[from] item: Leftovers
|-damage|p2a: Blissey|59/100 brn|[from] brn
|upkeep
|turn|24
|
|t:|1728614059
|move|p1a: Freakyzard|Rock Slide|p2a: Blissey
|-damage|p2a: Blissey|39/100 brn
|move|p2a: Blissey|Soft-Boiled|p2a: Blissey
|-heal|p2a: Blissey|89/100 brn
|
|-weather|Sandstorm|[upkeep]
|-damage|p1a: Freakyzard|31/100|[from] Sandstorm
|-damage|p2a: Blissey|83/100 brn|[from] Sandstorm
|-heal|p1a: Freakyzard|37/100|[from] item: Leftovers
|-heal|p2a: Blissey|89/100 brn|[from] item: Leftovers
|-damage|p2a: Blissey|76/100 brn|[from] brn
|upkeep
|turn|25
|
|t:|1728614070
|move|p1a: Freakyzard|Rock Slide|p2a: Blissey
|-crit|p2a: Blissey
|-damage|p2a: Blissey|37/100 brn
|move|p2a: Blissey|Seismic Toss|p1a: Freakyzard
|-damage|p1a: Freakyzard|3/100
|
|-weather|Sandstorm|[upkeep]
|-damage|p1a: Freakyzard|0 fnt|[from] Sandstorm
|-damage|p2a: Blissey|30/100 brn|[from] Sandstorm
|faint|p1a: Freakyzard
|-heal|p2a: Blissey|37/100 brn|[from] item: Leftovers
|-damage|p2a: Blissey|24/100 brn|[from] brn
|upkeep
|inactive|niiiccck has 150 seconds left.
|
|t:|1728614083
|switch|p1a: Trap Card|Kabutops, F, shiny|100/100
|turn|26
|
|t:|1728614093
|move|p1a: Trap Card|Rock Slide|p2a: Blissey
|-damage|p2a: Blissey|0 fnt
|faint|p2a: Blissey
|
|t:|1728614098
|switch|p2a: Metagross|Metagross|94/100
|-damage|p2a: Metagross|82/100|[from] Spikes
|
|-weather|Sandstorm|[upkeep]
|-heal|p2a: Metagross|88/100|[from] item: Leftovers
|upkeep
|turn|27
|inactive|niiiccck has 150 seconds left.
|
|t:|1728614119
|move|p1a: Trap Card|Swords Dance|p1a: Trap Card
|-boost|p1a: Trap Card|atk|2
|move|p2a: Metagross|Earthquake|p1a: Trap Card
|-supereffective|p1a: Trap Card
|-damage|p1a: Trap Card|5/100
|
|-weather|Sandstorm|[upkeep]
|-enditem|p1a: Trap Card|Salac Berry|[eat]
|-boost|p1a: Trap Card|spe|1|[from] item: Salac Berry
|-heal|p2a: Metagross|94/100|[from] item: Leftovers
|upkeep
|turn|28
|inactive|niiiccck has 150 seconds left.
|
|t:|1728614146
|move|p1a: Trap Card|Flail|p2a: Metagross
|-resisted|p2a: Metagross
|-damage|p2a: Metagross|58/100
|move|p2a: Metagross|Earthquake|p1a: Trap Card
|-supereffective|p1a: Trap Card
|-damage|p1a: Trap Card|0 fnt
|faint|p1a: Trap Card
|-message|niiiccck forfeited.
|
|win|CD56
|player|p1|
|c|☆CD56|gg

</script>
<script type="application/json" class="data" id="replaydata-smogtours-gen3ou-797117">
{"id":"smogtours-gen3ou-797117","format":"[Gen 3] OU","players":["niiiccck","CD56"],"uploadtime":1728614153,"views":99,"formatid":"gen3ou","rating":null,"private":0,"password":null}
</script>

<script defer src="js/replays.js?9d40a366"></script>
