<!DOCTYPE html>
<meta charset="utf-8" />
<meta name="viewport" content="width=device-width" />

<title>[Gen 3] OU: euph0riADV vs. Big_Squatto - Replays - Pok&eacute;mon Showdown!</title>

<meta name="description" content="Watch a replay of a Pok&eacute;mon battle between euph0riADV and Big_Squatto! Format: [Gen 3] OU; Date: Oct 29, 2024" />
<!--

Hey, you! Looking in the source for the replay log?

You can find them in JSON format, just add `.json` at the end of a replay URL.

https://replay.pokemonshowdown.com/gen7randomdoublesbattle-865046831.json

Or, if you only need the log itself, add `.log` instead:

https://replay.pokemonshowdown.com/gen7randomdoublesbattle-865046831.log

-->

<link rel="stylesheet" href="//pokemonshowdown.com/style/global.css?0.023195364461161105" />
<link rel="stylesheet" href="//play.pokemonshowdown.com/style/font-awesome.css?0.13261647063804238" />
<link rel="stylesheet" href="//play.pokemonshowdown.com/style/battle.css?0.8753245789963631" />
<link rel="stylesheet" href="//play.pokemonshowdown.com/style/utilichart.css?0.8627959624976733" />

<!-- Global site tag (gtag.js) - Google Analytics -->
<script async src="https://www.googletagmanager.com/gtag/js?id=UA-26211653-1"></script>
<script>
  window.dataLayer = window.dataLayer || [];
  function gtag(){dataLayer.push(arguments);}
  gtag('js', new Date());

  gtag('config', 'UA-26211653-1');
</script>
<!-- End Google Analytics -->
<!-- Venatus Ad Manager - Install in <HEAD> of page -->
	<script src="https://hb.vntsm.com/v3/live/ad-manager.min.js" type="text/javascript" data-site-id="642aba63ec9a7b11c3c9c1be" data-mode="scan" async></script>
<!-- / Venatus Ad Manager -->

<style>
	@media (max-width:820px) {
		.battle {
			margin: 0 auto;
		}
		.battle-log {
			margin: 7px auto 0;
			max-width: 640px;
			height: 300px;
			position: static;
		}
	}
	.optgroup {
		display: inline-block;
		line-height: 22px;
		font-size: 10pt;
	}
	.optgroup .button {
		height: 25px;
		padding-top: 0;
		padding-bottom: 0;
	}
	.optgroup button.button {
		padding-left: 12px;
		padding-right: 12px;
	}
	.linklist {
		list-style: none;
		margin: 0.5em 0;
		padding: 0;
	}
	.linklist li {
		padding: 2px 0;
	}
	.sidebar {
		float: left;
		width: 320px;
	}
	.bar-wrapper {
		max-width: 1100px;
		margin: 0 auto;
	}
	.bar-wrapper.has-sidebar {
		max-width: 1430px;
	}
	.mainbar {
		margin: 0;
		padding-right: 1px;
	}
	.mainbar.has-sidebar {
		margin-left: 330px;
	}
	@media (min-width: 1511px) {
		.sidebar {
			width: 400px;
		}
		.bar-wrapper.has-sidebar {
			max-width: 1510px;
		}
		.mainbar.has-sidebar {
			margin-left: 410px;
		}
	}
	.section.first-section {
		margin-top: 9px;
	}
	.blocklink small {
		white-space: normal;
	}
	.button {
		vertical-align: middle;
	}
	.replay-controls {
		padding-top: 10px;
	}
	.replay-controls h1 {
		font-size: 16pt;
		font-weight: normal;
		color: #CCC;
	}
	.pagelink {
		text-align: center;
	}
	.pagelink a {
		width: 150px;
	}
	.textbox, .button {
		font-size: 11pt;
		vertical-align: middle;
	}
	@media (max-width: 450px) {
		.button {
			font-size: 9pt;
		}
	}
</style>

<div>

	<header>
		<div class="nav-wrapper"><ul class="nav">
			<li><a class="button nav-first" href="//pokemonshowdown.com/"><img src="//pokemonshowdown.com/images/pokemonshowdownbeta.png" srcset="//pokemonshowdown.com/images/pokemonshowdownbeta.png 1x, //pokemonshowdown.com/images/pokemonshowdownbeta@2x.png 2x" alt="Pok&eacute;mon Showdown" width="146" height="44" /> Home</a></li>
			<li><a class="button" href="//pokemonshowdown.com/dex/">Pok&eacute;dex</a></li>
			<li><a class="button cur" href="/">Replays</a></li>
			<li><a class="button" href="//pokemonshowdown.com/ladder/">Ladder</a></li>
			<li><a class="button nav-last" href="//pokemonshowdown.com/forums/">Forum</a></li>
			<li><a class="button greenbutton nav-first nav-last" href="//play.pokemonshowdown.com/">Play</a></li>
		</ul></div>
	</header>

	<div class="main" id="main">

		<noscript><section class="section">You need to enable JavaScript to use this page; sorry!</section></noscript>

	</div>

</div>

<script defer nomodule src="//play.pokemonshowdown.com/js/lib/ps-polyfill.js"></script>
<script defer src="//play.pokemonshowdown.com/js/lib/preact.min.js"></script>

<script defer src="//play.pokemonshowdown.com/config/config.js?2bddbc15"></script>
<script defer src="//play.pokemonshowdown.com/js/lib/jquery-1.11.0.min.js"></script>
<script defer src="//play.pokemonshowdown.com/js/lib/html-sanitizer-minified.js"></script>
<script defer src="//play.pokemonshowdown.com/js/battle-sound.js"></script>
<script defer src="//play.pokemonshowdown.com/js/battledata.js?0.7209276989879541"></script>
<script defer src="//play.pokemonshowdown.com/data/pokedex-mini.js?0.6111056340867951"></script>
<script defer src="//play.pokemonshowdown.com/data/pokedex-mini-bw.js?0.3532142036491459"></script>
<script defer src="//play.pokemonshowdown.com/data/graphics.js?0.24223875632456182"></script>
<script defer src="//play.pokemonshowdown.com/data/pokedex.js?0.38839984266356864"></script>
<script defer src="//play.pokemonshowdown.com/data/moves.js?0.21866028504024015"></script>
<script defer src="//play.pokemonshowdown.com/data/abilities.js?0.2005157953846628"></script>
<script defer src="//play.pokemonshowdown.com/data/items.js?0.9894211263848525"></script>
<script defer src="//play.pokemonshowdown.com/data/teambuilder-tables.js?0.6008791140282215"></script>
<script defer src="//play.pokemonshowdown.com/js/battle-tooltips.js?0.7580118955022959"></script>
<script defer src="//play.pokemonshowdown.com/js/battle.js?0.6057722274234274"></script>

<script defer src="js/utils.js?e31f9a17"></script>
<script defer src="js/replays-battle.js?7008c182"></script>

<!-- don't scrape this data! just add .json or .log after the URL!
Full API docs: https://github.com/smogon/pokemon-showdown-client/blob/master/WEB-API.md -->
<script type="text/plain" class="log" id="replaylog-smogtours-gen3ou-803198">
|inactive|Battle timer is ON: inactive players will automatically lose when time's up.
|t:|1730160710
|gametype|singles
|player|p1|euph0riADV|whitney|
|player|p2|Big_Squatto|barry|
|teamsize|p1|6
|teamsize|p2|6
|gen|3
|tier|[Gen 3] OU
|rule|Sleep Clause Mod: Limit one foe put to sleep
|rule|Switch Priority Clause Mod: Faster Pokémon switch first
|rule|Species Clause: Limit one of each Pokémon
|rule|OHKO Clause: OHKO moves are banned
|rule|Evasion Items Clause: Evasion items are banned
|rule|Evasion Moves Clause: Evasion moves are banned
|rule|Endless Battle Clause: Forcing endless battles is banned
|rule|HP Percentage Mod: HP is shown in percentages
|rule|One Boost Passer Clause: Limit one Baton Passer that has a way to boost its stats
|rule|Freeze Clause Mod: Limit one foe frozen
|
|t:|1730160710
|start
|switch|p1a: Limelight|Tyranitar, M|100/100
|switch|p2a: Breloom|Breloom, F|100/100
|-weather|Sandstorm|[from] ability: Sand Stream|[of] p1a: Limelight
|turn|1
|
|t:|1730160724
|switch|p1a: YYZ|Gengar, F, shiny|100/100
|move|p2a: Breloom|Brick Break|p1a: YYZ
|-immune|p1a: YYZ
|
|-weather|Sandstorm|[upkeep]
|-damage|p1a: YYZ|95/100|[from] Sandstorm
|-damage|p2a: Breloom|94/100|[from] Sandstorm
|-heal|p1a: YYZ|100/100|[from] item: Leftovers
|-heal|p2a: Breloom|100/100|[from] item: Leftovers
|upkeep
|turn|2
|
|t:|1730160734
|switch|p2a: Tyranitar|Tyranitar, F|100/100
|move|p1a: YYZ|Fire Punch|p2a: Tyranitar
|-resisted|p2a: Tyranitar
|-damage|p2a: Tyranitar|89/100
|
|-weather|Sandstorm|[upkeep]
|-damage|p1a: YYZ|95/100|[from] Sandstorm
|-heal|p1a: YYZ|100/100|[from] item: Leftovers
|-heal|p2a: Tyranitar|95/100|[from] item: Leftovers
|upkeep
|turn|3
|
|t:|1730160743
|move|p1a: YYZ|Hidden Power|p2a: Tyranitar
|-supereffective|p2a: Tyranitar
|-damage|p2a: Tyranitar|53/100
|move|p2a: Tyranitar|Pursuit|p1a: YYZ
|-supereffective|p1a: YYZ
|-damage|p1a: YYZ|38/100
|
|-weather|Sandstorm|[upkeep]
|-damage|p1a: YYZ|32/100|[from] Sandstorm
|-heal|p1a: YYZ|38/100|[from] item: Leftovers
|-heal|p2a: Tyranitar|60/100|[from] item: Leftovers
|upkeep
|turn|4
|
|t:|1730160753
|move|p1a: YYZ|Explosion|p2a: Tyranitar
|-resisted|p2a: Tyranitar
|-damage|p2a: Tyranitar|28/100
|faint|p1a: YYZ
|
|t:|1730160758
|switch|p1a: Analog Kid|Jolteon, M|100/100
|
|-weather|Sandstorm|[upkeep]
|-damage|p1a: Analog Kid|94/100|[from] Sandstorm
|-heal|p1a: Analog Kid|100/100|[from] item: Leftovers
|-heal|p2a: Tyranitar|35/100|[from] item: Leftovers
|upkeep
|turn|5
|
|t:|1730160768
|switch|p2a: Snorlax|Snorlax, M|100/100
|move|p1a: Analog Kid|Hidden Power|p2a: Snorlax
|-damage|p2a: Snorlax|88/100
|
|-weather|Sandstorm|[upkeep]
|-damage|p1a: Analog Kid|94/100|[from] Sandstorm
|-damage|p2a: Snorlax|82/100|[from] Sandstorm
|-heal|p1a: Analog Kid|100/100|[from] item: Leftovers
|-heal|p2a: Snorlax|88/100|[from] item: Leftovers
|upkeep
|turn|6
|
|t:|1730160780
|move|p1a: Analog Kid|Baton Pass|p1a: Analog Kid
|
|t:|1730160782
|switch|p1a: Fly By Night|Skarmory, M|100/100|[from] Baton Pass
|move|p2a: Snorlax|Curse|p2a: Snorlax
|-unboost|p2a: Snorlax|spe|1
|-boost|p2a: Snorlax|atk|1
|-boost|p2a: Snorlax|def|1
|
|-weather|Sandstorm|[upkeep]
|-damage|p2a: Snorlax|82/100|[from] Sandstorm
|-heal|p2a: Snorlax|88/100|[from] item: Leftovers
|upkeep
|turn|7
|
|t:|1730160793
|switch|p2a: Breloom|Breloom, F|100/100
|move|p1a: Fly By Night|Roar|p2a: Breloom
|drag|p2a: Forretress|Forretress, M|100/100
|
|-weather|Sandstorm|[upkeep]
|upkeep
|turn|8
|
|t:|1730160811
|move|p1a: Fly By Night|Spikes|p2a: Forretress
|-sidestart|p2: Big_Squatto|Spikes
|move|p2a: Forretress|Spikes|p1a: Fly By Night
|-sidestart|p1: euph0riADV|Spikes
|
|-weather|Sandstorm|[upkeep]
|upkeep
|turn|9
|
|t:|1730160832
|move|p1a: Fly By Night|Spikes|p2a: Forretress
|-sidestart|p2: Big_Squatto|Spikes
|move|p2a: Forretress|Rapid Spin|p1a: Fly By Night
|-resisted|p1a: Fly By Night
|-damage|p1a: Fly By Night|99/100
|-sideend|p2: Big_Squatto|Spikes|[from] move: Rapid Spin|[of] p2a: Forretress
|
|-weather|Sandstorm|[upkeep]
|-heal|p1a: Fly By Night|100/100|[from] item: Leftovers
|upkeep
|turn|10
|
|t:|1730160838
|move|p1a: Fly By Night|Spikes|p2a: Forretress
|-sidestart|p2: Big_Squatto|Spikes
|move|p2a: Forretress|Spikes|p1a: Fly By Night
|-sidestart|p1: euph0riADV|Spikes
|
|-weather|Sandstorm|[upkeep]
|upkeep
|turn|11
|inactive|euph0riADV has 270 seconds left.
|
|t:|1730160862
|switch|p1a: Limelight|Tyranitar, M|100/100
|-damage|p1a: Limelight|84/100|[from] Spikes
|move|p2a: Forretress|Rapid Spin|p1a: Limelight
|-resisted|p1a: Limelight
|-damage|p1a: Limelight|82/100
|-sideend|p2: Big_Squatto|Spikes|[from] move: Rapid Spin|[of] p2a: Forretress
|
|-weather|Sandstorm|[upkeep]
|-heal|p1a: Limelight|88/100|[from] item: Leftovers
|upkeep
|turn|12
|
|t:|1730160873
|-singleturn|p1a: Limelight|move: Focus Punch
|switch|p2a: Tyranitar|Tyranitar, F|35/100
|move|p1a: Limelight|Focus Punch|p2a: Tyranitar
|-supereffective|p2a: Tyranitar
|-damage|p2a: Tyranitar|0 fnt
|faint|p2a: Tyranitar
|
|t:|1730160880
|switch|p2a: Breloom|Breloom, F|100/100
|
|-weather|Sandstorm|[upkeep]
|-damage|p2a: Breloom|94/100|[from] Sandstorm
|-heal|p2a: Breloom|100/100|[from] item: Leftovers
|-heal|p1a: Limelight|95/100|[from] item: Leftovers
|upkeep
|turn|13
|
|t:|1730160888
|switch|p1a: Fly By Night|Skarmory, M|100/100
|move|p2a: Breloom|Spore|p1a: Fly By Night
|-status|p1a: Fly By Night|slp|[from] move: Spore
|
|-weather|Sandstorm|[upkeep]
|-damage|p2a: Breloom|94/100|[from] Sandstorm
|-heal|p2a: Breloom|100/100|[from] item: Leftovers
|upkeep
|turn|14
|
|t:|1730160897
|-singleturn|p2a: Breloom|move: Focus Punch
|cant|p1a: Fly By Night|slp
|move|p2a: Breloom|Focus Punch|p1a: Fly By Night
|-damage|p1a: Fly By Night|44/100 slp
|
|-weather|Sandstorm|[upkeep]
|-damage|p2a: Breloom|94/100|[from] Sandstorm
|-heal|p2a: Breloom|100/100|[from] item: Leftovers
|-heal|p1a: Fly By Night|50/100 slp|[from] item: Leftovers
|upkeep
|turn|15
|
|t:|1730160911
|-singleturn|p2a: Breloom|move: Focus Punch
|switch|p1a: Overture|Starmie|100/100
|-damage|p1a: Overture|84/100|[from] Spikes
|move|p2a: Breloom|Focus Punch|p1a: Overture
|-resisted|p1a: Overture
|-damage|p1a: Overture|31/100
|
|-weather|Sandstorm|[upkeep]
|-damage|p1a: Overture|25/100|[from] Sandstorm
|-damage|p2a: Breloom|94/100|[from] Sandstorm
|-heal|p1a: Overture|31/100|[from] item: Leftovers
|-heal|p2a: Breloom|100/100|[from] item: Leftovers
|upkeep
|turn|16
|
|t:|1730160927
|switch|p2a: Jolteon|Jolteon, M|100/100
|move|p1a: Overture|Ice Beam|p2a: Jolteon
|-damage|p2a: Jolteon|66/100
|
|-weather|Sandstorm|[upkeep]
|-damage|p2a: Jolteon|60/100|[from] Sandstorm
|-damage|p1a: Overture|25/100|[from] Sandstorm
|-heal|p2a: Jolteon|66/100|[from] item: Leftovers
|-heal|p1a: Overture|31/100|[from] item: Leftovers
|upkeep
|turn|17
|
|t:|1730160937
|switch|p1a: Analog Kid|Jolteon, M|100/100
|-damage|p1a: Analog Kid|84/100|[from] Spikes
|move|p2a: Jolteon|Substitute|p2a: Jolteon
|-start|p2a: Jolteon|Substitute
|-damage|p2a: Jolteon|41/100
|
|-weather|Sandstorm|[upkeep]
|-damage|p1a: Analog Kid|78/100|[from] Sandstorm
|-damage|p2a: Jolteon|35/100|[from] Sandstorm
|-heal|p2a: Jolteon|41/100|[from] item: Leftovers
|-heal|p1a: Analog Kid|84/100|[from] item: Leftovers
|upkeep
|turn|18
|
|t:|1730160947
|move|p1a: Analog Kid|Hidden Power|p2a: Jolteon
|-end|p2a: Jolteon|Substitute
|move|p2a: Jolteon|Hidden Power|p1a: Analog Kid
|-damage|p1a: Analog Kid|57/100
|
|-weather|Sandstorm|[upkeep]
|-damage|p1a: Analog Kid|50/100|[from] Sandstorm
|-damage|p2a: Jolteon|35/100|[from] Sandstorm
|-heal|p2a: Jolteon|41/100|[from] item: Leftovers
|-heal|p1a: Analog Kid|57/100|[from] item: Leftovers
|upkeep
|turn|19
|
|t:|1730160958
|switch|p2a: Snorlax|Snorlax, M|88/100
|move|p1a: Analog Kid|Hidden Power|p2a: Snorlax
|-damage|p2a: Snorlax|76/100
|
|-weather|Sandstorm|[upkeep]
|-damage|p1a: Analog Kid|50/100|[from] Sandstorm
|-damage|p2a: Snorlax|70/100|[from] Sandstorm
|-heal|p1a: Analog Kid|57/100|[from] item: Leftovers
|-heal|p2a: Snorlax|76/100|[from] item: Leftovers
|upkeep
|turn|20
|
|t:|1730160972
|switch|p1a: Fly By Night|Skarmory, M|50/100 slp
|move|p2a: Snorlax|Earthquake|p1a: Fly By Night
|-immune|p1a: Fly By Night
|
|-weather|Sandstorm|[upkeep]
|-damage|p2a: Snorlax|70/100|[from] Sandstorm
|-heal|p1a: Fly By Night|56/100 slp|[from] item: Leftovers
|-heal|p2a: Snorlax|76/100|[from] item: Leftovers
|upkeep
|turn|21
|
|t:|1730160981
|switch|p2a: Breloom|Breloom, F|100/100
|-curestatus|p1a: Fly By Night|slp|[msg]
|move|p1a: Fly By Night|Spikes|p2a: Breloom
|-sidestart|p2: Big_Squatto|Spikes
|
|-weather|Sandstorm|[upkeep]
|-damage|p2a: Breloom|94/100|[from] Sandstorm
|-heal|p2a: Breloom|100/100|[from] item: Leftovers
|-heal|p1a: Fly By Night|62/100|[from] item: Leftovers
|upkeep
|turn|22
|
|t:|1730160990
|move|p1a: Fly By Night|Protect|p1a: Fly By Night
|-singleturn|p1a: Fly By Night|Protect
|move|p2a: Breloom|Spore|p1a: Fly By Night
|-activate|p1a: Fly By Night|Protect
|
|-weather|Sandstorm|[upkeep]
|-damage|p2a: Breloom|94/100|[from] Sandstorm
|-heal|p2a: Breloom|100/100|[from] item: Leftovers
|-heal|p1a: Fly By Night|68/100|[from] item: Leftovers
|upkeep
|turn|23
|
|t:|1730161005
|move|p2a: Breloom|Spore|p1a: Fly By Night
|-status|p1a: Fly By Night|slp|[from] move: Spore
|cant|p1a: Fly By Night|slp
|
|-weather|Sandstorm|[upkeep]
|-damage|p2a: Breloom|94/100|[from] Sandstorm
|-heal|p2a: Breloom|100/100|[from] item: Leftovers
|-heal|p1a: Fly By Night|74/100 slp|[from] item: Leftovers
|upkeep
|turn|24
|inactive|euph0riADV has 270 seconds left.
|
|t:|1730161043
|-singleturn|p2a: Breloom|move: Focus Punch
|switch|p1a: Analog Kid|Jolteon, M|57/100
|-damage|p1a: Analog Kid|40/100|[from] Spikes
|move|p2a: Breloom|Focus Punch|p1a: Analog Kid
|-damage|p1a: Analog Kid|0 fnt
|faint|p1a: Analog Kid
|
|t:|1730161052
|switch|p1a: Overture|Starmie|31/100
|-damage|p1a: Overture|14/100|[from] Spikes
|
|-weather|Sandstorm|[upkeep]
|-damage|p1a: Overture|8/100|[from] Sandstorm
|-damage|p2a: Breloom|94/100|[from] Sandstorm
|-heal|p1a: Overture|14/100|[from] item: Leftovers
|-heal|p2a: Breloom|100/100|[from] item: Leftovers
|upkeep
|turn|25
|
|t:|1730161060
|move|p2a: Breloom|Mach Punch|p1a: Overture
|-resisted|p1a: Overture
|-damage|p1a: Overture|0 fnt
|faint|p1a: Overture
|
|t:|1730161063
|switch|p1a: Hemispheres|Metagross|100/100
|-damage|p1a: Hemispheres|84/100|[from] Spikes
|
|-weather|Sandstorm|[upkeep]
|-damage|p2a: Breloom|94/100|[from] Sandstorm
|-heal|p2a: Breloom|100/100|[from] item: Leftovers
|upkeep
|turn|26
|
|t:|1730161075
|switch|p2a: Forretress|Forretress, M|100/100
|-damage|p2a: Forretress|88/100|[from] Spikes
|move|p1a: Hemispheres|Meteor Mash|p2a: Forretress
|-resisted|p2a: Forretress
|-damage|p2a: Forretress|55/100
|
|-weather|Sandstorm|[upkeep]
|-heal|p2a: Forretress|62/100|[from] item: Leftovers
|upkeep
|turn|27
|
|t:|1730161085
|move|p1a: Hemispheres|Meteor Mash|p2a: Forretress
|-resisted|p2a: Forretress
|-damage|p2a: Forretress|29/100
|move|p2a: Forretress|Earthquake|p1a: Hemispheres
|-supereffective|p1a: Hemispheres
|-damage|p1a: Hemispheres|50/100
|
|-weather|Sandstorm|[upkeep]
|-heal|p2a: Forretress|36/100|[from] item: Leftovers
|upkeep
|turn|28
|
|t:|1730161093
|move|p1a: Hemispheres|Meteor Mash|p2a: Forretress
|-resisted|p2a: Forretress
|-crit|p2a: Forretress
|-damage|p2a: Forretress|0 fnt
|faint|p2a: Forretress
|
|t:|1730161108
|switch|p2a: Jolteon|Jolteon, M|41/100
|-damage|p2a: Jolteon|29/100|[from] Spikes
|
|-weather|Sandstorm|[upkeep]
|-damage|p2a: Jolteon|23/100|[from] Sandstorm
|-heal|p2a: Jolteon|29/100|[from] item: Leftovers
|upkeep
|turn|29
|
|t:|1730161115
|switch|p1a: Limelight|Tyranitar, M|95/100
|-damage|p1a: Limelight|78/100|[from] Spikes
|move|p2a: Jolteon|Thunderbolt|p1a: Limelight
|-damage|p1a: Limelight|39/100
|
|-weather|Sandstorm|[upkeep]
|-damage|p2a: Jolteon|23/100|[from] Sandstorm
|-heal|p2a: Jolteon|29/100|[from] item: Leftovers
|-heal|p1a: Limelight|46/100|[from] item: Leftovers
|upkeep
|turn|30
|
|t:|1730161126
|move|p2a: Jolteon|Baton Pass|p2a: Jolteon
|
|t:|1730161127
|switch|p2a: Gyarados|Gyarados, M|100/100|[from] Baton Pass
|-ability|p2a: Gyarados|Intimidate|boost
|-unboost|p1a: Limelight|atk|1
|move|p1a: Limelight|Earthquake|p2a: Gyarados
|-immune|p2a: Gyarados
|
|-weather|Sandstorm|[upkeep]
|-damage|p2a: Gyarados|94/100|[from] Sandstorm
|-heal|p2a: Gyarados|100/100|[from] item: Leftovers
|-heal|p1a: Limelight|52/100|[from] item: Leftovers
|upkeep
|turn|31
|
|t:|1730161139
|move|p2a: Gyarados|Dragon Dance|p2a: Gyarados
|-boost|p2a: Gyarados|atk|1
|-boost|p2a: Gyarados|spe|1
|move|p1a: Limelight|Rock Slide|p2a: Gyarados
|-supereffective|p2a: Gyarados
|-damage|p2a: Gyarados|36/100
|
|-weather|Sandstorm|[upkeep]
|-damage|p2a: Gyarados|30/100|[from] Sandstorm
|-heal|p2a: Gyarados|36/100|[from] item: Leftovers
|-heal|p1a: Limelight|58/100|[from] item: Leftovers
|upkeep
|turn|32
|
|t:|1730161149
|move|p2a: Gyarados|Earthquake|p1a: Limelight
|-supereffective|p1a: Limelight
|-damage|p1a: Limelight|0 fnt
|faint|p1a: Limelight
|
|t:|1730161151
|switch|p1a: Fly By Night|Skarmory, M|74/100 slp
|
|-weather|Sandstorm|[upkeep]
|-damage|p2a: Gyarados|30/100|[from] Sandstorm
|-heal|p2a: Gyarados|36/100|[from] item: Leftovers
|-heal|p1a: Fly By Night|80/100 slp|[from] item: Leftovers
|upkeep
|turn|33
|
|t:|1730161173
|move|p2a: Gyarados|Taunt|p1a: Fly By Night
|-start|p1a: Fly By Night|move: Taunt
|cant|p1a: Fly By Night|slp
|
|-weather|Sandstorm|[upkeep]
|-damage|p2a: Gyarados|30/100|[from] Sandstorm
|-heal|p2a: Gyarados|36/100|[from] item: Leftovers
|-heal|p1a: Fly By Night|86/100 slp|[from] item: Leftovers
|upkeep
|turn|34
|
|t:|1730161182
|move|p2a: Gyarados|Dragon Dance|p2a: Gyarados
|-boost|p2a: Gyarados|atk|1
|-boost|p2a: Gyarados|spe|1
|cant|p1a: Fly By Night|slp
|
|-weather|Sandstorm|[upkeep]
|-damage|p2a: Gyarados|30/100|[from] Sandstorm
|-heal|p2a: Gyarados|36/100|[from] item: Leftovers
|-heal|p1a: Fly By Night|92/100 slp|[from] item: Leftovers
|-end|p1a: Fly By Night|move: Taunt|[silent]
|upkeep
|turn|35
|c|☆euph0riADV|ggs
|c|☆Big_Squatto|gg
|c|☆euph0riADV|well played
|c|☆Big_Squatto|u2 git lucky game 1
|-message|euph0riADV forfeited.
|
|win|Big_Squatto

</script>
<script type="application/json" class="data" id="replaydata-smogtours-gen3ou-803198">
{"id":"smogtours-gen3ou-803198","format":"[Gen 3] OU","players":["euph0riADV","Big_Squatto"],"uploadtime":1730161203,"views":74,"formatid":"gen3ou","rating":null,"private":0,"password":null}
</script>

<script defer src="js/replays.js?9d40a366"></script>
