<!DOCTYPE html>
<meta charset="utf-8" />
<meta name="viewport" content="width=device-width" />

<title>[Gen 3] OU: zerkas vs. dunsparce_real - Replays - Pok&eacute;mon Showdown!</title>

<meta name="description" content="Watch a replay of a Pok&eacute;mon battle between zerkas and dunsparce_real! Format: [Gen 3] OU; Date: Oct 4, 2024" />
<!--

Hey, you! Looking in the source for the replay log?

You can find them in JSON format, just add `.json` at the end of a replay URL.

https://replay.pokemonshowdown.com/gen7randomdoublesbattle-865046831.json

Or, if you only need the log itself, add `.log` instead:

https://replay.pokemonshowdown.com/gen7randomdoublesbattle-865046831.log

-->

<link rel="stylesheet" href="//pokemonshowdown.com/style/global.css?0.767286132409787" />
<link rel="stylesheet" href="//play.pokemonshowdown.com/style/font-awesome.css?0.9266228007934947" />
<link rel="stylesheet" href="//play.pokemonshowdown.com/style/battle.css?0.7924700842790926" />
<link rel="stylesheet" href="//play.pokemonshowdown.com/style/utilichart.css?0.8777417872839479" />

<!-- Global site tag (gtag.js) - Google Analytics -->
<script async src="https://www.googletagmanager.com/gtag/js?id=UA-26211653-1"></script>
<script>
  window.dataLayer = window.dataLayer || [];
  function gtag(){dataLayer.push(arguments);}
  gtag('js', new Date());

  gtag('config', 'UA-26211653-1');
</script>
<!-- End Google Analytics -->
<!-- Venatus Ad Manager - Install in <HEAD> of page -->
	<script src="https://hb.vntsm.com/v3/live/ad-manager.min.js" type="text/javascript" data-site-id="642aba63ec9a7b11c3c9c1be" data-mode="scan" async></script>
<!-- / Venatus Ad Manager -->

<style>
	@media (max-width:820px) {
		.battle {
			margin: 0 auto;
		}
		.battle-log {
			margin: 7px auto 0;
			max-width: 640px;
			height: 300px;
			position: static;
		}
	}
	.optgroup {
		display: inline-block;
		line-height: 22px;
		font-size: 10pt;
	}
	.optgroup .button {
		height: 25px;
		padding-top: 0;
		padding-bottom: 0;
	}
	.optgroup button.button {
		padding-left: 12px;
		padding-right: 12px;
	}
	.linklist {
		list-style: none;
		margin: 0.5em 0;
		padding: 0;
	}
	.linklist li {
		padding: 2px 0;
	}
	.sidebar {
		float: left;
		width: 320px;
	}
	.bar-wrapper {
		max-width: 1100px;
		margin: 0 auto;
	}
	.bar-wrapper.has-sidebar {
		max-width: 1430px;
	}
	.mainbar {
		margin: 0;
		padding-right: 1px;
	}
	.mainbar.has-sidebar {
		margin-left: 330px;
	}
	@media (min-width: 1511px) {
		.sidebar {
			width: 400px;
		}
		.bar-wrapper.has-sidebar {
			max-width: 1510px;
		}
		.mainbar.has-sidebar {
			margin-left: 410px;
		}
	}
	.section.first-section {
		margin-top: 9px;
	}
	.blocklink small {
		white-space: normal;
	}
	.button {
		vertical-align: middle;
	}
	.replay-controls {
		padding-top: 10px;
	}
	.replay-controls h1 {
		font-size: 16pt;
		font-weight: normal;
		color: #CCC;
	}
	.pagelink {
		text-align: center;
	}
	.pagelink a {
		width: 150px;
	}
	.textbox, .button {
		font-size: 11pt;
		vertical-align: middle;
	}
	@media (max-width: 450px) {
		.button {
			font-size: 9pt;
		}
	}
</style>

<div>

	<header>
		<div class="nav-wrapper"><ul class="nav">
			<li><a class="button nav-first" href="//pokemonshowdown.com/"><img src="//pokemonshowdown.com/images/pokemonshowdownbeta.png" srcset="//pokemonshowdown.com/images/pokemonshowdownbeta.png 1x, //pokemonshowdown.com/images/pokemonshowdownbeta@2x.png 2x" alt="Pok&eacute;mon Showdown" width="146" height="44" /> Home</a></li>
			<li><a class="button" href="//pokemonshowdown.com/dex/">Pok&eacute;dex</a></li>
			<li><a class="button cur" href="/">Replays</a></li>
			<li><a class="button" href="//pokemonshowdown.com/ladder/">Ladder</a></li>
			<li><a class="button nav-last" href="//pokemonshowdown.com/forums/">Forum</a></li>
			<li><a class="button greenbutton nav-first nav-last" href="//play.pokemonshowdown.com/">Play</a></li>
		</ul></div>
	</header>

	<div class="main" id="main">

		<noscript><section class="section">You need to enable JavaScript to use this page; sorry!</section></noscript>

	</div>

</div>

<script defer nomodule src="//play.pokemonshowdown.com/js/lib/ps-polyfill.js"></script>
<script defer src="//play.pokemonshowdown.com/js/lib/preact.min.js"></script>

<script defer src="//play.pokemonshowdown.com/config/config.js?6dec07f6"></script>
<script defer src="//play.pokemonshowdown.com/js/lib/jquery-1.11.0.min.js"></script>
<script defer src="//play.pokemonshowdown.com/js/lib/html-sanitizer-minified.js"></script>
<script defer src="//play.pokemonshowdown.com/js/battle-sound.js"></script>
<script defer src="//play.pokemonshowdown.com/js/battledata.js?0.6315294753075389"></script>
<script defer src="//play.pokemonshowdown.com/data/pokedex-mini.js?0.7603743185311358"></script>
<script defer src="//play.pokemonshowdown.com/data/pokedex-mini-bw.js?0.030888842834281283"></script>
<script defer src="//play.pokemonshowdown.com/data/graphics.js?0.05593094747507488"></script>
<script defer src="//play.pokemonshowdown.com/data/pokedex.js?0.47064822249611904"></script>
<script defer src="//play.pokemonshowdown.com/data/moves.js?0.8583693120512459"></script>
<script defer src="//play.pokemonshowdown.com/data/abilities.js?0.16017181182386842"></script>
<script defer src="//play.pokemonshowdown.com/data/items.js?0.4163379185673943"></script>
<script defer src="//play.pokemonshowdown.com/data/teambuilder-tables.js?0.31075597372830477"></script>
<script defer src="//play.pokemonshowdown.com/js/battle-tooltips.js?0.6536193500708172"></script>
<script defer src="//play.pokemonshowdown.com/js/battle.js?0.1916591943277901"></script>

<script defer src="js/utils.js?e31f9a17"></script>
<script defer src="js/replays-battle.js?7008c182"></script>

<!-- don't scrape this data! just add .json or .log after the URL!
Full API docs: https://github.com/smogon/pokemon-showdown-client/blob/master/WEB-API.md -->
<script type="text/plain" class="log" id="replaylog-smogtours-gen3ou-794503">
|inactive|Battle timer is ON: inactive players will automatically lose when time's up.
|t:|1728014016
|gametype|singles
|player|p1|zerkas|courtney|
|player|p2|dunsparce_real|guitarist|
|teamsize|p1|6
|teamsize|p2|6
|gen|3
|tier|[Gen 3] OU
|rule|Sleep Clause Mod: Limit one foe put to sleep
|rule|Switch Priority Clause Mod: Faster Pokémon switch first
|rule|Species Clause: Limit one of each Pokémon
|rule|OHKO Clause: OHKO moves are banned
|rule|Evasion Items Clause: Evasion items are banned
|rule|Evasion Moves Clause: Evasion moves are banned
|rule|Endless Battle Clause: Forcing endless battles is banned
|rule|HP Percentage Mod: HP is shown in percentages
|rule|One Boost Passer Clause: Limit one Baton Passer that has a way to boost its stats
|rule|Freeze Clause Mod: Limit one foe frozen
|
|t:|1728014016
|start
|switch|p1a: Salamence|Salamence, F|100/100
|switch|p2a: Zapdos|Zapdos|100/100
|-ability|p1a: Salamence|Intimidate|boost
|-unboost|p2a: Zapdos|atk|1
|turn|1
|c|☆zerkas|hf
|c|☆dunsparce_real|glhf
|
|t:|1728014036
|switch|p1a: Alakazam|Alakazam, F|100/100
|move|p2a: Zapdos|Thunder Wave|p1a: Alakazam
|-status|p1a: Alakazam|par
|-status|p2a: Zapdos|par|[from] ability: Synchronize|[of] p1a: Alakazam
|
|upkeep
|turn|2
|
|t:|1728014045
|switch|p2a: Snorlax|Snorlax, F|100/100
|move|p1a: Alakazam|Psychic|p2a: Snorlax
|-damage|p2a: Snorlax|74/100
|
|-heal|p2a: Snorlax|81/100|[from] item: Leftovers
|upkeep
|turn|3
|
|t:|1728014050
|-singleturn|p2a: Snorlax|move: Focus Punch
|switch|p1a: Forretress|Forretress, F|100/100
|move|p2a: Snorlax|Focus Punch|p1a: Forretress
|-damage|p1a: Forretress|69/100
|
|-heal|p1a: Forretress|75/100|[from] item: Leftovers
|-heal|p2a: Snorlax|87/100|[from] item: Leftovers
|upkeep
|turn|4
|
|t:|1728014056
|switch|p2a: Charizard|Charizard, F|100/100
|move|p1a: Forretress|Spikes|p2a: Charizard
|-sidestart|p2: dunsparce_real|Spikes
|
|-heal|p1a: Forretress|81/100|[from] item: Leftovers
|upkeep
|turn|5
|
|t:|1728014063
|switch|p1a: Salamence|Salamence, F|100/100
|-ability|p1a: Salamence|Intimidate|boost
|-unboost|p2a: Charizard|atk|1
|move|p2a: Charizard|Fire Blast|p1a: Salamence
|-resisted|p1a: Salamence
|-damage|p1a: Salamence|74/100
|
|-heal|p1a: Salamence|80/100|[from] item: Leftovers
|upkeep
|turn|6
|
|t:|1728014072
|switch|p2a: Swampert|Swampert, F|100/100
|-damage|p2a: Swampert|88/100|[from] Spikes
|switch|p1a: Swampert|Swampert, F|100/100
|
|-heal|p2a: Swampert|94/100|[from] item: Leftovers
|upkeep
|turn|7
|
|t:|1728014084
|switch|p2a: Breloom|Breloom, M|100/100
|-damage|p2a: Breloom|88/100|[from] Spikes
|move|p1a: Swampert|Hydro Pump|p2a: Breloom
|-resisted|p2a: Breloom
|-damage|p2a: Breloom|55/100
|
|-heal|p2a: Breloom|61/100|[from] item: Leftovers
|upkeep
|turn|8
|
|t:|1728014109
|-singleturn|p2a: Breloom|move: Focus Punch
|switch|p1a: Alakazam|Alakazam, F|100/100 par
|move|p2a: Breloom|Focus Punch|p1a: Alakazam
|-resisted|p1a: Alakazam
|-damage|p1a: Alakazam|6/100 par
|
|-heal|p2a: Breloom|67/100|[from] item: Leftovers
|-heal|p1a: Alakazam|12/100 par|[from] item: Leftovers
|upkeep
|turn|9
|
|t:|1728014116
|switch|p1a: Gengar|Gengar, F|100/100
|move|p2a: Breloom|Sky Uppercut|p1a: Gengar
|-immune|p1a: Gengar
|
|-heal|p2a: Breloom|74/100|[from] item: Leftovers
|upkeep
|turn|10
|
|t:|1728014129
|switch|p2a: Metagross|Metagross|100/100
|-damage|p2a: Metagross|88/100|[from] Spikes
|move|p1a: Gengar|Taunt|p2a: Metagross
|-start|p2a: Metagross|move: Taunt
|
|-heal|p2a: Metagross|94/100|[from] item: Leftovers
|upkeep
|turn|11
|
|t:|1728014135
|switch|p1a: Swampert|Swampert, F|100/100
|move|p2a: Metagross|Psychic|p1a: Swampert
|-damage|p1a: Swampert|62/100
|
|-heal|p2a: Metagross|99/100|[from] item: Leftovers
|-end|p2a: Metagross|move: Taunt|[silent]
|-heal|p1a: Swampert|68/100|[from] item: Leftovers
|upkeep
|turn|12
|
|t:|1728014152
|switch|p2a: Breloom|Breloom, M|74/100
|-damage|p2a: Breloom|61/100|[from] Spikes
|move|p1a: Swampert|Hydro Pump|p2a: Breloom|[miss]
|-miss|p1a: Swampert|p2a: Breloom
|
|-heal|p2a: Breloom|67/100|[from] item: Leftovers
|-heal|p1a: Swampert|74/100|[from] item: Leftovers
|upkeep
|turn|13
|
|t:|1728014174
|switch|p2a: Snorlax|Snorlax, F|87/100
|-damage|p2a: Snorlax|74/100|[from] Spikes
|move|p1a: Swampert|Ice Beam|p2a: Snorlax
|-damage|p2a: Snorlax|64/100
|
|-heal|p1a: Swampert|81/100|[from] item: Leftovers
|-heal|p2a: Snorlax|70/100|[from] item: Leftovers
|upkeep
|turn|14
|
|t:|1728014184
|move|p1a: Swampert|Earthquake|p2a: Snorlax
|-damage|p2a: Snorlax|38/100
|move|p2a: Snorlax|Shadow Ball|p1a: Swampert
|-damage|p1a: Swampert|62/100
|
|-heal|p1a: Swampert|68/100|[from] item: Leftovers
|-heal|p2a: Snorlax|44/100|[from] item: Leftovers
|upkeep
|turn|15
|
|t:|1728014190
|switch|p1a: Forretress|Forretress, F|81/100
|move|p2a: Snorlax|Counter|p1a: Forretress
|
|-heal|p1a: Forretress|87/100|[from] item: Leftovers
|-heal|p2a: Snorlax|51/100|[from] item: Leftovers
|upkeep
|turn|16
|
|t:|1728014210
|switch|p2a: Metagross|Metagross|99/100
|-damage|p2a: Metagross|88/100|[from] Spikes
|move|p1a: Forretress|Spikes|p2a: Metagross
|-sidestart|p2: dunsparce_real|Spikes
|
|-heal|p2a: Metagross|94/100|[from] item: Leftovers
|-heal|p1a: Forretress|93/100|[from] item: Leftovers
|upkeep
|turn|17
|
|t:|1728014213
|switch|p1a: Tyranitar|Tyranitar, M|100/100
|-weather|Sandstorm|[from] ability: Sand Stream|[of] p1a: Tyranitar
|move|p2a: Metagross|Hidden Power|p1a: Tyranitar
|-resisted|p1a: Tyranitar
|-damage|p1a: Tyranitar|91/100
|
|-weather|Sandstorm|[upkeep]
|-heal|p2a: Metagross|99/100|[from] item: Leftovers
|-heal|p1a: Tyranitar|97/100|[from] item: Leftovers
|upkeep
|turn|18
|
|t:|1728014216
|move|p2a: Metagross|Meteor Mash|p1a: Tyranitar
|-supereffective|p1a: Tyranitar
|-crit|p1a: Tyranitar
|-damage|p1a: Tyranitar|0 fnt
|-boost|p2a: Metagross|atk|1
|faint|p1a: Tyranitar
|c|☆zerkas|aw
|c|☆dunsparce_real|sry for hax
|c|☆zerkas|!showset tyranitar
|c|+zerkas|/raw <div class="infobox">Tyranitar (M) @ Leftovers  <br />Ability: Sand Stream  <br />Hidden Power: Grass  <br />EVs: 184 HP &#x2f; 44 Def &#x2f; 252 SpA &#x2f; 28 SpD  <br />Modest Nature  <br />IVs: 2 Atk &#x2f; 30 SpA  <br />- Crunch  <br />- Pursuit  <br />- Counter  <br />- Hidden Power [Grass]  <br /><br /><\/div>
|
|t:|1728014237
|switch|p1a: Swampert|Swampert, F|68/100
|
|-weather|Sandstorm|[upkeep]
|-heal|p2a: Metagross|100/100|[from] item: Leftovers
|-heal|p1a: Swampert|75/100|[from] item: Leftovers
|upkeep
|turn|19
|
|t:|1728014247
|switch|p2a: Breloom|Breloom, M|67/100
|-damage|p2a: Breloom|51/100|[from] Spikes
|move|p1a: Swampert|Protect||[still]
|-fail|p1a: Swampert
|
|-weather|Sandstorm|[upkeep]
|-damage|p2a: Breloom|45/100|[from] Sandstorm
|-heal|p2a: Breloom|51/100|[from] item: Leftovers
|-heal|p1a: Swampert|81/100|[from] item: Leftovers
|upkeep
|turn|20
|
|t:|1728014250
|move|p2a: Breloom|Spore|p1a: Swampert
|-status|p1a: Swampert|slp|[from] move: Spore
|cant|p1a: Swampert|slp
|
|-weather|Sandstorm|[upkeep]
|-damage|p2a: Breloom|45/100|[from] Sandstorm
|-heal|p2a: Breloom|51/100|[from] item: Leftovers
|-heal|p1a: Swampert|87/100 slp|[from] item: Leftovers
|upkeep
|turn|21
|
|t:|1728014253
|-singleturn|p2a: Breloom|move: Focus Punch
|switch|p1a: Gengar|Gengar, F|100/100
|move|p2a: Breloom|Focus Punch|p1a: Gengar
|-immune|p1a: Gengar
|
|-weather|Sandstorm|[upkeep]
|-damage|p1a: Gengar|94/100|[from] Sandstorm
|-damage|p2a: Breloom|45/100|[from] Sandstorm
|-heal|p1a: Gengar|100/100|[from] item: Leftovers
|-heal|p2a: Breloom|51/100|[from] item: Leftovers
|upkeep
|turn|22
|
|t:|1728014268
|switch|p2a: Metagross|Metagross|100/100
|-damage|p2a: Metagross|84/100|[from] Spikes
|move|p1a: Gengar|Will-O-Wisp|p2a: Metagross
|-status|p2a: Metagross|brn
|
|-weather|Sandstorm|[upkeep]
|-damage|p1a: Gengar|94/100|[from] Sandstorm
|-heal|p1a: Gengar|100/100|[from] item: Leftovers
|-heal|p2a: Metagross|90/100 brn|[from] item: Leftovers
|-damage|p2a: Metagross|78/100 brn|[from] brn
|upkeep
|turn|23
|
|t:|1728014272
|switch|p1a: Forretress|Forretress, F|93/100
|move|p2a: Metagross|Psychic|p1a: Forretress
|-resisted|p1a: Forretress
|-damage|p1a: Forretress|71/100
|
|-weather|Sandstorm|[upkeep]
|-heal|p2a: Metagross|84/100 brn|[from] item: Leftovers
|-damage|p2a: Metagross|71/100 brn|[from] brn
|-heal|p1a: Forretress|77/100|[from] item: Leftovers
|upkeep
|turn|24
|
|t:|1728014277
|switch|p1a: Swampert|Swampert, F|87/100 slp
|move|p2a: Metagross|Hidden Power|p1a: Swampert
|-resisted|p1a: Swampert
|-damage|p1a: Swampert|77/100 slp
|
|-weather|Sandstorm|[upkeep]
|-heal|p2a: Metagross|77/100 brn|[from] item: Leftovers
|-damage|p2a: Metagross|65/100 brn|[from] brn
|-heal|p1a: Swampert|84/100 slp|[from] item: Leftovers
|upkeep
|turn|25
|
|t:|1728014298
|switch|p1a: Alakazam|Alakazam, F|12/100 par
|move|p2a: Metagross|Psychic|p1a: Alakazam
|-resisted|p1a: Alakazam
|-damage|p1a: Alakazam|0 fnt
|faint|p1a: Alakazam
|
|t:|1728014301
|switch|p1a: Salamence|Salamence, F|80/100
|-ability|p1a: Salamence|Intimidate|boost
|-fail|p2a: Metagross|unboost|[from] ability: Clear Body|[of] p2a: Metagross
|
|-weather|Sandstorm|[upkeep]
|-damage|p1a: Salamence|74/100|[from] Sandstorm
|-heal|p1a: Salamence|80/100|[from] item: Leftovers
|-heal|p2a: Metagross|71/100 brn|[from] item: Leftovers
|-damage|p2a: Metagross|59/100 brn|[from] brn
|upkeep
|turn|26
|inactive|dunsparce_real has 270 seconds left.
|
|t:|1728014344
|switch|p2a: Zapdos|Zapdos|100/100 par
|move|p1a: Salamence|Earthquake|p2a: Zapdos
|-immune|p2a: Zapdos
|
|-weather|Sandstorm|[upkeep]
|-damage|p1a: Salamence|74/100|[from] Sandstorm
|-damage|p2a: Zapdos|94/100 par|[from] Sandstorm
|-heal|p1a: Salamence|80/100|[from] item: Leftovers
|-heal|p2a: Zapdos|100/100 par|[from] item: Leftovers
|upkeep
|turn|27
|
|t:|1728014352
|switch|p1a: Forretress|Forretress, F|77/100
|move|p2a: Zapdos|Thunderbolt|p1a: Forretress
|-damage|p1a: Forretress|21/100
|
|-weather|Sandstorm|[upkeep]
|-damage|p2a: Zapdos|94/100 par|[from] Sandstorm
|-heal|p1a: Forretress|27/100|[from] item: Leftovers
|-heal|p2a: Zapdos|100/100 par|[from] item: Leftovers
|upkeep
|turn|28
|
|t:|1728014357
|move|p1a: Forretress|Spikes|p2a: Zapdos
|-sidestart|p2: dunsparce_real|Spikes
|move|p2a: Zapdos|Thunderbolt|p1a: Forretress
|-damage|p1a: Forretress|0 fnt
|faint|p1a: Forretress
|
|t:|1728014365
|switch|p1a: Swampert|Swampert, F|84/100 slp
|
|-weather|Sandstorm|[upkeep]
|-damage|p2a: Zapdos|94/100 par|[from] Sandstorm
|-heal|p1a: Swampert|90/100 slp|[from] item: Leftovers
|-heal|p2a: Zapdos|100/100 par|[from] item: Leftovers
|upkeep
|turn|29
|
|t:|1728014367
|cant|p1a: Swampert|slp
|move|p2a: Zapdos|Hidden Power|p1a: Swampert
|-supereffective|p1a: Swampert
|-damage|p1a: Swampert|8/100 slp
|
|-weather|Sandstorm|[upkeep]
|-damage|p2a: Zapdos|94/100 par|[from] Sandstorm
|-heal|p1a: Swampert|14/100 slp|[from] item: Leftovers
|-heal|p2a: Zapdos|100/100 par|[from] item: Leftovers
|upkeep
|turn|30
|
|t:|1728014372
|-curestatus|p1a: Swampert|slp|[msg]
|move|p1a: Swampert|Ice Beam|p2a: Zapdos
|-supereffective|p2a: Zapdos
|-damage|p2a: Zapdos|54/100 par
|cant|p2a: Zapdos|par
|
|-weather|Sandstorm|[upkeep]
|-damage|p2a: Zapdos|48/100 par|[from] Sandstorm
|-heal|p1a: Swampert|20/100|[from] item: Leftovers
|-heal|p2a: Zapdos|54/100 par|[from] item: Leftovers
|upkeep
|turn|31
|
|t:|1728014377
|move|p1a: Swampert|Protect|p1a: Swampert
|-singleturn|p1a: Swampert|Protect
|move|p2a: Zapdos|Hidden Power|p1a: Swampert
|-activate|p1a: Swampert|Protect
|
|-weather|Sandstorm|[upkeep]
|-damage|p2a: Zapdos|48/100 par|[from] Sandstorm
|-heal|p1a: Swampert|26/100|[from] item: Leftovers
|-heal|p2a: Zapdos|54/100 par|[from] item: Leftovers
|upkeep
|turn|32
|
|t:|1728014381
|switch|p1a: Salamence|Salamence, F|80/100
|-ability|p1a: Salamence|Intimidate|boost
|-unboost|p2a: Zapdos|atk|1
|move|p2a: Zapdos|Hidden Power|p1a: Salamence
|-resisted|p1a: Salamence
|-damage|p1a: Salamence|74/100
|
|-weather|Sandstorm|[upkeep]
|-damage|p1a: Salamence|68/100|[from] Sandstorm
|-damage|p2a: Zapdos|48/100 par|[from] Sandstorm
|-heal|p1a: Salamence|74/100|[from] item: Leftovers
|-heal|p2a: Zapdos|54/100 par|[from] item: Leftovers
|upkeep
|turn|33
|
|t:|1728014392
|move|p1a: Salamence|Rock Slide|p2a: Zapdos
|-supereffective|p2a: Zapdos
|-damage|p2a: Zapdos|0 fnt
|faint|p2a: Zapdos
|
|t:|1728014409
|switch|p2a: Breloom|Breloom, M|51/100
|-damage|p2a: Breloom|26/100|[from] Spikes
|
|-weather|Sandstorm|[upkeep]
|-damage|p1a: Salamence|68/100|[from] Sandstorm
|-damage|p2a: Breloom|20/100|[from] Sandstorm
|-heal|p1a: Salamence|74/100|[from] item: Leftovers
|-heal|p2a: Breloom|26/100|[from] item: Leftovers
|upkeep
|turn|34
|
|t:|1728014414
|move|p1a: Salamence|Hidden Power|p2a: Breloom
|-supereffective|p2a: Breloom
|-damage|p2a: Breloom|0 fnt
|faint|p2a: Breloom
|
|t:|1728014430
|switch|p2a: Swampert|Swampert, F|94/100
|-damage|p2a: Swampert|69/100|[from] Spikes
|
|-weather|Sandstorm|[upkeep]
|-damage|p1a: Salamence|68/100|[from] Sandstorm
|-heal|p1a: Salamence|74/100|[from] item: Leftovers
|-heal|p2a: Swampert|76/100|[from] item: Leftovers
|upkeep
|turn|35
|
|t:|1728014436
|switch|p1a: Gengar|Gengar, F|100/100
|move|p2a: Swampert|Ice Beam|p1a: Gengar
|-damage|p1a: Gengar|66/100
|
|-weather|Sandstorm|[upkeep]
|-damage|p1a: Gengar|60/100|[from] Sandstorm
|-heal|p1a: Gengar|66/100|[from] item: Leftovers
|-heal|p2a: Swampert|82/100|[from] item: Leftovers
|upkeep
|turn|36
|
|t:|1728014462
|switch|p2a: Metagross|Metagross|59/100 brn
|-damage|p2a: Metagross|34/100 brn|[from] Spikes
|move|p1a: Gengar|Giga Drain|p2a: Metagross
|-resisted|p2a: Metagross
|-damage|p2a: Metagross|21/100 brn
|-heal|p1a: Gengar|74/100|[from] drain|[of] p2a: Metagross
|
|-weather|Sandstorm|[upkeep]
|-damage|p1a: Gengar|68/100|[from] Sandstorm
|-heal|p1a: Gengar|74/100|[from] item: Leftovers
|-heal|p2a: Metagross|27/100 brn|[from] item: Leftovers
|-damage|p2a: Metagross|14/100 brn|[from] brn
|upkeep
|turn|37
|
|t:|1728014467
|move|p1a: Gengar|Thunderbolt|p2a: Metagross
|-damage|p2a: Metagross|0 fnt
|faint|p2a: Metagross
|
|t:|1728014469
|switch|p2a: Charizard|Charizard, F|100/100
|
|-weather|Sandstorm|[upkeep]
|-damage|p2a: Charizard|94/100|[from] Sandstorm
|-damage|p1a: Gengar|68/100|[from] Sandstorm
|-heal|p2a: Charizard|100/100|[from] item: Leftovers
|-heal|p1a: Gengar|74/100|[from] item: Leftovers
|upkeep
|turn|38
|
|t:|1728014474
|switch|p1a: Swampert|Swampert, F|26/100
|move|p2a: Charizard|Fire Blast|p1a: Swampert|[miss]
|-miss|p2a: Charizard|p1a: Swampert
|
|-weather|Sandstorm|[upkeep]
|-damage|p2a: Charizard|94/100|[from] Sandstorm
|-heal|p2a: Charizard|100/100|[from] item: Leftovers
|-heal|p1a: Swampert|33/100|[from] item: Leftovers
|upkeep
|turn|39
|
|t:|1728014483
|move|p2a: Charizard|Hidden Power|p1a: Swampert
|-supereffective|p1a: Swampert
|-damage|p1a: Swampert|0 fnt
|faint|p1a: Swampert
|
|t:|1728014485
|switch|p1a: Salamence|Salamence, F|74/100
|-ability|p1a: Salamence|Intimidate|boost
|-unboost|p2a: Charizard|atk|1
|
|-weather|Sandstorm|[upkeep]
|-damage|p2a: Charizard|94/100|[from] Sandstorm
|-damage|p1a: Salamence|68/100|[from] Sandstorm
|-heal|p2a: Charizard|100/100|[from] item: Leftovers
|-heal|p1a: Salamence|74/100|[from] item: Leftovers
|upkeep
|turn|40
|
|t:|1728014499
|switch|p2a: Snorlax|Snorlax, F|51/100
|-damage|p2a: Snorlax|26/100|[from] Spikes
|move|p1a: Salamence|Rock Slide|p2a: Snorlax
|-damage|p2a: Snorlax|0 fnt
|faint|p2a: Snorlax
|
|t:|1728014501
|switch|p2a: Swampert|Swampert, F|82/100
|-damage|p2a: Swampert|57/100|[from] Spikes
|
|-weather|Sandstorm|[upkeep]
|-damage|p1a: Salamence|68/100|[from] Sandstorm
|-heal|p1a: Salamence|74/100|[from] item: Leftovers
|-heal|p2a: Swampert|63/100|[from] item: Leftovers
|upkeep
|turn|41
|
|t:|1728014508
|switch|p1a: Gengar|Gengar, F|74/100
|move|p2a: Swampert|Ice Beam|p1a: Gengar
|-damage|p1a: Gengar|42/100
|-status|p1a: Gengar|frz
|
|-weather|Sandstorm|[upkeep]
|-damage|p1a: Gengar|36/100 frz|[from] Sandstorm
|-heal|p1a: Gengar|42/100 frz|[from] item: Leftovers
|-heal|p2a: Swampert|69/100|[from] item: Leftovers
|upkeep
|turn|42
|
|t:|1728014513
|cant|p1a: Gengar|frz
|move|p2a: Swampert|Hydro Pump|p1a: Gengar
|-damage|p1a: Gengar|0 fnt
|faint|p1a: Gengar
|
|t:|1728014518
|switch|p1a: Salamence|Salamence, F|74/100
|-ability|p1a: Salamence|Intimidate|boost
|-unboost|p2a: Swampert|atk|1
|
|-weather|Sandstorm|[upkeep]
|-damage|p1a: Salamence|68/100|[from] Sandstorm
|-heal|p1a: Salamence|74/100|[from] item: Leftovers
|-heal|p2a: Swampert|75/100|[from] item: Leftovers
|upkeep
|turn|43
|
|t:|1728014527
|move|p1a: Salamence|Hidden Power|p2a: Swampert
|-damage|p2a: Swampert|27/100
|move|p2a: Swampert|Ice Beam|p1a: Salamence
|-supereffective|p1a: Salamence
|-damage|p1a: Salamence|0 fnt
|faint|p1a: Salamence
|
|win|dunsparce_real
|c|☆zerkas|gg
|c|☆dunsparce_real|phew, gg
|player|p2|

</script>
<script type="application/json" class="data" id="replaydata-smogtours-gen3ou-794503">
{"id":"smogtours-gen3ou-794503","format":"[Gen 3] OU","players":["zerkas","dunsparce_real"],"uploadtime":1728014527,"views":113,"formatid":"gen3ou","rating":null,"private":0,"password":null}
</script>

<script defer src="js/replays.js?9d40a366"></script>
