<!DOCTYPE html>
<meta charset="utf-8" />
<meta name="viewport" content="width=device-width" />

<title>[Gen 3] OU: jerdgerd vs. duckstroyer - Replays - Pok&eacute;mon Showdown!</title>

<meta name="description" content="Watch a replay of a Pok&eacute;mon battle between jerdgerd and duckstroyer! Format: [Gen 3] OU; Date: Oct 18, 2024" />
<!--

Hey, you! Looking in the source for the replay log?

You can find them in JSON format, just add `.json` at the end of a replay URL.

https://replay.pokemonshowdown.com/gen7randomdoublesbattle-865046831.json

Or, if you only need the log itself, add `.log` instead:

https://replay.pokemonshowdown.com/gen7randomdoublesbattle-865046831.log

-->

<link rel="stylesheet" href="//pokemonshowdown.com/style/global.css?0.023195364461161105" />
<link rel="stylesheet" href="//play.pokemonshowdown.com/style/font-awesome.css?0.13261647063804238" />
<link rel="stylesheet" href="//play.pokemonshowdown.com/style/battle.css?0.8753245789963631" />
<link rel="stylesheet" href="//play.pokemonshowdown.com/style/utilichart.css?0.8627959624976733" />

<!-- Global site tag (gtag.js) - Google Analytics -->
<script async src="https://www.googletagmanager.com/gtag/js?id=UA-26211653-1"></script>
<script>
  window.dataLayer = window.dataLayer || [];
  function gtag(){dataLayer.push(arguments);}
  gtag('js', new Date());

  gtag('config', 'UA-26211653-1');
</script>
<!-- End Google Analytics -->
<!-- Venatus Ad Manager - Install in <HEAD> of page -->
	<script src="https://hb.vntsm.com/v3/live/ad-manager.min.js" type="text/javascript" data-site-id="642aba63ec9a7b11c3c9c1be" data-mode="scan" async></script>
<!-- / Venatus Ad Manager -->

<style>
	@media (max-width:820px) {
		.battle {
			margin: 0 auto;
		}
		.battle-log {
			margin: 7px auto 0;
			max-width: 640px;
			height: 300px;
			position: static;
		}
	}
	.optgroup {
		display: inline-block;
		line-height: 22px;
		font-size: 10pt;
	}
	.optgroup .button {
		height: 25px;
		padding-top: 0;
		padding-bottom: 0;
	}
	.optgroup button.button {
		padding-left: 12px;
		padding-right: 12px;
	}
	.linklist {
		list-style: none;
		margin: 0.5em 0;
		padding: 0;
	}
	.linklist li {
		padding: 2px 0;
	}
	.sidebar {
		float: left;
		width: 320px;
	}
	.bar-wrapper {
		max-width: 1100px;
		margin: 0 auto;
	}
	.bar-wrapper.has-sidebar {
		max-width: 1430px;
	}
	.mainbar {
		margin: 0;
		padding-right: 1px;
	}
	.mainbar.has-sidebar {
		margin-left: 330px;
	}
	@media (min-width: 1511px) {
		.sidebar {
			width: 400px;
		}
		.bar-wrapper.has-sidebar {
			max-width: 1510px;
		}
		.mainbar.has-sidebar {
			margin-left: 410px;
		}
	}
	.section.first-section {
		margin-top: 9px;
	}
	.blocklink small {
		white-space: normal;
	}
	.button {
		vertical-align: middle;
	}
	.replay-controls {
		padding-top: 10px;
	}
	.replay-controls h1 {
		font-size: 16pt;
		font-weight: normal;
		color: #CCC;
	}
	.pagelink {
		text-align: center;
	}
	.pagelink a {
		width: 150px;
	}
	.textbox, .button {
		font-size: 11pt;
		vertical-align: middle;
	}
	@media (max-width: 450px) {
		.button {
			font-size: 9pt;
		}
	}
</style>

<div>

	<header>
		<div class="nav-wrapper"><ul class="nav">
			<li><a class="button nav-first" href="//pokemonshowdown.com/"><img src="//pokemonshowdown.com/images/pokemonshowdownbeta.png" srcset="//pokemonshowdown.com/images/pokemonshowdownbeta.png 1x, //pokemonshowdown.com/images/pokemonshowdownbeta@2x.png 2x" alt="Pok&eacute;mon Showdown" width="146" height="44" /> Home</a></li>
			<li><a class="button" href="//pokemonshowdown.com/dex/">Pok&eacute;dex</a></li>
			<li><a class="button cur" href="/">Replays</a></li>
			<li><a class="button" href="//pokemonshowdown.com/ladder/">Ladder</a></li>
			<li><a class="button nav-last" href="//pokemonshowdown.com/forums/">Forum</a></li>
			<li><a class="button greenbutton nav-first nav-last" href="//play.pokemonshowdown.com/">Play</a></li>
		</ul></div>
	</header>

	<div class="main" id="main">

		<noscript><section class="section">You need to enable JavaScript to use this page; sorry!</section></noscript>

	</div>

</div>

<script defer nomodule src="//play.pokemonshowdown.com/js/lib/ps-polyfill.js"></script>
<script defer src="//play.pokemonshowdown.com/js/lib/preact.min.js"></script>

<script defer src="//play.pokemonshowdown.com/config/config.js?2bddbc15"></script>
<script defer src="//play.pokemonshowdown.com/js/lib/jquery-1.11.0.min.js"></script>
<script defer src="//play.pokemonshowdown.com/js/lib/html-sanitizer-minified.js"></script>
<script defer src="//play.pokemonshowdown.com/js/battle-sound.js"></script>
<script defer src="//play.pokemonshowdown.com/js/battledata.js?0.7209276989879541"></script>
<script defer src="//play.pokemonshowdown.com/data/pokedex-mini.js?0.6111056340867951"></script>
<script defer src="//play.pokemonshowdown.com/data/pokedex-mini-bw.js?0.3532142036491459"></script>
<script defer src="//play.pokemonshowdown.com/data/graphics.js?0.24223875632456182"></script>
<script defer src="//play.pokemonshowdown.com/data/pokedex.js?0.38839984266356864"></script>
<script defer src="//play.pokemonshowdown.com/data/moves.js?0.21866028504024015"></script>
<script defer src="//play.pokemonshowdown.com/data/abilities.js?0.2005157953846628"></script>
<script defer src="//play.pokemonshowdown.com/data/items.js?0.9894211263848525"></script>
<script defer src="//play.pokemonshowdown.com/data/teambuilder-tables.js?0.6008791140282215"></script>
<script defer src="//play.pokemonshowdown.com/js/battle-tooltips.js?0.7580118955022959"></script>
<script defer src="//play.pokemonshowdown.com/js/battle.js?0.6057722274234274"></script>

<script defer src="js/utils.js?e31f9a17"></script>
<script defer src="js/replays-battle.js?7008c182"></script>

<!-- don't scrape this data! just add .json or .log after the URL!
Full API docs: https://github.com/smogon/pokemon-showdown-client/blob/master/WEB-API.md -->
<script type="text/plain" class="log" id="replaylog-smogtours-gen3ou-799758">
|inactive|Battle timer is ON: inactive players will automatically lose when time's up.
|t:|1729294775
|gametype|singles
|player|p1|jerdgerd|266|
|player|p2|duckstroyer|wallace|
|teamsize|p1|6
|teamsize|p2|6
|gen|3
|tier|[Gen 3] OU
|rule|Sleep Clause Mod: Limit one foe put to sleep
|rule|Switch Priority Clause Mod: Faster Pokémon switch first
|rule|Species Clause: Limit one of each Pokémon
|rule|OHKO Clause: OHKO moves are banned
|rule|Evasion Items Clause: Evasion items are banned
|rule|Evasion Moves Clause: Evasion moves are banned
|rule|Endless Battle Clause: Forcing endless battles is banned
|rule|HP Percentage Mod: HP is shown in percentages
|rule|One Boost Passer Clause: Limit one Baton Passer that has a way to boost its stats
|rule|Freeze Clause Mod: Limit one foe frozen
|
|t:|1729294775
|start
|switch|p1a: Skarmory|Skarmory, M|100/100
|switch|p2a: Skarmory|Skarmory, F|100/100
|turn|1
|
|t:|1729294783
|move|p1a: Skarmory|Spikes|p2a: Skarmory
|-sidestart|p2: duckstroyer|Spikes
|move|p2a: Skarmory|Spikes|p1a: Skarmory
|-sidestart|p1: jerdgerd|Spikes
|
|upkeep
|turn|2
|
|t:|1729294787
|move|p1a: Skarmory|Spikes|p2a: Skarmory
|-sidestart|p2: duckstroyer|Spikes
|move|p2a: Skarmory|Spikes|p1a: Skarmory
|-sidestart|p1: jerdgerd|Spikes
|
|upkeep
|turn|3
|
|t:|1729294791
|move|p2a: Skarmory|Spikes|p1a: Skarmory
|-sidestart|p1: jerdgerd|Spikes
|move|p1a: Skarmory|Spikes|p2a: Skarmory
|-sidestart|p2: duckstroyer|Spikes
|
|upkeep
|turn|4
|
|t:|1729294796
|move|p2a: Skarmory|Roar|p1a: Skarmory
|drag|p1a: Flygon|Flygon, M|100/100
|
|upkeep
|turn|5
|
|t:|1729294803
|switch|p1a: Skarmory|Skarmory, M|100/100
|move|p2a: Skarmory|Toxic|p1a: Skarmory
|-immune|p1a: Skarmory
|
|upkeep
|turn|6
|
|t:|1729294809
|move|p1a: Skarmory|Roar|p2a: Skarmory
|drag|p2a: Tyranitar|Tyranitar, F|100/100
|-damage|p2a: Tyranitar|76/100|[from] Spikes
|-weather|Sandstorm|[from] ability: Sand Stream|[of] p2a: Tyranitar
|
|-weather|Sandstorm|[upkeep]
|-heal|p2a: Tyranitar|82/100|[from] item: Leftovers
|upkeep
|turn|7
|
|t:|1729294823
|move|p2a: Tyranitar|Rock Slide|p1a: Skarmory
|-damage|p1a: Skarmory|67/100
|move|p1a: Skarmory|Roar|p2a: Tyranitar
|drag|p2a: Starmie|Starmie|100/100
|-damage|p2a: Starmie|76/100|[from] Spikes
|
|-weather|Sandstorm|[upkeep]
|-damage|p2a: Starmie|70/100|[from] Sandstorm
|-heal|p2a: Starmie|76/100|[from] item: Leftovers
|-heal|p1a: Skarmory|73/100|[from] item: Leftovers
|upkeep
|turn|8
|
|t:|1729294847
|switch|p1a: Misdreavus|Misdreavus, F|100/100
|move|p2a: Starmie|Thunderbolt|p1a: Misdreavus
|-damage|p1a: Misdreavus|79/100
|
|-weather|Sandstorm|[upkeep]
|-damage|p2a: Starmie|70/100|[from] Sandstorm
|-damage|p1a: Misdreavus|72/100|[from] Sandstorm
|-heal|p2a: Starmie|76/100|[from] item: Leftovers
|-heal|p1a: Misdreavus|79/100|[from] item: Leftovers
|upkeep
|turn|9
|inactive|duckstroyer has 270 seconds left.
|
|t:|1729294886
|switch|p2a: Tyranitar|Tyranitar, F|82/100
|-damage|p2a: Tyranitar|57/100|[from] Spikes
|move|p1a: Misdreavus|Thunderbolt|p2a: Tyranitar
|-damage|p2a: Tyranitar|41/100
|
|-weather|Sandstorm|[upkeep]
|-damage|p1a: Misdreavus|72/100|[from] Sandstorm
|-heal|p1a: Misdreavus|79/100|[from] item: Leftovers
|-heal|p2a: Tyranitar|48/100|[from] item: Leftovers
|upkeep
|turn|10
|
|t:|1729294900
|switch|p1a: Flygon|Flygon, M|100/100
|move|p2a: Tyranitar|Rock Slide|p1a: Flygon
|-resisted|p1a: Flygon
|-damage|p1a: Flygon|82/100
|
|-weather|Sandstorm|[upkeep]
|-heal|p1a: Flygon|88/100|[from] item: Leftovers
|-heal|p2a: Tyranitar|54/100|[from] item: Leftovers
|upkeep
|turn|11
|
|t:|1729294918
|move|p1a: Flygon|Toxic|p2a: Tyranitar
|-status|p2a: Tyranitar|tox
|move|p2a: Tyranitar|Counter|p1a: Flygon
|
|-weather|Sandstorm|[upkeep]
|-heal|p1a: Flygon|94/100|[from] item: Leftovers
|-heal|p2a: Tyranitar|60/100 tox|[from] item: Leftovers
|-damage|p2a: Tyranitar|54/100 tox|[from] psn
|upkeep
|turn|12
|inactive|jerdgerd has 270 seconds left.
|
|t:|1729294936
|switch|p2a: Skarmory|Skarmory, F|100/100
|move|p1a: Flygon|Rock Slide|p2a: Skarmory
|-damage|p2a: Skarmory|87/100
|
|-weather|Sandstorm|[upkeep]
|-heal|p1a: Flygon|100/100|[from] item: Leftovers
|-heal|p2a: Skarmory|93/100|[from] item: Leftovers
|upkeep
|turn|13
|inactive|jerdgerd has 270 seconds left.
|
|t:|1729294948
|switch|p1a: Skarmory|Skarmory, M|73/100
|move|p2a: Skarmory|Roar|p1a: Skarmory
|drag|p1a: Misdreavus|Misdreavus, F|79/100
|
|-weather|Sandstorm|[upkeep]
|-damage|p1a: Misdreavus|72/100|[from] Sandstorm
|-heal|p1a: Misdreavus|79/100|[from] item: Leftovers
|-heal|p2a: Skarmory|99/100|[from] item: Leftovers
|upkeep
|turn|14
|
|t:|1729294959
|move|p1a: Misdreavus|Thunderbolt|p2a: Skarmory
|-supereffective|p2a: Skarmory
|-damage|p2a: Skarmory|63/100
|move|p2a: Skarmory|Toxic|p1a: Misdreavus
|-status|p1a: Misdreavus|tox
|
|-weather|Sandstorm|[upkeep]
|-damage|p1a: Misdreavus|72/100 tox|[from] Sandstorm
|-heal|p1a: Misdreavus|79/100 tox|[from] item: Leftovers
|-damage|p1a: Misdreavus|72/100 tox|[from] psn
|-heal|p2a: Skarmory|69/100|[from] item: Leftovers
|upkeep
|turn|15
|
|t:|1729294974
|move|p1a: Misdreavus|Perish Song|p1a: Misdreavus
|-start|p1a: Misdreavus|perish3|[silent]
|-start|p2a: Skarmory|perish3|[silent]
|-fieldactivate|move: Perish Song
|move|p2a: Skarmory|Drill Peck|p1a: Misdreavus
|-damage|p1a: Misdreavus|37/100 tox
|
|-weather|Sandstorm|[upkeep]
|-damage|p1a: Misdreavus|31/100 tox|[from] Sandstorm
|-heal|p1a: Misdreavus|37/100 tox|[from] item: Leftovers
|-damage|p1a: Misdreavus|25/100 tox|[from] psn
|-heal|p2a: Skarmory|75/100|[from] item: Leftovers
|-start|p1a: Misdreavus|perish3
|-start|p2a: Skarmory|perish3
|upkeep
|turn|16
|
|t:|1729294986
|move|p1a: Misdreavus|Rest|p1a: Misdreavus
|-status|p1a: Misdreavus|slp|[from] move: Rest
|-heal|p1a: Misdreavus|100/100 slp|[silent]
|move|p2a: Skarmory|Drill Peck|p1a: Misdreavus
|-damage|p1a: Misdreavus|66/100 slp
|
|-weather|Sandstorm|[upkeep]
|-damage|p1a: Misdreavus|59/100 slp|[from] Sandstorm
|-heal|p1a: Misdreavus|66/100 slp|[from] item: Leftovers
|-heal|p2a: Skarmory|81/100|[from] item: Leftovers
|-start|p1a: Misdreavus|perish2
|-start|p2a: Skarmory|perish2
|upkeep
|turn|17
|inactive|jerdgerd has 270 seconds left.
|
|t:|1729295006
|switch|p1a: Zapdos|Zapdos|100/100
|switch|p2a: Gengar|Gengar, F|100/100
|
|-weather|Sandstorm|[upkeep]
|-damage|p2a: Gengar|95/100|[from] Sandstorm
|-damage|p1a: Zapdos|94/100|[from] Sandstorm
|-heal|p2a: Gengar|100/100|[from] item: Leftovers
|-heal|p1a: Zapdos|100/100|[from] item: Leftovers
|upkeep
|turn|18
|inactive|jerdgerd has 270 seconds left.
|
|t:|1729295017
|switch|p1a: Blissey|Blissey, F|100/100
|-damage|p1a: Blissey|76/100|[from] Spikes
|move|p2a: Gengar|Taunt|p1a: Blissey
|-start|p1a: Blissey|move: Taunt
|
|-weather|Sandstorm|[upkeep]
|-damage|p2a: Gengar|95/100|[from] Sandstorm
|-damage|p1a: Blissey|69/100|[from] Sandstorm
|-heal|p2a: Gengar|100/100|[from] item: Leftovers
|-heal|p1a: Blissey|76/100|[from] item: Leftovers
|upkeep
|turn|19
|inactive|jerdgerd has 270 seconds left.
|inactive|duckstroyer has 240 seconds left.
|
|t:|1729295041
|move|p2a: Gengar|Explosion|p1a: Blissey
|-damage|p1a: Blissey|0 fnt
|faint|p2a: Gengar
|faint|p1a: Blissey
|inactive|duckstroyer has 240 seconds left.
|
|t:|1729295050
|switch|p2a: Blissey|Blissey, F|100/100
|switch|p1a: Zapdos|Zapdos|100/100
|-damage|p2a: Blissey|76/100|[from] Spikes
|
|-weather|Sandstorm|[upkeep]
|-damage|p1a: Zapdos|94/100|[from] Sandstorm
|-damage|p2a: Blissey|69/100|[from] Sandstorm
|-heal|p1a: Zapdos|100/100|[from] item: Leftovers
|-heal|p2a: Blissey|76/100|[from] item: Leftovers
|upkeep
|turn|20
|inactive|duckstroyer has 240 seconds left.
|
|t:|1729295061
|move|p2a: Blissey|Toxic|p1a: Zapdos
|-status|p1a: Zapdos|tox
|move|p1a: Zapdos|Roar|p2a: Blissey
|drag|p2a: Skarmory|Skarmory, F|81/100
|
|-weather|Sandstorm|[upkeep]
|-damage|p1a: Zapdos|94/100 tox|[from] Sandstorm
|-heal|p1a: Zapdos|100/100 tox|[from] item: Leftovers
|-damage|p1a: Zapdos|94/100 tox|[from] psn
|-heal|p2a: Skarmory|87/100|[from] item: Leftovers
|upkeep
|turn|21
|inactive|duckstroyer has 240 seconds left.
|
|t:|1729295079
|switch|p2a: Blissey|Blissey, F|76/100
|-damage|p2a: Blissey|51/100|[from] Spikes
|move|p1a: Zapdos|Thunderbolt|p2a: Blissey
|-damage|p2a: Blissey|36/100
|
|-weather|Sandstorm|[upkeep]
|-damage|p1a: Zapdos|88/100 tox|[from] Sandstorm
|-damage|p2a: Blissey|30/100|[from] Sandstorm
|-heal|p1a: Zapdos|94/100 tox|[from] item: Leftovers
|-damage|p1a: Zapdos|82/100 tox|[from] psn
|-heal|p2a: Blissey|36/100|[from] item: Leftovers
|upkeep
|turn|22
|inactive|duckstroyer has 240 seconds left.
|inactive|jerdgerd has 270 seconds left.
|
|t:|1729295111
|switch|p1a: Skarmory|Skarmory, M|73/100
|move|p2a: Blissey|Soft-Boiled|p2a: Blissey
|-heal|p2a: Blissey|86/100
|
|-weather|Sandstorm|[upkeep]
|-damage|p2a: Blissey|80/100|[from] Sandstorm
|-heal|p1a: Skarmory|79/100|[from] item: Leftovers
|-heal|p2a: Blissey|86/100|[from] item: Leftovers
|upkeep
|turn|23
|inactive|duckstroyer has 240 seconds left.
|
|t:|1729295121
|move|p1a: Skarmory|Drill Peck|p2a: Blissey
|-damage|p2a: Blissey|65/100
|move|p2a: Blissey|Seismic Toss|p1a: Skarmory
|-damage|p1a: Skarmory|49/100
|
|-weather|Sandstorm|[upkeep]
|-damage|p2a: Blissey|59/100|[from] Sandstorm
|-heal|p1a: Skarmory|55/100|[from] item: Leftovers
|-heal|p2a: Blissey|65/100|[from] item: Leftovers
|upkeep
|turn|24
|inactive|duckstroyer has 240 seconds left.
|
|t:|1729295132
|switch|p1a: Misdreavus|Misdreavus, F|66/100 slp
|move|p2a: Blissey|Soft-Boiled|p2a: Blissey
|-heal|p2a: Blissey|100/100
|
|-weather|Sandstorm|[upkeep]
|-damage|p1a: Misdreavus|59/100 slp|[from] Sandstorm
|-damage|p2a: Blissey|94/100|[from] Sandstorm
|-heal|p1a: Misdreavus|66/100 slp|[from] item: Leftovers
|-heal|p2a: Blissey|100/100|[from] item: Leftovers
|upkeep
|turn|25
|inactive|jerdgerd has 270 seconds left.
|inactive|duckstroyer has 240 seconds left.
|
|t:|1729295153
|switch|p2a: Skarmory|Skarmory, F|87/100
|cant|p1a: Misdreavus|slp
|
|-weather|Sandstorm|[upkeep]
|-damage|p1a: Misdreavus|59/100 slp|[from] Sandstorm
|-heal|p1a: Misdreavus|66/100 slp|[from] item: Leftovers
|-heal|p2a: Skarmory|93/100|[from] item: Leftovers
|upkeep
|turn|26
|inactive|jerdgerd has 270 seconds left.
|
|t:|1729295162
|switch|p1a: Zapdos|Zapdos|82/100 tox
|move|p2a: Skarmory|Drill Peck|p1a: Zapdos
|-resisted|p1a: Zapdos
|-damage|p1a: Zapdos|71/100 tox
|
|-weather|Sandstorm|[upkeep]
|-damage|p1a: Zapdos|65/100 tox|[from] Sandstorm
|-heal|p1a: Zapdos|71/100 tox|[from] item: Leftovers
|-damage|p1a: Zapdos|65/100 tox|[from] psn
|-heal|p2a: Skarmory|99/100|[from] item: Leftovers
|upkeep
|turn|27
|inactive|jerdgerd has 270 seconds left.
|
|t:|1729295174
|switch|p2a: Blissey|Blissey, F|100/100
|-damage|p2a: Blissey|76/100|[from] Spikes
|move|p1a: Zapdos|Roar|p2a: Blissey
|drag|p2a: Starmie|Starmie|76/100
|-damage|p2a: Starmie|51/100|[from] Spikes
|
|-weather|Sandstorm|[upkeep]
|-damage|p2a: Starmie|45/100|[from] Sandstorm
|-damage|p1a: Zapdos|59/100 tox|[from] Sandstorm
|-heal|p2a: Starmie|51/100|[from] item: Leftovers
|-heal|p1a: Zapdos|65/100 tox|[from] item: Leftovers
|-damage|p1a: Zapdos|53/100 tox|[from] psn
|upkeep
|turn|28
|inactive|jerdgerd has 270 seconds left.
|
|t:|1729295187
|move|p2a: Starmie|Rapid Spin|p1a: Zapdos
|-damage|p1a: Zapdos|50/100 tox
|-sideend|p2: duckstroyer|Spikes|[from] move: Rapid Spin|[of] p2a: Starmie
|move|p1a: Zapdos|Thunderbolt|p2a: Starmie
|-supereffective|p2a: Starmie
|-damage|p2a: Starmie|0 fnt
|faint|p2a: Starmie
|
|t:|1729295202
|switch|p2a: Blissey|Blissey, F|76/100
|
|-weather|Sandstorm|[upkeep]
|-damage|p1a: Zapdos|44/100 tox|[from] Sandstorm
|-damage|p2a: Blissey|69/100|[from] Sandstorm
|-heal|p1a: Zapdos|50/100 tox|[from] item: Leftovers
|-damage|p1a: Zapdos|32/100 tox|[from] psn
|-heal|p2a: Blissey|76/100|[from] item: Leftovers
|upkeep
|turn|29
|inactive|jerdgerd has 270 seconds left.
|
|t:|1729295218
|switch|p1a: Skarmory|Skarmory, M|55/100
|switch|p2a: Skarmory|Skarmory, F|99/100
|
|-weather|Sandstorm|[upkeep]
|-heal|p2a: Skarmory|100/100|[from] item: Leftovers
|-heal|p1a: Skarmory|61/100|[from] item: Leftovers
|upkeep
|turn|30
|
|t:|1729295226
|move|p1a: Skarmory|Spikes|p2a: Skarmory
|-sidestart|p2: duckstroyer|Spikes
|move|p2a: Skarmory|Roar|p1a: Skarmory
|drag|p1a: Zapdos|Zapdos|32/100 tox
|
|-weather|Sandstorm|[upkeep]
|-damage|p1a: Zapdos|26/100 tox|[from] Sandstorm
|-heal|p1a: Zapdos|32/100 tox|[from] item: Leftovers
|-damage|p1a: Zapdos|26/100 tox|[from] psn
|upkeep
|turn|31
|
|t:|1729295234
|switch|p2a: Swampert|Swampert, F|100/100
|-damage|p2a: Swampert|88/100|[from] Spikes
|move|p1a: Zapdos|Rest|p1a: Zapdos
|-status|p1a: Zapdos|slp|[from] move: Rest
|-heal|p1a: Zapdos|100/100 slp|[silent]
|
|-weather|Sandstorm|[upkeep]
|-damage|p1a: Zapdos|94/100 slp|[from] Sandstorm
|-heal|p1a: Zapdos|100/100 slp|[from] item: Leftovers
|-heal|p2a: Swampert|94/100|[from] item: Leftovers
|upkeep
|turn|32
|inactive|duckstroyer has 240 seconds left.
|inactive|jerdgerd has 270 seconds left.
|
|t:|1729295266
|cant|p1a: Zapdos|slp
|move|p1a: Zapdos|Sleep Talk|p1a: Zapdos
|move|p1a: Zapdos|Roar|p2a: Swampert|[from]Sleep Talk
|drag|p2a: Tyranitar|Tyranitar, F|54/100 tox
|-damage|p2a: Tyranitar|41/100 tox|[from] Spikes
|
|-weather|Sandstorm|[upkeep]
|-damage|p1a: Zapdos|94/100 slp|[from] Sandstorm
|-heal|p1a: Zapdos|100/100 slp|[from] item: Leftovers
|-heal|p2a: Tyranitar|48/100 tox|[from] item: Leftovers
|-damage|p2a: Tyranitar|41/100 tox|[from] psn
|upkeep
|turn|33
|inactive|jerdgerd has 270 seconds left.
|
|t:|1729295278
|switch|p1a: Flygon|Flygon, M|100/100
|move|p2a: Tyranitar|Rock Slide|p1a: Flygon|[miss]
|-miss|p2a: Tyranitar|p1a: Flygon
|
|-weather|Sandstorm|[upkeep]
|-heal|p2a: Tyranitar|48/100 tox|[from] item: Leftovers
|-damage|p2a: Tyranitar|35/100 tox|[from] psn
|upkeep
|turn|34
|
|t:|1729295287
|switch|p1a: Skarmory|Skarmory, M|61/100
|move|p2a: Tyranitar|Counter|p1a: Skarmory
|
|-weather|Sandstorm|[upkeep]
|-heal|p1a: Skarmory|67/100|[from] item: Leftovers
|-heal|p2a: Tyranitar|41/100 tox|[from] item: Leftovers
|-damage|p2a: Tyranitar|23/100 tox|[from] psn
|upkeep
|turn|35
|
|t:|1729295294
|move|p1a: Skarmory|Spikes|p2a: Tyranitar
|-sidestart|p2: duckstroyer|Spikes
|move|p2a: Tyranitar|Rock Slide|p1a: Skarmory
|-damage|p1a: Skarmory|35/100
|
|-weather|Sandstorm|[upkeep]
|-heal|p1a: Skarmory|41/100|[from] item: Leftovers
|-heal|p2a: Tyranitar|29/100 tox|[from] item: Leftovers
|-damage|p2a: Tyranitar|4/100 tox|[from] psn
|upkeep
|turn|36
|inactive|duckstroyer has 240 seconds left.
|
|t:|1729295304
|move|p1a: Skarmory|Spikes|p2a: Tyranitar
|-sidestart|p2: duckstroyer|Spikes
|move|p2a: Tyranitar|Rock Slide|p1a: Skarmory
|-damage|p1a: Skarmory|7/100
|
|-weather|Sandstorm|[upkeep]
|-heal|p1a: Skarmory|13/100|[from] item: Leftovers
|-heal|p2a: Tyranitar|10/100 tox|[from] item: Leftovers
|-damage|p2a: Tyranitar|0 fnt|[from] psn
|faint|p2a: Tyranitar
|upkeep
|inactive|duckstroyer has 240 seconds left.
|
|t:|1729295316
|switch|p2a: Blissey|Blissey, F|76/100
|-damage|p2a: Blissey|51/100|[from] Spikes
|turn|37
|
|t:|1729295321
|switch|p1a: Misdreavus|Misdreavus, F|66/100 slp
|move|p2a: Blissey|Soft-Boiled|p2a: Blissey
|-heal|p2a: Blissey|100/100
|
|-weather|Sandstorm|[upkeep]
|-damage|p1a: Misdreavus|59/100 slp|[from] Sandstorm
|-damage|p2a: Blissey|94/100|[from] Sandstorm
|-heal|p1a: Misdreavus|66/100 slp|[from] item: Leftovers
|-heal|p2a: Blissey|100/100|[from] item: Leftovers
|upkeep
|turn|38
|
|t:|1729295335
|switch|p2a: Skarmory|Skarmory, F|100/100
|cant|p1a: Misdreavus|slp
|
|-weather|Sandstorm|[upkeep]
|-damage|p1a: Misdreavus|59/100 slp|[from] Sandstorm
|-heal|p1a: Misdreavus|66/100 slp|[from] item: Leftovers
|upkeep
|turn|39
|
|t:|1729295349
|switch|p1a: Zapdos|Zapdos|100/100 slp
|move|p2a: Skarmory|Drill Peck|p1a: Zapdos
|-resisted|p1a: Zapdos
|-damage|p1a: Zapdos|90/100 slp
|
|-weather|Sandstorm|[upkeep]
|-damage|p1a: Zapdos|84/100 slp|[from] Sandstorm
|-heal|p1a: Zapdos|90/100 slp|[from] item: Leftovers
|upkeep
|turn|40
|
|t:|1729295358
|switch|p2a: Blissey|Blissey, F|100/100
|-damage|p2a: Blissey|76/100|[from] Spikes
|cant|p1a: Zapdos|slp
|
|-weather|Sandstorm|[upkeep]
|-damage|p1a: Zapdos|84/100 slp|[from] Sandstorm
|-damage|p2a: Blissey|69/100|[from] Sandstorm
|-heal|p1a: Zapdos|90/100 slp|[from] item: Leftovers
|-heal|p2a: Blissey|76/100|[from] item: Leftovers
|upkeep
|turn|41
|
|t:|1729295369
|switch|p1a: Misdreavus|Misdreavus, F|66/100 slp
|move|p2a: Blissey|Counter|p1a: Misdreavus
|
|-weather|Sandstorm|[upkeep]
|-damage|p1a: Misdreavus|59/100 slp|[from] Sandstorm
|-damage|p2a: Blissey|69/100|[from] Sandstorm
|-heal|p1a: Misdreavus|66/100 slp|[from] item: Leftovers
|-heal|p2a: Blissey|76/100|[from] item: Leftovers
|upkeep
|turn|42
|
|t:|1729295382
|-curestatus|p1a: Misdreavus|slp|[msg]
|move|p1a: Misdreavus|Thunderbolt|p2a: Blissey
|-damage|p2a: Blissey|69/100
|move|p2a: Blissey|Toxic|p1a: Misdreavus
|-status|p1a: Misdreavus|tox
|
|-weather|Sandstorm|[upkeep]
|-damage|p1a: Misdreavus|59/100 tox|[from] Sandstorm
|-damage|p2a: Blissey|62/100|[from] Sandstorm
|-heal|p1a: Misdreavus|66/100 tox|[from] item: Leftovers
|-damage|p1a: Misdreavus|59/100 tox|[from] psn
|-heal|p2a: Blissey|69/100|[from] item: Leftovers
|upkeep
|turn|43
|
|t:|1729295397
|switch|p2a: Swampert|Swampert, F|94/100
|-damage|p2a: Swampert|69/100|[from] Spikes
|move|p1a: Misdreavus|Mean Look|p2a: Swampert
|-activate|p2a: Swampert|trapped
|
|-weather|Sandstorm|[upkeep]
|-damage|p1a: Misdreavus|53/100 tox|[from] Sandstorm
|-heal|p1a: Misdreavus|59/100 tox|[from] item: Leftovers
|-damage|p1a: Misdreavus|47/100 tox|[from] psn
|-heal|p2a: Swampert|76/100|[from] item: Leftovers
|upkeep
|turn|44
|
|t:|1729295411
|switch|p1a: Skarmory|Skarmory, M|13/100
|move|p2a: Swampert|Hydro Pump|p1a: Skarmory
|-damage|p1a: Skarmory|0 fnt
|faint|p1a: Skarmory
|
|t:|1729295417
|switch|p1a: Moltres|Moltres|100/100
|
|-weather|Sandstorm|[upkeep]
|-damage|p1a: Moltres|94/100|[from] Sandstorm
|-heal|p1a: Moltres|100/100|[from] item: Leftovers
|-heal|p2a: Swampert|82/100|[from] item: Leftovers
|upkeep
|turn|45
|
|t:|1729295427
|move|p1a: Moltres|Hidden Power|p2a: Swampert
|-supereffective|p2a: Swampert
|-damage|p2a: Swampert|0 fnt
|faint|p2a: Swampert
|
|t:|1729295430
|switch|p2a: Blissey|Blissey, F|69/100
|-damage|p2a: Blissey|44/100|[from] Spikes
|
|-weather|Sandstorm|[upkeep]
|-damage|p1a: Moltres|94/100|[from] Sandstorm
|-damage|p2a: Blissey|37/100|[from] Sandstorm
|-heal|p1a: Moltres|100/100|[from] item: Leftovers
|-heal|p2a: Blissey|44/100|[from] item: Leftovers
|upkeep
|turn|46
|
|t:|1729295440
|switch|p1a: Misdreavus|Misdreavus, F|47/100 tox
|move|p2a: Blissey|Soft-Boiled|p2a: Blissey
|-heal|p2a: Blissey|94/100
|
|-weather|Sandstorm|[upkeep]
|-damage|p1a: Misdreavus|41/100 tox|[from] Sandstorm
|-damage|p2a: Blissey|87/100|[from] Sandstorm
|-heal|p1a: Misdreavus|47/100 tox|[from] item: Leftovers
|-damage|p1a: Misdreavus|41/100 tox|[from] psn
|-heal|p2a: Blissey|94/100|[from] item: Leftovers
|upkeep
|turn|47
|c|☆duckstroyer|yeah idk why i didn't put it together that this was superman on turn 1
|c|☆jerdgerd|eh
|c|☆jerdgerd|skarm lead doesn't neccesarily give it away
|c|☆jerdgerd|but missy does lol
|inactive|jerdgerd has 270 seconds left.
|c|☆duckstroyer|i mean flygon does lol
|
|t:|1729295474
|switch|p2a: Skarmory|Skarmory, F|100/100
|move|p1a: Misdreavus|Rest|p1a: Misdreavus
|-status|p1a: Misdreavus|slp|[from] move: Rest
|-heal|p1a: Misdreavus|100/100 slp|[silent]
|
|-weather|Sandstorm|[upkeep]
|-damage|p1a: Misdreavus|94/100 slp|[from] Sandstorm
|-heal|p1a: Misdreavus|100/100 slp|[from] item: Leftovers
|upkeep
|turn|48
|c|☆jerdgerd|true
|c|☆jerdgerd|i've actually seen a cb flygon
|inactive|jerdgerd has 270 seconds left.
|c|☆jerdgerd|it was kinda crazy
|
|t:|1729295488
|switch|p1a: Zapdos|Zapdos|90/100 slp
|move|p2a: Skarmory|Drill Peck|p1a: Zapdos
|-resisted|p1a: Zapdos
|-damage|p1a: Zapdos|78/100 slp
|
|-weather|Sandstorm|[upkeep]
|-damage|p1a: Zapdos|72/100 slp|[from] Sandstorm
|-heal|p1a: Zapdos|78/100 slp|[from] item: Leftovers
|upkeep
|turn|49
|
|t:|1729295498
|move|p2a: Skarmory|Toxic||[still]
|-fail|p2a: Skarmory
|cant|p1a: Zapdos|slp
|
|-weather|Sandstorm|[upkeep]
|-damage|p1a: Zapdos|72/100 slp|[from] Sandstorm
|-heal|p1a: Zapdos|78/100 slp|[from] item: Leftovers
|upkeep
|turn|50
|c|☆duckstroyer|damn that's a slow bird
|c|☆jerdgerd|yeah this guy's fat asf
|inactive|duckstroyer has 270 seconds left.
|c|☆duckstroyer|yeah idt i can win from this position missy walls bliss 100% and i can't beat the 3 offensive threats
|c|☆duckstroyer|gg lol you stomped me
|-message|duckstroyer forfeited.
|
|win|jerdgerd
|c|☆jerdgerd|gg

</script>
<script type="application/json" class="data" id="replaydata-smogtours-gen3ou-799758">
{"id":"smogtours-gen3ou-799758","format":"[Gen 3] OU","players":["jerdgerd","duckstroyer"],"uploadtime":1729295540,"views":94,"formatid":"gen3ou","rating":null,"private":0,"password":null}
</script>

<script defer src="js/replays.js?9d40a366"></script>
