<!DOCTYPE html>
<meta charset="utf-8" />
<meta name="viewport" content="width=device-width" />

<title>[Gen 3] OU: luckii_girl vs. lt. pickles - Replays - Pok&eacute;mon Showdown!</title>

<meta name="description" content="Watch a replay of a Pok&eacute;mon battle between luckii_girl and lt. pickles! Format: [Gen 3] OU; Date: Oct 23, 2024" />
<!--

Hey, you! Looking in the source for the replay log?

You can find them in JSON format, just add `.json` at the end of a replay URL.

https://replay.pokemonshowdown.com/gen7randomdoublesbattle-865046831.json

Or, if you only need the log itself, add `.log` instead:

https://replay.pokemonshowdown.com/gen7randomdoublesbattle-865046831.log

-->

<link rel="stylesheet" href="//pokemonshowdown.com/style/global.css?0.023195364461161105" />
<link rel="stylesheet" href="//play.pokemonshowdown.com/style/font-awesome.css?0.13261647063804238" />
<link rel="stylesheet" href="//play.pokemonshowdown.com/style/battle.css?0.8753245789963631" />
<link rel="stylesheet" href="//play.pokemonshowdown.com/style/utilichart.css?0.8627959624976733" />

<!-- Global site tag (gtag.js) - Google Analytics -->
<script async src="https://www.googletagmanager.com/gtag/js?id=UA-26211653-1"></script>
<script>
  window.dataLayer = window.dataLayer || [];
  function gtag(){dataLayer.push(arguments);}
  gtag('js', new Date());

  gtag('config', 'UA-26211653-1');
</script>
<!-- End Google Analytics -->
<!-- Venatus Ad Manager - Install in <HEAD> of page -->
	<script src="https://hb.vntsm.com/v3/live/ad-manager.min.js" type="text/javascript" data-site-id="642aba63ec9a7b11c3c9c1be" data-mode="scan" async></script>
<!-- / Venatus Ad Manager -->

<style>
	@media (max-width:820px) {
		.battle {
			margin: 0 auto;
		}
		.battle-log {
			margin: 7px auto 0;
			max-width: 640px;
			height: 300px;
			position: static;
		}
	}
	.optgroup {
		display: inline-block;
		line-height: 22px;
		font-size: 10pt;
	}
	.optgroup .button {
		height: 25px;
		padding-top: 0;
		padding-bottom: 0;
	}
	.optgroup button.button {
		padding-left: 12px;
		padding-right: 12px;
	}
	.linklist {
		list-style: none;
		margin: 0.5em 0;
		padding: 0;
	}
	.linklist li {
		padding: 2px 0;
	}
	.sidebar {
		float: left;
		width: 320px;
	}
	.bar-wrapper {
		max-width: 1100px;
		margin: 0 auto;
	}
	.bar-wrapper.has-sidebar {
		max-width: 1430px;
	}
	.mainbar {
		margin: 0;
		padding-right: 1px;
	}
	.mainbar.has-sidebar {
		margin-left: 330px;
	}
	@media (min-width: 1511px) {
		.sidebar {
			width: 400px;
		}
		.bar-wrapper.has-sidebar {
			max-width: 1510px;
		}
		.mainbar.has-sidebar {
			margin-left: 410px;
		}
	}
	.section.first-section {
		margin-top: 9px;
	}
	.blocklink small {
		white-space: normal;
	}
	.button {
		vertical-align: middle;
	}
	.replay-controls {
		padding-top: 10px;
	}
	.replay-controls h1 {
		font-size: 16pt;
		font-weight: normal;
		color: #CCC;
	}
	.pagelink {
		text-align: center;
	}
	.pagelink a {
		width: 150px;
	}
	.textbox, .button {
		font-size: 11pt;
		vertical-align: middle;
	}
	@media (max-width: 450px) {
		.button {
			font-size: 9pt;
		}
	}
</style>

<div>

	<header>
		<div class="nav-wrapper"><ul class="nav">
			<li><a class="button nav-first" href="//pokemonshowdown.com/"><img src="//pokemonshowdown.com/images/pokemonshowdownbeta.png" srcset="//pokemonshowdown.com/images/pokemonshowdownbeta.png 1x, //pokemonshowdown.com/images/pokemonshowdownbeta@2x.png 2x" alt="Pok&eacute;mon Showdown" width="146" height="44" /> Home</a></li>
			<li><a class="button" href="//pokemonshowdown.com/dex/">Pok&eacute;dex</a></li>
			<li><a class="button cur" href="/">Replays</a></li>
			<li><a class="button" href="//pokemonshowdown.com/ladder/">Ladder</a></li>
			<li><a class="button nav-last" href="//pokemonshowdown.com/forums/">Forum</a></li>
			<li><a class="button greenbutton nav-first nav-last" href="//play.pokemonshowdown.com/">Play</a></li>
		</ul></div>
	</header>

	<div class="main" id="main">

		<noscript><section class="section">You need to enable JavaScript to use this page; sorry!</section></noscript>

	</div>

</div>

<script defer nomodule src="//play.pokemonshowdown.com/js/lib/ps-polyfill.js"></script>
<script defer src="//play.pokemonshowdown.com/js/lib/preact.min.js"></script>

<script defer src="//play.pokemonshowdown.com/config/config.js?2bddbc15"></script>
<script defer src="//play.pokemonshowdown.com/js/lib/jquery-1.11.0.min.js"></script>
<script defer src="//play.pokemonshowdown.com/js/lib/html-sanitizer-minified.js"></script>
<script defer src="//play.pokemonshowdown.com/js/battle-sound.js"></script>
<script defer src="//play.pokemonshowdown.com/js/battledata.js?0.7209276989879541"></script>
<script defer src="//play.pokemonshowdown.com/data/pokedex-mini.js?0.6111056340867951"></script>
<script defer src="//play.pokemonshowdown.com/data/pokedex-mini-bw.js?0.3532142036491459"></script>
<script defer src="//play.pokemonshowdown.com/data/graphics.js?0.24223875632456182"></script>
<script defer src="//play.pokemonshowdown.com/data/pokedex.js?0.38839984266356864"></script>
<script defer src="//play.pokemonshowdown.com/data/moves.js?0.21866028504024015"></script>
<script defer src="//play.pokemonshowdown.com/data/abilities.js?0.2005157953846628"></script>
<script defer src="//play.pokemonshowdown.com/data/items.js?0.9894211263848525"></script>
<script defer src="//play.pokemonshowdown.com/data/teambuilder-tables.js?0.6008791140282215"></script>
<script defer src="//play.pokemonshowdown.com/js/battle-tooltips.js?0.7580118955022959"></script>
<script defer src="//play.pokemonshowdown.com/js/battle.js?0.6057722274234274"></script>

<script defer src="js/utils.js?e31f9a17"></script>
<script defer src="js/replays-battle.js?7008c182"></script>

<!-- don't scrape this data! just add .json or .log after the URL!
Full API docs: https://github.com/smogon/pokemon-showdown-client/blob/master/WEB-API.md -->
<script type="text/plain" class="log" id="replaylog-smogtours-gen3ou-801408">
|inactive|Battle timer is ON: inactive players will automatically lose when time's up.
|t:|1729711117
|gametype|singles
|player|p1|luckii_girl|caitlin|
|player|p2|lt. pickles|ltsurge|
|teamsize|p1|6
|teamsize|p2|6
|gen|3
|tier|[Gen 3] OU
|rule|Sleep Clause Mod: Limit one foe put to sleep
|rule|Switch Priority Clause Mod: Faster Pokémon switch first
|rule|Species Clause: Limit one of each Pokémon
|rule|OHKO Clause: OHKO moves are banned
|rule|Evasion Items Clause: Evasion items are banned
|rule|Evasion Moves Clause: Evasion moves are banned
|rule|Endless Battle Clause: Forcing endless battles is banned
|rule|HP Percentage Mod: HP is shown in percentages
|rule|One Boost Passer Clause: Limit one Baton Passer that has a way to boost its stats
|rule|Freeze Clause Mod: Limit one foe frozen
|
|t:|1729711117
|start
|switch|p1a: Celebi|Celebi|100/100
|switch|p2a: Tyranitar|Tyranitar, F|100/100
|-weather|Sandstorm|[from] ability: Sand Stream|[of] p2a: Tyranitar
|turn|1
|inactive|luckii_girl has 270 seconds left.
|inactive|lt. pickles has 270 seconds left.
|
|t:|1729711173
|move|p1a: Celebi|Substitute|p1a: Celebi
|-start|p1a: Celebi|Substitute
|-damage|p1a: Celebi|76/100
|move|p2a: Tyranitar|Dragon Dance|p2a: Tyranitar
|-boost|p2a: Tyranitar|atk|1
|-boost|p2a: Tyranitar|spe|1
|
|-weather|Sandstorm|[upkeep]
|-damage|p1a: Celebi|69/100|[from] Sandstorm
|-heal|p1a: Celebi|76/100|[from] item: Leftovers
|upkeep
|turn|2
|
|t:|1729711187
|move|p2a: Tyranitar|Hidden Power|p1a: Celebi
|-supereffective|p1a: Celebi
|-end|p1a: Celebi|Substitute
|move|p1a: Celebi|Baton Pass|p1a: Celebi
|
|t:|1729711190
|switch|p1a: Skarmory|Skarmory, M|100/100|[from] Baton Pass
|
|-weather|Sandstorm|[upkeep]
|upkeep
|turn|3
|
|t:|1729711198
|move|p2a: Tyranitar|Rock Slide|p1a: Skarmory
|-damage|p1a: Skarmory|67/100
|cant|p1a: Skarmory|flinch
|
|-weather|Sandstorm|[upkeep]
|upkeep
|turn|4
|
|t:|1729711208
|move|p2a: Tyranitar|Dragon Dance|p2a: Tyranitar
|-boost|p2a: Tyranitar|atk|1
|-boost|p2a: Tyranitar|spe|1
|move|p1a: Skarmory|Spikes|p2a: Tyranitar
|-sidestart|p2: lt. pickles|Spikes
|
|-weather|Sandstorm|[upkeep]
|upkeep
|turn|5
|
|t:|1729711219
|move|p2a: Tyranitar|Rock Slide|p1a: Skarmory
|-damage|p1a: Skarmory|21/100
|move|p1a: Skarmory|Roar|p2a: Tyranitar
|drag|p2a: Skarmory|Skarmory, F|100/100
|
|-weather|Sandstorm|[upkeep]
|upkeep
|turn|6
|inactive|lt. pickles has 270 seconds left.
|
|t:|1729711262
|switch|p2a: Zapdos|Zapdos|100/100
|move|p1a: Skarmory|Rest|p1a: Skarmory
|-status|p1a: Skarmory|slp|[from] move: Rest
|-heal|p1a: Skarmory|100/100 slp|[silent]
|-enditem|p1a: Skarmory|Chesto Berry|[eat]
|-curestatus|p1a: Skarmory|slp|[msg]
|
|-weather|Sandstorm|[upkeep]
|-damage|p2a: Zapdos|94/100|[from] Sandstorm
|-heal|p2a: Zapdos|100/100|[from] item: Leftovers
|upkeep
|turn|7
|inactive|luckii_girl has 270 seconds left.
|
|t:|1729711292
|switch|p1a: Blissey|Blissey, F|100/100
|move|p2a: Zapdos|Thunderbolt|p1a: Blissey
|-damage|p1a: Blissey|83/100
|
|-weather|Sandstorm|[upkeep]
|-damage|p2a: Zapdos|94/100|[from] Sandstorm
|-damage|p1a: Blissey|77/100|[from] Sandstorm
|-heal|p2a: Zapdos|100/100|[from] item: Leftovers
|-heal|p1a: Blissey|83/100|[from] item: Leftovers
|upkeep
|turn|8
|
|t:|1729711311
|move|p2a: Zapdos|Baton Pass|p2a: Zapdos
|inactive|lt. pickles has 240 seconds left.
|
|t:|1729711322
|switch|p2a: Tyranitar|Tyranitar, F|100/100|[from] Baton Pass
|-damage|p2a: Tyranitar|88/100|[from] Spikes
|move|p1a: Blissey|Light Screen|p1a: Blissey
|-sidestart|p1: luckii_girl|Light Screen
|
|-weather|Sandstorm|[upkeep]
|-damage|p1a: Blissey|77/100|[from] Sandstorm
|-heal|p2a: Tyranitar|94/100|[from] item: Leftovers
|-heal|p1a: Blissey|83/100|[from] item: Leftovers
|upkeep
|turn|9
|inactive|lt. pickles has 240 seconds left.
|
|t:|1729711338
|move|p2a: Tyranitar|Dragon Dance|p2a: Tyranitar
|-boost|p2a: Tyranitar|atk|1
|-boost|p2a: Tyranitar|spe|1
|move|p1a: Blissey|Thunder Wave|p2a: Tyranitar
|-status|p2a: Tyranitar|par
|
|-weather|Sandstorm|[upkeep]
|-damage|p1a: Blissey|77/100|[from] Sandstorm
|-heal|p1a: Blissey|83/100|[from] item: Leftovers
|-heal|p2a: Tyranitar|100/100 par|[from] item: Leftovers
|upkeep
|turn|10
|inactive|lt. pickles has 240 seconds left.
|
|t:|1729711346
|cant|p2a: Tyranitar|par
|move|p1a: Blissey|Counter|p2a: Tyranitar
|
|-weather|Sandstorm|[upkeep]
|-damage|p1a: Blissey|77/100|[from] Sandstorm
|-heal|p1a: Blissey|83/100|[from] item: Leftovers
|upkeep
|turn|11
|c|☆luckii_girl|unfort
|c|☆lt. pickles|oh boy
|inactive|lt. pickles has 240 seconds left.
|
|t:|1729711376
|switch|p1a: Swampert|Swampert, M|100/100
|move|p2a: Tyranitar|Dragon Dance|p2a: Tyranitar
|-boost|p2a: Tyranitar|atk|1
|-boost|p2a: Tyranitar|spe|1
|
|-weather|Sandstorm|[upkeep]
|upkeep
|turn|12
|inactive|lt. pickles has 240 seconds left.
|
|t:|1729711401
|move|p1a: Swampert|Earthquake|p2a: Tyranitar
|-supereffective|p2a: Tyranitar
|-damage|p2a: Tyranitar|38/100 par
|move|p2a: Tyranitar|Earthquake|p1a: Swampert
|-damage|p1a: Swampert|38/100
|
|-sideend|p1: luckii_girl|Light Screen
|-weather|Sandstorm|[upkeep]
|-heal|p1a: Swampert|44/100|[from] item: Leftovers
|-heal|p2a: Tyranitar|44/100 par|[from] item: Leftovers
|upkeep
|turn|13
|inactive|lt. pickles has 210 seconds left.
|inactive|lt. pickles disconnected and has 300 seconds to reconnect!
|player|p2|
|inactive|lt. pickles has 270 seconds to reconnect!
|inactive|lt. pickles reconnected and has 210 seconds left.
|player|p2|lt. pickles|ltsurge|
|
|t:|1729711505
|move|p1a: Swampert|Surf|p2a: Tyranitar
|-supereffective|p2a: Tyranitar
|-damage|p2a: Tyranitar|0 fnt
|faint|p2a: Tyranitar
|
|t:|1729711514
|switch|p2a: Zapdos|Zapdos|100/100
|
|-weather|Sandstorm|[upkeep]
|-damage|p2a: Zapdos|94/100|[from] Sandstorm
|-heal|p2a: Zapdos|100/100|[from] item: Leftovers
|-heal|p1a: Swampert|50/100|[from] item: Leftovers
|upkeep
|turn|14
|
|t:|1729711527
|switch|p1a: Celebi|Celebi|76/100
|move|p2a: Zapdos|Baton Pass|p2a: Zapdos
|
|t:|1729711537
|switch|p2a: Aerodactyl|Aerodactyl, M|100/100|[from] Baton Pass
|
|-weather|Sandstorm|[upkeep]
|-damage|p1a: Celebi|69/100|[from] Sandstorm
|-heal|p1a: Celebi|76/100|[from] item: Leftovers
|upkeep
|turn|15
|
|t:|1729711555
|switch|p1a: Skarmory|Skarmory, M|100/100
|move|p2a: Aerodactyl|Hidden Power|p1a: Skarmory
|-resisted|p1a: Skarmory
|-damage|p1a: Skarmory|87/100
|
|-weather|Sandstorm|[upkeep]
|upkeep
|turn|16
|
|t:|1729711567
|switch|p2a: Gengar|Gengar, M|100/100
|move|p1a: Skarmory|Spikes|p2a: Gengar
|-sidestart|p2: lt. pickles|Spikes
|
|-weather|Sandstorm|[upkeep]
|-damage|p2a: Gengar|94/100|[from] Sandstorm
|-heal|p2a: Gengar|100/100|[from] item: Leftovers
|upkeep
|turn|17
|
|t:|1729711592
|move|p1a: Skarmory|Protect|p1a: Skarmory
|-singleturn|p1a: Skarmory|Protect
|move|p2a: Gengar|Will-O-Wisp|p1a: Skarmory
|-activate|p1a: Skarmory|Protect
|
|-weather|Sandstorm|[upkeep]
|-damage|p2a: Gengar|94/100|[from] Sandstorm
|-heal|p2a: Gengar|100/100|[from] item: Leftovers
|upkeep
|turn|18
|
|t:|1729711609
|switch|p1a: Blissey|Blissey, F|83/100
|move|p2a: Gengar|Will-O-Wisp|p1a: Blissey
|-status|p1a: Blissey|brn
|
|-weather|Sandstorm|[upkeep]
|-damage|p2a: Gengar|94/100|[from] Sandstorm
|-damage|p1a: Blissey|77/100 brn|[from] Sandstorm
|-heal|p2a: Gengar|100/100|[from] item: Leftovers
|-heal|p1a: Blissey|83/100 brn|[from] item: Leftovers
|-damage|p1a: Blissey|71/100 brn|[from] brn
|upkeep
|turn|19
|inactive|luckii_girl has 270 seconds left.
|
|t:|1729711637
|-curestatus|p1a: Blissey|brn|[from] ability: Natural Cure
|switch|p1a: Celebi|Celebi|76/100
|move|p2a: Gengar|Taunt|p1a: Celebi
|-start|p1a: Celebi|move: Taunt
|
|-weather|Sandstorm|[upkeep]
|-damage|p2a: Gengar|94/100|[from] Sandstorm
|-damage|p1a: Celebi|69/100|[from] Sandstorm
|-heal|p2a: Gengar|100/100|[from] item: Leftovers
|-heal|p1a: Celebi|76/100|[from] item: Leftovers
|upkeep
|turn|20
|
|t:|1729711656
|switch|p1a: Blissey|Blissey, F|71/100
|move|p2a: Gengar|Will-O-Wisp|p1a: Blissey
|-status|p1a: Blissey|brn
|
|-weather|Sandstorm|[upkeep]
|-damage|p2a: Gengar|94/100|[from] Sandstorm
|-damage|p1a: Blissey|65/100 brn|[from] Sandstorm
|-heal|p2a: Gengar|100/100|[from] item: Leftovers
|-heal|p1a: Blissey|71/100 brn|[from] item: Leftovers
|-damage|p1a: Blissey|59/100 brn|[from] brn
|upkeep
|turn|21
|
|t:|1729711666
|-curestatus|p1a: Blissey|brn|[from] ability: Natural Cure
|switch|p1a: Starmie|Starmie|100/100
|move|p2a: Gengar|Taunt|p1a: Starmie
|-start|p1a: Starmie|move: Taunt
|
|-weather|Sandstorm|[upkeep]
|-damage|p1a: Starmie|94/100|[from] Sandstorm
|-damage|p2a: Gengar|94/100|[from] Sandstorm
|-heal|p2a: Gengar|100/100|[from] item: Leftovers
|upkeep
|turn|22
|inactive|lt. pickles has 180 seconds left.
|
|t:|1729711682
|move|p1a: Starmie|Psychic|p2a: Gengar
|-supereffective|p2a: Gengar
|-damage|p2a: Gengar|1/100
|move|p2a: Gengar|Thunderbolt|p1a: Starmie
|-supereffective|p1a: Starmie
|-damage|p1a: Starmie|10/100
|
|-weather|Sandstorm|[upkeep]
|-damage|p1a: Starmie|4/100|[from] Sandstorm
|-damage|p2a: Gengar|0 fnt|[from] Sandstorm
|faint|p2a: Gengar
|-end|p1a: Starmie|move: Taunt|[silent]
|upkeep
|inactive|lt. pickles has 180 seconds left.
|c|☆luckii_girl|SIGH
|c|☆luckii_girl|shouldve run twistedspoon smh
|c|☆lt. pickles|lmao
|inactive|lt. pickles has 150 seconds left.
|
|t:|1729711720
|switch|p2a: Aerodactyl|Aerodactyl, M|100/100
|turn|23
|inactive|luckii_girl has 270 seconds left.
|
|t:|1729711742
|switch|p1a: Skarmory|Skarmory, M|87/100
|move|p2a: Aerodactyl|Rock Slide|p1a: Skarmory
|-damage|p1a: Skarmory|55/100
|
|-weather|Sandstorm|[upkeep]
|upkeep
|turn|24
|inactive|lt. pickles has 150 seconds left.
|
|t:|1729711760
|switch|p2a: Zapdos|Zapdos|100/100
|move|p1a: Skarmory|Roar|p2a: Zapdos
|drag|p2a: Aerodactyl|Aerodactyl, M|100/100
|
|-weather|Sandstorm|[upkeep]
|upkeep
|turn|25
|c|☆luckii_girl|ok awesome
|c|☆lt. pickles|hi
|c|☆luckii_girl|haii
|c|☆lt. pickles|its me again
|c|☆luckii_girl|lmaoo
|inactive|luckii_girl has 240 seconds left.
|
|t:|1729711793
|move|p2a: Aerodactyl|Rock Slide|p1a: Skarmory
|-damage|p1a: Skarmory|26/100
|cant|p1a: Skarmory|flinch
|
|-weather|Sandstorm|[upkeep]
|upkeep
|turn|26
|inactive|luckii_girl has 240 seconds left.
|c|☆luckii_girl|SIGHHHHHHHHH
|c|☆lt. pickles|sry
|inactive|lt. pickles has 150 seconds left.
|c|☆luckii_girl|ur good
|
|t:|1729711826
|switch|p1a: Swampert|Swampert, M|50/100
|move|p2a: Aerodactyl|Rock Slide|p1a: Swampert
|-resisted|p1a: Swampert
|-damage|p1a: Swampert|28/100
|
|-weather|Sandstorm|[upkeep]
|-heal|p1a: Swampert|34/100|[from] item: Leftovers
|upkeep
|turn|27
|inactive|lt. pickles has 150 seconds left.
|
|t:|1729711843
|switch|p2a: Swampert|Swampert, M|100/100
|-damage|p2a: Swampert|84/100|[from] Spikes
|move|p1a: Swampert|Toxic|p2a: Swampert
|-status|p2a: Swampert|tox
|
|-weather|Sandstorm|[upkeep]
|-heal|p2a: Swampert|90/100 tox|[from] item: Leftovers
|-damage|p2a: Swampert|84/100 tox|[from] psn
|-heal|p1a: Swampert|40/100|[from] item: Leftovers
|upkeep
|turn|28
|inactive|lt. pickles has 150 seconds left.
|inactive|luckii_girl has 210 seconds left.
|
|t:|1729711864
|switch|p1a: Blissey|Blissey, F|59/100
|move|p2a: Swampert|Refresh|p2a: Swampert
|-curestatus|p2a: Swampert|tox|[msg]
|
|-weather|Sandstorm|[upkeep]
|-damage|p1a: Blissey|52/100|[from] Sandstorm
|-heal|p2a: Swampert|90/100|[from] item: Leftovers
|-heal|p1a: Blissey|59/100|[from] item: Leftovers
|upkeep
|turn|29
|
|t:|1729711872
|move|p2a: Swampert|Toxic|p1a: Blissey
|-status|p1a: Blissey|tox
|move|p1a: Blissey|Light Screen|p1a: Blissey
|-sidestart|p1: luckii_girl|Light Screen
|
|-weather|Sandstorm|[upkeep]
|-damage|p1a: Blissey|52/100 tox|[from] Sandstorm
|-heal|p2a: Swampert|96/100|[from] item: Leftovers
|-heal|p1a: Blissey|59/100 tox|[from] item: Leftovers
|-damage|p1a: Blissey|52/100 tox|[from] psn
|upkeep
|turn|30
|
|t:|1729711887
|switch|p2a: Skarmory|Skarmory, F|100/100
|-curestatus|p1a: Blissey|tox|[from] ability: Natural Cure
|switch|p1a: Celebi|Celebi|76/100
|
|-weather|Sandstorm|[upkeep]
|-damage|p1a: Celebi|69/100|[from] Sandstorm
|-heal|p1a: Celebi|76/100|[from] item: Leftovers
|upkeep
|turn|31
|inactive|lt. pickles has 150 seconds left.
|inactive|luckii_girl has 210 seconds left.
|
|t:|1729711928
|move|p1a: Celebi|Leech Seed|p2a: Skarmory
|-start|p2a: Skarmory|move: Leech Seed
|move|p2a: Skarmory|Drill Peck|p1a: Celebi
|-supereffective|p1a: Celebi
|-damage|p1a: Celebi|39/100
|
|-weather|Sandstorm|[upkeep]
|-damage|p1a: Celebi|33/100|[from] Sandstorm
|-heal|p1a: Celebi|39/100|[from] item: Leftovers
|-damage|p2a: Skarmory|88/100|[from] Leech Seed|[of] p1a: Celebi
|-heal|p1a: Celebi|49/100|[silent]
|upkeep
|turn|32
|inactive|luckii_girl has 210 seconds left.
|
|t:|1729711939
|move|p1a: Celebi|Swords Dance|p1a: Celebi
|-boost|p1a: Celebi|atk|2
|move|p2a: Skarmory|Spikes|p1a: Celebi
|-sidestart|p1: luckii_girl|Spikes
|
|-weather|Sandstorm|[upkeep]
|-damage|p1a: Celebi|43/100|[from] Sandstorm
|-heal|p1a: Celebi|49/100|[from] item: Leftovers
|-heal|p2a: Skarmory|94/100|[from] item: Leftovers
|-damage|p2a: Skarmory|82/100|[from] Leech Seed|[of] p1a: Celebi
|-heal|p1a: Celebi|60/100|[silent]
|upkeep
|turn|33
|inactive|luckii_girl has 210 seconds left.
|
|t:|1729711957
|move|p1a: Celebi|Baton Pass|p1a: Celebi
|
|t:|1729711965
|switch|p1a: Aerodactyl|Aerodactyl, F|100/100|[from] Baton Pass
|move|p2a: Skarmory|Roar|p1a: Aerodactyl
|drag|p1a: Swampert|Swampert, M|40/100
|-damage|p1a: Swampert|28/100|[from] Spikes
|
|-sideend|p1: luckii_girl|Light Screen
|-weather|Sandstorm|[upkeep]
|-heal|p2a: Skarmory|88/100|[from] item: Leftovers
|-damage|p2a: Skarmory|76/100|[from] Leech Seed|[of] p1a: Swampert
|-heal|p1a: Swampert|38/100|[silent]
|-heal|p1a: Swampert|44/100|[from] item: Leftovers
|upkeep
|turn|34
|inactive|luckii_girl has 210 seconds left.
|inactive|lt. pickles has 150 seconds left.
|
|t:|1729711980
|switch|p2a: Zapdos|Zapdos|100/100
|move|p1a: Swampert|Surf|p2a: Zapdos
|-damage|p2a: Zapdos|73/100
|
|-weather|Sandstorm|[upkeep]
|-damage|p2a: Zapdos|67/100|[from] Sandstorm
|-heal|p2a: Zapdos|73/100|[from] item: Leftovers
|-heal|p1a: Swampert|50/100|[from] item: Leftovers
|upkeep
|turn|35
|inactive|lt. pickles has 150 seconds left.
|inactive|luckii_girl has 210 seconds left.
|
|t:|1729712016
|move|p2a: Zapdos|Hidden Power|p1a: Swampert
|-damage|p1a: Swampert|34/100
|move|p1a: Swampert|Toxic|p2a: Zapdos|[miss]
|-miss|p1a: Swampert|p2a: Zapdos
|
|-weather|Sandstorm|[upkeep]
|-damage|p2a: Zapdos|67/100|[from] Sandstorm
|-heal|p2a: Zapdos|73/100|[from] item: Leftovers
|-heal|p1a: Swampert|40/100|[from] item: Leftovers
|upkeep
|turn|36
|inactive|luckii_girl has 210 seconds left.
|
|t:|1729712024
|move|p2a: Zapdos|Baton Pass|p2a: Zapdos
|
|t:|1729712026
|switch|p2a: Skarmory|Skarmory, F|76/100|[from] Baton Pass
|move|p1a: Swampert|Surf|p2a: Skarmory
|-damage|p2a: Skarmory|49/100
|
|-weather|Sandstorm|[upkeep]
|-heal|p2a: Skarmory|55/100|[from] item: Leftovers
|-heal|p1a: Swampert|46/100|[from] item: Leftovers
|upkeep
|turn|37
|inactive|luckii_girl has 210 seconds left.
|
|t:|1729712053
|switch|p1a: Blissey|Blissey, F|52/100
|-damage|p1a: Blissey|40/100|[from] Spikes
|move|p2a: Skarmory|Spikes|p1a: Blissey
|-sidestart|p1: luckii_girl|Spikes
|
|-weather|Sandstorm|[upkeep]
|-damage|p1a: Blissey|34/100|[from] Sandstorm
|-heal|p2a: Skarmory|61/100|[from] item: Leftovers
|-heal|p1a: Blissey|40/100|[from] item: Leftovers
|upkeep
|turn|38
|
|t:|1729712065
|switch|p2a: Swampert|Swampert, M|96/100
|-damage|p2a: Swampert|80/100|[from] Spikes
|move|p1a: Blissey|Soft-Boiled|p1a: Blissey
|-heal|p1a: Blissey|90/100
|
|-weather|Sandstorm|[upkeep]
|-damage|p1a: Blissey|84/100|[from] Sandstorm
|-heal|p2a: Swampert|86/100|[from] item: Leftovers
|-heal|p1a: Blissey|90/100|[from] item: Leftovers
|upkeep
|turn|39
|inactive|luckii_girl has 210 seconds left.
|
|t:|1729712081
|switch|p1a: Skarmory|Skarmory, M|26/100
|move|p2a: Swampert|Toxic|p1a: Skarmory
|-immune|p1a: Skarmory
|
|-weather|Sandstorm|[upkeep]
|-heal|p2a: Swampert|92/100|[from] item: Leftovers
|upkeep
|turn|40
|
|t:|1729712104
|switch|p2a: Zapdos|Zapdos|73/100
|move|p1a: Skarmory|Spikes|p2a: Zapdos
|-sidestart|p2: lt. pickles|Spikes
|
|-weather|Sandstorm|[upkeep]
|-damage|p2a: Zapdos|67/100|[from] Sandstorm
|-heal|p2a: Zapdos|73/100|[from] item: Leftovers
|upkeep
|turn|41
|
|t:|1729712116
|move|p2a: Zapdos|Roar|p1a: Skarmory
|drag|p1a: Starmie|Starmie|4/100
|-damage|p1a: Starmie|0 fnt|[from] Spikes
|faint|p1a: Starmie
|c|☆lt. pickles|hi starmie
|inactive|luckii_girl has 210 seconds left.
|c|☆lt. pickles|bye starmie
|
|t:|1729712148
|switch|p1a: Swampert|Swampert, M|46/100
|-damage|p1a: Swampert|30/100|[from] Spikes
|
|-weather|Sandstorm|[upkeep]
|-damage|p2a: Zapdos|67/100|[from] Sandstorm
|-heal|p2a: Zapdos|73/100|[from] item: Leftovers
|-heal|p1a: Swampert|36/100|[from] item: Leftovers
|upkeep
|turn|42
|inactive|lt. pickles has 120 seconds left.
|
|t:|1729712187
|move|p1a: Swampert|Surf|p2a: Zapdos
|-damage|p2a: Zapdos|45/100
|move|p2a: Zapdos|Roar|p1a: Swampert
|drag|p1a: Celebi|Celebi|60/100
|-damage|p1a: Celebi|43/100|[from] Spikes
|
|-weather|Sandstorm|[upkeep]
|-damage|p2a: Zapdos|39/100|[from] Sandstorm
|-damage|p1a: Celebi|37/100|[from] Sandstorm
|-heal|p2a: Zapdos|45/100|[from] item: Leftovers
|-heal|p1a: Celebi|43/100|[from] item: Leftovers
|upkeep
|turn|43
|
|t:|1729712208
|move|p2a: Zapdos|Hidden Power|p1a: Celebi
|-supereffective|p1a: Celebi
|-damage|p1a: Celebi|13/100
|move|p1a: Celebi|Substitute|p1a: Celebi
|-fail|p1a: Celebi|move: Substitute|[weak]
|
|-weather|Sandstorm|[upkeep]
|-damage|p2a: Zapdos|39/100|[from] Sandstorm
|-damage|p1a: Celebi|7/100|[from] Sandstorm
|-heal|p2a: Zapdos|45/100|[from] item: Leftovers
|-heal|p1a: Celebi|13/100|[from] item: Leftovers
|upkeep
|turn|44
|
|t:|1729712221
|move|p2a: Zapdos|Hidden Power|p1a: Celebi
|-supereffective|p1a: Celebi
|-damage|p1a: Celebi|0 fnt
|faint|p1a: Celebi
|
|t:|1729712226
|switch|p1a: Aerodactyl|Aerodactyl, F|100/100
|
|-weather|Sandstorm|[upkeep]
|-damage|p2a: Zapdos|39/100|[from] Sandstorm
|-heal|p2a: Zapdos|45/100|[from] item: Leftovers
|upkeep
|turn|45
|
|t:|1729712252
|switch|p2a: Skarmory|Skarmory, F|61/100
|move|p1a: Aerodactyl|Substitute|p1a: Aerodactyl
|-start|p1a: Aerodactyl|Substitute
|-damage|p1a: Aerodactyl|76/100
|
|-weather|Sandstorm|[upkeep]
|-heal|p2a: Skarmory|67/100|[from] item: Leftovers
|upkeep
|turn|46
|
|t:|1729712261
|move|p2a: Skarmory|Protect|p2a: Skarmory
|-singleturn|p2a: Skarmory|Protect
|move|p1a: Aerodactyl|Rock Slide|p2a: Skarmory
|-activate|p2a: Skarmory|Protect
|
|-weather|Sandstorm|[upkeep]
|-heal|p2a: Skarmory|73/100|[from] item: Leftovers
|upkeep
|turn|47
|
|t:|1729712264
|move|p1a: Aerodactyl|Rock Slide|p2a: Skarmory
|-damage|p2a: Skarmory|47/100
|move|p2a: Skarmory|Roar|p1a: Aerodactyl
|drag|p1a: Blissey|Blissey, F|90/100
|-damage|p1a: Blissey|73/100|[from] Spikes
|
|-weather|Sandstorm|[upkeep]
|-damage|p1a: Blissey|67/100|[from] Sandstorm
|-heal|p2a: Skarmory|53/100|[from] item: Leftovers
|-heal|p1a: Blissey|73/100|[from] item: Leftovers
|upkeep
|turn|48
|
|t:|1729712290
|move|p2a: Skarmory|Protect|p2a: Skarmory
|-singleturn|p2a: Skarmory|Protect
|move|p1a: Blissey|Thunder Wave|p2a: Skarmory
|-activate|p2a: Skarmory|Protect
|
|-weather|Sandstorm|[upkeep]
|-damage|p1a: Blissey|67/100|[from] Sandstorm
|-heal|p2a: Skarmory|59/100|[from] item: Leftovers
|-heal|p1a: Blissey|73/100|[from] item: Leftovers
|upkeep
|turn|49
|inactive|luckii_girl has 210 seconds left.
|inactive|lt. pickles has 90 seconds left.
|
|t:|1729712311
|switch|p1a: Swampert|Swampert, M|36/100
|-damage|p1a: Swampert|19/100|[from] Spikes
|move|p2a: Skarmory|Spikes|p1a: Swampert
|-sidestart|p1: luckii_girl|Spikes
|
|-weather|Sandstorm|[upkeep]
|-heal|p2a: Skarmory|65/100|[from] item: Leftovers
|-heal|p1a: Swampert|25/100|[from] item: Leftovers
|upkeep
|turn|50
|inactive|luckii_girl has 210 seconds left.
|inactive|lt. pickles has 90 seconds left.
|
|t:|1729712323
|move|p2a: Skarmory|Protect|p2a: Skarmory
|-singleturn|p2a: Skarmory|Protect
|move|p1a: Swampert|Surf|p2a: Skarmory
|-activate|p2a: Skarmory|Protect
|
|-weather|Sandstorm|[upkeep]
|-heal|p2a: Skarmory|71/100|[from] item: Leftovers
|-heal|p1a: Swampert|32/100|[from] item: Leftovers
|upkeep
|turn|51
|inactive|lt. pickles has 90 seconds left.
|
|t:|1729712339
|switch|p2a: Swampert|Swampert, M|92/100
|-damage|p2a: Swampert|67/100|[from] Spikes
|move|p1a: Swampert|Surf|p2a: Swampert
|-damage|p2a: Swampert|29/100
|
|-weather|Sandstorm|[upkeep]
|-heal|p2a: Swampert|35/100|[from] item: Leftovers
|-heal|p1a: Swampert|38/100|[from] item: Leftovers
|upkeep
|turn|52
|inactive|lt. pickles has 90 seconds left.
|
|t:|1729712356
|switch|p1a: Skarmory|Skarmory, M|26/100
|move|p2a: Swampert|Surf|p1a: Skarmory
|-damage|p1a: Skarmory|0 fnt
|faint|p1a: Skarmory
|
|t:|1729712363
|switch|p1a: Aerodactyl|Aerodactyl, F|76/100
|
|-weather|Sandstorm|[upkeep]
|-heal|p2a: Swampert|42/100|[from] item: Leftovers
|upkeep
|turn|53
|inactive|lt. pickles has 90 seconds left.
|inactive|luckii_girl has 210 seconds left.
|
|t:|1729712407
|switch|p1a: Blissey|Blissey, F|73/100
|-damage|p1a: Blissey|48/100|[from] Spikes
|move|p2a: Swampert|Surf|p1a: Blissey
|-damage|p1a: Blissey|37/100
|
|-weather|Sandstorm|[upkeep]
|-damage|p1a: Blissey|31/100|[from] Sandstorm
|-heal|p2a: Swampert|48/100|[from] item: Leftovers
|-heal|p1a: Blissey|37/100|[from] item: Leftovers
|upkeep
|turn|54
|c|☆luckii_girl|i got nervous
|
|t:|1729712423
|move|p2a: Swampert|Toxic|p1a: Blissey|[miss]
|-miss|p2a: Swampert|p1a: Blissey
|move|p1a: Blissey|Light Screen|p1a: Blissey
|-sidestart|p1: luckii_girl|Light Screen
|
|-weather|Sandstorm|[upkeep]
|-damage|p1a: Blissey|31/100|[from] Sandstorm
|-heal|p2a: Swampert|54/100|[from] item: Leftovers
|-heal|p1a: Blissey|37/100|[from] item: Leftovers
|upkeep
|turn|55
|
|t:|1729712432
|move|p2a: Swampert|Toxic|p1a: Blissey
|-status|p1a: Blissey|tox
|move|p1a: Blissey|Soft-Boiled|p1a: Blissey
|-heal|p1a: Blissey|87/100 tox
|
|-weather|Sandstorm|[upkeep]
|-damage|p1a: Blissey|81/100 tox|[from] Sandstorm
|-heal|p2a: Swampert|60/100|[from] item: Leftovers
|-heal|p1a: Blissey|87/100 tox|[from] item: Leftovers
|-damage|p1a: Blissey|81/100 tox|[from] psn
|upkeep
|turn|56
|inactive|luckii_girl has 180 seconds left.
|inactive|luckii_girl has 150 seconds left.
|inactive|luckii_girl has 120 seconds left.
|c|☆luckii_girl|big fat fumble
|inactive|luckii_girl has 90 seconds left.
|
|t:|1729712555
|-curestatus|p1a: Blissey|tox|[from] ability: Natural Cure
|switch|p1a: Swampert|Swampert, M|38/100
|-damage|p1a: Swampert|13/100|[from] Spikes
|move|p2a: Swampert|Toxic|p1a: Swampert
|-status|p1a: Swampert|tox
|
|-weather|Sandstorm|[upkeep]
|-heal|p2a: Swampert|66/100|[from] item: Leftovers
|-heal|p1a: Swampert|19/100 tox|[from] item: Leftovers
|-damage|p1a: Swampert|13/100 tox|[from] psn
|upkeep
|turn|57
|inactive|luckii_girl has 90 seconds left.
|inactive|lt. pickles has 60 seconds left.
|
|t:|1729712578
|move|p2a: Swampert|Surf|p1a: Swampert
|-damage|p1a: Swampert|4/100 tox
|move|p1a: Swampert|Surf|p2a: Swampert
|-damage|p2a: Swampert|28/100
|
|-weather|Sandstorm|[upkeep]
|-heal|p2a: Swampert|34/100|[from] item: Leftovers
|-heal|p1a: Swampert|10/100 tox|[from] item: Leftovers
|-damage|p1a: Swampert|0 fnt|[from] psn
|faint|p1a: Swampert
|upkeep
|inactive|luckii_girl has 90 seconds left.
|
|t:|1729712586
|switch|p1a: Aerodactyl|Aerodactyl, F|76/100
|turn|58
|inactive|luckii_girl has 90 seconds left.
|inactive|lt. pickles has 60 seconds left.
|
|t:|1729712612
|move|p1a: Aerodactyl|Double-Edge|p2a: Swampert
|-crit|p2a: Swampert
|-damage|p2a: Swampert|0 fnt
|faint|p2a: Swampert
|inactive|lt. pickles has 30 seconds left.
|
|t:|1729712636
|switch|p2a: Skarmory|Skarmory, F|71/100
|
|-sideend|p1: luckii_girl|Light Screen
|-weather|Sandstorm|[upkeep]
|-heal|p2a: Skarmory|77/100|[from] item: Leftovers
|upkeep
|turn|59
|inactive|lt. pickles has 30 seconds left.
|inactive|lt. pickles has 20 seconds left.
|inactive|lt. pickles has 15 seconds left.
|inactive|lt. pickles has 10 seconds left.
|
|t:|1729712668
|move|p1a: Aerodactyl|Substitute|p1a: Aerodactyl
|-start|p1a: Aerodactyl|Substitute
|-damage|p1a: Aerodactyl|51/100
|move|p2a: Skarmory|Roar|p1a: Aerodactyl
|drag|p1a: Blissey|Blissey, F|81/100
|-damage|p1a: Blissey|56/100|[from] Spikes
|
|-weather|Sandstorm|[upkeep]
|-damage|p1a: Blissey|50/100|[from] Sandstorm
|-heal|p2a: Skarmory|83/100|[from] item: Leftovers
|-heal|p1a: Blissey|56/100|[from] item: Leftovers
|upkeep
|turn|60
|inactive|lt. pickles has 20 seconds left this turn.
|inactive|lt. pickles has 15 seconds left.
|inactive|lt. pickles has 10 seconds left.
|inactive|lt. pickles has 5 seconds left.
|
|t:|1729712685
|move|p2a: Skarmory|Protect|p2a: Skarmory
|-singleturn|p2a: Skarmory|Protect
|move|p1a: Blissey|Soft-Boiled|p1a: Blissey
|-heal|p1a: Blissey|100/100
|
|-weather|Sandstorm|[upkeep]
|-damage|p1a: Blissey|94/100|[from] Sandstorm
|-heal|p2a: Skarmory|89/100|[from] item: Leftovers
|-heal|p1a: Blissey|100/100|[from] item: Leftovers
|upkeep
|turn|61
|inactive|lt. pickles has 15 seconds left this turn.
|inactive|lt. pickles has 10 seconds left.
|inactive|lt. pickles has 5 seconds left.
|
|t:|1729712696
|move|p2a: Skarmory|Drill Peck|p1a: Blissey
|-damage|p1a: Blissey|81/100
|move|p1a: Blissey|Thunder Wave|p2a: Skarmory
|-status|p2a: Skarmory|par
|
|-weather|Sandstorm|[upkeep]
|-damage|p1a: Blissey|75/100|[from] Sandstorm
|-heal|p1a: Blissey|81/100|[from] item: Leftovers
|-heal|p2a: Skarmory|95/100 par|[from] item: Leftovers
|upkeep
|turn|62
|inactive|lt. pickles has 15 seconds left this turn.
|inactive|lt. pickles has 10 seconds left.
|
|t:|1729712703
|cant|p2a: Skarmory|par
|move|p1a: Blissey|Counter|p2a: Skarmory
|
|-weather|Sandstorm|[upkeep]
|-damage|p1a: Blissey|75/100|[from] Sandstorm
|-heal|p1a: Blissey|81/100|[from] item: Leftovers
|-heal|p2a: Skarmory|100/100 par|[from] item: Leftovers
|upkeep
|turn|63
|inactive|lt. pickles has 20 seconds left this turn.
|
|t:|1729712707
|move|p2a: Skarmory|Drill Peck|p1a: Blissey
|-damage|p1a: Blissey|61/100
|move|p1a: Blissey|Counter|p2a: Skarmory
|-damage|p2a: Skarmory|18/100 par
|
|-weather|Sandstorm|[upkeep]
|-damage|p1a: Blissey|55/100|[from] Sandstorm
|-heal|p1a: Blissey|61/100|[from] item: Leftovers
|-heal|p2a: Skarmory|24/100 par|[from] item: Leftovers
|upkeep
|turn|64
|inactive|lt. pickles has 30 seconds left this turn.
|inactive|lt. pickles has 20 seconds left.
|
|t:|1729712717
|move|p2a: Skarmory|Protect|p2a: Skarmory
|-singleturn|p2a: Skarmory|Protect
|move|p1a: Blissey|Soft-Boiled|p1a: Blissey
|-heal|p1a: Blissey|100/100
|
|-weather|Sandstorm|[upkeep]
|-damage|p1a: Blissey|94/100|[from] Sandstorm
|-heal|p1a: Blissey|100/100|[from] item: Leftovers
|-heal|p2a: Skarmory|30/100 par|[from] item: Leftovers
|upkeep
|turn|65
|inactive|lt. pickles has 30 seconds left this turn.
|inactive|luckii_girl has 120 seconds left.
|
|t:|1729712735
|switch|p1a: Aerodactyl|Aerodactyl, F|51/100
|move|p2a: Skarmory|Drill Peck|p1a: Aerodactyl
|-resisted|p1a: Aerodactyl
|-damage|p1a: Aerodactyl|32/100
|
|-weather|Sandstorm|[upkeep]
|-heal|p2a: Skarmory|36/100 par|[from] item: Leftovers
|upkeep
|turn|66
|
|t:|1729712744
|move|p1a: Aerodactyl|Substitute|p1a: Aerodactyl
|-start|p1a: Aerodactyl|Substitute
|-damage|p1a: Aerodactyl|7/100
|move|p2a: Skarmory|Roar|p1a: Aerodactyl
|drag|p1a: Blissey|Blissey, F|100/100
|-damage|p1a: Blissey|75/100|[from] Spikes
|
|-weather|Sandstorm|[upkeep]
|-damage|p1a: Blissey|69/100|[from] Sandstorm
|-heal|p1a: Blissey|75/100|[from] item: Leftovers
|-heal|p2a: Skarmory|42/100 par|[from] item: Leftovers
|upkeep
|turn|67
|
|t:|1729712758
|move|p2a: Skarmory|Drill Peck|p1a: Blissey
|-damage|p1a: Blissey|55/100
|move|p1a: Blissey|Counter|p2a: Skarmory
|-damage|p2a: Skarmory|0 fnt
|faint|p2a: Skarmory
|
|t:|1729712760
|switch|p2a: Aerodactyl|Aerodactyl, M|100/100
|
|-weather|Sandstorm|[upkeep]
|-damage|p1a: Blissey|49/100|[from] Sandstorm
|-heal|p1a: Blissey|55/100|[from] item: Leftovers
|upkeep
|turn|68
|
|t:|1729712781
|move|p2a: Aerodactyl|Double-Edge|p1a: Blissey
|-damage|p1a: Blissey|6/100
|move|p1a: Blissey|Counter|p2a: Aerodactyl
|-damage|p2a: Aerodactyl|0 fnt
|faint|p2a: Aerodactyl
|
|t:|1729712789
|switch|p2a: Zapdos|Zapdos|45/100
|
|-weather|Sandstorm|[upkeep]
|-damage|p2a: Zapdos|39/100|[from] Sandstorm
|-damage|p1a: Blissey|0 fnt|[from] Sandstorm
|faint|p1a: Blissey
|-heal|p2a: Zapdos|45/100|[from] item: Leftovers
|upkeep
|c|☆lt. pickles|nooo
|
|t:|1729712794
|switch|p1a: Aerodactyl|Aerodactyl, F|7/100
|turn|69
|inactive|luckii_girl has 150 seconds left.
|c|☆luckii_girl|if i miss this rock slide
|c|☆luckii_girl|omg
|c|☆lt. pickles|prayge
|c|☆lt. pickles|miss
|inactive|luckii_girl has 120 seconds left.
|
|t:|1729712848
|move|p1a: Aerodactyl|Rock Slide|p2a: Zapdos
|-supereffective|p2a: Zapdos
|-damage|p2a: Zapdos|0 fnt
|faint|p2a: Zapdos
|
|win|luckii_girl
|c|☆lt. pickles|unfort
|c|☆luckii_girl|gg goat
|c|☆lt. pickles|ggs
|c|☆lt. pickles|gimme a few mins for g2

</script>
<script type="application/json" class="data" id="replaydata-smogtours-gen3ou-801408">
{"id":"smogtours-gen3ou-801408","format":"[Gen 3] OU","players":["luckii_girl","lt. pickles"],"uploadtime":1729712848,"views":69,"formatid":"gen3ou","rating":null,"private":0,"password":null}
</script>

<script defer src="js/replays.js?9d40a366"></script>
