<!DOCTYPE html>
<meta charset="utf-8" />
<meta name="viewport" content="width=device-width" />

<title>[Gen 3] OU: DiegoIn vs. roofb - Replays - Pok&eacute;mon Showdown!</title>

<meta name="description" content="Watch a replay of a Pok&eacute;mon battle between DiegoIn and roofb! Format: [Gen 3] OU; Date: Oct 4, 2024" />
<!--

Hey, you! Looking in the source for the replay log?

You can find them in JSON format, just add `.json` at the end of a replay URL.

https://replay.pokemonshowdown.com/gen7randomdoublesbattle-865046831.json

Or, if you only need the log itself, add `.log` instead:

https://replay.pokemonshowdown.com/gen7randomdoublesbattle-865046831.log

-->

<link rel="stylesheet" href="//pokemonshowdown.com/style/global.css?0.023195364461161105" />
<link rel="stylesheet" href="//play.pokemonshowdown.com/style/font-awesome.css?0.13261647063804238" />
<link rel="stylesheet" href="//play.pokemonshowdown.com/style/battle.css?0.8753245789963631" />
<link rel="stylesheet" href="//play.pokemonshowdown.com/style/utilichart.css?0.8627959624976733" />

<!-- Global site tag (gtag.js) - Google Analytics -->
<script async src="https://www.googletagmanager.com/gtag/js?id=UA-26211653-1"></script>
<script>
  window.dataLayer = window.dataLayer || [];
  function gtag(){dataLayer.push(arguments);}
  gtag('js', new Date());

  gtag('config', 'UA-26211653-1');
</script>
<!-- End Google Analytics -->
<!-- Venatus Ad Manager - Install in <HEAD> of page -->
	<script src="https://hb.vntsm.com/v3/live/ad-manager.min.js" type="text/javascript" data-site-id="642aba63ec9a7b11c3c9c1be" data-mode="scan" async></script>
<!-- / Venatus Ad Manager -->

<style>
	@media (max-width:820px) {
		.battle {
			margin: 0 auto;
		}
		.battle-log {
			margin: 7px auto 0;
			max-width: 640px;
			height: 300px;
			position: static;
		}
	}
	.optgroup {
		display: inline-block;
		line-height: 22px;
		font-size: 10pt;
	}
	.optgroup .button {
		height: 25px;
		padding-top: 0;
		padding-bottom: 0;
	}
	.optgroup button.button {
		padding-left: 12px;
		padding-right: 12px;
	}
	.linklist {
		list-style: none;
		margin: 0.5em 0;
		padding: 0;
	}
	.linklist li {
		padding: 2px 0;
	}
	.sidebar {
		float: left;
		width: 320px;
	}
	.bar-wrapper {
		max-width: 1100px;
		margin: 0 auto;
	}
	.bar-wrapper.has-sidebar {
		max-width: 1430px;
	}
	.mainbar {
		margin: 0;
		padding-right: 1px;
	}
	.mainbar.has-sidebar {
		margin-left: 330px;
	}
	@media (min-width: 1511px) {
		.sidebar {
			width: 400px;
		}
		.bar-wrapper.has-sidebar {
			max-width: 1510px;
		}
		.mainbar.has-sidebar {
			margin-left: 410px;
		}
	}
	.section.first-section {
		margin-top: 9px;
	}
	.blocklink small {
		white-space: normal;
	}
	.button {
		vertical-align: middle;
	}
	.replay-controls {
		padding-top: 10px;
	}
	.replay-controls h1 {
		font-size: 16pt;
		font-weight: normal;
		color: #CCC;
	}
	.pagelink {
		text-align: center;
	}
	.pagelink a {
		width: 150px;
	}
	.textbox, .button {
		font-size: 11pt;
		vertical-align: middle;
	}
	@media (max-width: 450px) {
		.button {
			font-size: 9pt;
		}
	}
</style>

<div>

	<header>
		<div class="nav-wrapper"><ul class="nav">
			<li><a class="button nav-first" href="//pokemonshowdown.com/"><img src="//pokemonshowdown.com/images/pokemonshowdownbeta.png" srcset="//pokemonshowdown.com/images/pokemonshowdownbeta.png 1x, //pokemonshowdown.com/images/pokemonshowdownbeta@2x.png 2x" alt="Pok&eacute;mon Showdown" width="146" height="44" /> Home</a></li>
			<li><a class="button" href="//pokemonshowdown.com/dex/">Pok&eacute;dex</a></li>
			<li><a class="button cur" href="/">Replays</a></li>
			<li><a class="button" href="//pokemonshowdown.com/ladder/">Ladder</a></li>
			<li><a class="button nav-last" href="//pokemonshowdown.com/forums/">Forum</a></li>
			<li><a class="button greenbutton nav-first nav-last" href="//play.pokemonshowdown.com/">Play</a></li>
		</ul></div>
	</header>

	<div class="main" id="main">

		<noscript><section class="section">You need to enable JavaScript to use this page; sorry!</section></noscript>

	</div>

</div>

<script defer nomodule src="//play.pokemonshowdown.com/js/lib/ps-polyfill.js"></script>
<script defer src="//play.pokemonshowdown.com/js/lib/preact.min.js"></script>

<script defer src="//play.pokemonshowdown.com/config/config.js?2bddbc15"></script>
<script defer src="//play.pokemonshowdown.com/js/lib/jquery-1.11.0.min.js"></script>
<script defer src="//play.pokemonshowdown.com/js/lib/html-sanitizer-minified.js"></script>
<script defer src="//play.pokemonshowdown.com/js/battle-sound.js"></script>
<script defer src="//play.pokemonshowdown.com/js/battledata.js?0.7209276989879541"></script>
<script defer src="//play.pokemonshowdown.com/data/pokedex-mini.js?0.6111056340867951"></script>
<script defer src="//play.pokemonshowdown.com/data/pokedex-mini-bw.js?0.3532142036491459"></script>
<script defer src="//play.pokemonshowdown.com/data/graphics.js?0.24223875632456182"></script>
<script defer src="//play.pokemonshowdown.com/data/pokedex.js?0.38839984266356864"></script>
<script defer src="//play.pokemonshowdown.com/data/moves.js?0.21866028504024015"></script>
<script defer src="//play.pokemonshowdown.com/data/abilities.js?0.2005157953846628"></script>
<script defer src="//play.pokemonshowdown.com/data/items.js?0.9894211263848525"></script>
<script defer src="//play.pokemonshowdown.com/data/teambuilder-tables.js?0.6008791140282215"></script>
<script defer src="//play.pokemonshowdown.com/js/battle-tooltips.js?0.7580118955022959"></script>
<script defer src="//play.pokemonshowdown.com/js/battle.js?0.6057722274234274"></script>

<script defer src="js/utils.js?e31f9a17"></script>
<script defer src="js/replays-battle.js?7008c182"></script>

<!-- don't scrape this data! just add .json or .log after the URL!
Full API docs: https://github.com/smogon/pokemon-showdown-client/blob/master/WEB-API.md -->
<script type="text/plain" class="log" id="replaylog-gen3ou-2215818740">
|j|☆DiegoIn
|j|☆roofb
|t:|1728053388
|gametype|singles
|player|p1|DiegoIn|ethan|
|player|p2|roofb|erika-gen1|
|teamsize|p1|6
|teamsize|p2|6
|gen|3
|tier|[Gen 3] OU
|rule|Sleep Clause Mod: Limit one foe put to sleep
|rule|Switch Priority Clause Mod: Faster Pokémon switch first
|rule|Species Clause: Limit one of each Pokémon
|rule|OHKO Clause: OHKO moves are banned
|rule|Evasion Items Clause: Evasion items are banned
|rule|Evasion Moves Clause: Evasion moves are banned
|rule|Endless Battle Clause: Forcing endless battles is banned
|rule|HP Percentage Mod: HP is shown in percentages
|rule|One Boost Passer Clause: Limit one Baton Passer that has a way to boost its stats
|rule|Freeze Clause Mod: Limit one foe frozen
|
|t:|1728053388
|start
|switch|p1a: Zapdos|Zapdos|100/100
|switch|p2a: Forretress|Forretress, F|100/100
|turn|1
|inactive|Battle timer is ON: inactive players will automatically lose when time's up. (requested by DiegoIn)
|
|t:|1728053420
|move|p1a: Zapdos|Substitute|p1a: Zapdos
|-start|p1a: Zapdos|Substitute
|-damage|p1a: Zapdos|76/100
|move|p2a: Forretress|Spikes|p1a: Zapdos
|-sidestart|p1: DiegoIn|Spikes
|
|-heal|p1a: Zapdos|82/100|[from] item: Leftovers
|upkeep
|turn|2
|
|t:|1728053428
|move|p1a: Zapdos|Thunderbolt|p2a: Forretress
|-damage|p2a: Forretress|50/100
|move|p2a: Forretress|Spikes|p1a: Zapdos
|-sidestart|p1: DiegoIn|Spikes
|
|-heal|p1a: Zapdos|88/100|[from] item: Leftovers
|-heal|p2a: Forretress|56/100|[from] item: Leftovers
|upkeep
|turn|3
|
|t:|1728053433
|move|p1a: Zapdos|Thunderbolt|p2a: Forretress
|-damage|p2a: Forretress|7/100
|move|p2a: Forretress|Spikes|p1a: Zapdos
|-sidestart|p1: DiegoIn|Spikes
|
|-heal|p1a: Zapdos|94/100|[from] item: Leftovers
|-heal|p2a: Forretress|13/100|[from] item: Leftovers
|upkeep
|turn|4
|
|t:|1728053441
|switch|p2a: Swampert|Swampert, F|100/100
|move|p1a: Zapdos|Thunderbolt|p2a: Swampert
|-immune|p2a: Swampert
|
|-heal|p1a: Zapdos|100/100|[from] item: Leftovers
|upkeep
|turn|5
|
|t:|1728053446
|move|p1a: Zapdos|Baton Pass|p1a: Zapdos
|
|t:|1728053457
|switch|p1a: PANDORA|Breloom, F|100/100|[from] Baton Pass
|-damage|p1a: PANDORA|76/100|[from] Spikes
|move|p2a: Swampert|Ice Beam|p1a: PANDORA
|-supereffective|p1a: PANDORA
|-end|p1a: PANDORA|Substitute
|
|-heal|p1a: PANDORA|82/100|[from] item: Leftovers
|upkeep
|turn|6
|
|t:|1728053468
|move|p2a: Swampert|Protect|p2a: Swampert
|-singleturn|p2a: Swampert|Protect
|move|p1a: PANDORA|Spore|p2a: Swampert
|-activate|p2a: Swampert|Protect
|
|-heal|p1a: PANDORA|88/100|[from] item: Leftovers
|upkeep
|turn|7
|
|t:|1728053487
|switch|p2a: Blissey|Blissey, F|100/100
|move|p1a: PANDORA|Substitute|p1a: PANDORA
|-start|p1a: PANDORA|Substitute
|-damage|p1a: PANDORA|63/100
|
|-heal|p1a: PANDORA|69/100|[from] item: Leftovers
|upkeep
|turn|8
|
|t:|1728053493
|move|p1a: PANDORA|Spore|p2a: Blissey
|-status|p2a: Blissey|slp|[from] move: Spore
|cant|p2a: Blissey|slp
|
|-heal|p1a: PANDORA|75/100|[from] item: Leftovers
|upkeep
|turn|9
|
|t:|1728053501
|-singleturn|p1a: PANDORA|move: Focus Punch
|-curestatus|p2a: Blissey|slp|[msg]
|move|p2a: Blissey|Seismic Toss|p1a: PANDORA
|-end|p1a: PANDORA|Substitute
|move|p1a: PANDORA|Focus Punch|p2a: Blissey
|-supereffective|p2a: Blissey
|-damage|p2a: Blissey|0 fnt
|faint|p2a: Blissey
|
|t:|1728053508
|switch|p2a: Dugtrio|Dugtrio, M|100/100
|
|-heal|p1a: PANDORA|81/100|[from] item: Leftovers
|upkeep
|turn|10
|
|t:|1728053518
|move|p2a: Dugtrio|Aerial Ace|p1a: PANDORA
|-supereffective|p1a: PANDORA
|-damage|p1a: PANDORA|0 fnt
|faint|p1a: PANDORA
|
|t:|1728053520
|switch|p1a: SIGMA|Dugtrio, M|100/100
|-damage|p1a: SIGMA|75/100|[from] Spikes
|
|upkeep
|turn|11
|
|t:|1728053524
|move|p2a: Dugtrio|Aerial Ace|p1a: SIGMA
|-damage|p1a: SIGMA|9/100
|move|p1a: SIGMA|Earthquake|p2a: Dugtrio
|-damage|p2a: Dugtrio|0 fnt
|faint|p2a: Dugtrio
|
|t:|1728053537
|switch|p2a: Zapdos|Zapdos|100/100
|
|upkeep
|turn|12
|
|t:|1728053544
|switch|p1a: SUMMER|Blissey, F|100/100
|-damage|p1a: SUMMER|76/100|[from] Spikes
|move|p2a: Zapdos|Hidden Power|p1a: SUMMER
|-damage|p1a: SUMMER|66/100
|
|-heal|p1a: SUMMER|72/100|[from] item: Leftovers
|upkeep
|turn|13
|
|t:|1728053552
|move|p2a: Zapdos|Toxic|p1a: SUMMER
|-status|p1a: SUMMER|tox
|move|p1a: SUMMER|Wish|p1a: SUMMER
|
|-heal|p1a: SUMMER|79/100 tox|[from] item: Leftovers
|-damage|p1a: SUMMER|72/100 tox|[from] psn
|upkeep
|turn|14
|
|t:|1728053561
|switch|p2a: Forretress|Forretress, F|13/100
|move|p1a: SUMMER|Seismic Toss|p2a: Forretress
|-damage|p2a: Forretress|0 fnt
|faint|p2a: Forretress
|
|t:|1728053566
|switch|p2a: Tyranitar|Tyranitar, M|100/100
|-weather|Sandstorm|[from] ability: Sand Stream|[of] p2a: Tyranitar
|
|-heal|p1a: SUMMER|100/100 tox|[from] move: Wish|[wisher] SUMMER
|-weather|Sandstorm|[upkeep]
|-damage|p1a: SUMMER|94/100 tox|[from] Sandstorm
|-heal|p1a: SUMMER|100/100 tox|[from] item: Leftovers
|-damage|p1a: SUMMER|88/100 tox|[from] psn
|upkeep
|turn|15
|
|t:|1728053582
|move|p2a: Tyranitar|Pursuit|p1a: SUMMER
|-damage|p1a: SUMMER|81/100 tox
|move|p1a: SUMMER|Thunder Wave|p2a: Tyranitar
|-status|p2a: Tyranitar|par
|
|-weather|Sandstorm|[upkeep]
|-damage|p1a: SUMMER|75/100 tox|[from] Sandstorm
|-heal|p1a: SUMMER|81/100 tox|[from] item: Leftovers
|-damage|p1a: SUMMER|63/100 tox|[from] psn
|upkeep
|turn|16
|
|t:|1728053597
|-curestatus|p1a: SUMMER|tox|[from] ability: Natural Cure
|switch|p1a: Salamence|Salamence, F|100/100
|-ability|p1a: Salamence|Intimidate|boost
|-unboost|p2a: Tyranitar|atk|1
|switch|p2a: Swampert|Swampert, F|100/100
|
|-weather|Sandstorm|[upkeep]
|-damage|p1a: Salamence|94/100|[from] Sandstorm
|upkeep
|turn|17
|
|t:|1728053611
|switch|p1a: SIGMA|Dugtrio, M|9/100
|-damage|p1a: SIGMA|0 fnt|[from] Spikes
|faint|p1a: SIGMA
|inactive|DiegoIn has 270 seconds left.
|
|t:|1728053639
|switch|p1a: Suicune|Suicune|100/100
|-damage|p1a: Suicune|75/100|[from] Spikes
|
|-weather|Sandstorm|[upkeep]
|-damage|p1a: Suicune|69/100|[from] Sandstorm
|-heal|p1a: Suicune|75/100|[from] item: Leftovers
|upkeep
|turn|18
|
|t:|1728053649
|move|p2a: Swampert|Protect|p2a: Swampert
|-singleturn|p2a: Swampert|Protect
|move|p1a: Suicune|Toxic|p2a: Swampert|[miss]
|-miss|p1a: Suicune|p2a: Swampert
|
|-weather|Sandstorm|[upkeep]
|-damage|p1a: Suicune|69/100|[from] Sandstorm
|-heal|p1a: Suicune|75/100|[from] item: Leftovers
|upkeep
|turn|19
|
|t:|1728053656
|switch|p2a: Zapdos|Zapdos|100/100
|move|p1a: Suicune|Toxic|p2a: Zapdos|[miss]
|-miss|p1a: Suicune|p2a: Zapdos
|
|-weather|Sandstorm|[upkeep]
|-damage|p2a: Zapdos|94/100|[from] Sandstorm
|-damage|p1a: Suicune|69/100|[from] Sandstorm
|-heal|p2a: Zapdos|100/100|[from] item: Leftovers
|-heal|p1a: Suicune|75/100|[from] item: Leftovers
|upkeep
|turn|20
|c|☆roofb|F
|inactive|DiegoIn has 270 seconds left.
|
|t:|1728053681
|move|p2a: Zapdos|Toxic|p1a: Suicune|[miss]
|-miss|p2a: Zapdos|p1a: Suicune
|move|p1a: Suicune|Toxic|p2a: Zapdos
|-status|p2a: Zapdos|tox
|
|-weather|Sandstorm|[upkeep]
|-damage|p2a: Zapdos|94/100 tox|[from] Sandstorm
|-damage|p1a: Suicune|69/100|[from] Sandstorm
|-heal|p2a: Zapdos|100/100 tox|[from] item: Leftovers
|-damage|p2a: Zapdos|94/100 tox|[from] psn
|-heal|p1a: Suicune|75/100|[from] item: Leftovers
|upkeep
|turn|21
|inactive|DiegoIn has 270 seconds left.
|
|t:|1728053688
|switch|p1a: SUMMER|Blissey, F|63/100
|-damage|p1a: SUMMER|38/100|[from] Spikes
|move|p2a: Zapdos|Toxic|p1a: SUMMER|[miss]
|-miss|p2a: Zapdos|p1a: SUMMER
|
|-weather|Sandstorm|[upkeep]
|-damage|p2a: Zapdos|88/100 tox|[from] Sandstorm
|-damage|p1a: SUMMER|32/100|[from] Sandstorm
|-heal|p2a: Zapdos|94/100 tox|[from] item: Leftovers
|-damage|p2a: Zapdos|82/100 tox|[from] psn
|-heal|p1a: SUMMER|38/100|[from] item: Leftovers
|upkeep
|turn|22
|c|☆roofb|wow
|
|t:|1728053699
|switch|p2a: Tyranitar|Tyranitar, M|100/100 par
|move|p1a: SUMMER|Wish|p1a: SUMMER
|
|-weather|Sandstorm|[upkeep]
|-damage|p1a: SUMMER|32/100|[from] Sandstorm
|-heal|p1a: SUMMER|38/100|[from] item: Leftovers
|upkeep
|turn|23
|
|t:|1728053711
|move|p1a: SUMMER|Seismic Toss|p2a: Tyranitar
|-damage|p2a: Tyranitar|75/100 par
|move|p2a: Tyranitar|Fire Blast|p1a: SUMMER
|-damage|p1a: SUMMER|24/100
|
|-heal|p1a: SUMMER|74/100|[from] move: Wish|[wisher] SUMMER
|-weather|Sandstorm|[upkeep]
|-damage|p1a: SUMMER|68/100|[from] Sandstorm
|-heal|p1a: SUMMER|74/100|[from] item: Leftovers
|-heal|p2a: Tyranitar|81/100 par|[from] item: Leftovers
|upkeep
|turn|24
|
|t:|1728053719
|move|p1a: SUMMER|Wish|p1a: SUMMER
|cant|p2a: Tyranitar|par
|
|-weather|Sandstorm|[upkeep]
|-damage|p1a: SUMMER|68/100|[from] Sandstorm
|-heal|p1a: SUMMER|74/100|[from] item: Leftovers
|-heal|p2a: Tyranitar|87/100 par|[from] item: Leftovers
|upkeep
|turn|25
|
|t:|1728053727
|move|p1a: SUMMER|Seismic Toss|p2a: Tyranitar
|-damage|p2a: Tyranitar|62/100 par
|move|p2a: Tyranitar|Roar|p1a: SUMMER
|drag|p1a: Salamence|Salamence, F|94/100
|-ability|p1a: Salamence|Intimidate|boost
|-unboost|p2a: Tyranitar|atk|1
|
|-heal|p1a: Salamence|100/100|[from] move: Wish|[wisher] SUMMER
|-weather|Sandstorm|[upkeep]
|-damage|p1a: Salamence|94/100|[from] Sandstorm
|-heal|p2a: Tyranitar|68/100 par|[from] item: Leftovers
|upkeep
|turn|26
|
|t:|1728053744
|switch|p2a: Swampert|Swampert, F|100/100
|move|p1a: Salamence|Earthquake|p2a: Swampert
|-damage|p2a: Swampert|72/100
|
|-weather|Sandstorm|[upkeep]
|-damage|p1a: Salamence|88/100|[from] Sandstorm
|-heal|p2a: Swampert|79/100|[from] item: Leftovers
|upkeep
|turn|27
|
|t:|1728053757
|move|p1a: Salamence|Hidden Power|p2a: Swampert
|-damage|p2a: Swampert|48/100
|move|p2a: Swampert|Hydro Pump|p1a: Salamence|[miss]
|-miss|p2a: Swampert|p1a: Salamence
|
|-weather|Sandstorm|[upkeep]
|-damage|p1a: Salamence|82/100|[from] Sandstorm
|-heal|p2a: Swampert|54/100|[from] item: Leftovers
|upkeep
|turn|28
|
|t:|1728053762
|move|p1a: Salamence|Hidden Power|p2a: Swampert
|-damage|p2a: Swampert|23/100
|move|p2a: Swampert|Ice Beam|p1a: Salamence
|-supereffective|p1a: Salamence
|-damage|p1a: Salamence|0 fnt
|faint|p1a: Salamence
|
|t:|1728053776
|switch|p1a: SUMMER|Blissey, F|74/100
|-damage|p1a: SUMMER|49/100|[from] Spikes
|
|-weather|Sandstorm|[upkeep]
|-damage|p1a: SUMMER|43/100|[from] Sandstorm
|-heal|p1a: SUMMER|49/100|[from] item: Leftovers
|-heal|p2a: Swampert|29/100|[from] item: Leftovers
|upkeep
|turn|29
|
|t:|1728053780
|move|p2a: Swampert|Protect|p2a: Swampert
|-singleturn|p2a: Swampert|Protect
|move|p1a: SUMMER|Seismic Toss|p2a: Swampert
|-activate|p2a: Swampert|Protect
|
|-weather|Sandstorm|[upkeep]
|-damage|p1a: SUMMER|43/100|[from] Sandstorm
|-heal|p1a: SUMMER|49/100|[from] item: Leftovers
|-heal|p2a: Swampert|35/100|[from] item: Leftovers
|upkeep
|turn|30
|
|t:|1728053785
|switch|p2a: Zapdos|Zapdos|82/100 tox
|move|p1a: SUMMER|Seismic Toss|p2a: Zapdos
|-damage|p2a: Zapdos|51/100 tox
|
|-weather|Sandstorm|[upkeep]
|-damage|p2a: Zapdos|45/100 tox|[from] Sandstorm
|-damage|p1a: SUMMER|43/100|[from] Sandstorm
|-heal|p2a: Zapdos|51/100 tox|[from] item: Leftovers
|-damage|p2a: Zapdos|45/100 tox|[from] psn
|-heal|p1a: SUMMER|49/100|[from] item: Leftovers
|upkeep
|turn|31
|
|t:|1728053790
|move|p2a: Zapdos|Toxic|p1a: SUMMER
|-status|p1a: SUMMER|tox
|move|p1a: SUMMER|Wish|p1a: SUMMER
|
|-weather|Sandstorm|[upkeep]
|-damage|p2a: Zapdos|38/100 tox|[from] Sandstorm
|-damage|p1a: SUMMER|43/100 tox|[from] Sandstorm
|-heal|p2a: Zapdos|45/100 tox|[from] item: Leftovers
|-damage|p2a: Zapdos|32/100 tox|[from] psn
|-heal|p1a: SUMMER|49/100 tox|[from] item: Leftovers
|-damage|p1a: SUMMER|43/100 tox|[from] psn
|upkeep
|turn|32
|
|t:|1728053795
|move|p2a: Zapdos|Thunderbolt|p1a: SUMMER
|-damage|p1a: SUMMER|26/100 tox
|move|p1a: SUMMER|Seismic Toss|p2a: Zapdos
|-damage|p2a: Zapdos|1/100 tox
|
|-heal|p1a: SUMMER|76/100 tox|[from] move: Wish|[wisher] SUMMER
|-weather|Sandstorm|[upkeep]
|-damage|p2a: Zapdos|0 fnt|[from] Sandstorm
|-damage|p1a: SUMMER|70/100 tox|[from] Sandstorm
|faint|p2a: Zapdos
|-heal|p1a: SUMMER|76/100 tox|[from] item: Leftovers
|-damage|p1a: SUMMER|64/100 tox|[from] psn
|upkeep
|
|t:|1728053800
|switch|p2a: Tyranitar|Tyranitar, M|68/100 par
|turn|33
|-message|roofb forfeited.
|
|win|DiegoIn
|l|☆roofb
|player|p2|
|j| OTS Helpdesk
|l| OTS Helpdesk
|j|☆roofb
|player|p2|roofb|erika-gen1|

</script>
<script type="application/json" class="data" id="replaydata-gen3ou-2215818740">
{"id":"gen3ou-2215818740","format":"[Gen 3] OU","players":["DiegoIn","roofb"],"uploadtime":1728053820,"views":129,"formatid":"gen3ou","rating":null,"private":0,"password":null}
</script>

<script defer src="js/replays.js?9d40a366"></script>
