<!DOCTYPE html>
<meta charset="utf-8" />
<meta name="viewport" content="width=device-width" />

<title>[Gen 3] OU: Kvist vs. GroundBack - Replays - Pok&eacute;mon Showdown!</title>

<meta name="description" content="Watch a replay of a Pok&eacute;mon battle between Kvist and GroundBack! Format: [Gen 3] OU; Date: Oct 10, 2024" />
<!--

Hey, you! Looking in the source for the replay log?

You can find them in JSON format, just add `.json` at the end of a replay URL.

https://replay.pokemonshowdown.com/gen7randomdoublesbattle-865046831.json

Or, if you only need the log itself, add `.log` instead:

https://replay.pokemonshowdown.com/gen7randomdoublesbattle-865046831.log

-->

<link rel="stylesheet" href="//pokemonshowdown.com/style/global.css?0.023195364461161105" />
<link rel="stylesheet" href="//play.pokemonshowdown.com/style/font-awesome.css?0.13261647063804238" />
<link rel="stylesheet" href="//play.pokemonshowdown.com/style/battle.css?0.8753245789963631" />
<link rel="stylesheet" href="//play.pokemonshowdown.com/style/utilichart.css?0.8627959624976733" />

<!-- Global site tag (gtag.js) - Google Analytics -->
<script async src="https://www.googletagmanager.com/gtag/js?id=UA-26211653-1"></script>
<script>
  window.dataLayer = window.dataLayer || [];
  function gtag(){dataLayer.push(arguments);}
  gtag('js', new Date());

  gtag('config', 'UA-26211653-1');
</script>
<!-- End Google Analytics -->
<!-- Venatus Ad Manager - Install in <HEAD> of page -->
	<script src="https://hb.vntsm.com/v3/live/ad-manager.min.js" type="text/javascript" data-site-id="642aba63ec9a7b11c3c9c1be" data-mode="scan" async></script>
<!-- / Venatus Ad Manager -->

<style>
	@media (max-width:820px) {
		.battle {
			margin: 0 auto;
		}
		.battle-log {
			margin: 7px auto 0;
			max-width: 640px;
			height: 300px;
			position: static;
		}
	}
	.optgroup {
		display: inline-block;
		line-height: 22px;
		font-size: 10pt;
	}
	.optgroup .button {
		height: 25px;
		padding-top: 0;
		padding-bottom: 0;
	}
	.optgroup button.button {
		padding-left: 12px;
		padding-right: 12px;
	}
	.linklist {
		list-style: none;
		margin: 0.5em 0;
		padding: 0;
	}
	.linklist li {
		padding: 2px 0;
	}
	.sidebar {
		float: left;
		width: 320px;
	}
	.bar-wrapper {
		max-width: 1100px;
		margin: 0 auto;
	}
	.bar-wrapper.has-sidebar {
		max-width: 1430px;
	}
	.mainbar {
		margin: 0;
		padding-right: 1px;
	}
	.mainbar.has-sidebar {
		margin-left: 330px;
	}
	@media (min-width: 1511px) {
		.sidebar {
			width: 400px;
		}
		.bar-wrapper.has-sidebar {
			max-width: 1510px;
		}
		.mainbar.has-sidebar {
			margin-left: 410px;
		}
	}
	.section.first-section {
		margin-top: 9px;
	}
	.blocklink small {
		white-space: normal;
	}
	.button {
		vertical-align: middle;
	}
	.replay-controls {
		padding-top: 10px;
	}
	.replay-controls h1 {
		font-size: 16pt;
		font-weight: normal;
		color: #CCC;
	}
	.pagelink {
		text-align: center;
	}
	.pagelink a {
		width: 150px;
	}
	.textbox, .button {
		font-size: 11pt;
		vertical-align: middle;
	}
	@media (max-width: 450px) {
		.button {
			font-size: 9pt;
		}
	}
</style>

<div>

	<header>
		<div class="nav-wrapper"><ul class="nav">
			<li><a class="button nav-first" href="//pokemonshowdown.com/"><img src="//pokemonshowdown.com/images/pokemonshowdownbeta.png" srcset="//pokemonshowdown.com/images/pokemonshowdownbeta.png 1x, //pokemonshowdown.com/images/pokemonshowdownbeta@2x.png 2x" alt="Pok&eacute;mon Showdown" width="146" height="44" /> Home</a></li>
			<li><a class="button" href="//pokemonshowdown.com/dex/">Pok&eacute;dex</a></li>
			<li><a class="button cur" href="/">Replays</a></li>
			<li><a class="button" href="//pokemonshowdown.com/ladder/">Ladder</a></li>
			<li><a class="button nav-last" href="//pokemonshowdown.com/forums/">Forum</a></li>
			<li><a class="button greenbutton nav-first nav-last" href="//play.pokemonshowdown.com/">Play</a></li>
		</ul></div>
	</header>

	<div class="main" id="main">

		<noscript><section class="section">You need to enable JavaScript to use this page; sorry!</section></noscript>

	</div>

</div>

<script defer nomodule src="//play.pokemonshowdown.com/js/lib/ps-polyfill.js"></script>
<script defer src="//play.pokemonshowdown.com/js/lib/preact.min.js"></script>

<script defer src="//play.pokemonshowdown.com/config/config.js?2bddbc15"></script>
<script defer src="//play.pokemonshowdown.com/js/lib/jquery-1.11.0.min.js"></script>
<script defer src="//play.pokemonshowdown.com/js/lib/html-sanitizer-minified.js"></script>
<script defer src="//play.pokemonshowdown.com/js/battle-sound.js"></script>
<script defer src="//play.pokemonshowdown.com/js/battledata.js?0.7209276989879541"></script>
<script defer src="//play.pokemonshowdown.com/data/pokedex-mini.js?0.6111056340867951"></script>
<script defer src="//play.pokemonshowdown.com/data/pokedex-mini-bw.js?0.3532142036491459"></script>
<script defer src="//play.pokemonshowdown.com/data/graphics.js?0.24223875632456182"></script>
<script defer src="//play.pokemonshowdown.com/data/pokedex.js?0.38839984266356864"></script>
<script defer src="//play.pokemonshowdown.com/data/moves.js?0.21866028504024015"></script>
<script defer src="//play.pokemonshowdown.com/data/abilities.js?0.2005157953846628"></script>
<script defer src="//play.pokemonshowdown.com/data/items.js?0.9894211263848525"></script>
<script defer src="//play.pokemonshowdown.com/data/teambuilder-tables.js?0.6008791140282215"></script>
<script defer src="//play.pokemonshowdown.com/js/battle-tooltips.js?0.7580118955022959"></script>
<script defer src="//play.pokemonshowdown.com/js/battle.js?0.6057722274234274"></script>

<script defer src="js/utils.js?e31f9a17"></script>
<script defer src="js/replays-battle.js?7008c182"></script>

<!-- don't scrape this data! just add .json or .log after the URL!
Full API docs: https://github.com/smogon/pokemon-showdown-client/blob/master/WEB-API.md -->
<script type="text/plain" class="log" id="replaylog-smogtours-gen3ou-796816">
|inactive|Battle timer is ON: inactive players will automatically lose when time's up.
|t:|1728518542
|gametype|singles
|player|p1|Kvist|169|
|player|p2|GroundBack|waiter-gen4dp|
|teamsize|p1|6
|teamsize|p2|6
|gen|3
|tier|[Gen 3] OU
|rule|Sleep Clause Mod: Limit one foe put to sleep
|rule|Switch Priority Clause Mod: Faster Pokémon switch first
|rule|Species Clause: Limit one of each Pokémon
|rule|OHKO Clause: OHKO moves are banned
|rule|Evasion Items Clause: Evasion items are banned
|rule|Evasion Moves Clause: Evasion moves are banned
|rule|Endless Battle Clause: Forcing endless battles is banned
|rule|HP Percentage Mod: HP is shown in percentages
|rule|One Boost Passer Clause: Limit one Baton Passer that has a way to boost its stats
|rule|Freeze Clause Mod: Limit one foe frozen
|
|t:|1728518542
|start
|switch|p1a: Zapdos|Zapdos|100/100
|switch|p2a: The Lady In Purple|Jynx, F|100/100
|turn|1
|
|t:|1728518566
|switch|p1a: Suicune|Suicune, shiny|100/100
|move|p2a: The Lady In Purple|Lovely Kiss|p1a: Suicune|[miss]
|-miss|p2a: The Lady In Purple|p1a: Suicune
|
|upkeep
|turn|2
|
|t:|1728518582
|move|p2a: The Lady In Purple|Lovely Kiss|p1a: Suicune
|-status|p1a: Suicune|slp|[from] move: Lovely Kiss
|cant|p1a: Suicune|slp
|
|upkeep
|turn|3
|
|t:|1728518588
|switch|p2a: Snorlax|Snorlax, M|100/100
|cant|p1a: Suicune|slp
|move|p1a: Suicune|Sleep Talk|p1a: Suicune
|move|p1a: Suicune|Surf|p2a: Snorlax|[from]Sleep Talk
|-damage|p2a: Snorlax|84/100
|
|-heal|p2a: Snorlax|90/100|[from] item: Leftovers
|upkeep
|turn|4
|
|t:|1728518594
|switch|p1a: Metagross|Metagross, shiny|100/100
|move|p2a: Snorlax|Curse|p2a: Snorlax
|-unboost|p2a: Snorlax|spe|1
|-boost|p2a: Snorlax|atk|1
|-boost|p2a: Snorlax|def|1
|
|-heal|p2a: Snorlax|97/100|[from] item: Leftovers
|upkeep
|turn|5
|
|t:|1728518601
|move|p1a: Metagross|Meteor Mash|p2a: Snorlax
|-damage|p2a: Snorlax|72/100
|move|p2a: Snorlax|Earthquake|p1a: Metagross
|-supereffective|p1a: Metagross
|-damage|p1a: Metagross|30/100
|
|-heal|p1a: Metagross|36/100|[from] item: Leftovers
|-heal|p2a: Snorlax|78/100|[from] item: Leftovers
|upkeep
|turn|6
|
|t:|1728518612
|switch|p2a: Metagross|Metagross|100/100
|move|p1a: Metagross|Explosion|p2a: Metagross
|-resisted|p2a: Metagross
|-damage|p2a: Metagross|44/100
|faint|p1a: Metagross
|
|t:|1728518617
|switch|p1a: Dugtrio|Dugtrio, F|100/100
|
|upkeep
|turn|7
|
|t:|1728518624
|move|p1a: Dugtrio|Earthquake|p2a: Metagross
|-supereffective|p2a: Metagross
|-damage|p2a: Metagross|0 fnt
|faint|p2a: Metagross
|
|t:|1728518626
|switch|p2a: Suicune|Suicune|100/100
|
|upkeep
|turn|8
|
|t:|1728518629
|switch|p1a: Celebi|Celebi|100/100
|move|p2a: Suicune|Calm Mind|p2a: Suicune
|-boost|p2a: Suicune|spa|1
|-boost|p2a: Suicune|spd|1
|
|upkeep
|turn|9
|
|t:|1728518640
|switch|p2a: Dugtrio Jumpscare|Dugtrio, F|100/100
|move|p1a: Celebi|Calm Mind|p1a: Celebi
|-boost|p1a: Celebi|spa|1
|-boost|p1a: Celebi|spd|1
|
|upkeep
|turn|10
|
|t:|1728518644
|move|p2a: Dugtrio Jumpscare|Hidden Power|p1a: Celebi
|-supereffective|p1a: Celebi
|-damage|p1a: Celebi|11/100
|move|p1a: Celebi|Giga Drain|p2a: Dugtrio Jumpscare
|-supereffective|p2a: Dugtrio Jumpscare
|-crit|p2a: Dugtrio Jumpscare
|-damage|p2a: Dugtrio Jumpscare|0 fnt
|-heal|p1a: Celebi|37/100|[from] drain|[of] p2a: Dugtrio Jumpscare
|faint|p2a: Dugtrio Jumpscare
|
|t:|1728518653
|switch|p2a: The Lady In Purple|Jynx, F|100/100
|
|-heal|p1a: Celebi|44/100|[from] item: Leftovers
|upkeep
|turn|11
|
|t:|1728518665
|switch|p1a: Suicune|Suicune, shiny|100/100 slp
|move|p2a: The Lady In Purple|Substitute|p2a: The Lady In Purple
|-start|p2a: The Lady In Purple|Substitute
|-damage|p2a: The Lady In Purple|76/100
|
|-heal|p2a: The Lady In Purple|82/100|[from] item: Leftovers
|upkeep
|turn|12
|
|t:|1728518674
|move|p2a: The Lady In Purple|Calm Mind|p2a: The Lady In Purple
|-boost|p2a: The Lady In Purple|spa|1
|-boost|p2a: The Lady In Purple|spd|1
|cant|p1a: Suicune|slp
|move|p1a: Suicune|Sleep Talk|p1a: Suicune
|move|p1a: Suicune|Surf|p2a: The Lady In Purple|[from]Sleep Talk
|-end|p2a: The Lady In Purple|Substitute
|
|-heal|p2a: The Lady In Purple|88/100|[from] item: Leftovers
|upkeep
|turn|13
|
|t:|1728518682
|switch|p2a: Snorlax|Snorlax, M|78/100
|cant|p1a: Suicune|slp
|
|-heal|p2a: Snorlax|84/100|[from] item: Leftovers
|upkeep
|turn|14
|
|t:|1728518692
|switch|p1a: Zapdos|Zapdos|100/100
|move|p2a: Snorlax|Curse|p2a: Snorlax
|-unboost|p2a: Snorlax|spe|1
|-boost|p2a: Snorlax|atk|1
|-boost|p2a: Snorlax|def|1
|
|-heal|p2a: Snorlax|90/100|[from] item: Leftovers
|upkeep
|turn|15
|
|t:|1728518702
|switch|p2a: Claydol|Claydol|100/100
|move|p1a: Zapdos|Substitute|p1a: Zapdos
|-start|p1a: Zapdos|Substitute
|-damage|p1a: Zapdos|76/100
|
|-heal|p1a: Zapdos|82/100|[from] item: Leftovers
|upkeep
|turn|16
|
|t:|1728518717
|move|p1a: Zapdos|Baton Pass|p1a: Zapdos
|
|t:|1728518721
|switch|p1a: Kingdra|Kingdra, F|100/100|[from] Baton Pass
|move|p2a: Claydol|Psychic|p1a: Kingdra
|-end|p1a: Kingdra|Substitute
|
|upkeep
|turn|17
|
|t:|1728518733
|switch|p1a: Suicune|Suicune, shiny|100/100 slp
|move|p2a: Claydol|Explosion|p1a: Suicune
|-damage|p1a: Suicune|53/100 slp
|faint|p2a: Claydol
|
|t:|1728518740
|switch|p2a: Snorlax|Snorlax, M|90/100
|
|-heal|p1a: Suicune|59/100 slp|[from] item: Leftovers
|-heal|p2a: Snorlax|96/100|[from] item: Leftovers
|upkeep
|turn|18
|
|t:|1728518757
|switch|p1a: Zapdos|Zapdos|82/100
|move|p2a: Snorlax|Curse|p2a: Snorlax
|-unboost|p2a: Snorlax|spe|1
|-boost|p2a: Snorlax|atk|1
|-boost|p2a: Snorlax|def|1
|
|-heal|p1a: Zapdos|88/100|[from] item: Leftovers
|-heal|p2a: Snorlax|100/100|[from] item: Leftovers
|upkeep
|turn|19
|
|t:|1728518768
|move|p1a: Zapdos|Thunderbolt|p2a: Snorlax
|-damage|p2a: Snorlax|69/100
|-status|p2a: Snorlax|par
|move|p2a: Snorlax|Shadow Ball|p1a: Zapdos
|-damage|p1a: Zapdos|43/100
|
|-heal|p1a: Zapdos|49/100|[from] item: Leftovers
|-heal|p2a: Snorlax|75/100 par|[from] item: Leftovers
|upkeep
|turn|20
|
|t:|1728518775
|move|p1a: Zapdos|Thunderbolt|p2a: Snorlax
|-damage|p2a: Snorlax|45/100 par
|move|p2a: Snorlax|Shadow Ball|p1a: Zapdos
|-damage|p1a: Zapdos|4/100
|
|-heal|p1a: Zapdos|10/100|[from] item: Leftovers
|-heal|p2a: Snorlax|51/100 par|[from] item: Leftovers
|upkeep
|turn|21
|
|t:|1728518780
|move|p1a: Zapdos|Thunderbolt|p2a: Snorlax
|-damage|p2a: Snorlax|22/100 par
|move|p2a: Snorlax|Shadow Ball|p1a: Zapdos
|-damage|p1a: Zapdos|0 fnt
|faint|p1a: Zapdos
|
|t:|1728518786
|switch|p1a: Dugtrio|Dugtrio, F|100/100
|
|-heal|p2a: Snorlax|28/100 par|[from] item: Leftovers
|upkeep
|turn|22
|
|t:|1728518792
|move|p1a: Dugtrio|Earthquake|p2a: Snorlax
|-damage|p2a: Snorlax|0 fnt
|faint|p2a: Snorlax
|
|t:|1728518795
|switch|p2a: Suicune|Suicune|100/100
|
|upkeep
|turn|23
|
|t:|1728518812
|switch|p1a: Celebi|Celebi|44/100
|move|p2a: Suicune|Calm Mind|p2a: Suicune
|-boost|p2a: Suicune|spa|1
|-boost|p2a: Suicune|spd|1
|
|-heal|p1a: Celebi|50/100|[from] item: Leftovers
|upkeep
|turn|24
|
|t:|1728518817
|move|p1a: Celebi|Calm Mind|p1a: Celebi
|-boost|p1a: Celebi|spa|1
|-boost|p1a: Celebi|spd|1
|move|p2a: Suicune|Surf|p1a: Celebi
|-resisted|p1a: Celebi
|-damage|p1a: Celebi|31/100
|
|-heal|p1a: Celebi|37/100|[from] item: Leftovers
|upkeep
|turn|25
|
|t:|1728518822
|switch|p2a: The Lady In Purple|Jynx, F|88/100
|move|p1a: Celebi|Giga Drain|p2a: The Lady In Purple
|-damage|p2a: The Lady In Purple|41/100
|-heal|p1a: Celebi|53/100|[from] drain|[of] p2a: The Lady In Purple
|
|-heal|p2a: The Lady In Purple|47/100|[from] item: Leftovers
|-heal|p1a: Celebi|59/100|[from] item: Leftovers
|upkeep
|turn|26
|inactive|GroundBack has 270 seconds left.
|
|t:|1728518879
|move|p2a: The Lady In Purple|Ice Beam|p1a: Celebi
|-supereffective|p1a: Celebi
|-damage|p1a: Celebi|8/100
|move|p1a: Celebi|Hidden Power|p2a: The Lady In Purple
|-supereffective|p2a: The Lady In Purple
|-damage|p2a: The Lady In Purple|0 fnt
|faint|p2a: The Lady In Purple
|
|t:|1728518884
|switch|p2a: Suicune|Suicune|100/100
|
|-heal|p1a: Celebi|15/100|[from] item: Leftovers
|upkeep
|turn|27
|
|t:|1728518889
|move|p1a: Celebi|Giga Drain|p2a: Suicune
|-supereffective|p2a: Suicune
|-damage|p2a: Suicune|51/100
|-heal|p1a: Celebi|39/100|[from] drain|[of] p2a: Suicune
|move|p2a: Suicune|Calm Mind|p2a: Suicune
|-boost|p2a: Suicune|spa|1
|-boost|p2a: Suicune|spd|1
|
|-heal|p1a: Celebi|45/100|[from] item: Leftovers
|-heal|p2a: Suicune|58/100|[from] item: Leftovers
|upkeep
|turn|28
|
|t:|1728518896
|move|p1a: Celebi|Calm Mind|p1a: Celebi
|-boost|p1a: Celebi|spa|1
|-boost|p1a: Celebi|spd|1
|move|p2a: Suicune|Rest|p2a: Suicune
|-status|p2a: Suicune|slp|[from] move: Rest
|-heal|p2a: Suicune|100/100 slp|[silent]
|
|-heal|p1a: Celebi|51/100|[from] item: Leftovers
|upkeep
|turn|29
|
|t:|1728518898
|move|p1a: Celebi|Calm Mind|p1a: Celebi
|-boost|p1a: Celebi|spa|1
|-boost|p1a: Celebi|spd|1
|cant|p2a: Suicune|slp
|move|p2a: Suicune|Sleep Talk|p2a: Suicune
|move|p2a: Suicune|Calm Mind|p2a: Suicune|[from]Sleep Talk
|-boost|p2a: Suicune|spa|1
|-boost|p2a: Suicune|spd|1
|
|-heal|p1a: Celebi|57/100|[from] item: Leftovers
|upkeep
|turn|30
|
|t:|1728518901
|move|p1a: Celebi|Giga Drain|p2a: Suicune
|-supereffective|p2a: Suicune
|-damage|p2a: Suicune|61/100 slp
|-heal|p1a: Celebi|77/100|[from] drain|[of] p2a: Suicune
|cant|p2a: Suicune|slp
|move|p2a: Suicune|Sleep Talk|p2a: Suicune
|move|p2a: Suicune|Rest|p2a: Suicune|[from]Sleep Talk
|
|-heal|p1a: Celebi|83/100|[from] item: Leftovers
|-heal|p2a: Suicune|67/100 slp|[from] item: Leftovers
|upkeep
|turn|31
|
|t:|1728518909
|move|p1a: Celebi|Calm Mind|p1a: Celebi
|-boost|p1a: Celebi|spa|1
|-boost|p1a: Celebi|spd|1
|-curestatus|p2a: Suicune|slp|[msg]
|move|p2a: Suicune|Rest|p2a: Suicune
|-status|p2a: Suicune|slp|[from] move: Rest
|-heal|p2a: Suicune|100/100 slp|[silent]
|
|-heal|p1a: Celebi|89/100|[from] item: Leftovers
|upkeep
|turn|32
|
|t:|1728518921
|move|p1a: Celebi|Giga Drain|p2a: Suicune
|-supereffective|p2a: Suicune
|-damage|p2a: Suicune|47/100 slp
|-heal|p1a: Celebi|100/100|[from] drain|[of] p2a: Suicune
|cant|p2a: Suicune|slp
|move|p2a: Suicune|Sleep Talk|p2a: Suicune
|move|p2a: Suicune|Rest|p2a: Suicune|[from]Sleep Talk
|
|-heal|p2a: Suicune|54/100 slp|[from] item: Leftovers
|upkeep
|turn|33
|
|t:|1728518929
|move|p1a: Celebi|Baton Pass|p1a: Celebi
|
|t:|1728518931
|switch|p1a: Kingdra|Kingdra, F|100/100|[from] Baton Pass
|cant|p2a: Suicune|slp
|move|p2a: Suicune|Sleep Talk|p2a: Suicune
|move|p2a: Suicune|Rest|p2a: Suicune|[from]Sleep Talk
|
|-heal|p2a: Suicune|60/100 slp|[from] item: Leftovers
|upkeep
|turn|34
|
|t:|1728518938
|move|p1a: Kingdra|Hidden Power|p2a: Suicune
|-supereffective|p2a: Suicune
|-damage|p2a: Suicune|10/100 slp
|-curestatus|p2a: Suicune|slp|[msg]
|move|p2a: Suicune|Rest|p2a: Suicune
|-status|p2a: Suicune|slp|[from] move: Rest
|-heal|p2a: Suicune|100/100 slp|[silent]
|
|upkeep
|turn|35
|
|t:|1728518946
|move|p1a: Kingdra|Hidden Power|p2a: Suicune
|-supereffective|p2a: Suicune
|-damage|p2a: Suicune|52/100 slp
|cant|p2a: Suicune|slp
|move|p2a: Suicune|Sleep Talk|p2a: Suicune
|move|p2a: Suicune|Surf|p1a: Kingdra|[from]Sleep Talk
|-resisted|p1a: Kingdra
|-damage|p1a: Kingdra|93/100
|
|-heal|p2a: Suicune|58/100 slp|[from] item: Leftovers
|upkeep
|turn|36
|
|t:|1728518955
|move|p1a: Kingdra|Hidden Power|p2a: Suicune
|-supereffective|p2a: Suicune
|-damage|p2a: Suicune|6/100 slp
|cant|p2a: Suicune|slp
|move|p2a: Suicune|Sleep Talk|p2a: Suicune
|move|p2a: Suicune|Calm Mind|p2a: Suicune|[from]Sleep Talk
|-boost|p2a: Suicune|spa|1
|-boost|p2a: Suicune|spd|1
|
|-heal|p2a: Suicune|13/100 slp|[from] item: Leftovers
|upkeep
|turn|37
|
|t:|1728518962
|move|p1a: Kingdra|Hidden Power|p2a: Suicune
|-supereffective|p2a: Suicune
|-damage|p2a: Suicune|0 fnt
|faint|p2a: Suicune
|
|win|Kvist
|c|☆GroundBack|gg
|c|☆Kvist|gg

</script>
<script type="application/json" class="data" id="replaydata-smogtours-gen3ou-796816">
{"id":"smogtours-gen3ou-796816","format":"[Gen 3] OU","players":["Kvist","GroundBack"],"uploadtime":1728518962,"views":82,"formatid":"gen3ou","rating":null,"private":0,"password":null}
</script>

<script defer src="js/replays.js?9d40a366"></script>
