<!DOCTYPE html>
<meta charset="utf-8" />
<meta name="viewport" content="width=device-width" />

<title>[Gen 3] OU: mint yerb vs. KoboldSorcerer - Replays - Pok&eacute;mon Showdown!</title>

<meta name="description" content="Watch a replay of a Pok&eacute;mon battle between mint yerb and KoboldSorcerer! Format: [Gen 3] OU; Date: Oct 1, 2024" />
<!--

Hey, you! Looking in the source for the replay log?

You can find them in JSON format, just add `.json` at the end of a replay URL.

https://replay.pokemonshowdown.com/gen7randomdoublesbattle-865046831.json

Or, if you only need the log itself, add `.log` instead:

https://replay.pokemonshowdown.com/gen7randomdoublesbattle-865046831.log

-->

<link rel="stylesheet" href="//pokemonshowdown.com/style/global.css?0.023195364461161105" />
<link rel="stylesheet" href="//play.pokemonshowdown.com/style/font-awesome.css?0.13261647063804238" />
<link rel="stylesheet" href="//play.pokemonshowdown.com/style/battle.css?0.8753245789963631" />
<link rel="stylesheet" href="//play.pokemonshowdown.com/style/utilichart.css?0.8627959624976733" />

<!-- Global site tag (gtag.js) - Google Analytics -->
<script async src="https://www.googletagmanager.com/gtag/js?id=UA-26211653-1"></script>
<script>
  window.dataLayer = window.dataLayer || [];
  function gtag(){dataLayer.push(arguments);}
  gtag('js', new Date());

  gtag('config', 'UA-26211653-1');
</script>
<!-- End Google Analytics -->
<!-- Venatus Ad Manager - Install in <HEAD> of page -->
	<script src="https://hb.vntsm.com/v3/live/ad-manager.min.js" type="text/javascript" data-site-id="642aba63ec9a7b11c3c9c1be" data-mode="scan" async></script>
<!-- / Venatus Ad Manager -->

<style>
	@media (max-width:820px) {
		.battle {
			margin: 0 auto;
		}
		.battle-log {
			margin: 7px auto 0;
			max-width: 640px;
			height: 300px;
			position: static;
		}
	}
	.optgroup {
		display: inline-block;
		line-height: 22px;
		font-size: 10pt;
	}
	.optgroup .button {
		height: 25px;
		padding-top: 0;
		padding-bottom: 0;
	}
	.optgroup button.button {
		padding-left: 12px;
		padding-right: 12px;
	}
	.linklist {
		list-style: none;
		margin: 0.5em 0;
		padding: 0;
	}
	.linklist li {
		padding: 2px 0;
	}
	.sidebar {
		float: left;
		width: 320px;
	}
	.bar-wrapper {
		max-width: 1100px;
		margin: 0 auto;
	}
	.bar-wrapper.has-sidebar {
		max-width: 1430px;
	}
	.mainbar {
		margin: 0;
		padding-right: 1px;
	}
	.mainbar.has-sidebar {
		margin-left: 330px;
	}
	@media (min-width: 1511px) {
		.sidebar {
			width: 400px;
		}
		.bar-wrapper.has-sidebar {
			max-width: 1510px;
		}
		.mainbar.has-sidebar {
			margin-left: 410px;
		}
	}
	.section.first-section {
		margin-top: 9px;
	}
	.blocklink small {
		white-space: normal;
	}
	.button {
		vertical-align: middle;
	}
	.replay-controls {
		padding-top: 10px;
	}
	.replay-controls h1 {
		font-size: 16pt;
		font-weight: normal;
		color: #CCC;
	}
	.pagelink {
		text-align: center;
	}
	.pagelink a {
		width: 150px;
	}
	.textbox, .button {
		font-size: 11pt;
		vertical-align: middle;
	}
	@media (max-width: 450px) {
		.button {
			font-size: 9pt;
		}
	}
</style>

<div>

	<header>
		<div class="nav-wrapper"><ul class="nav">
			<li><a class="button nav-first" href="//pokemonshowdown.com/"><img src="//pokemonshowdown.com/images/pokemonshowdownbeta.png" srcset="//pokemonshowdown.com/images/pokemonshowdownbeta.png 1x, //pokemonshowdown.com/images/pokemonshowdownbeta@2x.png 2x" alt="Pok&eacute;mon Showdown" width="146" height="44" /> Home</a></li>
			<li><a class="button" href="//pokemonshowdown.com/dex/">Pok&eacute;dex</a></li>
			<li><a class="button cur" href="/">Replays</a></li>
			<li><a class="button" href="//pokemonshowdown.com/ladder/">Ladder</a></li>
			<li><a class="button nav-last" href="//pokemonshowdown.com/forums/">Forum</a></li>
			<li><a class="button greenbutton nav-first nav-last" href="//play.pokemonshowdown.com/">Play</a></li>
		</ul></div>
	</header>

	<div class="main" id="main">

		<noscript><section class="section">You need to enable JavaScript to use this page; sorry!</section></noscript>

	</div>

</div>

<script defer nomodule src="//play.pokemonshowdown.com/js/lib/ps-polyfill.js"></script>
<script defer src="//play.pokemonshowdown.com/js/lib/preact.min.js"></script>

<script defer src="//play.pokemonshowdown.com/config/config.js?2bddbc15"></script>
<script defer src="//play.pokemonshowdown.com/js/lib/jquery-1.11.0.min.js"></script>
<script defer src="//play.pokemonshowdown.com/js/lib/html-sanitizer-minified.js"></script>
<script defer src="//play.pokemonshowdown.com/js/battle-sound.js"></script>
<script defer src="//play.pokemonshowdown.com/js/battledata.js?0.7209276989879541"></script>
<script defer src="//play.pokemonshowdown.com/data/pokedex-mini.js?0.6111056340867951"></script>
<script defer src="//play.pokemonshowdown.com/data/pokedex-mini-bw.js?0.3532142036491459"></script>
<script defer src="//play.pokemonshowdown.com/data/graphics.js?0.24223875632456182"></script>
<script defer src="//play.pokemonshowdown.com/data/pokedex.js?0.38839984266356864"></script>
<script defer src="//play.pokemonshowdown.com/data/moves.js?0.21866028504024015"></script>
<script defer src="//play.pokemonshowdown.com/data/abilities.js?0.2005157953846628"></script>
<script defer src="//play.pokemonshowdown.com/data/items.js?0.9894211263848525"></script>
<script defer src="//play.pokemonshowdown.com/data/teambuilder-tables.js?0.6008791140282215"></script>
<script defer src="//play.pokemonshowdown.com/js/battle-tooltips.js?0.7580118955022959"></script>
<script defer src="//play.pokemonshowdown.com/js/battle.js?0.6057722274234274"></script>

<script defer src="js/utils.js?e31f9a17"></script>
<script defer src="js/replays-battle.js?7008c182"></script>

<!-- don't scrape this data! just add .json or .log after the URL!
Full API docs: https://github.com/smogon/pokemon-showdown-client/blob/master/WEB-API.md -->
<script type="text/plain" class="log" id="replaylog-smogtours-gen3ou-793781">
|inactive|Battle timer is ON: inactive players will automatically lose when time's up.
|t:|1727802819
|gametype|singles
|player|p1|mint yerb|flannery|
|player|p2|KoboldSorcerer|1|
|teamsize|p1|6
|teamsize|p2|6
|gen|3
|tier|[Gen 3] OU
|rule|Sleep Clause Mod: Limit one foe put to sleep
|rule|Switch Priority Clause Mod: Faster Pokémon switch first
|rule|Species Clause: Limit one of each Pokémon
|rule|OHKO Clause: OHKO moves are banned
|rule|Evasion Items Clause: Evasion items are banned
|rule|Evasion Moves Clause: Evasion moves are banned
|rule|Endless Battle Clause: Forcing endless battles is banned
|rule|HP Percentage Mod: HP is shown in percentages
|rule|One Boost Passer Clause: Limit one Baton Passer that has a way to boost its stats
|rule|Freeze Clause Mod: Limit one foe frozen
|
|t:|1727802819
|start
|switch|p1a: COLD VISIONS|Furret, M|100/100
|switch|p2a: Skarmory|Skarmory, F|100/100
|turn|1
|c|☆mint yerb|glhf! 
|c|☆KoboldSorcerer|oh thank god its my boy
|inactive|KoboldSorcerer has 270 seconds left.
|
|t:|1727802879
|switch|p2a: Tyranitar|Tyranitar, F|100/100
|-weather|Sandstorm|[from] ability: Sand Stream|[of] p2a: Tyranitar
|move|p1a: COLD VISIONS|Trick|p2a: Tyranitar
|-activate|p1a: COLD VISIONS|move: Trick|[of] p2a: Tyranitar
|-item|p2a: Tyranitar|Choice Band|[from] move: Trick
|-item|p1a: COLD VISIONS|Leftovers|[from] move: Trick
|
|-weather|Sandstorm|[upkeep]
|-damage|p1a: COLD VISIONS|94/100|[from] Sandstorm
|-heal|p1a: COLD VISIONS|100/100|[from] item: Leftovers
|upkeep
|turn|2
|
|t:|1727802902
|switch|p2a: Gengar|Gengar, F|100/100
|move|p1a: COLD VISIONS|Brick Break|p2a: Gengar
|-immune|p2a: Gengar
|
|-weather|Sandstorm|[upkeep]
|-damage|p2a: Gengar|95/100|[from] Sandstorm
|-damage|p1a: COLD VISIONS|94/100|[from] Sandstorm
|-heal|p2a: Gengar|100/100|[from] item: Leftovers
|-heal|p1a: COLD VISIONS|100/100|[from] item: Leftovers
|upkeep
|turn|3
|
|t:|1727802912
|move|p2a: Gengar|Will-O-Wisp|p1a: COLD VISIONS
|-status|p1a: COLD VISIONS|brn
|move|p1a: COLD VISIONS|Shadow Ball|p2a: Gengar
|-supereffective|p2a: Gengar
|-damage|p2a: Gengar|67/100
|
|-weather|Sandstorm|[upkeep]
|-damage|p2a: Gengar|61/100|[from] Sandstorm
|-damage|p1a: COLD VISIONS|94/100 brn|[from] Sandstorm
|-heal|p2a: Gengar|67/100|[from] item: Leftovers
|-heal|p1a: COLD VISIONS|100/100 brn|[from] item: Leftovers
|-damage|p1a: COLD VISIONS|88/100 brn|[from] brn
|upkeep
|turn|4
|
|t:|1727802927
|switch|p2a: Skarmory|Skarmory, F|100/100
|move|p1a: COLD VISIONS|Shadow Ball|p2a: Skarmory
|-resisted|p2a: Skarmory
|-damage|p2a: Skarmory|97/100
|
|-weather|Sandstorm|[upkeep]
|-damage|p1a: COLD VISIONS|82/100 brn|[from] Sandstorm
|-heal|p1a: COLD VISIONS|88/100 brn|[from] item: Leftovers
|-damage|p1a: COLD VISIONS|76/100 brn|[from] brn
|-heal|p2a: Skarmory|100/100|[from] item: Leftovers
|upkeep
|turn|5
|
|t:|1727802932
|switch|p1a: Paranoia Intro|Gengar, F|100/100
|move|p2a: Skarmory|Spikes|p1a: Paranoia Intro
|-sidestart|p1: mint yerb|Spikes
|
|-weather|Sandstorm|[upkeep]
|-damage|p1a: Paranoia Intro|94/100|[from] Sandstorm
|-heal|p1a: Paranoia Intro|100/100|[from] item: Leftovers
|upkeep
|turn|6
|
|t:|1727802953
|switch|p2a: Swampert|Swampert, F|100/100
|move|p1a: Paranoia Intro|Will-O-Wisp|p2a: Swampert
|-status|p2a: Swampert|brn
|
|-weather|Sandstorm|[upkeep]
|-damage|p1a: Paranoia Intro|94/100|[from] Sandstorm
|-heal|p1a: Paranoia Intro|100/100|[from] item: Leftovers
|-damage|p2a: Swampert|88/100 brn|[from] brn
|upkeep
|turn|7
|inactive|mint yerb has 270 seconds left.
|
|t:|1727802983
|switch|p1a: COLD VISIONS|Furret, M|76/100 brn
|-damage|p1a: COLD VISIONS|64/100 brn|[from] Spikes
|switch|p2a: Skarmory|Skarmory, F|100/100
|
|-weather|Sandstorm|[upkeep]
|-damage|p1a: COLD VISIONS|58/100 brn|[from] Sandstorm
|-heal|p1a: COLD VISIONS|64/100 brn|[from] item: Leftovers
|-damage|p1a: COLD VISIONS|52/100 brn|[from] brn
|upkeep
|turn|8
|inactive|KoboldSorcerer has 270 seconds left.
|
|t:|1727803001
|switch|p1a: Bad 4 Business|Skarmory, F|100/100
|move|p2a: Skarmory|Spikes|p1a: Bad 4 Business
|-sidestart|p1: mint yerb|Spikes
|
|-weather|Sandstorm|[upkeep]
|upkeep
|turn|9
|inactive|KoboldSorcerer has 270 seconds left.
|
|t:|1727803011
|move|p1a: Bad 4 Business|Spikes|p2a: Skarmory
|-sidestart|p2: KoboldSorcerer|Spikes
|move|p2a: Skarmory|Spikes|p1a: Bad 4 Business
|-sidestart|p1: mint yerb|Spikes
|
|-weather|Sandstorm|[upkeep]
|upkeep
|turn|10
|
|t:|1727803016
|switch|p2a: Starmie|Starmie|100/100
|-damage|p2a: Starmie|88/100|[from] Spikes
|move|p1a: Bad 4 Business|Roar|p2a: Starmie
|drag|p2a: Gengar|Gengar, F|67/100
|
|-weather|Sandstorm|[upkeep]
|-damage|p2a: Gengar|61/100|[from] Sandstorm
|-heal|p2a: Gengar|67/100|[from] item: Leftovers
|upkeep
|turn|11
|
|t:|1727803025
|switch|p1a: COLD VISIONS|Furret, M|52/100 brn
|-damage|p1a: COLD VISIONS|27/100 brn|[from] Spikes
|move|p2a: Gengar|Thunderbolt|p1a: COLD VISIONS
|-damage|p1a: COLD VISIONS|0 fnt
|faint|p1a: COLD VISIONS
|
|t:|1727803043
|switch|p1a: Normal|Blissey, F|100/100
|-damage|p1a: Normal|76/100|[from] Spikes
|
|-weather|Sandstorm|[upkeep]
|-damage|p2a: Gengar|61/100|[from] Sandstorm
|-damage|p1a: Normal|69/100|[from] Sandstorm
|-heal|p2a: Gengar|67/100|[from] item: Leftovers
|-heal|p1a: Normal|76/100|[from] item: Leftovers
|upkeep
|turn|12
|
|t:|1727803052
|switch|p1a: Paranoia Intro|Gengar, F|100/100
|move|p2a: Gengar|Explosion|p1a: Paranoia Intro
|-immune|p1a: Paranoia Intro
|faint|p2a: Gengar
|
|t:|1727803054
|switch|p2a: Starmie|Starmie|88/100
|-damage|p2a: Starmie|76/100|[from] Spikes
|
|-weather|Sandstorm|[upkeep]
|-damage|p2a: Starmie|70/100|[from] Sandstorm
|-damage|p1a: Paranoia Intro|94/100|[from] Sandstorm
|-heal|p2a: Starmie|76/100|[from] item: Leftovers
|-heal|p1a: Paranoia Intro|100/100|[from] item: Leftovers
|upkeep
|turn|13
|
|t:|1727803074
|switch|p1a: Normal|Blissey, F|76/100
|-damage|p1a: Normal|51/100|[from] Spikes
|move|p2a: Starmie|Hydro Pump|p1a: Normal
|-damage|p1a: Normal|29/100
|
|-weather|Sandstorm|[upkeep]
|-damage|p2a: Starmie|70/100|[from] Sandstorm
|-damage|p1a: Normal|22/100|[from] Sandstorm
|-heal|p2a: Starmie|76/100|[from] item: Leftovers
|-heal|p1a: Normal|29/100|[from] item: Leftovers
|upkeep
|turn|14
|
|t:|1727803083
|move|p2a: Starmie|Rapid Spin|p1a: Normal
|-damage|p1a: Normal|26/100
|-sideend|p2: KoboldSorcerer|Spikes|[from] move: Rapid Spin|[of] p2a: Starmie
|move|p1a: Normal|Soft-Boiled|p1a: Normal
|-heal|p1a: Normal|76/100
|
|-weather|Sandstorm|[upkeep]
|-damage|p2a: Starmie|70/100|[from] Sandstorm
|-damage|p1a: Normal|70/100|[from] Sandstorm
|-heal|p2a: Starmie|76/100|[from] item: Leftovers
|-heal|p1a: Normal|76/100|[from] item: Leftovers
|upkeep
|turn|15
|
|t:|1727803094
|switch|p2a: Tyranitar|Tyranitar, F|100/100
|move|p1a: Normal|Ice Beam|p2a: Tyranitar
|-damage|p2a: Tyranitar|81/100
|
|-weather|Sandstorm|[upkeep]
|-damage|p1a: Normal|70/100|[from] Sandstorm
|-heal|p1a: Normal|76/100|[from] item: Leftovers
|upkeep
|turn|16
|
|t:|1727803112
|switch|p1a: Bad 4 Business|Skarmory, F|100/100
|move|p2a: Tyranitar|Rock Slide|p1a: Bad 4 Business
|-damage|p1a: Bad 4 Business|50/100
|
|-weather|Sandstorm|[upkeep]
|-heal|p1a: Bad 4 Business|56/100|[from] item: Leftovers
|upkeep
|turn|17
|
|t:|1727803119
|switch|p2a: Starmie|Starmie|76/100
|move|p1a: Bad 4 Business|Protect||[still]
|-fail|p1a: Bad 4 Business
|
|-weather|Sandstorm|[upkeep]
|-damage|p2a: Starmie|70/100|[from] Sandstorm
|-heal|p2a: Starmie|76/100|[from] item: Leftovers
|-heal|p1a: Bad 4 Business|62/100|[from] item: Leftovers
|upkeep
|turn|18
|
|t:|1727803135
|move|p1a: Bad 4 Business|Protect|p1a: Bad 4 Business
|-singleturn|p1a: Bad 4 Business|Protect
|move|p2a: Starmie|Hydro Pump|p1a: Bad 4 Business
|-activate|p1a: Bad 4 Business|Protect
|
|-weather|Sandstorm|[upkeep]
|-damage|p2a: Starmie|70/100|[from] Sandstorm
|-heal|p2a: Starmie|76/100|[from] item: Leftovers
|-heal|p1a: Bad 4 Business|68/100|[from] item: Leftovers
|upkeep
|turn|19
|
|t:|1727803153
|move|p2a: Starmie|Thunderbolt|p1a: Bad 4 Business
|-supereffective|p1a: Bad 4 Business
|-damage|p1a: Bad 4 Business|18/100
|move|p1a: Bad 4 Business|Toxic|p2a: Starmie
|-status|p2a: Starmie|tox
|
|-weather|Sandstorm|[upkeep]
|-damage|p2a: Starmie|70/100 tox|[from] Sandstorm
|-heal|p2a: Starmie|76/100 tox|[from] item: Leftovers
|-damage|p2a: Starmie|70/100 tox|[from] psn
|-heal|p1a: Bad 4 Business|24/100|[from] item: Leftovers
|upkeep
|turn|20
|
|t:|1727803163
|move|p1a: Bad 4 Business|Protect|p1a: Bad 4 Business
|-singleturn|p1a: Bad 4 Business|Protect
|move|p2a: Starmie|Thunderbolt|p1a: Bad 4 Business
|-activate|p1a: Bad 4 Business|Protect
|
|-weather|Sandstorm|[upkeep]
|-damage|p2a: Starmie|64/100 tox|[from] Sandstorm
|-heal|p2a: Starmie|70/100 tox|[from] item: Leftovers
|-damage|p2a: Starmie|58/100 tox|[from] psn
|-heal|p1a: Bad 4 Business|30/100|[from] item: Leftovers
|upkeep
|turn|21
|
|t:|1727803179
|-curestatus|p2a: Starmie|tox|[from] ability: Natural Cure
|switch|p2a: Tyranitar|Tyranitar, F|81/100
|switch|p1a: Normal|Blissey, F|76/100
|-damage|p1a: Normal|51/100|[from] Spikes
|
|-weather|Sandstorm|[upkeep]
|-damage|p1a: Normal|45/100|[from] Sandstorm
|-heal|p1a: Normal|51/100|[from] item: Leftovers
|upkeep
|turn|22
|
|t:|1727803193
|switch|p1a: SAD MEAL|Claydol|100/100
|move|p2a: Tyranitar|Rock Slide|p1a: SAD MEAL
|-resisted|p1a: SAD MEAL
|-damage|p1a: SAD MEAL|70/100
|
|-weather|Sandstorm|[upkeep]
|-heal|p1a: SAD MEAL|76/100|[from] item: Leftovers
|upkeep
|turn|23
|
|t:|1727803204
|switch|p2a: Skarmory|Skarmory, F|100/100
|move|p1a: SAD MEAL|Rapid Spin|p2a: Skarmory
|-resisted|p2a: Skarmory
|-damage|p2a: Skarmory|99/100
|-sideend|p1: mint yerb|Spikes|[from] move: Rapid Spin|[of] p1a: SAD MEAL
|
|-weather|Sandstorm|[upkeep]
|-heal|p1a: SAD MEAL|82/100|[from] item: Leftovers
|-heal|p2a: Skarmory|100/100|[from] item: Leftovers
|upkeep
|turn|24
|
|t:|1727803209
|switch|p1a: Paranoia Intro|Gengar, F|100/100
|move|p2a: Skarmory|Spikes|p1a: Paranoia Intro
|-sidestart|p1: mint yerb|Spikes
|
|-weather|Sandstorm|[upkeep]
|-damage|p1a: Paranoia Intro|94/100|[from] Sandstorm
|-heal|p1a: Paranoia Intro|100/100|[from] item: Leftovers
|upkeep
|turn|25
|
|t:|1727803216
|switch|p2a: Swampert|Swampert, F|88/100 brn
|move|p1a: Paranoia Intro|Will-O-Wisp|p2a: Swampert|[miss]
|-miss|p1a: Paranoia Intro|p2a: Swampert
|
|-weather|Sandstorm|[upkeep]
|-damage|p1a: Paranoia Intro|94/100|[from] Sandstorm
|-heal|p1a: Paranoia Intro|100/100|[from] item: Leftovers
|-heal|p2a: Swampert|94/100 brn|[from] item: Leftovers
|-damage|p2a: Swampert|82/100 brn|[from] brn
|upkeep
|turn|26
|
|t:|1727803229
|switch|p2a: Skarmory|Skarmory, F|100/100
|move|p1a: Paranoia Intro|Ice Punch|p2a: Skarmory
|-damage|p2a: Skarmory|79/100
|
|-weather|Sandstorm|[upkeep]
|-damage|p1a: Paranoia Intro|94/100|[from] Sandstorm
|-heal|p1a: Paranoia Intro|100/100|[from] item: Leftovers
|-heal|p2a: Skarmory|85/100|[from] item: Leftovers
|upkeep
|turn|27
|
|t:|1727803237
|move|p2a: Skarmory|Protect|p2a: Skarmory
|-singleturn|p2a: Skarmory|Protect
|move|p1a: Paranoia Intro|Taunt|p2a: Skarmory
|-activate|p2a: Skarmory|Protect
|
|-weather|Sandstorm|[upkeep]
|-damage|p1a: Paranoia Intro|94/100|[from] Sandstorm
|-heal|p1a: Paranoia Intro|100/100|[from] item: Leftovers
|-heal|p2a: Skarmory|91/100|[from] item: Leftovers
|upkeep
|turn|28
|
|t:|1727803247
|switch|p1a: Bad 4 Business|Skarmory, F|30/100
|switch|p2a: Swampert|Swampert, F|82/100 brn
|
|-weather|Sandstorm|[upkeep]
|-heal|p1a: Bad 4 Business|36/100|[from] item: Leftovers
|-heal|p2a: Swampert|88/100 brn|[from] item: Leftovers
|-damage|p2a: Swampert|76/100 brn|[from] brn
|upkeep
|turn|29
|
|t:|1727803264
|switch|p1a: Normal|Blissey, F|51/100
|-damage|p1a: Normal|38/100|[from] Spikes
|move|p2a: Swampert|Hydro Pump|p1a: Normal
|-damage|p1a: Normal|23/100
|
|-weather|Sandstorm|[upkeep]
|-damage|p1a: Normal|17/100|[from] Sandstorm
|-heal|p2a: Swampert|82/100 brn|[from] item: Leftovers
|-damage|p2a: Swampert|69/100 brn|[from] brn
|-heal|p1a: Normal|23/100|[from] item: Leftovers
|upkeep
|turn|30
|
|t:|1727803279
|switch|p1a: Paranoia Intro|Gengar, F|100/100
|move|p2a: Swampert|Earthquake|p1a: Paranoia Intro
|-immune|p1a: Paranoia Intro
|
|-weather|Sandstorm|[upkeep]
|-damage|p1a: Paranoia Intro|94/100|[from] Sandstorm
|-heal|p1a: Paranoia Intro|100/100|[from] item: Leftovers
|-heal|p2a: Swampert|76/100 brn|[from] item: Leftovers
|-damage|p2a: Swampert|63/100 brn|[from] brn
|upkeep
|turn|31
|
|t:|1727803295
|move|p1a: Paranoia Intro|Ice Punch|p2a: Swampert
|-damage|p2a: Swampert|43/100 brn
|move|p2a: Swampert|Hydro Pump|p1a: Paranoia Intro
|-damage|p1a: Paranoia Intro|58/100
|
|-weather|Sandstorm|[upkeep]
|-damage|p1a: Paranoia Intro|52/100|[from] Sandstorm
|-heal|p1a: Paranoia Intro|58/100|[from] item: Leftovers
|-heal|p2a: Swampert|50/100 brn|[from] item: Leftovers
|-damage|p2a: Swampert|37/100 brn|[from] brn
|upkeep
|turn|32
|
|t:|1727803304
|move|p1a: Paranoia Intro|Taunt|p2a: Swampert
|-start|p2a: Swampert|move: Taunt
|move|p2a: Swampert|Hydro Pump|p1a: Paranoia Intro
|-damage|p1a: Paranoia Intro|12/100
|
|-weather|Sandstorm|[upkeep]
|-damage|p1a: Paranoia Intro|6/100|[from] Sandstorm
|-heal|p1a: Paranoia Intro|12/100|[from] item: Leftovers
|-heal|p2a: Swampert|43/100 brn|[from] item: Leftovers
|-damage|p2a: Swampert|31/100 brn|[from] brn
|upkeep
|turn|33
|
|t:|1727803311
|move|p1a: Paranoia Intro|Fire Punch|p2a: Swampert
|-resisted|p2a: Swampert
|-damage|p2a: Swampert|21/100 brn
|move|p2a: Swampert|Ice Beam|p1a: Paranoia Intro
|-damage|p1a: Paranoia Intro|0 fnt
|faint|p1a: Paranoia Intro
|
|t:|1727803317
|switch|p1a: KING NOTHINGG|Tyranitar, F|100/100
|-damage|p1a: KING NOTHINGG|88/100|[from] Spikes
|
|-weather|Sandstorm|[upkeep]
|-heal|p2a: Swampert|27/100 brn|[from] item: Leftovers
|-damage|p2a: Swampert|14/100 brn|[from] brn
|-end|p2a: Swampert|move: Taunt|[silent]
|upkeep
|turn|34
|
|t:|1727803324
|move|p1a: KING NOTHINGG|Hidden Power|p2a: Swampert
|-supereffective|p2a: Swampert
|-damage|p2a: Swampert|0 fnt
|faint|p2a: Swampert
|
|t:|1727803336
|switch|p2a: Starmie|Starmie|58/100
|
|-weather|Sandstorm|[upkeep]
|-damage|p2a: Starmie|52/100|[from] Sandstorm
|-heal|p2a: Starmie|58/100|[from] item: Leftovers
|upkeep
|turn|35
|inactive|KoboldSorcerer has 270 seconds left.
|
|t:|1727803371
|move|p2a: Starmie|Hydro Pump|p1a: KING NOTHINGG|[miss]
|-miss|p2a: Starmie|p1a: KING NOTHINGG
|move|p1a: KING NOTHINGG|Rock Slide|p2a: Starmie
|-damage|p2a: Starmie|0 fnt
|faint|p2a: Starmie
|inactive|KoboldSorcerer has 270 seconds left.
|c|☆KoboldSorcerer|sad
|
|t:|1727803384
|switch|p2a: Skarmory|Skarmory, F|91/100
|
|-weather|Sandstorm|[upkeep]
|-heal|p2a: Skarmory|97/100|[from] item: Leftovers
|upkeep
|turn|36
|inactive|KoboldSorcerer has 270 seconds left.
|
|t:|1727803392
|switch|p1a: Bad 4 Business|Skarmory, F|36/100
|move|p2a: Skarmory|Roar|p1a: Bad 4 Business
|drag|p1a: SAD MEAL|Claydol|82/100
|
|-weather|Sandstorm|[upkeep]
|-heal|p1a: SAD MEAL|88/100|[from] item: Leftovers
|-heal|p2a: Skarmory|100/100|[from] item: Leftovers
|upkeep
|turn|37
|
|t:|1727803401
|switch|p1a: Bad 4 Business|Skarmory, F|36/100
|move|p2a: Skarmory|Toxic|p1a: Bad 4 Business
|-immune|p1a: Bad 4 Business
|
|-weather|Sandstorm|[upkeep]
|-heal|p1a: Bad 4 Business|42/100|[from] item: Leftovers
|upkeep
|turn|38
|
|t:|1727803405
|switch|p2a: Tyranitar|Tyranitar, F|81/100
|move|p1a: Bad 4 Business|Protect||[still]
|-fail|p1a: Bad 4 Business
|
|-weather|Sandstorm|[upkeep]
|-heal|p1a: Bad 4 Business|48/100|[from] item: Leftovers
|upkeep
|turn|39
|
|t:|1727803408
|-singleturn|p2a: Tyranitar|move: Focus Punch
|move|p1a: Bad 4 Business|Protect|p1a: Bad 4 Business
|-singleturn|p1a: Bad 4 Business|Protect
|move|p2a: Tyranitar|Focus Punch|p1a: Bad 4 Business
|-activate|p1a: Bad 4 Business|Protect
|
|-weather|Sandstorm|[upkeep]
|-heal|p1a: Bad 4 Business|54/100|[from] item: Leftovers
|upkeep
|turn|40
|
|t:|1727803425
|-singleturn|p2a: Tyranitar|move: Focus Punch
|switch|p1a: SAD MEAL|Claydol|88/100
|move|p2a: Tyranitar|Focus Punch|p1a: SAD MEAL
|-resisted|p1a: SAD MEAL
|-damage|p1a: SAD MEAL|45/100
|
|-weather|Sandstorm|[upkeep]
|-heal|p1a: SAD MEAL|51/100|[from] item: Leftovers
|upkeep
|turn|41
|
|t:|1727803435
|switch|p2a: Skarmory|Skarmory, F|100/100
|move|p1a: SAD MEAL|Rapid Spin|p2a: Skarmory
|-resisted|p2a: Skarmory
|-damage|p2a: Skarmory|99/100
|-sideend|p1: mint yerb|Spikes|[from] move: Rapid Spin|[of] p1a: SAD MEAL
|
|-weather|Sandstorm|[upkeep]
|-heal|p1a: SAD MEAL|57/100|[from] item: Leftovers
|-heal|p2a: Skarmory|100/100|[from] item: Leftovers
|upkeep
|turn|42
|
|t:|1727803439
|switch|p1a: Normal|Blissey, F|23/100
|switch|p2a: Blissey|Blissey, F, shiny|100/100
|
|-weather|Sandstorm|[upkeep]
|-damage|p2a: Blissey|94/100|[from] Sandstorm
|-damage|p1a: Normal|17/100|[from] Sandstorm
|-heal|p1a: Normal|23/100|[from] item: Leftovers
|-heal|p2a: Blissey|100/100|[from] item: Leftovers
|upkeep
|turn|43
|
|t:|1727803449
|move|p1a: Normal|Soft-Boiled|p1a: Normal
|-heal|p1a: Normal|73/100
|move|p2a: Blissey|Toxic|p1a: Normal
|-status|p1a: Normal|tox
|
|-weather|Sandstorm|[upkeep]
|-damage|p1a: Normal|67/100 tox|[from] Sandstorm
|-damage|p2a: Blissey|94/100|[from] Sandstorm
|-heal|p1a: Normal|73/100 tox|[from] item: Leftovers
|-heal|p2a: Blissey|100/100|[from] item: Leftovers
|-damage|p1a: Normal|67/100 tox|[from] psn
|upkeep
|turn|44
|
|t:|1727803456
|switch|p2a: Tyranitar|Tyranitar, F|81/100
|move|p1a: Normal|Soft-Boiled|p1a: Normal
|-heal|p1a: Normal|100/100 tox
|
|-weather|Sandstorm|[upkeep]
|-damage|p1a: Normal|94/100 tox|[from] Sandstorm
|-heal|p1a: Normal|100/100 tox|[from] item: Leftovers
|-damage|p1a: Normal|88/100 tox|[from] psn
|upkeep
|turn|45
|inactive|mint yerb has 270 seconds left.
|inactive|KoboldSorcerer has 270 seconds left.
|
|t:|1727803497
|move|p2a: Tyranitar|Rock Slide|p1a: Normal
|-damage|p1a: Normal|21/100 tox
|cant|p1a: Normal|flinch
|
|-weather|Sandstorm|[upkeep]
|-damage|p1a: Normal|15/100 tox|[from] Sandstorm
|-heal|p1a: Normal|21/100 tox|[from] item: Leftovers
|-damage|p1a: Normal|2/100 tox|[from] psn
|upkeep
|turn|46
|inactive|KoboldSorcerer has 270 seconds left.
|
|t:|1727803519
|switch|p2a: Blissey|Blissey, F, shiny|100/100
|move|p1a: Normal|Soft-Boiled|p1a: Normal
|-heal|p1a: Normal|52/100 tox
|
|-weather|Sandstorm|[upkeep]
|-damage|p1a: Normal|46/100 tox|[from] Sandstorm
|-damage|p2a: Blissey|94/100|[from] Sandstorm
|-heal|p2a: Blissey|100/100|[from] item: Leftovers
|-heal|p1a: Normal|52/100 tox|[from] item: Leftovers
|-damage|p1a: Normal|28/100 tox|[from] psn
|upkeep
|turn|47
|inactive|mint yerb has 270 seconds left.
|
|t:|1727803528
|-curestatus|p1a: Normal|tox|[from] ability: Natural Cure
|switch|p1a: KING NOTHINGG|Tyranitar, F|88/100
|switch|p2a: Tyranitar|Tyranitar, F|81/100
|
|-weather|Sandstorm|[upkeep]
|upkeep
|turn|48
|inactive|mint yerb has 270 seconds left.
|
|t:|1727803544
|move|p1a: KING NOTHINGG|Rock Slide|p2a: Tyranitar|[miss]
|-miss|p1a: KING NOTHINGG|p2a: Tyranitar
|move|p2a: Tyranitar|Hidden Power|p1a: KING NOTHINGG
|-supereffective|p1a: KING NOTHINGG
|-damage|p1a: KING NOTHINGG|8/100
|
|-weather|Sandstorm|[upkeep]
|upkeep
|turn|49
|inactive|mint yerb has 270 seconds left.
|inactive|KoboldSorcerer has 270 seconds left.
|
|t:|1727803568
|switch|p1a: Bad 4 Business|Skarmory, F|54/100
|switch|p2a: Skarmory|Skarmory, F|100/100
|
|-weather|Sandstorm|[upkeep]
|-heal|p1a: Bad 4 Business|60/100|[from] item: Leftovers
|upkeep
|turn|50
|
|t:|1727803574
|move|p1a: Bad 4 Business|Spikes|p2a: Skarmory
|-sidestart|p2: KoboldSorcerer|Spikes
|move|p2a: Skarmory|Spikes|p1a: Bad 4 Business
|-sidestart|p1: mint yerb|Spikes
|
|-weather|Sandstorm|[upkeep]
|-heal|p1a: Bad 4 Business|66/100|[from] item: Leftovers
|upkeep
|turn|51
|
|t:|1727803578
|switch|p2a: Blissey|Blissey, F, shiny|100/100
|-damage|p2a: Blissey|88/100|[from] Spikes
|move|p1a: Bad 4 Business|Spikes|p2a: Blissey
|-sidestart|p2: KoboldSorcerer|Spikes
|
|-weather|Sandstorm|[upkeep]
|-damage|p2a: Blissey|82/100|[from] Sandstorm
|-heal|p1a: Bad 4 Business|72/100|[from] item: Leftovers
|-heal|p2a: Blissey|88/100|[from] item: Leftovers
|upkeep
|turn|52
|
|t:|1727803583
|move|p1a: Bad 4 Business|Protect|p1a: Bad 4 Business
|-singleturn|p1a: Bad 4 Business|Protect
|move|p2a: Blissey|Fire Blast|p1a: Bad 4 Business
|-activate|p1a: Bad 4 Business|Protect
|
|-weather|Sandstorm|[upkeep]
|-damage|p2a: Blissey|82/100|[from] Sandstorm
|-heal|p1a: Bad 4 Business|78/100|[from] item: Leftovers
|-heal|p2a: Blissey|88/100|[from] item: Leftovers
|upkeep
|turn|53
|inactive|mint yerb has 270 seconds left.
|
|t:|1727803604
|switch|p1a: KING NOTHINGG|Tyranitar, F|8/100
|-damage|p1a: KING NOTHINGG|0 fnt|[from] Spikes
|faint|p1a: KING NOTHINGG
|
|t:|1727803606
|switch|p1a: SAD MEAL|Claydol|57/100
|
|-weather|Sandstorm|[upkeep]
|-damage|p2a: Blissey|82/100|[from] Sandstorm
|-heal|p1a: SAD MEAL|63/100|[from] item: Leftovers
|-heal|p2a: Blissey|88/100|[from] item: Leftovers
|upkeep
|turn|54
|inactive|mint yerb has 270 seconds left.
|
|t:|1727803631
|switch|p1a: Bad 4 Business|Skarmory, F|78/100
|move|p2a: Blissey|Ice Beam|p1a: Bad 4 Business
|-damage|p1a: Bad 4 Business|53/100
|
|-weather|Sandstorm|[upkeep]
|-damage|p2a: Blissey|82/100|[from] Sandstorm
|-heal|p1a: Bad 4 Business|59/100|[from] item: Leftovers
|-heal|p2a: Blissey|88/100|[from] item: Leftovers
|upkeep
|turn|55
|
|t:|1727803637
|move|p1a: Bad 4 Business|Protect|p1a: Bad 4 Business
|-singleturn|p1a: Bad 4 Business|Protect
|move|p2a: Blissey|Fire Blast|p1a: Bad 4 Business
|-activate|p1a: Bad 4 Business|Protect
|
|-weather|Sandstorm|[upkeep]
|-damage|p2a: Blissey|82/100|[from] Sandstorm
|-heal|p1a: Bad 4 Business|65/100|[from] item: Leftovers
|-heal|p2a: Blissey|88/100|[from] item: Leftovers
|upkeep
|turn|56
|inactive|mint yerb has 270 seconds left.
|
|t:|1727803646
|move|p1a: Bad 4 Business|Spikes|p2a: Blissey
|-sidestart|p2: KoboldSorcerer|Spikes
|move|p2a: Blissey|Fire Blast|p1a: Bad 4 Business
|-supereffective|p1a: Bad 4 Business
|-damage|p1a: Bad 4 Business|3/100
|
|-weather|Sandstorm|[upkeep]
|-damage|p2a: Blissey|82/100|[from] Sandstorm
|-heal|p1a: Bad 4 Business|9/100|[from] item: Leftovers
|-heal|p2a: Blissey|88/100|[from] item: Leftovers
|upkeep
|turn|57
|inactive|mint yerb has 270 seconds left.
|
|t:|1727803660
|move|p1a: Bad 4 Business|Protect|p1a: Bad 4 Business
|-singleturn|p1a: Bad 4 Business|Protect
|move|p2a: Blissey|Ice Beam|p1a: Bad 4 Business
|-activate|p1a: Bad 4 Business|Protect
|
|-weather|Sandstorm|[upkeep]
|-damage|p2a: Blissey|82/100|[from] Sandstorm
|-heal|p1a: Bad 4 Business|15/100|[from] item: Leftovers
|-heal|p2a: Blissey|88/100|[from] item: Leftovers
|upkeep
|turn|58
|inactive|mint yerb has 270 seconds left.
|
|t:|1727803673
|switch|p1a: Normal|Blissey, F|28/100
|-damage|p1a: Normal|15/100|[from] Spikes
|move|p2a: Blissey|Ice Beam|p1a: Normal
|-damage|p1a: Normal|5/100
|
|-weather|Sandstorm|[upkeep]
|-damage|p1a: Normal|0 fnt|[from] Sandstorm
|-damage|p2a: Blissey|82/100|[from] Sandstorm
|faint|p1a: Normal
|-heal|p2a: Blissey|88/100|[from] item: Leftovers
|upkeep
|inactive|mint yerb has 270 seconds left.
|
|t:|1727803683
|switch|p1a: SAD MEAL|Claydol|63/100
|turn|59
|inactive|mint yerb has 270 seconds left.
|
|t:|1727803694
|move|p1a: SAD MEAL|Earthquake|p2a: Blissey
|-damage|p2a: Blissey|49/100
|move|p2a: Blissey|Ice Beam|p1a: SAD MEAL
|-supereffective|p1a: SAD MEAL
|-crit|p1a: SAD MEAL
|-damage|p1a: SAD MEAL|0 fnt
|faint|p1a: SAD MEAL
|
|t:|1727803698
|switch|p1a: Bad 4 Business|Skarmory, F|15/100
|
|-weather|Sandstorm|[upkeep]
|-damage|p2a: Blissey|43/100|[from] Sandstorm
|-heal|p1a: Bad 4 Business|21/100|[from] item: Leftovers
|-heal|p2a: Blissey|49/100|[from] item: Leftovers
|upkeep
|turn|60
|
|t:|1727803709
|move|p1a: Bad 4 Business|Toxic|p2a: Blissey
|-status|p2a: Blissey|tox
|move|p2a: Blissey|Soft-Boiled|p2a: Blissey
|-heal|p2a: Blissey|99/100 tox
|
|-weather|Sandstorm|[upkeep]
|-damage|p2a: Blissey|93/100 tox|[from] Sandstorm
|-heal|p1a: Bad 4 Business|27/100|[from] item: Leftovers
|-heal|p2a: Blissey|99/100 tox|[from] item: Leftovers
|-damage|p2a: Blissey|93/100 tox|[from] psn
|upkeep
|turn|61
|
|t:|1727803712
|move|p1a: Bad 4 Business|Protect|p1a: Bad 4 Business
|-singleturn|p1a: Bad 4 Business|Protect
|move|p2a: Blissey|Ice Beam|p1a: Bad 4 Business
|-activate|p1a: Bad 4 Business|Protect
|
|-weather|Sandstorm|[upkeep]
|-damage|p2a: Blissey|86/100 tox|[from] Sandstorm
|-heal|p1a: Bad 4 Business|33/100|[from] item: Leftovers
|-heal|p2a: Blissey|93/100 tox|[from] item: Leftovers
|-damage|p2a: Blissey|80/100 tox|[from] psn
|upkeep
|turn|62
|
|t:|1727803718
|move|p1a: Bad 4 Business|Protect|p1a: Bad 4 Business
|-singleturn|p1a: Bad 4 Business|Protect
|move|p2a: Blissey|Ice Beam|p1a: Bad 4 Business
|-activate|p1a: Bad 4 Business|Protect
|
|-weather|Sandstorm|[upkeep]
|-damage|p2a: Blissey|74/100 tox|[from] Sandstorm
|-heal|p1a: Bad 4 Business|39/100|[from] item: Leftovers
|-heal|p2a: Blissey|80/100 tox|[from] item: Leftovers
|-damage|p2a: Blissey|62/100 tox|[from] psn
|upkeep
|turn|63
|
|t:|1727803728
|-curestatus|p2a: Blissey|tox|[from] ability: Natural Cure
|switch|p2a: Tyranitar|Tyranitar, F|81/100
|-damage|p2a: Tyranitar|56/100|[from] Spikes
|move|p1a: Bad 4 Business|Roar|p2a: Tyranitar
|drag|p2a: Skarmory|Skarmory, F|100/100
|
|-weather|Sandstorm|[upkeep]
|-heal|p1a: Bad 4 Business|45/100|[from] item: Leftovers
|upkeep
|turn|64
|
|t:|1727803750
|move|p2a: Skarmory|Spikes|p1a: Bad 4 Business
|-sidestart|p1: mint yerb|Spikes
|move|p1a: Bad 4 Business|Roar|p2a: Skarmory
|drag|p2a: Blissey|Blissey, F, shiny|62/100
|-damage|p2a: Blissey|37/100|[from] Spikes
|
|-weather|Sandstorm|[upkeep]
|-damage|p2a: Blissey|31/100|[from] Sandstorm
|-heal|p1a: Bad 4 Business|51/100|[from] item: Leftovers
|-heal|p2a: Blissey|37/100|[from] item: Leftovers
|upkeep
|turn|65
|
|t:|1727803759
|move|p1a: Bad 4 Business|Toxic|p2a: Blissey
|-status|p2a: Blissey|tox
|move|p2a: Blissey|Soft-Boiled|p2a: Blissey
|-heal|p2a: Blissey|87/100 tox
|
|-weather|Sandstorm|[upkeep]
|-damage|p2a: Blissey|81/100 tox|[from] Sandstorm
|-heal|p1a: Bad 4 Business|57/100|[from] item: Leftovers
|-heal|p2a: Blissey|87/100 tox|[from] item: Leftovers
|-damage|p2a: Blissey|81/100 tox|[from] psn
|upkeep
|turn|66
|
|t:|1727803765
|move|p1a: Bad 4 Business|Protect|p1a: Bad 4 Business
|-singleturn|p1a: Bad 4 Business|Protect
|move|p2a: Blissey|Toxic|p1a: Bad 4 Business
|-activate|p1a: Bad 4 Business|Protect
|
|-weather|Sandstorm|[upkeep]
|-damage|p2a: Blissey|75/100 tox|[from] Sandstorm
|-heal|p1a: Bad 4 Business|63/100|[from] item: Leftovers
|-heal|p2a: Blissey|81/100 tox|[from] item: Leftovers
|-damage|p2a: Blissey|68/100 tox|[from] psn
|upkeep
|turn|67
|
|t:|1727803768
|move|p2a: Blissey|Fire Blast|p1a: Bad 4 Business
|-supereffective|p1a: Bad 4 Business
|-damage|p1a: Bad 4 Business|9/100
|move|p1a: Bad 4 Business|Roar|p2a: Blissey
|-curestatus|p2a: Blissey|tox|[from] ability: Natural Cure
|drag|p2a: Skarmory|Skarmory, F|100/100
|
|-weather|Sandstorm|[upkeep]
|-heal|p1a: Bad 4 Business|15/100|[from] item: Leftovers
|upkeep
|turn|68
|
|t:|1727803773
|move|p1a: Bad 4 Business|Spikes||[still]
|-fail|p1a: Bad 4 Business
|move|p2a: Skarmory|Spikes|p1a: Bad 4 Business
|-sidestart|p1: mint yerb|Spikes
|
|-weather|Sandstorm|[upkeep]
|-heal|p1a: Bad 4 Business|21/100|[from] item: Leftovers
|upkeep
|turn|69
|
|t:|1727803779
|move|p2a: Skarmory|Spikes||[still]
|-fail|p2a: Skarmory
|move|p1a: Bad 4 Business|Roar|p2a: Skarmory
|drag|p2a: Tyranitar|Tyranitar, F|56/100
|-damage|p2a: Tyranitar|32/100|[from] Spikes
|
|-weather|Sandstorm|[upkeep]
|-heal|p1a: Bad 4 Business|27/100|[from] item: Leftovers
|upkeep
|turn|70
|
|t:|1727803782
|move|p1a: Bad 4 Business|Protect|p1a: Bad 4 Business
|-singleturn|p1a: Bad 4 Business|Protect
|move|p2a: Tyranitar|Rock Slide|p1a: Bad 4 Business|[miss]
|-miss|p2a: Tyranitar|p1a: Bad 4 Business
|
|-weather|Sandstorm|[upkeep]
|-heal|p1a: Bad 4 Business|33/100|[from] item: Leftovers
|upkeep
|turn|71
|
|t:|1727803784
|move|p1a: Bad 4 Business|Protect||[still]
|-fail|p1a: Bad 4 Business
|move|p2a: Tyranitar|Rock Slide|p1a: Bad 4 Business
|-damage|p1a: Bad 4 Business|0 fnt
|faint|p1a: Bad 4 Business
|
|win|KoboldSorcerer
|c|☆mint yerb|ggwp 
|c|☆KoboldSorcerer|u2
|player|p2|
|player|p1|
|player|p1|mint yerb|flannery|
|player|p2|KoboldSorcerer|1|

</script>
<script type="application/json" class="data" id="replaydata-smogtours-gen3ou-793781">
{"id":"smogtours-gen3ou-793781","format":"[Gen 3] OU","players":["mint yerb","KoboldSorcerer"],"uploadtime":1727803784,"views":139,"formatid":"gen3ou","rating":null,"private":0,"password":null}
</script>

<script defer src="js/replays.js?9d40a366"></script>
