<!DOCTYPE html>
<meta charset="utf-8" />
<meta name="viewport" content="width=device-width" />

<title>[Gen 3] OU: Valyns vs. Sificon~ - Replays - Pok&eacute;mon Showdown!</title>

<meta name="description" content="Watch a replay of a Pok&eacute;mon battle between Valyns and Sificon~! Format: [Gen 3] OU; Date: Oct 3, 2024" />
<!--

Hey, you! Looking in the source for the replay log?

You can find them in JSON format, just add `.json` at the end of a replay URL.

https://replay.pokemonshowdown.com/gen7randomdoublesbattle-865046831.json

Or, if you only need the log itself, add `.log` instead:

https://replay.pokemonshowdown.com/gen7randomdoublesbattle-865046831.log

-->

<link rel="stylesheet" href="//pokemonshowdown.com/style/global.css?0.023195364461161105" />
<link rel="stylesheet" href="//play.pokemonshowdown.com/style/font-awesome.css?0.13261647063804238" />
<link rel="stylesheet" href="//play.pokemonshowdown.com/style/battle.css?0.8753245789963631" />
<link rel="stylesheet" href="//play.pokemonshowdown.com/style/utilichart.css?0.8627959624976733" />

<!-- Global site tag (gtag.js) - Google Analytics -->
<script async src="https://www.googletagmanager.com/gtag/js?id=UA-26211653-1"></script>
<script>
  window.dataLayer = window.dataLayer || [];
  function gtag(){dataLayer.push(arguments);}
  gtag('js', new Date());

  gtag('config', 'UA-26211653-1');
</script>
<!-- End Google Analytics -->
<!-- Venatus Ad Manager - Install in <HEAD> of page -->
	<script src="https://hb.vntsm.com/v3/live/ad-manager.min.js" type="text/javascript" data-site-id="642aba63ec9a7b11c3c9c1be" data-mode="scan" async></script>
<!-- / Venatus Ad Manager -->

<style>
	@media (max-width:820px) {
		.battle {
			margin: 0 auto;
		}
		.battle-log {
			margin: 7px auto 0;
			max-width: 640px;
			height: 300px;
			position: static;
		}
	}
	.optgroup {
		display: inline-block;
		line-height: 22px;
		font-size: 10pt;
	}
	.optgroup .button {
		height: 25px;
		padding-top: 0;
		padding-bottom: 0;
	}
	.optgroup button.button {
		padding-left: 12px;
		padding-right: 12px;
	}
	.linklist {
		list-style: none;
		margin: 0.5em 0;
		padding: 0;
	}
	.linklist li {
		padding: 2px 0;
	}
	.sidebar {
		float: left;
		width: 320px;
	}
	.bar-wrapper {
		max-width: 1100px;
		margin: 0 auto;
	}
	.bar-wrapper.has-sidebar {
		max-width: 1430px;
	}
	.mainbar {
		margin: 0;
		padding-right: 1px;
	}
	.mainbar.has-sidebar {
		margin-left: 330px;
	}
	@media (min-width: 1511px) {
		.sidebar {
			width: 400px;
		}
		.bar-wrapper.has-sidebar {
			max-width: 1510px;
		}
		.mainbar.has-sidebar {
			margin-left: 410px;
		}
	}
	.section.first-section {
		margin-top: 9px;
	}
	.blocklink small {
		white-space: normal;
	}
	.button {
		vertical-align: middle;
	}
	.replay-controls {
		padding-top: 10px;
	}
	.replay-controls h1 {
		font-size: 16pt;
		font-weight: normal;
		color: #CCC;
	}
	.pagelink {
		text-align: center;
	}
	.pagelink a {
		width: 150px;
	}
	.textbox, .button {
		font-size: 11pt;
		vertical-align: middle;
	}
	@media (max-width: 450px) {
		.button {
			font-size: 9pt;
		}
	}
</style>

<div>

	<header>
		<div class="nav-wrapper"><ul class="nav">
			<li><a class="button nav-first" href="//pokemonshowdown.com/"><img src="//pokemonshowdown.com/images/pokemonshowdownbeta.png" srcset="//pokemonshowdown.com/images/pokemonshowdownbeta.png 1x, //pokemonshowdown.com/images/pokemonshowdownbeta@2x.png 2x" alt="Pok&eacute;mon Showdown" width="146" height="44" /> Home</a></li>
			<li><a class="button" href="//pokemonshowdown.com/dex/">Pok&eacute;dex</a></li>
			<li><a class="button cur" href="/">Replays</a></li>
			<li><a class="button" href="//pokemonshowdown.com/ladder/">Ladder</a></li>
			<li><a class="button nav-last" href="//pokemonshowdown.com/forums/">Forum</a></li>
			<li><a class="button greenbutton nav-first nav-last" href="//play.pokemonshowdown.com/">Play</a></li>
		</ul></div>
	</header>

	<div class="main" id="main">

		<noscript><section class="section">You need to enable JavaScript to use this page; sorry!</section></noscript>

	</div>

</div>

<script defer nomodule src="//play.pokemonshowdown.com/js/lib/ps-polyfill.js"></script>
<script defer src="//play.pokemonshowdown.com/js/lib/preact.min.js"></script>

<script defer src="//play.pokemonshowdown.com/config/config.js?2bddbc15"></script>
<script defer src="//play.pokemonshowdown.com/js/lib/jquery-1.11.0.min.js"></script>
<script defer src="//play.pokemonshowdown.com/js/lib/html-sanitizer-minified.js"></script>
<script defer src="//play.pokemonshowdown.com/js/battle-sound.js"></script>
<script defer src="//play.pokemonshowdown.com/js/battledata.js?0.7209276989879541"></script>
<script defer src="//play.pokemonshowdown.com/data/pokedex-mini.js?0.6111056340867951"></script>
<script defer src="//play.pokemonshowdown.com/data/pokedex-mini-bw.js?0.3532142036491459"></script>
<script defer src="//play.pokemonshowdown.com/data/graphics.js?0.24223875632456182"></script>
<script defer src="//play.pokemonshowdown.com/data/pokedex.js?0.38839984266356864"></script>
<script defer src="//play.pokemonshowdown.com/data/moves.js?0.21866028504024015"></script>
<script defer src="//play.pokemonshowdown.com/data/abilities.js?0.2005157953846628"></script>
<script defer src="//play.pokemonshowdown.com/data/items.js?0.9894211263848525"></script>
<script defer src="//play.pokemonshowdown.com/data/teambuilder-tables.js?0.6008791140282215"></script>
<script defer src="//play.pokemonshowdown.com/js/battle-tooltips.js?0.7580118955022959"></script>
<script defer src="//play.pokemonshowdown.com/js/battle.js?0.6057722274234274"></script>

<script defer src="js/utils.js?e31f9a17"></script>
<script defer src="js/replays-battle.js?7008c182"></script>

<!-- don't scrape this data! just add .json or .log after the URL!
Full API docs: https://github.com/smogon/pokemon-showdown-client/blob/master/WEB-API.md -->
<script type="text/plain" class="log" id="replaylog-smogtours-gen3ou-794360">
|inactive|Battle timer is ON: inactive players will automatically lose when time's up.
|t:|1727986605
|gametype|singles
|player|p1|Valyns|blue|
|player|p2|Sificon~|#sificon|
|teamsize|p1|6
|teamsize|p2|6
|gen|3
|tier|[Gen 3] OU
|rule|Sleep Clause Mod: Limit one foe put to sleep
|rule|Switch Priority Clause Mod: Faster Pokémon switch first
|rule|Species Clause: Limit one of each Pokémon
|rule|OHKO Clause: OHKO moves are banned
|rule|Evasion Items Clause: Evasion items are banned
|rule|Evasion Moves Clause: Evasion moves are banned
|rule|Endless Battle Clause: Forcing endless battles is banned
|rule|HP Percentage Mod: HP is shown in percentages
|rule|One Boost Passer Clause: Limit one Baton Passer that has a way to boost its stats
|rule|Freeze Clause Mod: Limit one foe frozen
|
|t:|1727986605
|start
|switch|p1a: Hariyama|Hariyama, F|100/100
|switch|p2a: Tyranitar|Tyranitar, F|100/100
|-weather|Sandstorm|[from] ability: Sand Stream|[of] p2a: Tyranitar
|turn|1
|inactive|Sificon~ also wants the timer to be on.
|c|☆Sificon~|hf
|c|☆Valyns|hfhf
|c|☆Valyns|how do the match links work
|inactive|Valyns has 270 seconds left.
|c|☆Sificon~|I can link it
|c|☆Valyns|kk
|
|t:|1727986650
|switch|p2a: Skarmory|Skarmory, F|100/100
|move|p1a: Hariyama|Knock Off|p2a: Skarmory
|-resisted|p2a: Skarmory
|-damage|p2a: Skarmory|99/100
|-enditem|p2a: Skarmory|Leftovers|[from] move: Knock Off|[of] p1a: Hariyama
|-hint|In Gens 3-4, Knock Off only makes the target's item unusable; it cannot obtain a new item.
|
|-weather|Sandstorm|[upkeep]
|-damage|p1a: Hariyama|94/100|[from] Sandstorm
|-heal|p1a: Hariyama|100/100|[from] item: Leftovers
|upkeep
|turn|2
|
|t:|1727986660
|-singleturn|p1a: Hariyama|move: Focus Punch
|move|p2a: Skarmory|Spikes|p1a: Hariyama
|-sidestart|p1: Valyns|Spikes
|move|p1a: Hariyama|Focus Punch|p2a: Skarmory
|-crit|p2a: Skarmory
|-damage|p2a: Skarmory|0 fnt
|faint|p2a: Skarmory
|
|t:|1727986678
|switch|p2a: Gengar|Gengar, F|100/100
|
|-weather|Sandstorm|[upkeep]
|-damage|p2a: Gengar|94/100|[from] Sandstorm
|-damage|p1a: Hariyama|94/100|[from] Sandstorm
|-heal|p2a: Gengar|100/100|[from] item: Leftovers
|-heal|p1a: Hariyama|100/100|[from] item: Leftovers
|upkeep
|turn|3
|
|t:|1727986685
|move|p2a: Gengar|Will-O-Wisp|p1a: Hariyama
|-status|p1a: Hariyama|brn
|move|p1a: Hariyama|Knock Off|p2a: Gengar
|-supereffective|p2a: Gengar
|-damage|p2a: Gengar|95/100
|-enditem|p2a: Gengar|Leftovers|[from] move: Knock Off|[of] p1a: Hariyama
|
|-weather|Sandstorm|[upkeep]
|-damage|p2a: Gengar|88/100|[from] Sandstorm
|-damage|p1a: Hariyama|94/100 brn|[from] Sandstorm
|-heal|p1a: Hariyama|100/100 brn|[from] item: Leftovers
|-damage|p1a: Hariyama|88/100 brn|[from] brn
|upkeep
|turn|4
|
|t:|1727986697
|move|p2a: Gengar|Thunderbolt|p1a: Hariyama
|-damage|p1a: Hariyama|63/100 brn
|move|p1a: Hariyama|Rock Slide|p2a: Gengar
|-damage|p2a: Gengar|31/100
|
|-weather|Sandstorm|[upkeep]
|-damage|p2a: Gengar|25/100|[from] Sandstorm
|-damage|p1a: Hariyama|57/100 brn|[from] Sandstorm
|-heal|p1a: Hariyama|63/100 brn|[from] item: Leftovers
|-damage|p1a: Hariyama|50/100 brn|[from] brn
|upkeep
|turn|5
|
|t:|1727986708
|-singleturn|p1a: Hariyama|move: Focus Punch
|move|p2a: Gengar|Thunderbolt|p1a: Hariyama
|-damage|p1a: Hariyama|26/100 brn
|move|p1a: Hariyama|Focus Punch||[still]
|cant|p1a: Hariyama|Focus Punch|Focus Punch
|
|-weather|Sandstorm|[upkeep]
|-damage|p2a: Gengar|18/100|[from] Sandstorm
|-damage|p1a: Hariyama|20/100 brn|[from] Sandstorm
|-heal|p1a: Hariyama|26/100 brn|[from] item: Leftovers
|-damage|p1a: Hariyama|14/100 brn|[from] brn
|upkeep
|turn|6
|
|t:|1727986723
|move|p2a: Gengar|Thunderbolt|p1a: Hariyama
|-damage|p1a: Hariyama|0 fnt
|faint|p1a: Hariyama
|
|t:|1727986731
|switch|p1a: Metagross|Metagross, shiny|100/100
|-damage|p1a: Metagross|88/100|[from] Spikes
|
|-weather|Sandstorm|[upkeep]
|-damage|p2a: Gengar|12/100|[from] Sandstorm
|upkeep
|turn|7
|
|t:|1727986739
|move|p2a: Gengar|Will-O-Wisp|p1a: Metagross
|-status|p1a: Metagross|brn
|-enditem|p1a: Metagross|Lum Berry|[eat]
|-curestatus|p1a: Metagross|brn|[msg]
|move|p1a: Metagross|Agility|p1a: Metagross
|-boost|p1a: Metagross|spe|2
|
|-weather|Sandstorm|[upkeep]
|-damage|p2a: Gengar|6/100|[from] Sandstorm
|upkeep
|turn|8
|
|t:|1727986749
|move|p1a: Metagross|Meteor Mash|p2a: Gengar|[miss]
|-miss|p1a: Metagross|p2a: Gengar
|move|p2a: Gengar|Will-O-Wisp|p1a: Metagross|[miss]
|-miss|p2a: Gengar|p1a: Metagross
|
|-weather|Sandstorm|[upkeep]
|-damage|p2a: Gengar|0 fnt|[from] Sandstorm
|faint|p2a: Gengar
|upkeep
|
|t:|1727986761
|switch|p2a: Moltres|Moltres|100/100
|turn|9
|
|t:|1727986764
|move|p1a: Metagross|Rock Slide|p2a: Moltres|[miss]
|-miss|p1a: Metagross|p2a: Moltres
|move|p2a: Moltres|Fire Blast|p1a: Metagross
|-supereffective|p1a: Metagross
|-damage|p1a: Metagross|0 fnt
|faint|p1a: Metagross
|c|☆Sificon~|mb
|c|☆Valyns|unlucky game all around lmao
|
|t:|1727986785
|switch|p1a: Aerodactyl|Aerodactyl, F|100/100
|
|-weather|Sandstorm|[upkeep]
|-damage|p2a: Moltres|94/100|[from] Sandstorm
|-heal|p2a: Moltres|100/100|[from] item: Leftovers
|upkeep
|turn|10
|
|t:|1727986798
|switch|p2a: Flygon|Flygon, M|100/100
|move|p1a: Aerodactyl|Rock Slide|p2a: Flygon
|-resisted|p2a: Flygon
|-crit|p2a: Flygon
|-damage|p2a: Flygon|63/100
|
|-weather|Sandstorm|[upkeep]
|-heal|p2a: Flygon|69/100|[from] item: Leftovers
|upkeep
|turn|11
|
|t:|1727986806
|switch|p1a: Weezing|Weezing, F, shiny|100/100
|move|p2a: Flygon|Toxic|p1a: Weezing
|-immune|p1a: Weezing
|
|-weather|Sandstorm|[upkeep]
|-damage|p1a: Weezing|94/100|[from] Sandstorm
|-heal|p2a: Flygon|75/100|[from] item: Leftovers
|-heal|p1a: Weezing|100/100|[from] item: Leftovers
|upkeep
|turn|12
|c|☆Sificon~|yeah lol
|
|t:|1727986820
|move|p2a: Flygon|Protect|p2a: Flygon
|-singleturn|p2a: Flygon|Protect
|move|p1a: Weezing|Will-O-Wisp|p2a: Flygon
|-activate|p2a: Flygon|Protect
|
|-weather|Sandstorm|[upkeep]
|-damage|p1a: Weezing|94/100|[from] Sandstorm
|-heal|p2a: Flygon|81/100|[from] item: Leftovers
|-heal|p1a: Weezing|100/100|[from] item: Leftovers
|upkeep
|turn|13
|
|t:|1727986829
|switch|p2a: Jirachi|Jirachi|100/100
|move|p1a: Weezing|Sludge Bomb|p2a: Jirachi
|-immune|p2a: Jirachi
|
|-weather|Sandstorm|[upkeep]
|-damage|p1a: Weezing|94/100|[from] Sandstorm
|-heal|p1a: Weezing|100/100|[from] item: Leftovers
|upkeep
|turn|14
|
|t:|1727986846
|switch|p1a: Regice|Regice, shiny|100/100
|-damage|p1a: Regice|88/100|[from] Spikes
|move|p2a: Jirachi|Body Slam|p1a: Regice
|-crit|p1a: Regice
|-damage|p1a: Regice|52/100
|
|-weather|Sandstorm|[upkeep]
|-damage|p1a: Regice|46/100|[from] Sandstorm
|-heal|p1a: Regice|52/100|[from] item: Leftovers
|upkeep
|turn|15
|
|t:|1727986856
|move|p2a: Jirachi|Fire Punch|p1a: Regice
|-supereffective|p1a: Regice
|-damage|p1a: Regice|34/100
|-status|p1a: Regice|brn
|move|p1a: Regice|Thunder Wave|p2a: Jirachi
|-status|p2a: Jirachi|par
|
|-weather|Sandstorm|[upkeep]
|-damage|p1a: Regice|28/100 brn|[from] Sandstorm
|-heal|p1a: Regice|34/100 brn|[from] item: Leftovers
|-damage|p1a: Regice|22/100 brn|[from] brn
|upkeep
|turn|16
|
|t:|1727986868
|move|p1a: Regice|Explosion|p2a: Jirachi
|-resisted|p2a: Jirachi
|-damage|p2a: Jirachi|88/100 par
|faint|p1a: Regice
|inactive|Valyns has 270 seconds left.
|
|t:|1727986900
|switch|p1a: Gengar|Gengar, F, shiny|100/100
|
|-weather|Sandstorm|[upkeep]
|-damage|p1a: Gengar|94/100|[from] Sandstorm
|-heal|p1a: Gengar|100/100|[from] item: Leftovers
|-heal|p2a: Jirachi|94/100 par|[from] item: Leftovers
|upkeep
|turn|17
|
|t:|1727986912
|switch|p2a: Tyranitar|Tyranitar, F|100/100
|move|p1a: Gengar|Thunderbolt|p2a: Tyranitar
|-damage|p2a: Tyranitar|70/100
|
|-weather|Sandstorm|[upkeep]
|-damage|p1a: Gengar|94/100|[from] Sandstorm
|-heal|p1a: Gengar|100/100|[from] item: Leftovers
|-heal|p2a: Tyranitar|76/100|[from] item: Leftovers
|upkeep
|turn|18
|inactive|Valyns has 270 seconds left.
|
|t:|1727986923
|move|p1a: Gengar|Hidden Power|p2a: Tyranitar
|-supereffective|p2a: Tyranitar
|-damage|p2a: Tyranitar|31/100
|move|p2a: Tyranitar|Pursuit|p1a: Gengar
|-supereffective|p1a: Gengar
|-damage|p1a: Gengar|39/100
|
|-weather|Sandstorm|[upkeep]
|-damage|p1a: Gengar|33/100|[from] Sandstorm
|-heal|p1a: Gengar|39/100|[from] item: Leftovers
|-heal|p2a: Tyranitar|37/100|[from] item: Leftovers
|upkeep
|turn|19
|inactive|Valyns has 270 seconds left.
|
|t:|1727986938
|move|p1a: Gengar|Hidden Power|p2a: Tyranitar
|-supereffective|p2a: Tyranitar
|-damage|p2a: Tyranitar|0 fnt
|faint|p2a: Tyranitar
|
|t:|1727986947
|switch|p2a: Moltres|Moltres|100/100
|
|-weather|Sandstorm|[upkeep]
|-damage|p1a: Gengar|33/100|[from] Sandstorm
|-damage|p2a: Moltres|94/100|[from] Sandstorm
|-heal|p1a: Gengar|39/100|[from] item: Leftovers
|-heal|p2a: Moltres|100/100|[from] item: Leftovers
|upkeep
|turn|20
|inactive|Valyns has 270 seconds left.
|
|t:|1727986958
|switch|p1a: Aerodactyl|Aerodactyl, F|100/100
|move|p2a: Moltres|Fire Blast|p1a: Aerodactyl
|-resisted|p1a: Aerodactyl
|-damage|p1a: Aerodactyl|54/100
|
|-weather|Sandstorm|[upkeep]
|-damage|p2a: Moltres|94/100|[from] Sandstorm
|-heal|p2a: Moltres|100/100|[from] item: Leftovers
|upkeep
|turn|21
|inactive|Valyns has 270 seconds left.
|
|t:|1727986984
|move|p2a: Moltres|Protect|p2a: Moltres
|-singleturn|p2a: Moltres|Protect
|move|p1a: Aerodactyl|Rock Slide|p2a: Moltres
|-activate|p2a: Moltres|Protect
|
|-weather|Sandstorm|[upkeep]
|-damage|p2a: Moltres|94/100|[from] Sandstorm
|-heal|p2a: Moltres|100/100|[from] item: Leftovers
|upkeep
|turn|22
|
|t:|1727986994
|switch|p2a: Flygon|Flygon, M|81/100
|move|p1a: Aerodactyl|Rock Slide|p2a: Flygon
|-resisted|p2a: Flygon
|-damage|p2a: Flygon|62/100
|
|-weather|Sandstorm|[upkeep]
|-heal|p2a: Flygon|68/100|[from] item: Leftovers
|upkeep
|turn|23
|
|t:|1727987002
|switch|p1a: Weezing|Weezing, F, shiny|100/100
|move|p2a: Flygon|Rock Slide|p1a: Weezing
|-damage|p1a: Weezing|89/100
|
|-weather|Sandstorm|[upkeep]
|-damage|p1a: Weezing|83/100|[from] Sandstorm
|-heal|p2a: Flygon|74/100|[from] item: Leftovers
|-heal|p1a: Weezing|89/100|[from] item: Leftovers
|upkeep
|turn|24
|
|t:|1727987013
|move|p2a: Flygon|Protect|p2a: Flygon
|-singleturn|p2a: Flygon|Protect
|move|p1a: Weezing|Sludge Bomb|p2a: Flygon
|-activate|p2a: Flygon|Protect
|
|-weather|Sandstorm|[upkeep]
|-damage|p1a: Weezing|83/100|[from] Sandstorm
|-heal|p2a: Flygon|80/100|[from] item: Leftovers
|-heal|p1a: Weezing|89/100|[from] item: Leftovers
|upkeep
|turn|25
|
|t:|1727987023
|switch|p2a: Jirachi|Jirachi|94/100 par
|move|p1a: Weezing|Will-O-Wisp||[still]
|-fail|p1a: Weezing
|
|-weather|Sandstorm|[upkeep]
|-damage|p1a: Weezing|83/100|[from] Sandstorm
|-heal|p1a: Weezing|89/100|[from] item: Leftovers
|-heal|p2a: Jirachi|100/100 par|[from] item: Leftovers
|upkeep
|turn|26
|
|t:|1727987033
|move|p1a: Weezing|Explosion|p2a: Jirachi
|-resisted|p2a: Jirachi
|-damage|p2a: Jirachi|56/100 par
|faint|p1a: Weezing
|
|t:|1727987037
|switch|p1a: Gengar|Gengar, F, shiny|39/100
|
|-weather|Sandstorm|[upkeep]
|-damage|p1a: Gengar|33/100|[from] Sandstorm
|-heal|p1a: Gengar|39/100|[from] item: Leftovers
|-heal|p2a: Jirachi|62/100 par|[from] item: Leftovers
|upkeep
|turn|27
|inactive|Valyns has 270 seconds left.
|
|t:|1727987052
|move|p1a: Gengar|Thunderbolt|p2a: Jirachi
|-damage|p2a: Jirachi|38/100 par
|move|p2a: Jirachi|Fire Punch|p1a: Gengar
|-damage|p1a: Gengar|9/100
|
|-weather|Sandstorm|[upkeep]
|-damage|p1a: Gengar|3/100|[from] Sandstorm
|-heal|p1a: Gengar|9/100|[from] item: Leftovers
|-heal|p2a: Jirachi|44/100 par|[from] item: Leftovers
|upkeep
|turn|28
|
|t:|1727987061
|move|p1a: Gengar|Destiny Bond|p1a: Gengar
|-singlemove|p1a: Gengar|Destiny Bond
|move|p2a: Jirachi|Fire Punch|p1a: Gengar
|-damage|p1a: Gengar|0 fnt
|faint|p1a: Gengar
|-activate|p1a: Gengar|move: Destiny Bond
|faint|p2a: Jirachi
|
|t:|1727987069
|switch|p1a: Aerodactyl|Aerodactyl, F|54/100
|switch|p2a: Flygon|Flygon, M|80/100
|
|-weather|Sandstorm|[upkeep]
|-heal|p2a: Flygon|86/100|[from] item: Leftovers
|upkeep
|turn|29
|
|t:|1727987078
|move|p2a: Flygon|Protect|p2a: Flygon
|-singleturn|p2a: Flygon|Protect
|move|p1a: Aerodactyl|Double-Edge|p2a: Flygon
|-activate|p2a: Flygon|Protect
|
|-weather|Sandstorm|[upkeep]
|-heal|p2a: Flygon|92/100|[from] item: Leftovers
|upkeep
|turn|30
|
|t:|1727987085
|move|p1a: Aerodactyl|Double-Edge|p2a: Flygon
|-damage|p2a: Flygon|48/100
|move|p2a: Flygon|Rock Slide|p1a: Aerodactyl
|-supereffective|p1a: Aerodactyl
|-damage|p1a: Aerodactyl|0 fnt
|faint|p1a: Aerodactyl
|
|win|Sificon~
|c|☆Sificon~|gg
|c|☆Valyns|gg
|player|p2|
|player|p2|Sificon~|#sificon|
|player|p1|

</script>
<script type="application/json" class="data" id="replaydata-smogtours-gen3ou-794360">
{"id":"smogtours-gen3ou-794360","format":"[Gen 3] OU","players":["Valyns","Sificon~"],"uploadtime":1727987085,"views":86,"formatid":"gen3ou","rating":null,"private":0,"password":null}
</script>

<script defer src="js/replays.js?9d40a366"></script>
