<!DOCTYPE html>
<meta charset="utf-8" />
<meta name="viewport" content="width=device-width" />

<title>[Gen 3] OU: pkLeech vs. RedCrimp - Replays - Pok&eacute;mon Showdown!</title>

<meta name="description" content="Watch a replay of a Pok&eacute;mon battle between pkLeech and RedCrimp! Format: [Gen 3] OU; Date: Nov 9, 2024" />
<!--

Hey, you! Looking in the source for the replay log?

You can find them in JSON format, just add `.json` at the end of a replay URL.

https://replay.pokemonshowdown.com/gen7randomdoublesbattle-865046831.json

Or, if you only need the log itself, add `.log` instead:

https://replay.pokemonshowdown.com/gen7randomdoublesbattle-865046831.log

-->

<link rel="stylesheet" href="//pokemonshowdown.com/style/global.css?0.023195364461161105" />
<link rel="stylesheet" href="//play.pokemonshowdown.com/style/font-awesome.css?0.13261647063804238" />
<link rel="stylesheet" href="//play.pokemonshowdown.com/style/battle.css?0.8753245789963631" />
<link rel="stylesheet" href="//play.pokemonshowdown.com/style/utilichart.css?0.8627959624976733" />

<!-- Global site tag (gtag.js) - Google Analytics -->
<script async src="https://www.googletagmanager.com/gtag/js?id=UA-26211653-1"></script>
<script>
  window.dataLayer = window.dataLayer || [];
  function gtag(){dataLayer.push(arguments);}
  gtag('js', new Date());

  gtag('config', 'UA-26211653-1');
</script>
<!-- End Google Analytics -->
<!-- Venatus Ad Manager - Install in <HEAD> of page -->
	<script src="https://hb.vntsm.com/v3/live/ad-manager.min.js" type="text/javascript" data-site-id="642aba63ec9a7b11c3c9c1be" data-mode="scan" async></script>
<!-- / Venatus Ad Manager -->

<style>
	@media (max-width:820px) {
		.battle {
			margin: 0 auto;
		}
		.battle-log {
			margin: 7px auto 0;
			max-width: 640px;
			height: 300px;
			position: static;
		}
	}
	.optgroup {
		display: inline-block;
		line-height: 22px;
		font-size: 10pt;
	}
	.optgroup .button {
		height: 25px;
		padding-top: 0;
		padding-bottom: 0;
	}
	.optgroup button.button {
		padding-left: 12px;
		padding-right: 12px;
	}
	.linklist {
		list-style: none;
		margin: 0.5em 0;
		padding: 0;
	}
	.linklist li {
		padding: 2px 0;
	}
	.sidebar {
		float: left;
		width: 320px;
	}
	.bar-wrapper {
		max-width: 1100px;
		margin: 0 auto;
	}
	.bar-wrapper.has-sidebar {
		max-width: 1430px;
	}
	.mainbar {
		margin: 0;
		padding-right: 1px;
	}
	.mainbar.has-sidebar {
		margin-left: 330px;
	}
	@media (min-width: 1511px) {
		.sidebar {
			width: 400px;
		}
		.bar-wrapper.has-sidebar {
			max-width: 1510px;
		}
		.mainbar.has-sidebar {
			margin-left: 410px;
		}
	}
	.section.first-section {
		margin-top: 9px;
	}
	.blocklink small {
		white-space: normal;
	}
	.button {
		vertical-align: middle;
	}
	.replay-controls {
		padding-top: 10px;
	}
	.replay-controls h1 {
		font-size: 16pt;
		font-weight: normal;
		color: #CCC;
	}
	.pagelink {
		text-align: center;
	}
	.pagelink a {
		width: 150px;
	}
	.textbox, .button {
		font-size: 11pt;
		vertical-align: middle;
	}
	@media (max-width: 450px) {
		.button {
			font-size: 9pt;
		}
	}
</style>

<div>

	<header>
		<div class="nav-wrapper"><ul class="nav">
			<li><a class="button nav-first" href="//pokemonshowdown.com/"><img src="//pokemonshowdown.com/images/pokemonshowdownbeta.png" srcset="//pokemonshowdown.com/images/pokemonshowdownbeta.png 1x, //pokemonshowdown.com/images/pokemonshowdownbeta@2x.png 2x" alt="Pok&eacute;mon Showdown" width="146" height="44" /> Home</a></li>
			<li><a class="button" href="//pokemonshowdown.com/dex/">Pok&eacute;dex</a></li>
			<li><a class="button cur" href="/">Replays</a></li>
			<li><a class="button" href="//pokemonshowdown.com/ladder/">Ladder</a></li>
			<li><a class="button nav-last" href="//pokemonshowdown.com/forums/">Forum</a></li>
			<li><a class="button greenbutton nav-first nav-last" href="//play.pokemonshowdown.com/">Play</a></li>
		</ul></div>
	</header>

	<div class="main" id="main">

		<noscript><section class="section">You need to enable JavaScript to use this page; sorry!</section></noscript>

	</div>

</div>

<script defer nomodule src="//play.pokemonshowdown.com/js/lib/ps-polyfill.js"></script>
<script defer src="//play.pokemonshowdown.com/js/lib/preact.min.js"></script>

<script defer src="//play.pokemonshowdown.com/config/config.js?2bddbc15"></script>
<script defer src="//play.pokemonshowdown.com/js/lib/jquery-1.11.0.min.js"></script>
<script defer src="//play.pokemonshowdown.com/js/lib/html-sanitizer-minified.js"></script>
<script defer src="//play.pokemonshowdown.com/js/battle-sound.js"></script>
<script defer src="//play.pokemonshowdown.com/js/battledata.js?0.7209276989879541"></script>
<script defer src="//play.pokemonshowdown.com/data/pokedex-mini.js?0.6111056340867951"></script>
<script defer src="//play.pokemonshowdown.com/data/pokedex-mini-bw.js?0.3532142036491459"></script>
<script defer src="//play.pokemonshowdown.com/data/graphics.js?0.24223875632456182"></script>
<script defer src="//play.pokemonshowdown.com/data/pokedex.js?0.38839984266356864"></script>
<script defer src="//play.pokemonshowdown.com/data/moves.js?0.21866028504024015"></script>
<script defer src="//play.pokemonshowdown.com/data/abilities.js?0.2005157953846628"></script>
<script defer src="//play.pokemonshowdown.com/data/items.js?0.9894211263848525"></script>
<script defer src="//play.pokemonshowdown.com/data/teambuilder-tables.js?0.6008791140282215"></script>
<script defer src="//play.pokemonshowdown.com/js/battle-tooltips.js?0.7580118955022959"></script>
<script defer src="//play.pokemonshowdown.com/js/battle.js?0.6057722274234274"></script>

<script defer src="js/utils.js?e31f9a17"></script>
<script defer src="js/replays-battle.js?7008c182"></script>

<!-- don't scrape this data! just add .json or .log after the URL!
Full API docs: https://github.com/smogon/pokemon-showdown-client/blob/master/WEB-API.md -->
<script type="text/plain" class="log" id="replaylog-smogtours-gen3ou-805542">
|inactive|Battle timer is ON: inactive players will automatically lose when time's up.
|t:|1731181006
|gametype|singles
|player|p1|pkLeech|pokemonbreeder-gen4|
|player|p2|RedCrimp|169|
|teamsize|p1|6
|teamsize|p2|6
|gen|3
|tier|[Gen 3] OU
|rule|Sleep Clause Mod: Limit one foe put to sleep
|rule|Switch Priority Clause Mod: Faster Pokémon switch first
|rule|Species Clause: Limit one of each Pokémon
|rule|OHKO Clause: OHKO moves are banned
|rule|Evasion Items Clause: Evasion items are banned
|rule|Evasion Moves Clause: Evasion moves are banned
|rule|Endless Battle Clause: Forcing endless battles is banned
|rule|HP Percentage Mod: HP is shown in percentages
|rule|One Boost Passer Clause: Limit one Baton Passer that has a way to boost its stats
|rule|Freeze Clause Mod: Limit one foe frozen
|
|t:|1731181006
|start
|switch|p1a: Salamence|Salamence, F|100/100
|switch|p2a: Salamence|Salamence, F|100/100
|-ability|p2a: Salamence|Intimidate|boost
|-unboost|p1a: Salamence|atk|1
|-ability|p1a: Salamence|Intimidate|boost
|-unboost|p2a: Salamence|atk|1
|turn|1
|c|☆pkLeech|hf
|c|☆RedCrimp|hf
|inactive|pkLeech has 270 seconds left.
|inactive|RedCrimp has 270 seconds left.
|
|t:|1731181052
|switch|p2a: Forretress|Forretress, F|100/100
|switch|p1a: Jirachi|Jirachi|100/100
|
|upkeep
|turn|2
|
|t:|1731181073
|switch|p2a: Blissey|Blissey, F|100/100
|move|p1a: Jirachi|Calm Mind|p1a: Jirachi
|-boost|p1a: Jirachi|spa|1
|-boost|p1a: Jirachi|spd|1
|
|upkeep
|turn|3
|inactive|RedCrimp has 270 seconds left.
|inactive|pkLeech has 270 seconds left.
|
|t:|1731181126
|switch|p2a: Tyranitar|Tyranitar, F|100/100
|-weather|Sandstorm|[from] ability: Sand Stream|[of] p2a: Tyranitar
|move|p1a: Jirachi|Thunderbolt|p2a: Tyranitar
|-damage|p2a: Tyranitar|73/100
|
|-weather|Sandstorm|[upkeep]
|-heal|p2a: Tyranitar|79/100|[from] item: Leftovers
|upkeep
|turn|4
|inactive|pkLeech has 240 seconds left.
|
|t:|1731181148
|move|p1a: Jirachi|Hidden Power|p2a: Tyranitar
|-supereffective|p2a: Tyranitar
|-damage|p2a: Tyranitar|36/100
|move|p2a: Tyranitar|Earthquake|p1a: Jirachi
|-supereffective|p1a: Jirachi
|-crit|p1a: Jirachi
|-damage|p1a: Jirachi|17/100
|
|-weather|Sandstorm|[upkeep]
|-heal|p1a: Jirachi|23/100|[from] item: Leftovers
|-heal|p2a: Tyranitar|42/100|[from] item: Leftovers
|upkeep
|turn|5
|inactive|pkLeech has 240 seconds left.
|inactive|RedCrimp has 270 seconds left.
|inactive|RedCrimp has 240 seconds left.
|inactive|RedCrimp has 210 seconds left.
|
|t:|1731181239
|switch|p2a: Jirachi|Jirachi|100/100
|move|p1a: Jirachi|Hidden Power|p2a: Jirachi
|-resisted|p2a: Jirachi
|-damage|p2a: Jirachi|93/100
|
|-weather|Sandstorm|[upkeep]
|-heal|p1a: Jirachi|29/100|[from] item: Leftovers
|-heal|p2a: Jirachi|99/100|[from] item: Leftovers
|upkeep
|turn|6
|inactive|pkLeech has 240 seconds left.
|
|t:|1731181267
|switch|p1a: Swampert|Swampert, M|100/100
|move|p2a: Jirachi|Fire Punch|p1a: Swampert
|-resisted|p1a: Swampert
|-damage|p1a: Swampert|94/100
|
|-weather|Sandstorm|[upkeep]
|-heal|p2a: Jirachi|100/100|[from] item: Leftovers
|-heal|p1a: Swampert|99/100|[from] item: Leftovers
|upkeep
|turn|7
|
|t:|1731181295
|move|p2a: Jirachi|Protect|p2a: Jirachi
|-singleturn|p2a: Jirachi|Protect
|move|p1a: Swampert|Curse|p1a: Swampert
|-unboost|p1a: Swampert|spe|1
|-boost|p1a: Swampert|atk|1
|-boost|p1a: Swampert|def|1
|
|-weather|Sandstorm|[upkeep]
|-heal|p1a: Swampert|100/100|[from] item: Leftovers
|upkeep
|turn|8
|
|t:|1731181302
|switch|p2a: Swampert|Swampert, F|100/100
|move|p1a: Swampert|Ice Beam|p2a: Swampert
|-damage|p2a: Swampert|84/100
|
|-weather|Sandstorm|[upkeep]
|-heal|p2a: Swampert|90/100|[from] item: Leftovers
|upkeep
|turn|9
|inactive|pkLeech has 240 seconds left.
|
|t:|1731181311
|move|p1a: Swampert|Earthquake|p2a: Swampert
|-damage|p2a: Swampert|51/100
|move|p2a: Swampert|Roar|p1a: Swampert
|drag|p1a: Salamence|Salamence, F|100/100
|-ability|p1a: Salamence|Intimidate|boost
|-unboost|p2a: Swampert|atk|1
|
|-weather|Sandstorm|[upkeep]
|-damage|p1a: Salamence|94/100|[from] Sandstorm
|-heal|p2a: Swampert|57/100|[from] item: Leftovers
|upkeep
|turn|10
|inactive|pkLeech has 240 seconds left.
|
|t:|1731181326
|switch|p1a: Jirachi|Jirachi|29/100
|move|p2a: Swampert|Protect||[still]
|-fail|p2a: Swampert
|
|-weather|Sandstorm|[upkeep]
|-heal|p1a: Jirachi|36/100|[from] item: Leftovers
|-heal|p2a: Swampert|64/100|[from] item: Leftovers
|upkeep
|turn|11
|inactive|pkLeech has 240 seconds left.
|
|t:|1731181347
|switch|p2a: Jirachi|Jirachi|100/100
|move|p1a: Jirachi|Wish|p1a: Jirachi
|
|-weather|Sandstorm|[upkeep]
|-heal|p1a: Jirachi|42/100|[from] item: Leftovers
|upkeep
|turn|12
|inactive|pkLeech has 240 seconds left.
|inactive|pkLeech has 210 seconds left.
|
|t:|1731181407
|move|p1a: Jirachi|Calm Mind|p1a: Jirachi
|-boost|p1a: Jirachi|spa|1
|-boost|p1a: Jirachi|spd|1
|move|p2a: Jirachi|Fire Punch|p1a: Jirachi
|-supereffective|p1a: Jirachi
|-damage|p1a: Jirachi|25/100
|
|-heal|p1a: Jirachi|75/100|[from] move: Wish|[wisher] Jirachi
|-weather|Sandstorm|[upkeep]
|-heal|p1a: Jirachi|81/100|[from] item: Leftovers
|upkeep
|turn|13
|
|t:|1731181423
|move|p1a: Jirachi|Thunderbolt|p2a: Jirachi
|-damage|p2a: Jirachi|80/100
|move|p2a: Jirachi|Fire Punch|p1a: Jirachi
|-supereffective|p1a: Jirachi
|-damage|p1a: Jirachi|64/100
|
|-weather|Sandstorm|[upkeep]
|-heal|p1a: Jirachi|70/100|[from] item: Leftovers
|-heal|p2a: Jirachi|86/100|[from] item: Leftovers
|upkeep
|turn|14
|
|t:|1731181430
|move|p1a: Jirachi|Wish|p1a: Jirachi
|move|p2a: Jirachi|Fire Punch|p1a: Jirachi
|-supereffective|p1a: Jirachi
|-damage|p1a: Jirachi|53/100
|
|-weather|Sandstorm|[upkeep]
|-heal|p1a: Jirachi|59/100|[from] item: Leftovers
|-heal|p2a: Jirachi|93/100|[from] item: Leftovers
|upkeep
|turn|15
|
|t:|1731181435
|move|p1a: Jirachi|Calm Mind|p1a: Jirachi
|-boost|p1a: Jirachi|spa|1
|-boost|p1a: Jirachi|spd|1
|move|p2a: Jirachi|Fire Punch|p1a: Jirachi
|-supereffective|p1a: Jirachi
|-damage|p1a: Jirachi|48/100
|
|-heal|p1a: Jirachi|98/100|[from] move: Wish|[wisher] Jirachi
|-weather|Sandstorm|[upkeep]
|-heal|p1a: Jirachi|100/100|[from] item: Leftovers
|-heal|p2a: Jirachi|99/100|[from] item: Leftovers
|upkeep
|turn|16
|inactive|pkLeech has 210 seconds left.
|
|t:|1731181443
|move|p1a: Jirachi|Calm Mind|p1a: Jirachi
|-boost|p1a: Jirachi|spa|1
|-boost|p1a: Jirachi|spd|1
|move|p2a: Jirachi|Fire Punch|p1a: Jirachi
|-supereffective|p1a: Jirachi
|-damage|p1a: Jirachi|91/100
|
|-weather|Sandstorm|[upkeep]
|-heal|p1a: Jirachi|97/100|[from] item: Leftovers
|-heal|p2a: Jirachi|100/100|[from] item: Leftovers
|upkeep
|turn|17
|inactive|RedCrimp has 210 seconds left.
|
|t:|1731181450
|move|p1a: Jirachi|Thunderbolt|p2a: Jirachi
|-damage|p2a: Jirachi|64/100
|move|p2a: Jirachi|Fire Punch|p1a: Jirachi
|-supereffective|p1a: Jirachi
|-damage|p1a: Jirachi|88/100
|
|-weather|Sandstorm|[upkeep]
|-heal|p1a: Jirachi|94/100|[from] item: Leftovers
|-heal|p2a: Jirachi|70/100|[from] item: Leftovers
|upkeep
|turn|18
|
|t:|1731181458
|move|p1a: Jirachi|Thunderbolt|p2a: Jirachi
|-damage|p2a: Jirachi|30/100
|-status|p2a: Jirachi|par
|move|p2a: Jirachi|Wish|p2a: Jirachi
|
|-weather|Sandstorm|[upkeep]
|-heal|p1a: Jirachi|99/100|[from] item: Leftovers
|-heal|p2a: Jirachi|36/100 par|[from] item: Leftovers
|upkeep
|turn|19
|
|t:|1731181469
|move|p1a: Jirachi|Thunderbolt|p2a: Jirachi
|-damage|p2a: Jirachi|0 fnt
|faint|p2a: Jirachi
|inactive|RedCrimp has 210 seconds left.
|
|t:|1731181508
|switch|p2a: Blissey|Blissey, F|100/100
|
|-weather|Sandstorm|[upkeep]
|-damage|p2a: Blissey|94/100|[from] Sandstorm
|-heal|p1a: Jirachi|100/100|[from] item: Leftovers
|-heal|p2a: Blissey|100/100|[from] item: Leftovers
|upkeep
|turn|20
|
|t:|1731181514
|move|p1a: Jirachi|Thunderbolt|p2a: Blissey
|-crit|p2a: Blissey
|-damage|p2a: Blissey|54/100
|move|p2a: Blissey|Calm Mind|p2a: Blissey
|-boost|p2a: Blissey|spa|1
|-boost|p2a: Blissey|spd|1
|
|-weather|Sandstorm|[upkeep]
|-damage|p2a: Blissey|48/100|[from] Sandstorm
|-heal|p2a: Blissey|54/100|[from] item: Leftovers
|upkeep
|turn|21
|inactive|pkLeech has 240 seconds left.
|
|t:|1731181541
|switch|p1a: Snorlax|Snorlax, F|100/100
|move|p2a: Blissey|Soft-Boiled|p2a: Blissey
|-heal|p2a: Blissey|100/100
|
|-weather|Sandstorm|[upkeep]
|-damage|p2a: Blissey|94/100|[from] Sandstorm
|-damage|p1a: Snorlax|94/100|[from] Sandstorm
|-heal|p2a: Blissey|100/100|[from] item: Leftovers
|-heal|p1a: Snorlax|100/100|[from] item: Leftovers
|upkeep
|turn|22
|inactive|RedCrimp has 210 seconds left.
|
|t:|1731181552
|switch|p2a: Forretress|Forretress, F|100/100
|move|p1a: Snorlax|Curse|p1a: Snorlax
|-unboost|p1a: Snorlax|spe|1
|-boost|p1a: Snorlax|atk|1
|-boost|p1a: Snorlax|def|1
|
|-weather|Sandstorm|[upkeep]
|-damage|p1a: Snorlax|94/100|[from] Sandstorm
|-heal|p1a: Snorlax|100/100|[from] item: Leftovers
|upkeep
|turn|23
|
|t:|1731181557
|move|p2a: Forretress|Spikes|p1a: Snorlax
|-sidestart|p1: pkLeech|Spikes
|move|p1a: Snorlax|Curse|p1a: Snorlax
|-unboost|p1a: Snorlax|spe|1
|-boost|p1a: Snorlax|atk|1
|-boost|p1a: Snorlax|def|1
|
|-weather|Sandstorm|[upkeep]
|-damage|p1a: Snorlax|94/100|[from] Sandstorm
|-heal|p1a: Snorlax|100/100|[from] item: Leftovers
|upkeep
|turn|24
|
|t:|1731181563
|move|p2a: Forretress|Explosion|p1a: Snorlax
|-crit|p1a: Snorlax
|-damage|p1a: Snorlax|0 fnt
|faint|p2a: Forretress
|faint|p1a: Snorlax
|c|☆pkLeech|man
|inactive|RedCrimp has 210 seconds left.
|c|☆pkLeech|these crits are kinda insane
|
|t:|1731181610
|switch|p1a: Starmie|Starmie|100/100
|switch|p2a: Salamence|Salamence, F|100/100
|-damage|p1a: Starmie|88/100|[from] Spikes
|-ability|p2a: Salamence|Intimidate|boost
|-unboost|p1a: Starmie|atk|1
|
|-weather|Sandstorm|[upkeep]
|-damage|p1a: Starmie|82/100|[from] Sandstorm
|-damage|p2a: Salamence|94/100|[from] Sandstorm
|-heal|p1a: Starmie|88/100|[from] item: Leftovers
|-heal|p2a: Salamence|100/100|[from] item: Leftovers
|upkeep
|turn|25
|inactive|RedCrimp has 180 seconds left.
|
|t:|1731181633
|switch|p2a: Blissey|Blissey, F|100/100
|move|p1a: Starmie|Rapid Spin|p2a: Blissey
|-damage|p2a: Blissey|99/100
|-sideend|p1: pkLeech|Spikes|[from] move: Rapid Spin|[of] p1a: Starmie
|
|-weather|Sandstorm|[upkeep]
|-damage|p1a: Starmie|82/100|[from] Sandstorm
|-damage|p2a: Blissey|93/100|[from] Sandstorm
|-heal|p1a: Starmie|88/100|[from] item: Leftovers
|-heal|p2a: Blissey|99/100|[from] item: Leftovers
|upkeep
|turn|26
|inactive|RedCrimp has 180 seconds left.
|inactive|pkLeech has 240 seconds left.
|inactive|pkLeech has 210 seconds left.
|
|t:|1731181699
|switch|p1a: Swampert|Swampert, M|100/100
|switch|p2a: Salamence|Salamence, F|100/100
|-ability|p2a: Salamence|Intimidate|boost
|-unboost|p1a: Swampert|atk|1
|
|-weather|Sandstorm|[upkeep]
|-damage|p2a: Salamence|94/100|[from] Sandstorm
|-heal|p2a: Salamence|100/100|[from] item: Leftovers
|upkeep
|turn|27
|inactive|RedCrimp has 180 seconds left.
|
|t:|1731181708
|switch|p2a: Swampert|Swampert, F|64/100
|move|p1a: Swampert|Ice Beam|p2a: Swampert
|-crit|p2a: Swampert
|-damage|p2a: Swampert|28/100
|
|-weather|Sandstorm|[upkeep]
|-heal|p2a: Swampert|34/100|[from] item: Leftovers
|upkeep
|turn|28
|inactive|RedCrimp has 180 seconds left.
|
|t:|1731181726
|switch|p1a: Salamence|Salamence, F|94/100
|-ability|p1a: Salamence|Intimidate|boost
|-unboost|p2a: Swampert|atk|1
|move|p2a: Swampert|Rest|p2a: Swampert
|-status|p2a: Swampert|slp|[from] move: Rest
|-heal|p2a: Swampert|100/100 slp|[silent]
|
|-weather|Sandstorm|[upkeep]
|-damage|p1a: Salamence|88/100|[from] Sandstorm
|upkeep
|turn|29
|inactive|RedCrimp has 180 seconds left.
|
|t:|1731181740
|switch|p2a: Tyranitar|Tyranitar, F|42/100
|move|p1a: Salamence|Hidden Power|p2a: Tyranitar
|-resisted|p2a: Tyranitar
|-damage|p2a: Tyranitar|18/100
|
|-weather|Sandstorm|[upkeep]
|-damage|p1a: Salamence|82/100|[from] Sandstorm
|-heal|p2a: Tyranitar|25/100|[from] item: Leftovers
|upkeep
|turn|30
|inactive|RedCrimp has 180 seconds left.
|
|t:|1731181758
|move|p1a: Salamence|Hidden Power|p2a: Tyranitar
|-resisted|p2a: Tyranitar
|-damage|p2a: Tyranitar|1/100
|move|p2a: Tyranitar|Pursuit|p1a: Salamence
|-damage|p1a: Salamence|60/100
|
|-weather|Sandstorm|[upkeep]
|-damage|p1a: Salamence|54/100|[from] Sandstorm
|-heal|p2a: Tyranitar|7/100|[from] item: Leftovers
|upkeep
|turn|31
|inactive|RedCrimp has 180 seconds left.
|inactive|RedCrimp has 150 seconds left.
|
|t:|1731181805
|move|p1a: Salamence|Hidden Power|p2a: Tyranitar
|-resisted|p2a: Tyranitar
|-damage|p2a: Tyranitar|0 fnt
|faint|p2a: Tyranitar
|
|t:|1731181823
|switch|p2a: Salamence|Salamence, F|100/100
|-ability|p2a: Salamence|Intimidate|boost
|-unboost|p1a: Salamence|atk|1
|
|-weather|Sandstorm|[upkeep]
|-damage|p2a: Salamence|94/100|[from] Sandstorm
|-damage|p1a: Salamence|48/100|[from] Sandstorm
|-heal|p2a: Salamence|100/100|[from] item: Leftovers
|upkeep
|turn|32
|
|t:|1731181852
|switch|p1a: Tyranitar|Tyranitar, F|100/100
|move|p2a: Salamence|Dragon Claw|p1a: Tyranitar
|-damage|p1a: Tyranitar|71/100
|
|-weather|Sandstorm|[upkeep]
|-damage|p2a: Salamence|94/100|[from] Sandstorm
|-heal|p2a: Salamence|100/100|[from] item: Leftovers
|-heal|p1a: Tyranitar|77/100|[from] item: Leftovers
|upkeep
|turn|33
|inactive|RedCrimp has 120 seconds left.
|inactive|RedCrimp has 90 seconds left.
|
|t:|1731181918
|move|p2a: Salamence|Brick Break|p1a: Tyranitar
|-supereffective|p1a: Tyranitar
|-damage|p1a: Tyranitar|7/100
|move|p1a: Tyranitar|Counter|p2a: Salamence
|-damage|p2a: Salamence|0 fnt
|faint|p2a: Salamence
|
|t:|1731181933
|switch|p2a: Blissey|Blissey, F|99/100
|
|-weather|Sandstorm|[upkeep]
|-damage|p2a: Blissey|93/100|[from] Sandstorm
|-heal|p1a: Tyranitar|13/100|[from] item: Leftovers
|-heal|p2a: Blissey|99/100|[from] item: Leftovers
|upkeep
|turn|34
|
|t:|1731181947
|switch|p1a: Starmie|Starmie|88/100
|move|p2a: Blissey|Ice Beam|p1a: Starmie
|-resisted|p1a: Starmie
|-damage|p1a: Starmie|74/100
|-status|p1a: Starmie|frz
|
|-weather|Sandstorm|[upkeep]
|-damage|p1a: Starmie|68/100 frz|[from] Sandstorm
|-damage|p2a: Blissey|93/100|[from] Sandstorm
|-heal|p1a: Starmie|74/100 frz|[from] item: Leftovers
|-heal|p2a: Blissey|99/100|[from] item: Leftovers
|upkeep
|turn|35
|
|t:|1731181964
|-curestatus|p1a: Starmie|frz|[from] ability: Natural Cure
|switch|p1a: Swampert|Swampert, M|100/100
|move|p2a: Blissey|Calm Mind|p2a: Blissey
|-boost|p2a: Blissey|spa|1
|-boost|p2a: Blissey|spd|1
|
|-weather|Sandstorm|[upkeep]
|-damage|p2a: Blissey|93/100|[from] Sandstorm
|-heal|p2a: Blissey|99/100|[from] item: Leftovers
|upkeep
|turn|36
|
|t:|1731181970
|move|p2a: Blissey|Ice Beam|p1a: Swampert
|-damage|p1a: Swampert|68/100
|move|p1a: Swampert|Earthquake|p2a: Blissey
|-damage|p2a: Blissey|59/100
|
|-weather|Sandstorm|[upkeep]
|-damage|p2a: Blissey|53/100|[from] Sandstorm
|-heal|p2a: Blissey|59/100|[from] item: Leftovers
|-heal|p1a: Swampert|75/100|[from] item: Leftovers
|upkeep
|turn|37
|inactive|RedCrimp has 90 seconds left.
|
|t:|1731181982
|move|p2a: Blissey|Ice Beam|p1a: Swampert
|-damage|p1a: Swampert|45/100
|move|p1a: Swampert|Earthquake|p2a: Blissey
|-damage|p2a: Blissey|20/100
|
|-weather|Sandstorm|[upkeep]
|-damage|p2a: Blissey|14/100|[from] Sandstorm
|-heal|p2a: Blissey|20/100|[from] item: Leftovers
|-heal|p1a: Swampert|51/100|[from] item: Leftovers
|upkeep
|turn|38
|inactive|pkLeech has 210 seconds left.
|inactive|RedCrimp has 90 seconds left.
|inactive|RedCrimp has 60 seconds left.
|
|t:|1731182038
|move|p2a: Blissey|Ice Beam|p1a: Swampert
|-damage|p1a: Swampert|22/100
|move|p1a: Swampert|Curse|p1a: Swampert
|-unboost|p1a: Swampert|spe|1
|-boost|p1a: Swampert|atk|1
|-boost|p1a: Swampert|def|1
|
|-weather|Sandstorm|[upkeep]
|-damage|p2a: Blissey|14/100|[from] Sandstorm
|-heal|p2a: Blissey|20/100|[from] item: Leftovers
|-heal|p1a: Swampert|28/100|[from] item: Leftovers
|upkeep
|turn|39
|
|t:|1731182052
|move|p2a: Blissey|Ice Beam|p1a: Swampert
|-damage|p1a: Swampert|0 fnt
|faint|p1a: Swampert
|
|t:|1731182054
|switch|p1a: Salamence|Salamence, F|48/100
|-ability|p1a: Salamence|Intimidate|boost
|-unboost|p2a: Blissey|atk|1
|
|-weather|Sandstorm|[upkeep]
|-damage|p1a: Salamence|42/100|[from] Sandstorm
|-damage|p2a: Blissey|14/100|[from] Sandstorm
|-heal|p2a: Blissey|20/100|[from] item: Leftovers
|upkeep
|turn|40
|
|t:|1731182075
|switch|p2a: Swampert|Swampert, F|100/100 slp
|move|p1a: Salamence|Hidden Power|p2a: Swampert
|-crit|p2a: Swampert
|-damage|p2a: Swampert|17/100 slp
|
|-weather|Sandstorm|[upkeep]
|-damage|p1a: Salamence|36/100|[from] Sandstorm
|-heal|p2a: Swampert|24/100 slp|[from] item: Leftovers
|upkeep
|turn|41
|
|t:|1731182079
|move|p1a: Salamence|Hidden Power|p2a: Swampert
|-damage|p2a: Swampert|0 fnt
|faint|p2a: Swampert
|c|☆RedCrimp|ggs
|c|☆pkLeech|ggs
|-message|RedCrimp forfeited.
|
|win|pkLeech
|c|☆pkLeech|very wp
|c|☆RedCrimp|thanks, u2
|player|p2|

</script>
<script type="application/json" class="data" id="replaydata-smogtours-gen3ou-805542">
{"id":"smogtours-gen3ou-805542","format":"[Gen 3] OU","players":["pkLeech","RedCrimp"],"uploadtime":1731182086,"views":42,"formatid":"gen3ou","rating":null,"private":0,"password":null}
</script>

<script defer src="js/replays.js?9d40a366"></script>
