<!DOCTYPE html>
<meta charset="utf-8" />
<meta name="viewport" content="width=device-width" />

<title>[Gen 3] OU: Hansenator vs. dicerat8 - Replays - Pok&eacute;mon Showdown!</title>

<meta name="description" content="Watch a replay of a Pok&eacute;mon battle between Hansenator and dicerat8! Format: [Gen 3] OU; Date: Oct 9, 2024" />
<!--

Hey, you! Looking in the source for the replay log?

You can find them in JSON format, just add `.json` at the end of a replay URL.

https://replay.pokemonshowdown.com/gen7randomdoublesbattle-865046831.json

Or, if you only need the log itself, add `.log` instead:

https://replay.pokemonshowdown.com/gen7randomdoublesbattle-865046831.log

-->

<link rel="stylesheet" href="//pokemonshowdown.com/style/global.css?0.023195364461161105" />
<link rel="stylesheet" href="//play.pokemonshowdown.com/style/font-awesome.css?0.13261647063804238" />
<link rel="stylesheet" href="//play.pokemonshowdown.com/style/battle.css?0.8753245789963631" />
<link rel="stylesheet" href="//play.pokemonshowdown.com/style/utilichart.css?0.8627959624976733" />

<!-- Global site tag (gtag.js) - Google Analytics -->
<script async src="https://www.googletagmanager.com/gtag/js?id=UA-26211653-1"></script>
<script>
  window.dataLayer = window.dataLayer || [];
  function gtag(){dataLayer.push(arguments);}
  gtag('js', new Date());

  gtag('config', 'UA-26211653-1');
</script>
<!-- End Google Analytics -->
<!-- Venatus Ad Manager - Install in <HEAD> of page -->
	<script src="https://hb.vntsm.com/v3/live/ad-manager.min.js" type="text/javascript" data-site-id="642aba63ec9a7b11c3c9c1be" data-mode="scan" async></script>
<!-- / Venatus Ad Manager -->

<style>
	@media (max-width:820px) {
		.battle {
			margin: 0 auto;
		}
		.battle-log {
			margin: 7px auto 0;
			max-width: 640px;
			height: 300px;
			position: static;
		}
	}
	.optgroup {
		display: inline-block;
		line-height: 22px;
		font-size: 10pt;
	}
	.optgroup .button {
		height: 25px;
		padding-top: 0;
		padding-bottom: 0;
	}
	.optgroup button.button {
		padding-left: 12px;
		padding-right: 12px;
	}
	.linklist {
		list-style: none;
		margin: 0.5em 0;
		padding: 0;
	}
	.linklist li {
		padding: 2px 0;
	}
	.sidebar {
		float: left;
		width: 320px;
	}
	.bar-wrapper {
		max-width: 1100px;
		margin: 0 auto;
	}
	.bar-wrapper.has-sidebar {
		max-width: 1430px;
	}
	.mainbar {
		margin: 0;
		padding-right: 1px;
	}
	.mainbar.has-sidebar {
		margin-left: 330px;
	}
	@media (min-width: 1511px) {
		.sidebar {
			width: 400px;
		}
		.bar-wrapper.has-sidebar {
			max-width: 1510px;
		}
		.mainbar.has-sidebar {
			margin-left: 410px;
		}
	}
	.section.first-section {
		margin-top: 9px;
	}
	.blocklink small {
		white-space: normal;
	}
	.button {
		vertical-align: middle;
	}
	.replay-controls {
		padding-top: 10px;
	}
	.replay-controls h1 {
		font-size: 16pt;
		font-weight: normal;
		color: #CCC;
	}
	.pagelink {
		text-align: center;
	}
	.pagelink a {
		width: 150px;
	}
	.textbox, .button {
		font-size: 11pt;
		vertical-align: middle;
	}
	@media (max-width: 450px) {
		.button {
			font-size: 9pt;
		}
	}
</style>

<div>

	<header>
		<div class="nav-wrapper"><ul class="nav">
			<li><a class="button nav-first" href="//pokemonshowdown.com/"><img src="//pokemonshowdown.com/images/pokemonshowdownbeta.png" srcset="//pokemonshowdown.com/images/pokemonshowdownbeta.png 1x, //pokemonshowdown.com/images/pokemonshowdownbeta@2x.png 2x" alt="Pok&eacute;mon Showdown" width="146" height="44" /> Home</a></li>
			<li><a class="button" href="//pokemonshowdown.com/dex/">Pok&eacute;dex</a></li>
			<li><a class="button cur" href="/">Replays</a></li>
			<li><a class="button" href="//pokemonshowdown.com/ladder/">Ladder</a></li>
			<li><a class="button nav-last" href="//pokemonshowdown.com/forums/">Forum</a></li>
			<li><a class="button greenbutton nav-first nav-last" href="//play.pokemonshowdown.com/">Play</a></li>
		</ul></div>
	</header>

	<div class="main" id="main">

		<noscript><section class="section">You need to enable JavaScript to use this page; sorry!</section></noscript>

	</div>

</div>

<script defer nomodule src="//play.pokemonshowdown.com/js/lib/ps-polyfill.js"></script>
<script defer src="//play.pokemonshowdown.com/js/lib/preact.min.js"></script>

<script defer src="//play.pokemonshowdown.com/config/config.js?2bddbc15"></script>
<script defer src="//play.pokemonshowdown.com/js/lib/jquery-1.11.0.min.js"></script>
<script defer src="//play.pokemonshowdown.com/js/lib/html-sanitizer-minified.js"></script>
<script defer src="//play.pokemonshowdown.com/js/battle-sound.js"></script>
<script defer src="//play.pokemonshowdown.com/js/battledata.js?0.7209276989879541"></script>
<script defer src="//play.pokemonshowdown.com/data/pokedex-mini.js?0.6111056340867951"></script>
<script defer src="//play.pokemonshowdown.com/data/pokedex-mini-bw.js?0.3532142036491459"></script>
<script defer src="//play.pokemonshowdown.com/data/graphics.js?0.24223875632456182"></script>
<script defer src="//play.pokemonshowdown.com/data/pokedex.js?0.38839984266356864"></script>
<script defer src="//play.pokemonshowdown.com/data/moves.js?0.21866028504024015"></script>
<script defer src="//play.pokemonshowdown.com/data/abilities.js?0.2005157953846628"></script>
<script defer src="//play.pokemonshowdown.com/data/items.js?0.9894211263848525"></script>
<script defer src="//play.pokemonshowdown.com/data/teambuilder-tables.js?0.6008791140282215"></script>
<script defer src="//play.pokemonshowdown.com/js/battle-tooltips.js?0.7580118955022959"></script>
<script defer src="//play.pokemonshowdown.com/js/battle.js?0.6057722274234274"></script>

<script defer src="js/utils.js?e31f9a17"></script>
<script defer src="js/replays-battle.js?7008c182"></script>

<!-- don't scrape this data! just add .json or .log after the URL!
Full API docs: https://github.com/smogon/pokemon-showdown-client/blob/master/WEB-API.md -->
<script type="text/plain" class="log" id="replaylog-smogtours-gen3ou-796701">
|inactive|Battle timer is ON: inactive players will automatically lose when time's up.
|t:|1728498698
|gametype|singles
|player|p1|Hansenator|102|
|player|p2|dicerat8|eusine|
|teamsize|p1|6
|teamsize|p2|6
|gen|3
|tier|[Gen 3] OU
|rule|Sleep Clause Mod: Limit one foe put to sleep
|rule|Switch Priority Clause Mod: Faster Pokémon switch first
|rule|Species Clause: Limit one of each Pokémon
|rule|OHKO Clause: OHKO moves are banned
|rule|Evasion Items Clause: Evasion items are banned
|rule|Evasion Moves Clause: Evasion moves are banned
|rule|Endless Battle Clause: Forcing endless battles is banned
|rule|HP Percentage Mod: HP is shown in percentages
|rule|One Boost Passer Clause: Limit one Baton Passer that has a way to boost its stats
|rule|Freeze Clause Mod: Limit one foe frozen
|
|t:|1728498698
|start
|switch|p1a: Hariyama|Hariyama, M|100/100
|switch|p2a: 56 Miles|Gengar, F|100/100
|turn|1
|c|☆dicerat8|gl
|c|☆Hansenator|gl hf
|c|☆Hansenator|Thanks for accomdating time as well btw
|c|☆Hansenator|I appreciate its very late
|inactive|dicerat8 has 270 seconds left.
|
|t:|1728498737
|move|p2a: 56 Miles|Substitute|p2a: 56 Miles
|-start|p2a: 56 Miles|Substitute
|-damage|p2a: 56 Miles|76/100
|move|p1a: Hariyama|Knock Off|p2a: 56 Miles
|-supereffective|p2a: 56 Miles
|-activate|p2a: 56 Miles|Substitute|[damage]
|
|-heal|p2a: 56 Miles|82/100|[from] item: Leftovers
|upkeep
|turn|2
|
|t:|1728498753
|switch|p1a: Celebi|Celebi|100/100
|move|p2a: 56 Miles|Will-O-Wisp|p1a: Celebi
|-status|p1a: Celebi|brn
|
|-heal|p2a: 56 Miles|88/100|[from] item: Leftovers
|-damage|p1a: Celebi|88/100 brn|[from] brn
|upkeep
|turn|3
|
|t:|1728498762
|move|p2a: 56 Miles|Shadow Ball|p1a: Celebi
|-supereffective|p1a: Celebi
|-damage|p1a: Celebi|47/100 brn
|move|p1a: Celebi|Psychic|p2a: 56 Miles
|-supereffective|p2a: 56 Miles
|-end|p2a: 56 Miles|Substitute
|
|-heal|p2a: 56 Miles|94/100|[from] item: Leftovers
|-heal|p1a: Celebi|53/100 brn|[from] item: Leftovers
|-damage|p1a: Celebi|40/100 brn|[from] brn
|upkeep
|turn|4
|
|t:|1728498771
|-curestatus|p1a: Celebi|brn|[from] ability: Natural Cure
|switch|p1a: Salamence|Salamence, M|100/100
|-ability|p1a: Salamence|Intimidate|boost
|-unboost|p2a: 56 Miles|atk|1
|move|p2a: 56 Miles|Substitute|p2a: 56 Miles
|-start|p2a: 56 Miles|Substitute
|-damage|p2a: 56 Miles|69/100
|
|-heal|p2a: 56 Miles|75/100|[from] item: Leftovers
|upkeep
|turn|5
|
|t:|1728498774
|move|p2a: 56 Miles|Will-O-Wisp|p1a: Salamence|[miss]
|-miss|p2a: 56 Miles|p1a: Salamence
|move|p1a: Salamence|Flamethrower|p2a: 56 Miles
|-end|p2a: 56 Miles|Substitute
|
|-heal|p2a: 56 Miles|81/100|[from] item: Leftovers
|upkeep
|turn|6
|
|t:|1728498784
|switch|p2a: Tyranitar|Tyranitar, F|100/100
|-weather|Sandstorm|[from] ability: Sand Stream|[of] p2a: Tyranitar
|move|p1a: Salamence|Flamethrower|p2a: Tyranitar
|-resisted|p2a: Tyranitar
|-damage|p2a: Tyranitar|90/100
|
|-weather|Sandstorm|[upkeep]
|-damage|p1a: Salamence|94/100|[from] Sandstorm
|-heal|p1a: Salamence|100/100|[from] item: Leftovers
|-heal|p2a: Tyranitar|96/100|[from] item: Leftovers
|upkeep
|turn|7
|
|t:|1728498793
|move|p1a: Salamence|Toxic|p2a: Tyranitar
|-status|p2a: Tyranitar|tox
|move|p2a: Tyranitar|Rock Slide|p1a: Salamence|[miss]
|-miss|p2a: Tyranitar|p1a: Salamence
|
|-weather|Sandstorm|[upkeep]
|-damage|p1a: Salamence|94/100|[from] Sandstorm
|-heal|p1a: Salamence|100/100|[from] item: Leftovers
|-heal|p2a: Tyranitar|100/100 tox|[from] item: Leftovers
|-damage|p2a: Tyranitar|94/100 tox|[from] psn
|upkeep
|turn|8
|
|t:|1728498796
|move|p1a: Salamence|Protect|p1a: Salamence
|-singleturn|p1a: Salamence|Protect
|move|p2a: Tyranitar|Rock Slide|p1a: Salamence
|-activate|p1a: Salamence|Protect
|
|-weather|Sandstorm|[upkeep]
|-damage|p1a: Salamence|94/100|[from] Sandstorm
|-heal|p1a: Salamence|100/100|[from] item: Leftovers
|-heal|p2a: Tyranitar|100/100 tox|[from] item: Leftovers
|-damage|p2a: Tyranitar|88/100 tox|[from] psn
|upkeep
|turn|9
|
|t:|1728498801
|switch|p1a: Hariyama|Hariyama, M|100/100
|move|p2a: Tyranitar|Rock Slide|p1a: Hariyama
|-resisted|p1a: Hariyama
|-damage|p1a: Hariyama|79/100
|
|-weather|Sandstorm|[upkeep]
|-damage|p1a: Hariyama|73/100|[from] Sandstorm
|-heal|p2a: Tyranitar|94/100 tox|[from] item: Leftovers
|-damage|p2a: Tyranitar|76/100 tox|[from] psn
|-heal|p1a: Hariyama|79/100|[from] item: Leftovers
|upkeep
|turn|10
|
|t:|1728498803
|move|p2a: Tyranitar|Substitute|p2a: Tyranitar
|-start|p2a: Tyranitar|Substitute
|-damage|p2a: Tyranitar|51/100 tox
|move|p1a: Hariyama|Knock Off|p2a: Tyranitar
|-resisted|p2a: Tyranitar
|-activate|p2a: Tyranitar|Substitute|[damage]
|
|-weather|Sandstorm|[upkeep]
|-damage|p1a: Hariyama|73/100|[from] Sandstorm
|-heal|p2a: Tyranitar|57/100 tox|[from] item: Leftovers
|-damage|p2a: Tyranitar|32/100 tox|[from] psn
|-heal|p1a: Hariyama|79/100|[from] item: Leftovers
|upkeep
|turn|11
|
|t:|1728498814
|move|p2a: Tyranitar|Rock Slide|p1a: Hariyama
|-resisted|p1a: Hariyama
|-damage|p1a: Hariyama|56/100
|move|p1a: Hariyama|Hidden Power|p2a: Tyranitar
|-supereffective|p2a: Tyranitar
|-end|p2a: Tyranitar|Substitute
|
|-weather|Sandstorm|[upkeep]
|-damage|p1a: Hariyama|50/100|[from] Sandstorm
|-heal|p2a: Tyranitar|38/100 tox|[from] item: Leftovers
|-damage|p2a: Tyranitar|7/100 tox|[from] psn
|-heal|p1a: Hariyama|56/100|[from] item: Leftovers
|upkeep
|turn|12
|
|t:|1728498817
|move|p2a: Tyranitar|Rock Slide|p1a: Hariyama
|-resisted|p1a: Hariyama
|-damage|p1a: Hariyama|33/100
|cant|p1a: Hariyama|flinch
|
|-weather|Sandstorm|[upkeep]
|-damage|p1a: Hariyama|27/100|[from] Sandstorm
|-heal|p2a: Tyranitar|14/100 tox|[from] item: Leftovers
|-damage|p2a: Tyranitar|0 fnt|[from] psn
|faint|p2a: Tyranitar
|-heal|p1a: Hariyama|33/100|[from] item: Leftovers
|upkeep
|
|t:|1728498820
|switch|p2a: Celebi|Celebi|100/100
|turn|13
|
|t:|1728498822
|move|p2a: Celebi|Psychic|p1a: Hariyama
|-supereffective|p1a: Hariyama
|-damage|p1a: Hariyama|0 fnt
|faint|p1a: Hariyama
|
|t:|1728498832
|switch|p1a: Salamence|Salamence, M|100/100
|-ability|p1a: Salamence|Intimidate|boost
|-unboost|p2a: Celebi|atk|1
|
|-weather|Sandstorm|[upkeep]
|-damage|p2a: Celebi|94/100|[from] Sandstorm
|-damage|p1a: Salamence|94/100|[from] Sandstorm
|-heal|p2a: Celebi|100/100|[from] item: Leftovers
|-heal|p1a: Salamence|100/100|[from] item: Leftovers
|upkeep
|turn|14
|
|t:|1728498835
|move|p2a: Celebi|Leech Seed|p1a: Salamence
|-start|p1a: Salamence|move: Leech Seed
|move|p1a: Salamence|Flamethrower|p2a: Celebi
|-supereffective|p2a: Celebi
|-damage|p2a: Celebi|50/100
|
|-weather|Sandstorm|[upkeep]
|-damage|p2a: Celebi|44/100|[from] Sandstorm
|-damage|p1a: Salamence|94/100|[from] Sandstorm
|-heal|p2a: Celebi|50/100|[from] item: Leftovers
|-heal|p1a: Salamence|100/100|[from] item: Leftovers
|-damage|p1a: Salamence|88/100|[from] Leech Seed|[of] p2a: Celebi
|-heal|p2a: Celebi|64/100|[silent]
|upkeep
|turn|15
|
|t:|1728498839
|move|p2a: Celebi|Psychic|p1a: Salamence
|-damage|p1a: Salamence|41/100
|move|p1a: Salamence|Flamethrower|p2a: Celebi
|-supereffective|p2a: Celebi
|-damage|p2a: Celebi|20/100
|-status|p2a: Celebi|brn
|
|-weather|Sandstorm|[upkeep]
|-damage|p2a: Celebi|13/100 brn|[from] Sandstorm
|-damage|p1a: Salamence|35/100|[from] Sandstorm
|-heal|p2a: Celebi|20/100 brn|[from] item: Leftovers
|-damage|p2a: Celebi|7/100 brn|[from] brn
|-heal|p1a: Salamence|41/100|[from] item: Leftovers
|-damage|p1a: Salamence|29/100|[from] Leech Seed|[of] p2a: Celebi
|-heal|p2a: Celebi|22/100 brn|[silent]
|upkeep
|turn|16
|
|t:|1728498845
|switch|p1a: Celebi|Celebi|40/100
|move|p2a: Celebi|Psychic|p1a: Celebi
|-resisted|p1a: Celebi
|-damage|p1a: Celebi|23/100
|
|-weather|Sandstorm|[upkeep]
|-damage|p2a: Celebi|15/100 brn|[from] Sandstorm
|-damage|p1a: Celebi|17/100|[from] Sandstorm
|-heal|p2a: Celebi|22/100 brn|[from] item: Leftovers
|-damage|p2a: Celebi|9/100 brn|[from] brn
|-heal|p1a: Celebi|23/100|[from] item: Leftovers
|upkeep
|turn|17
|
|t:|1728498853
|-curestatus|p2a: Celebi|brn|[from] ability: Natural Cure
|switch|p2a: Aerodactyl|Aerodactyl, M|100/100
|move|p1a: Celebi|Recover|p1a: Celebi
|-heal|p1a: Celebi|73/100
|
|-weather|Sandstorm|[upkeep]
|-damage|p1a: Celebi|67/100|[from] Sandstorm
|-heal|p1a: Celebi|73/100|[from] item: Leftovers
|upkeep
|turn|18
|
|t:|1728498866
|switch|p1a: Salamence|Salamence, M|29/100
|-ability|p1a: Salamence|Intimidate|boost
|-unboost|p2a: Aerodactyl|atk|1
|move|p2a: Aerodactyl|Double-Edge|p1a: Salamence
|-damage|p1a: Salamence|2/100
|
|-weather|Sandstorm|[upkeep]
|-damage|p1a: Salamence|0 fnt|[from] Sandstorm
|faint|p1a: Salamence
|upkeep
|
|t:|1728498869
|switch|p1a: Jirachi|Jirachi|100/100
|turn|19
|
|t:|1728498871
|switch|p2a: Skarmory|Skarmory, F|100/100
|move|p1a: Jirachi|Body Slam|p2a: Skarmory
|-resisted|p2a: Skarmory
|-damage|p2a: Skarmory|93/100
|
|-weather|Sandstorm|[upkeep]
|-heal|p2a: Skarmory|99/100|[from] item: Leftovers
|upkeep
|turn|20
|
|t:|1728498874
|move|p1a: Jirachi|Fire Punch|p2a: Skarmory
|-supereffective|p2a: Skarmory
|-damage|p2a: Skarmory|67/100
|-status|p2a: Skarmory|brn
|move|p2a: Skarmory|Spikes|p1a: Jirachi
|-sidestart|p1: Hansenator|Spikes
|
|-weather|Sandstorm|[upkeep]
|-heal|p2a: Skarmory|73/100 brn|[from] item: Leftovers
|-damage|p2a: Skarmory|61/100 brn|[from] brn
|upkeep
|turn|21
|
|t:|1728498878
|switch|p1a: Starmie|Starmie|100/100
|-damage|p1a: Starmie|88/100|[from] Spikes
|move|p2a: Skarmory|Spikes|p1a: Starmie
|-sidestart|p1: Hansenator|Spikes
|
|-weather|Sandstorm|[upkeep]
|-damage|p1a: Starmie|82/100|[from] Sandstorm
|-heal|p1a: Starmie|88/100|[from] item: Leftovers
|-heal|p2a: Skarmory|67/100 brn|[from] item: Leftovers
|-damage|p2a: Skarmory|55/100 brn|[from] brn
|upkeep
|turn|22
|
|t:|1728498881
|move|p1a: Starmie|Rapid Spin|p2a: Skarmory
|-resisted|p2a: Skarmory
|-damage|p2a: Skarmory|54/100 brn
|-sideend|p1: Hansenator|Spikes|[from] move: Rapid Spin|[of] p1a: Starmie
|move|p2a: Skarmory|Toxic|p1a: Starmie
|-status|p1a: Starmie|tox
|
|-weather|Sandstorm|[upkeep]
|-damage|p1a: Starmie|82/100 tox|[from] Sandstorm
|-heal|p1a: Starmie|88/100 tox|[from] item: Leftovers
|-damage|p1a: Starmie|82/100 tox|[from] psn
|-heal|p2a: Skarmory|60/100 brn|[from] item: Leftovers
|-damage|p2a: Skarmory|47/100 brn|[from] brn
|upkeep
|turn|23
|
|t:|1728498887
|move|p1a: Starmie|Thunder Wave||[still]
|-fail|p1a: Starmie
|move|p2a: Skarmory|Spikes|p1a: Starmie
|-sidestart|p1: Hansenator|Spikes
|
|-weather|Sandstorm|[upkeep]
|-damage|p1a: Starmie|76/100 tox|[from] Sandstorm
|-heal|p1a: Starmie|82/100 tox|[from] item: Leftovers
|-damage|p1a: Starmie|70/100 tox|[from] psn
|-heal|p2a: Skarmory|53/100 brn|[from] item: Leftovers
|-damage|p2a: Skarmory|41/100 brn|[from] brn
|upkeep
|turn|24
|
|t:|1728498893
|move|p2a: Skarmory|Protect|p2a: Skarmory
|-singleturn|p2a: Skarmory|Protect
|move|p1a: Starmie|Rapid Spin|p2a: Skarmory
|-activate|p2a: Skarmory|Protect
|
|-weather|Sandstorm|[upkeep]
|-damage|p1a: Starmie|63/100 tox|[from] Sandstorm
|-heal|p1a: Starmie|70/100 tox|[from] item: Leftovers
|-damage|p1a: Starmie|51/100 tox|[from] psn
|-heal|p2a: Skarmory|47/100 brn|[from] item: Leftovers
|-damage|p2a: Skarmory|35/100 brn|[from] brn
|upkeep
|turn|25
|
|t:|1728498897
|move|p1a: Starmie|Recover|p1a: Starmie
|-heal|p1a: Starmie|100/100 tox
|move|p2a: Skarmory|Spikes|p1a: Starmie
|-sidestart|p1: Hansenator|Spikes
|
|-weather|Sandstorm|[upkeep]
|-damage|p1a: Starmie|94/100 tox|[from] Sandstorm
|-heal|p1a: Starmie|100/100 tox|[from] item: Leftovers
|-damage|p1a: Starmie|76/100 tox|[from] psn
|-heal|p2a: Skarmory|41/100 brn|[from] item: Leftovers
|-damage|p2a: Skarmory|28/100 brn|[from] brn
|upkeep
|turn|26
|
|t:|1728498900
|-curestatus|p1a: Starmie|tox|[from] ability: Natural Cure
|switch|p1a: Jirachi|Jirachi|100/100
|-damage|p1a: Jirachi|84/100|[from] Spikes
|move|p2a: Skarmory|Protect||[still]
|-fail|p2a: Skarmory
|
|-weather|Sandstorm|[upkeep]
|-heal|p1a: Jirachi|90/100|[from] item: Leftovers
|-heal|p2a: Skarmory|34/100 brn|[from] item: Leftovers
|-damage|p2a: Skarmory|22/100 brn|[from] brn
|upkeep
|turn|27
|
|t:|1728498903
|switch|p1a: Starmie|Starmie|76/100
|-damage|p1a: Starmie|59/100|[from] Spikes
|move|p2a: Skarmory|Roar|p1a: Starmie
|drag|p1a: Marowak|Marowak, M|100/100
|-damage|p1a: Marowak|84/100|[from] Spikes
|
|-weather|Sandstorm|[upkeep]
|-heal|p2a: Skarmory|28/100 brn|[from] item: Leftovers
|-damage|p2a: Skarmory|16/100 brn|[from] brn
|upkeep
|turn|28
|
|t:|1728498907
|move|p1a: Marowak|Rock Slide|p2a: Skarmory
|-damage|p2a: Skarmory|0 fnt
|faint|p2a: Skarmory
|
|t:|1728498910
|switch|p2a: 56 Miles|Gengar, F|81/100
|
|-weather|Sandstorm|[upkeep]
|-damage|p2a: 56 Miles|75/100|[from] Sandstorm
|-heal|p2a: 56 Miles|81/100|[from] item: Leftovers
|upkeep
|turn|29
|
|t:|1728498913
|move|p2a: 56 Miles|Substitute|p2a: 56 Miles
|-start|p2a: 56 Miles|Substitute
|-damage|p2a: 56 Miles|56/100
|move|p1a: Marowak|Rock Slide|p2a: 56 Miles
|-end|p2a: 56 Miles|Substitute
|
|-weather|Sandstorm|[upkeep]
|-damage|p2a: 56 Miles|50/100|[from] Sandstorm
|-heal|p2a: 56 Miles|56/100|[from] item: Leftovers
|upkeep
|turn|30
|
|t:|1728498916
|move|p2a: 56 Miles|Will-O-Wisp|p1a: Marowak|[miss]
|-miss|p2a: 56 Miles|p1a: Marowak
|move|p1a: Marowak|Rock Slide|p2a: 56 Miles
|-damage|p2a: 56 Miles|0 fnt
|faint|p2a: 56 Miles
|
|t:|1728498919
|switch|p2a: Celebi|Celebi|9/100
|
|-weather|Sandstorm|[upkeep]
|-damage|p2a: Celebi|3/100|[from] Sandstorm
|-heal|p2a: Celebi|9/100|[from] item: Leftovers
|upkeep
|turn|31
|
|t:|1728498925
|move|p2a: Celebi|Giga Drain|p1a: Marowak
|-supereffective|p1a: Marowak
|-crit|p1a: Marowak
|-damage|p1a: Marowak|0 fnt
|-heal|p2a: Celebi|42/100|[from] drain|[of] p1a: Marowak
|faint|p1a: Marowak
|
|t:|1728498928
|switch|p1a: Jirachi|Jirachi|90/100
|-damage|p1a: Jirachi|73/100|[from] Spikes
|
|-weather|Sandstorm|[upkeep]
|-damage|p2a: Celebi|36/100|[from] Sandstorm
|-heal|p2a: Celebi|42/100|[from] item: Leftovers
|-heal|p1a: Jirachi|80/100|[from] item: Leftovers
|upkeep
|turn|32
|
|t:|1728498933
|move|p2a: Celebi|Hidden Power|p1a: Jirachi
|-supereffective|p1a: Jirachi
|-damage|p1a: Jirachi|46/100
|move|p1a: Jirachi|Fire Punch|p2a: Celebi
|-supereffective|p2a: Celebi
|-damage|p2a: Celebi|7/100
|
|-weather|Sandstorm|[upkeep]
|-damage|p2a: Celebi|1/100|[from] Sandstorm
|-heal|p2a: Celebi|7/100|[from] item: Leftovers
|-heal|p1a: Jirachi|52/100|[from] item: Leftovers
|upkeep
|turn|33
|
|t:|1728498938
|move|p2a: Celebi|Leech Seed|p1a: Jirachi
|-start|p1a: Jirachi|move: Leech Seed
|move|p1a: Jirachi|Wish|p1a: Jirachi
|
|-weather|Sandstorm|[upkeep]
|-damage|p2a: Celebi|1/100|[from] Sandstorm
|-heal|p2a: Celebi|7/100|[from] item: Leftovers
|-heal|p1a: Jirachi|58/100|[from] item: Leftovers
|-damage|p1a: Jirachi|46/100|[from] Leech Seed|[of] p2a: Celebi
|-heal|p2a: Celebi|22/100|[silent]
|upkeep
|turn|34
|
|t:|1728498942
|switch|p2a: Aerodactyl|Aerodactyl, M|100/100
|move|p1a: Jirachi|Fire Punch|p2a: Aerodactyl
|-resisted|p2a: Aerodactyl
|-damage|p2a: Aerodactyl|88/100
|
|-heal|p1a: Jirachi|96/100|[from] move: Wish|[wisher] Jirachi
|-weather|Sandstorm|[upkeep]
|-heal|p1a: Jirachi|100/100|[from] item: Leftovers
|-damage|p1a: Jirachi|88/100|[from] Leech Seed|[of] p2a: Aerodactyl
|-heal|p2a: Aerodactyl|100/100|[silent]
|upkeep
|turn|35
|
|t:|1728498945
|move|p1a: Jirachi|Protect|p1a: Jirachi
|-singleturn|p1a: Jirachi|Protect
|move|p2a: Aerodactyl|Earthquake|p1a: Jirachi
|-activate|p1a: Jirachi|Protect
|
|-weather|Sandstorm|[upkeep]
|-heal|p1a: Jirachi|94/100|[from] item: Leftovers
|-damage|p1a: Jirachi|82/100|[from] Leech Seed|[of] p2a: Aerodactyl
|upkeep
|turn|36
|
|t:|1728498949
|switch|p1a: Celebi|Celebi|73/100
|-damage|p1a: Celebi|56/100|[from] Spikes
|move|p2a: Aerodactyl|Earthquake|p1a: Celebi
|-resisted|p1a: Celebi
|-crit|p1a: Celebi
|-damage|p1a: Celebi|27/100
|
|-weather|Sandstorm|[upkeep]
|-damage|p1a: Celebi|21/100|[from] Sandstorm
|-heal|p1a: Celebi|27/100|[from] item: Leftovers
|upkeep
|turn|37
|
|t:|1728498953
|move|p2a: Aerodactyl|Earthquake|p1a: Celebi
|-resisted|p1a: Celebi
|-damage|p1a: Celebi|10/100
|move|p1a: Celebi|Recover|p1a: Celebi
|-heal|p1a: Celebi|60/100
|
|-weather|Sandstorm|[upkeep]
|-damage|p1a: Celebi|54/100|[from] Sandstorm
|-heal|p1a: Celebi|60/100|[from] item: Leftovers
|upkeep
|turn|38
|
|t:|1728498962
|switch|p2a: Swampert|Swampert, F|100/100
|move|p1a: Celebi|Psychic|p2a: Swampert
|-damage|p2a: Swampert|61/100
|
|-weather|Sandstorm|[upkeep]
|-damage|p1a: Celebi|54/100|[from] Sandstorm
|-heal|p1a: Celebi|60/100|[from] item: Leftovers
|-heal|p2a: Swampert|68/100|[from] item: Leftovers
|upkeep
|turn|39
|
|t:|1728498965
|move|p1a: Celebi|Hidden Power|p2a: Swampert
|-supereffective|p2a: Swampert
|-damage|p2a: Swampert|0 fnt
|faint|p2a: Swampert
|
|t:|1728498967
|switch|p2a: Aerodactyl|Aerodactyl, M|100/100
|
|-weather|Sandstorm|[upkeep]
|-damage|p1a: Celebi|54/100|[from] Sandstorm
|-heal|p1a: Celebi|60/100|[from] item: Leftovers
|upkeep
|turn|40
|
|t:|1728498975
|move|p2a: Aerodactyl|Hidden Power|p1a: Celebi
|-supereffective|p1a: Celebi
|-damage|p1a: Celebi|0 fnt
|faint|p1a: Celebi
|
|t:|1728498978
|switch|p1a: Jirachi|Jirachi|82/100
|-damage|p1a: Jirachi|65/100|[from] Spikes
|
|-weather|Sandstorm|[upkeep]
|-heal|p1a: Jirachi|71/100|[from] item: Leftovers
|upkeep
|turn|41
|
|t:|1728498981
|switch|p2a: Celebi|Celebi|22/100
|move|p1a: Jirachi|Body Slam|p2a: Celebi
|-damage|p2a: Celebi|2/100
|-status|p2a: Celebi|par
|
|-weather|Sandstorm|[upkeep]
|-damage|p2a: Celebi|0 fnt|[from] Sandstorm
|faint|p2a: Celebi
|-heal|p1a: Jirachi|78/100|[from] item: Leftovers
|upkeep
|
|t:|1728498983
|switch|p2a: Aerodactyl|Aerodactyl, M|100/100
|turn|42
|
|t:|1728498985
|move|p1a: Jirachi|Protect|p1a: Jirachi
|-singleturn|p1a: Jirachi|Protect
|move|p2a: Aerodactyl|Earthquake|p1a: Jirachi
|-activate|p1a: Jirachi|Protect
|
|-weather|Sandstorm|[upkeep]
|-heal|p1a: Jirachi|84/100|[from] item: Leftovers
|upkeep
|turn|43
|
|t:|1728498995
|move|p2a: Aerodactyl|Earthquake|p1a: Jirachi
|-supereffective|p1a: Jirachi
|-damage|p1a: Jirachi|15/100
|move|p1a: Jirachi|Wish|p1a: Jirachi
|
|-weather|Sandstorm|[upkeep]
|-heal|p1a: Jirachi|21/100|[from] item: Leftovers
|upkeep
|turn|44
|
|t:|1728498998
|move|p1a: Jirachi|Protect|p1a: Jirachi
|-singleturn|p1a: Jirachi|Protect
|move|p2a: Aerodactyl|Earthquake|p1a: Jirachi
|-activate|p1a: Jirachi|Protect
|
|-heal|p1a: Jirachi|71/100|[from] move: Wish|[wisher] Jirachi
|-weather|Sandstorm|[upkeep]
|-heal|p1a: Jirachi|78/100|[from] item: Leftovers
|upkeep
|turn|45
|
|t:|1728499007
|move|p2a: Aerodactyl|Earthquake|p1a: Jirachi
|-supereffective|p1a: Jirachi
|-damage|p1a: Jirachi|17/100
|move|p1a: Jirachi|Body Slam|p2a: Aerodactyl
|-resisted|p2a: Aerodactyl
|-damage|p2a: Aerodactyl|86/100
|
|-weather|Sandstorm|[upkeep]
|-heal|p1a: Jirachi|23/100|[from] item: Leftovers
|upkeep
|turn|46
|
|t:|1728499015
|move|p1a: Jirachi|Protect|p1a: Jirachi
|-singleturn|p1a: Jirachi|Protect
|move|p2a: Aerodactyl|Earthquake|p1a: Jirachi
|-activate|p1a: Jirachi|Protect
|
|-weather|Sandstorm|[upkeep]
|-heal|p1a: Jirachi|29/100|[from] item: Leftovers
|upkeep
|turn|47
|
|t:|1728499022
|move|p2a: Aerodactyl|Earthquake|p1a: Jirachi
|-supereffective|p1a: Jirachi
|-damage|p1a: Jirachi|0 fnt
|faint|p1a: Jirachi
|
|t:|1728499023
|switch|p1a: Starmie|Starmie|59/100
|-damage|p1a: Starmie|42/100|[from] Spikes
|
|-weather|Sandstorm|[upkeep]
|-damage|p1a: Starmie|36/100|[from] Sandstorm
|-heal|p1a: Starmie|42/100|[from] item: Leftovers
|upkeep
|turn|48
|
|t:|1728499025
|move|p2a: Aerodactyl|Earthquake|p1a: Starmie
|-damage|p1a: Starmie|0 fnt
|faint|p1a: Starmie
|
|win|dicerat8
|c|☆dicerat8|ggwp
|c|☆Hansenator|ggwp

</script>
<script type="application/json" class="data" id="replaydata-smogtours-gen3ou-796701">
{"id":"smogtours-gen3ou-796701","format":"[Gen 3] OU","players":["Hansenator","dicerat8"],"uploadtime":1728499025,"views":137,"formatid":"gen3ou","rating":null,"private":0,"password":null}
</script>

<script defer src="js/replays.js?9d40a366"></script>
