<!DOCTYPE html>
<meta charset="utf-8" />
<meta name="viewport" content="width=device-width" />

<title>[Gen 3] OU: MeatballSpaghetti vs. mkizzy - Replays - Pok&eacute;mon Showdown!</title>

<meta name="description" content="Watch a replay of a Pok&eacute;mon battle between MeatballSpaghetti and mkizzy! Format: [Gen 3] OU; Date: Oct 22, 2024" />
<!--

Hey, you! Looking in the source for the replay log?

You can find them in JSON format, just add `.json` at the end of a replay URL.

https://replay.pokemonshowdown.com/gen7randomdoublesbattle-865046831.json

Or, if you only need the log itself, add `.log` instead:

https://replay.pokemonshowdown.com/gen7randomdoublesbattle-865046831.log

-->

<link rel="stylesheet" href="//pokemonshowdown.com/style/global.css?0.023195364461161105" />
<link rel="stylesheet" href="//play.pokemonshowdown.com/style/font-awesome.css?0.13261647063804238" />
<link rel="stylesheet" href="//play.pokemonshowdown.com/style/battle.css?0.8753245789963631" />
<link rel="stylesheet" href="//play.pokemonshowdown.com/style/utilichart.css?0.8627959624976733" />

<!-- Global site tag (gtag.js) - Google Analytics -->
<script async src="https://www.googletagmanager.com/gtag/js?id=UA-26211653-1"></script>
<script>
  window.dataLayer = window.dataLayer || [];
  function gtag(){dataLayer.push(arguments);}
  gtag('js', new Date());

  gtag('config', 'UA-26211653-1');
</script>
<!-- End Google Analytics -->
<!-- Venatus Ad Manager - Install in <HEAD> of page -->
	<script src="https://hb.vntsm.com/v3/live/ad-manager.min.js" type="text/javascript" data-site-id="642aba63ec9a7b11c3c9c1be" data-mode="scan" async></script>
<!-- / Venatus Ad Manager -->

<style>
	@media (max-width:820px) {
		.battle {
			margin: 0 auto;
		}
		.battle-log {
			margin: 7px auto 0;
			max-width: 640px;
			height: 300px;
			position: static;
		}
	}
	.optgroup {
		display: inline-block;
		line-height: 22px;
		font-size: 10pt;
	}
	.optgroup .button {
		height: 25px;
		padding-top: 0;
		padding-bottom: 0;
	}
	.optgroup button.button {
		padding-left: 12px;
		padding-right: 12px;
	}
	.linklist {
		list-style: none;
		margin: 0.5em 0;
		padding: 0;
	}
	.linklist li {
		padding: 2px 0;
	}
	.sidebar {
		float: left;
		width: 320px;
	}
	.bar-wrapper {
		max-width: 1100px;
		margin: 0 auto;
	}
	.bar-wrapper.has-sidebar {
		max-width: 1430px;
	}
	.mainbar {
		margin: 0;
		padding-right: 1px;
	}
	.mainbar.has-sidebar {
		margin-left: 330px;
	}
	@media (min-width: 1511px) {
		.sidebar {
			width: 400px;
		}
		.bar-wrapper.has-sidebar {
			max-width: 1510px;
		}
		.mainbar.has-sidebar {
			margin-left: 410px;
		}
	}
	.section.first-section {
		margin-top: 9px;
	}
	.blocklink small {
		white-space: normal;
	}
	.button {
		vertical-align: middle;
	}
	.replay-controls {
		padding-top: 10px;
	}
	.replay-controls h1 {
		font-size: 16pt;
		font-weight: normal;
		color: #CCC;
	}
	.pagelink {
		text-align: center;
	}
	.pagelink a {
		width: 150px;
	}
	.textbox, .button {
		font-size: 11pt;
		vertical-align: middle;
	}
	@media (max-width: 450px) {
		.button {
			font-size: 9pt;
		}
	}
</style>

<div>

	<header>
		<div class="nav-wrapper"><ul class="nav">
			<li><a class="button nav-first" href="//pokemonshowdown.com/"><img src="//pokemonshowdown.com/images/pokemonshowdownbeta.png" srcset="//pokemonshowdown.com/images/pokemonshowdownbeta.png 1x, //pokemonshowdown.com/images/pokemonshowdownbeta@2x.png 2x" alt="Pok&eacute;mon Showdown" width="146" height="44" /> Home</a></li>
			<li><a class="button" href="//pokemonshowdown.com/dex/">Pok&eacute;dex</a></li>
			<li><a class="button cur" href="/">Replays</a></li>
			<li><a class="button" href="//pokemonshowdown.com/ladder/">Ladder</a></li>
			<li><a class="button nav-last" href="//pokemonshowdown.com/forums/">Forum</a></li>
			<li><a class="button greenbutton nav-first nav-last" href="//play.pokemonshowdown.com/">Play</a></li>
		</ul></div>
	</header>

	<div class="main" id="main">

		<noscript><section class="section">You need to enable JavaScript to use this page; sorry!</section></noscript>

	</div>

</div>

<script defer nomodule src="//play.pokemonshowdown.com/js/lib/ps-polyfill.js"></script>
<script defer src="//play.pokemonshowdown.com/js/lib/preact.min.js"></script>

<script defer src="//play.pokemonshowdown.com/config/config.js?2bddbc15"></script>
<script defer src="//play.pokemonshowdown.com/js/lib/jquery-1.11.0.min.js"></script>
<script defer src="//play.pokemonshowdown.com/js/lib/html-sanitizer-minified.js"></script>
<script defer src="//play.pokemonshowdown.com/js/battle-sound.js"></script>
<script defer src="//play.pokemonshowdown.com/js/battledata.js?0.7209276989879541"></script>
<script defer src="//play.pokemonshowdown.com/data/pokedex-mini.js?0.6111056340867951"></script>
<script defer src="//play.pokemonshowdown.com/data/pokedex-mini-bw.js?0.3532142036491459"></script>
<script defer src="//play.pokemonshowdown.com/data/graphics.js?0.24223875632456182"></script>
<script defer src="//play.pokemonshowdown.com/data/pokedex.js?0.38839984266356864"></script>
<script defer src="//play.pokemonshowdown.com/data/moves.js?0.21866028504024015"></script>
<script defer src="//play.pokemonshowdown.com/data/abilities.js?0.2005157953846628"></script>
<script defer src="//play.pokemonshowdown.com/data/items.js?0.9894211263848525"></script>
<script defer src="//play.pokemonshowdown.com/data/teambuilder-tables.js?0.6008791140282215"></script>
<script defer src="//play.pokemonshowdown.com/js/battle-tooltips.js?0.7580118955022959"></script>
<script defer src="//play.pokemonshowdown.com/js/battle.js?0.6057722274234274"></script>

<script defer src="js/utils.js?e31f9a17"></script>
<script defer src="js/replays-battle.js?7008c182"></script>

<!-- don't scrape this data! just add .json or .log after the URL!
Full API docs: https://github.com/smogon/pokemon-showdown-client/blob/master/WEB-API.md -->
<script type="text/plain" class="log" id="replaylog-smogtours-gen3ou-801210">
|inactive|Battle timer is ON: inactive players will automatically lose when time's up.
|t:|1729614878
|gametype|singles
|player|p1|MeatballSpaghetti|101|
|player|p2|mkizzy|brock-gen2|
|teamsize|p1|6
|teamsize|p2|6
|gen|3
|tier|[Gen 3] OU
|rule|Sleep Clause Mod: Limit one foe put to sleep
|rule|Switch Priority Clause Mod: Faster Pokémon switch first
|rule|Species Clause: Limit one of each Pokémon
|rule|OHKO Clause: OHKO moves are banned
|rule|Evasion Items Clause: Evasion items are banned
|rule|Evasion Moves Clause: Evasion moves are banned
|rule|Endless Battle Clause: Forcing endless battles is banned
|rule|HP Percentage Mod: HP is shown in percentages
|rule|One Boost Passer Clause: Limit one Baton Passer that has a way to boost its stats
|rule|Freeze Clause Mod: Limit one foe frozen
|
|t:|1729614878
|start
|switch|p1a: Salamence|Salamence, M|100/100
|switch|p2a: Swampert|Swampert, M|100/100
|-ability|p1a: Salamence|Intimidate|boost
|-unboost|p2a: Swampert|atk|1
|turn|1
|c|☆mkizzy|hf
|c|☆MeatballSpaghetti|glhf
|
|t:|1729614895
|switch|p1a: Celebi|Celebi|100/100
|switch|p2a: Skarmory|Skarmory, M|100/100
|
|upkeep
|turn|2
|
|t:|1729614900
|move|p1a: Celebi|Leech Seed|p2a: Skarmory
|-start|p2a: Skarmory|move: Leech Seed
|move|p2a: Skarmory|Spikes|p1a: Celebi
|-sidestart|p1: MeatballSpaghetti|Spikes
|
|-damage|p2a: Skarmory|88/100|[from] Leech Seed|[of] p1a: Celebi
|upkeep
|turn|3
|
|t:|1729614911
|move|p1a: Celebi|Hidden Power|p2a: Skarmory
|-supereffective|p2a: Skarmory
|-damage|p2a: Skarmory|47/100
|move|p2a: Skarmory|Spikes|p1a: Celebi
|-sidestart|p1: MeatballSpaghetti|Spikes
|
|-heal|p2a: Skarmory|53/100|[from] item: Leftovers
|-damage|p2a: Skarmory|40/100|[from] Leech Seed|[of] p1a: Celebi
|upkeep
|turn|4
|
|t:|1729614918
|switch|p2a: Tyranitar|Tyranitar, M|100/100
|-weather|Sandstorm|[from] ability: Sand Stream|[of] p2a: Tyranitar
|move|p1a: Celebi|Hidden Power|p2a: Tyranitar
|-resisted|p2a: Tyranitar
|-damage|p2a: Tyranitar|90/100
|
|-weather|Sandstorm|[upkeep]
|-damage|p1a: Celebi|94/100|[from] Sandstorm
|-heal|p1a: Celebi|100/100|[from] item: Leftovers
|-heal|p2a: Tyranitar|96/100|[from] item: Leftovers
|upkeep
|turn|5
|
|t:|1729614926
|move|p1a: Celebi|Leech Seed|p2a: Tyranitar
|-start|p2a: Tyranitar|move: Leech Seed
|move|p2a: Tyranitar|Rock Slide|p1a: Celebi
|-damage|p1a: Celebi|65/100
|
|-weather|Sandstorm|[upkeep]
|-damage|p1a: Celebi|58/100|[from] Sandstorm
|-heal|p1a: Celebi|65/100|[from] item: Leftovers
|-heal|p2a: Tyranitar|100/100|[from] item: Leftovers
|-damage|p2a: Tyranitar|88/100|[from] Leech Seed|[of] p1a: Celebi
|-heal|p1a: Celebi|77/100|[silent]
|upkeep
|turn|6
|
|t:|1729614931
|switch|p2a: Skarmory|Skarmory, M|40/100
|move|p1a: Celebi|Giga Drain|p2a: Skarmory
|-resisted|p2a: Skarmory
|-damage|p2a: Skarmory|34/100
|-heal|p1a: Celebi|79/100|[from] drain|[of] p2a: Skarmory
|
|-weather|Sandstorm|[upkeep]
|-damage|p1a: Celebi|73/100|[from] Sandstorm
|-heal|p1a: Celebi|79/100|[from] item: Leftovers
|-heal|p2a: Skarmory|40/100|[from] item: Leftovers
|upkeep
|turn|7
|
|t:|1729614937
|switch|p2a: Tyranitar|Tyranitar, M|88/100
|move|p1a: Celebi|Hidden Power|p2a: Tyranitar
|-resisted|p2a: Tyranitar
|-damage|p2a: Tyranitar|79/100
|
|-weather|Sandstorm|[upkeep]
|-damage|p1a: Celebi|73/100|[from] Sandstorm
|-heal|p1a: Celebi|79/100|[from] item: Leftovers
|-heal|p2a: Tyranitar|85/100|[from] item: Leftovers
|upkeep
|turn|8
|
|t:|1729614943
|move|p1a: Celebi|Leech Seed|p2a: Tyranitar
|-start|p2a: Tyranitar|move: Leech Seed
|move|p2a: Tyranitar|Hidden Power|p1a: Celebi
|-supereffective|p1a: Celebi
|-damage|p1a: Celebi|0 fnt
|faint|p1a: Celebi
|
|t:|1729614947
|switch|p1a: Salamence|Salamence, M|100/100
|-ability|p1a: Salamence|Intimidate|boost
|-unboost|p2a: Tyranitar|atk|1
|
|-weather|Sandstorm|[upkeep]
|-damage|p1a: Salamence|94/100|[from] Sandstorm
|-heal|p1a: Salamence|100/100|[from] item: Leftovers
|-heal|p2a: Tyranitar|91/100|[from] item: Leftovers
|-damage|p2a: Tyranitar|79/100|[from] Leech Seed|[of] p1a: Salamence
|upkeep
|turn|9
|inactive|mkizzy has 270 seconds left.
|
|t:|1729614990
|switch|p2a: Skarmory|Skarmory, M|40/100
|move|p1a: Salamence|Fire Blast|p2a: Skarmory
|-supereffective|p2a: Skarmory
|-damage|p2a: Skarmory|0 fnt
|faint|p2a: Skarmory
|
|t:|1729614998
|switch|p2a: Jolteon|Jolteon, F|100/100
|
|-weather|Sandstorm|[upkeep]
|-damage|p2a: Jolteon|94/100|[from] Sandstorm
|-damage|p1a: Salamence|94/100|[from] Sandstorm
|-heal|p2a: Jolteon|100/100|[from] item: Leftovers
|-heal|p1a: Salamence|100/100|[from] item: Leftovers
|upkeep
|turn|10
|
|t:|1729615008
|move|p2a: Jolteon|Substitute|p2a: Jolteon
|-start|p2a: Jolteon|Substitute
|-damage|p2a: Jolteon|76/100
|move|p1a: Salamence|Dragon Claw|p2a: Jolteon
|-end|p2a: Jolteon|Substitute
|
|-weather|Sandstorm|[upkeep]
|-damage|p2a: Jolteon|69/100|[from] Sandstorm
|-damage|p1a: Salamence|94/100|[from] Sandstorm
|-heal|p2a: Jolteon|76/100|[from] item: Leftovers
|-heal|p1a: Salamence|100/100|[from] item: Leftovers
|upkeep
|turn|11
|inactive|mkizzy has 270 seconds left.
|
|t:|1729615030
|move|p2a: Jolteon|Thunderbolt|p1a: Salamence
|-damage|p1a: Salamence|50/100
|move|p1a: Salamence|Dragon Claw|p2a: Jolteon
|-damage|p2a: Jolteon|24/100
|
|-weather|Sandstorm|[upkeep]
|-damage|p2a: Jolteon|18/100|[from] Sandstorm
|-damage|p1a: Salamence|44/100|[from] Sandstorm
|-heal|p2a: Jolteon|24/100|[from] item: Leftovers
|-heal|p1a: Salamence|50/100|[from] item: Leftovers
|upkeep
|turn|12
|
|t:|1729615042
|move|p2a: Jolteon|Thunderbolt|p1a: Salamence
|-damage|p1a: Salamence|0 fnt
|faint|p1a: Salamence
|
|t:|1729615046
|switch|p1a: Aerodactyl|Aerodactyl, M|100/100
|
|-weather|Sandstorm|[upkeep]
|-damage|p2a: Jolteon|18/100|[from] Sandstorm
|-heal|p2a: Jolteon|24/100|[from] item: Leftovers
|upkeep
|turn|13
|
|t:|1729615054
|switch|p2a: Aerodactyl|Aerodactyl, F|100/100
|move|p1a: Aerodactyl|Double-Edge|p2a: Aerodactyl
|-resisted|p2a: Aerodactyl
|-damage|p2a: Aerodactyl|59/100
|
|-weather|Sandstorm|[upkeep]
|upkeep
|turn|14
|
|t:|1729615059
|switch|p1a: Skarmory|Skarmory, F|100/100
|move|p2a: Aerodactyl|Earthquake|p1a: Skarmory
|-immune|p1a: Skarmory
|
|-weather|Sandstorm|[upkeep]
|upkeep
|turn|15
|
|t:|1729615065
|switch|p2a: Jolteon|Jolteon, F|24/100
|move|p1a: Skarmory|Roar|p2a: Jolteon
|drag|p2a: Aerodactyl|Aerodactyl, F|59/100
|
|-weather|Sandstorm|[upkeep]
|upkeep
|turn|16
|
|t:|1729615070
|move|p2a: Aerodactyl|Rock Slide|p1a: Skarmory
|-damage|p1a: Skarmory|65/100
|move|p1a: Skarmory|Toxic|p2a: Aerodactyl
|-status|p2a: Aerodactyl|tox
|
|-weather|Sandstorm|[upkeep]
|-damage|p2a: Aerodactyl|53/100 tox|[from] psn
|-heal|p1a: Skarmory|71/100|[from] item: Leftovers
|upkeep
|turn|17
|
|t:|1729615076
|switch|p2a: Jolteon|Jolteon, F|24/100
|move|p1a: Skarmory|Roar|p2a: Jolteon
|drag|p2a: Aerodactyl|Aerodactyl, F|53/100 tox
|
|-weather|Sandstorm|[upkeep]
|-damage|p2a: Aerodactyl|47/100 tox|[from] psn
|-heal|p1a: Skarmory|77/100|[from] item: Leftovers
|upkeep
|turn|18
|
|t:|1729615081
|move|p2a: Aerodactyl|Rock Slide|p1a: Skarmory
|-damage|p1a: Skarmory|35/100
|move|p1a: Skarmory|Spikes|p2a: Aerodactyl
|-sidestart|p2: mkizzy|Spikes
|
|-weather|Sandstorm|[upkeep]
|-damage|p2a: Aerodactyl|35/100 tox|[from] psn
|-heal|p1a: Skarmory|41/100|[from] item: Leftovers
|upkeep
|turn|19
|
|t:|1729615092
|move|p2a: Aerodactyl|Rock Slide|p1a: Skarmory
|-damage|p1a: Skarmory|5/100
|cant|p1a: Skarmory|flinch
|
|-weather|Sandstorm|[upkeep]
|-damage|p2a: Aerodactyl|17/100 tox|[from] psn
|-heal|p1a: Skarmory|11/100|[from] item: Leftovers
|upkeep
|turn|20
|
|t:|1729615108
|move|p2a: Aerodactyl|Rock Slide|p1a: Skarmory
|-damage|p1a: Skarmory|0 fnt
|faint|p1a: Skarmory
|
|t:|1729615112
|switch|p1a: Aerodactyl|Aerodactyl, M|100/100
|
|-weather|Sandstorm|[upkeep]
|-damage|p2a: Aerodactyl|0 fnt|[from] psn
|faint|p2a: Aerodactyl
|upkeep
|
|t:|1729615125
|switch|p2a: Swampert|Swampert, M|100/100
|-damage|p2a: Swampert|88/100|[from] Spikes
|turn|21
|
|t:|1729615132
|move|p1a: Aerodactyl|Double-Edge|p2a: Swampert
|-damage|p2a: Swampert|42/100
|move|p2a: Swampert|Hydro Pump|p1a: Aerodactyl
|-supereffective|p1a: Aerodactyl
|-damage|p1a: Aerodactyl|0 fnt
|faint|p1a: Aerodactyl
|
|t:|1729615138
|switch|p1a: Swampert|Swampert, M|100/100
|-damage|p1a: Swampert|84/100|[from] Spikes
|
|-weather|Sandstorm|[upkeep]
|-heal|p2a: Swampert|48/100|[from] item: Leftovers
|-heal|p1a: Swampert|90/100|[from] item: Leftovers
|upkeep
|turn|22
|
|t:|1729615142
|move|p2a: Swampert|Hydro Pump|p1a: Swampert|[miss]
|-miss|p2a: Swampert|p1a: Swampert
|move|p1a: Swampert|Hydro Pump|p2a: Swampert
|-damage|p2a: Swampert|1/100
|
|-weather|Sandstorm|[upkeep]
|-heal|p2a: Swampert|7/100|[from] item: Leftovers
|-heal|p1a: Swampert|96/100|[from] item: Leftovers
|upkeep
|turn|23
|
|t:|1729615146
|move|p2a: Swampert|Hydro Pump|p1a: Swampert
|-damage|p1a: Swampert|22/100
|move|p1a: Swampert|Earthquake|p2a: Swampert
|-damage|p2a: Swampert|0 fnt
|faint|p2a: Swampert
|
|t:|1729615151
|switch|p2a: Jolteon|Jolteon, F|24/100
|-damage|p2a: Jolteon|11/100|[from] Spikes
|
|-weather|Sandstorm|[upkeep]
|-damage|p2a: Jolteon|5/100|[from] Sandstorm
|-heal|p2a: Jolteon|11/100|[from] item: Leftovers
|-heal|p1a: Swampert|28/100|[from] item: Leftovers
|upkeep
|turn|24
|
|t:|1729615157
|move|p2a: Jolteon|Hidden Power|p1a: Swampert
|-supereffective|p1a: Swampert
|-damage|p1a: Swampert|0 fnt
|faint|p1a: Swampert
|
|t:|1729615158
|switch|p1a: Tyranitar|Tyranitar, F|100/100
|-damage|p1a: Tyranitar|84/100|[from] Spikes
|
|-weather|Sandstorm|[upkeep]
|-damage|p2a: Jolteon|5/100|[from] Sandstorm
|-heal|p2a: Jolteon|11/100|[from] item: Leftovers
|-heal|p1a: Tyranitar|90/100|[from] item: Leftovers
|upkeep
|turn|25
|
|t:|1729615175
|move|p2a: Jolteon|Thunderbolt|p1a: Tyranitar
|-damage|p1a: Tyranitar|55/100
|move|p1a: Tyranitar|Earthquake|p2a: Jolteon
|-supereffective|p2a: Jolteon
|-damage|p2a: Jolteon|0 fnt
|faint|p2a: Jolteon
|
|t:|1729615180
|switch|p2a: Metagross|Metagross|100/100
|-damage|p2a: Metagross|88/100|[from] Spikes
|
|-weather|Sandstorm|[upkeep]
|-heal|p2a: Metagross|94/100|[from] item: Leftovers
|-heal|p1a: Tyranitar|62/100|[from] item: Leftovers
|upkeep
|turn|26
|
|t:|1729615185
|move|p2a: Metagross|Explosion|p1a: Tyranitar
|-resisted|p1a: Tyranitar
|-damage|p1a: Tyranitar|3/100
|faint|p2a: Metagross
|
|t:|1729615187
|switch|p2a: Tyranitar|Tyranitar, M|79/100
|-damage|p2a: Tyranitar|66/100|[from] Spikes
|
|-weather|Sandstorm|[upkeep]
|-heal|p2a: Tyranitar|72/100|[from] item: Leftovers
|-heal|p1a: Tyranitar|9/100|[from] item: Leftovers
|upkeep
|turn|27
|
|t:|1729615193
|move|p2a: Tyranitar|Earthquake|p1a: Tyranitar
|-supereffective|p1a: Tyranitar
|-damage|p1a: Tyranitar|0 fnt
|faint|p1a: Tyranitar
|
|win|mkizzy
|c|☆MeatballSpaghetti|gg
|c|☆mkizzy|ggs sry for rng moments

</script>
<script type="application/json" class="data" id="replaydata-smogtours-gen3ou-801210">
{"id":"smogtours-gen3ou-801210","format":"[Gen 3] OU","players":["MeatballSpaghetti","mkizzy"],"uploadtime":1729615193,"views":144,"formatid":"gen3ou","rating":null,"private":0,"password":null}
</script>

<script defer src="js/replays.js?9d40a366"></script>
