<!DOCTYPE html>
<meta charset="utf-8" />
<meta name="viewport" content="width=device-width" />

<title>[Gen 3] OU: DuxIncorporated vs. BRstelli - Replays - Pok&eacute;mon Showdown!</title>

<meta name="description" content="Watch a replay of a Pok&eacute;mon battle between DuxIncorporated and BRstelli! Format: [Gen 3] OU; Date: Oct 3, 2024" />
<!--

Hey, you! Looking in the source for the replay log?

You can find them in JSON format, just add `.json` at the end of a replay URL.

https://replay.pokemonshowdown.com/gen7randomdoublesbattle-865046831.json

Or, if you only need the log itself, add `.log` instead:

https://replay.pokemonshowdown.com/gen7randomdoublesbattle-865046831.log

-->

<link rel="stylesheet" href="//pokemonshowdown.com/style/global.css?0.767286132409787" />
<link rel="stylesheet" href="//play.pokemonshowdown.com/style/font-awesome.css?0.9266228007934947" />
<link rel="stylesheet" href="//play.pokemonshowdown.com/style/battle.css?0.7924700842790926" />
<link rel="stylesheet" href="//play.pokemonshowdown.com/style/utilichart.css?0.8777417872839479" />

<!-- Global site tag (gtag.js) - Google Analytics -->
<script async src="https://www.googletagmanager.com/gtag/js?id=UA-26211653-1"></script>
<script>
  window.dataLayer = window.dataLayer || [];
  function gtag(){dataLayer.push(arguments);}
  gtag('js', new Date());

  gtag('config', 'UA-26211653-1');
</script>
<!-- End Google Analytics -->
<!-- Venatus Ad Manager - Install in <HEAD> of page -->
	<script src="https://hb.vntsm.com/v3/live/ad-manager.min.js" type="text/javascript" data-site-id="642aba63ec9a7b11c3c9c1be" data-mode="scan" async></script>
<!-- / Venatus Ad Manager -->

<style>
	@media (max-width:820px) {
		.battle {
			margin: 0 auto;
		}
		.battle-log {
			margin: 7px auto 0;
			max-width: 640px;
			height: 300px;
			position: static;
		}
	}
	.optgroup {
		display: inline-block;
		line-height: 22px;
		font-size: 10pt;
	}
	.optgroup .button {
		height: 25px;
		padding-top: 0;
		padding-bottom: 0;
	}
	.optgroup button.button {
		padding-left: 12px;
		padding-right: 12px;
	}
	.linklist {
		list-style: none;
		margin: 0.5em 0;
		padding: 0;
	}
	.linklist li {
		padding: 2px 0;
	}
	.sidebar {
		float: left;
		width: 320px;
	}
	.bar-wrapper {
		max-width: 1100px;
		margin: 0 auto;
	}
	.bar-wrapper.has-sidebar {
		max-width: 1430px;
	}
	.mainbar {
		margin: 0;
		padding-right: 1px;
	}
	.mainbar.has-sidebar {
		margin-left: 330px;
	}
	@media (min-width: 1511px) {
		.sidebar {
			width: 400px;
		}
		.bar-wrapper.has-sidebar {
			max-width: 1510px;
		}
		.mainbar.has-sidebar {
			margin-left: 410px;
		}
	}
	.section.first-section {
		margin-top: 9px;
	}
	.blocklink small {
		white-space: normal;
	}
	.button {
		vertical-align: middle;
	}
	.replay-controls {
		padding-top: 10px;
	}
	.replay-controls h1 {
		font-size: 16pt;
		font-weight: normal;
		color: #CCC;
	}
	.pagelink {
		text-align: center;
	}
	.pagelink a {
		width: 150px;
	}
	.textbox, .button {
		font-size: 11pt;
		vertical-align: middle;
	}
	@media (max-width: 450px) {
		.button {
			font-size: 9pt;
		}
	}
</style>

<div>

	<header>
		<div class="nav-wrapper"><ul class="nav">
			<li><a class="button nav-first" href="//pokemonshowdown.com/"><img src="//pokemonshowdown.com/images/pokemonshowdownbeta.png" srcset="//pokemonshowdown.com/images/pokemonshowdownbeta.png 1x, //pokemonshowdown.com/images/pokemonshowdownbeta@2x.png 2x" alt="Pok&eacute;mon Showdown" width="146" height="44" /> Home</a></li>
			<li><a class="button" href="//pokemonshowdown.com/dex/">Pok&eacute;dex</a></li>
			<li><a class="button cur" href="/">Replays</a></li>
			<li><a class="button" href="//pokemonshowdown.com/ladder/">Ladder</a></li>
			<li><a class="button nav-last" href="//pokemonshowdown.com/forums/">Forum</a></li>
			<li><a class="button greenbutton nav-first nav-last" href="//play.pokemonshowdown.com/">Play</a></li>
		</ul></div>
	</header>

	<div class="main" id="main">

		<noscript><section class="section">You need to enable JavaScript to use this page; sorry!</section></noscript>

	</div>

</div>

<script defer nomodule src="//play.pokemonshowdown.com/js/lib/ps-polyfill.js"></script>
<script defer src="//play.pokemonshowdown.com/js/lib/preact.min.js"></script>

<script defer src="//play.pokemonshowdown.com/config/config.js?6dec07f6"></script>
<script defer src="//play.pokemonshowdown.com/js/lib/jquery-1.11.0.min.js"></script>
<script defer src="//play.pokemonshowdown.com/js/lib/html-sanitizer-minified.js"></script>
<script defer src="//play.pokemonshowdown.com/js/battle-sound.js"></script>
<script defer src="//play.pokemonshowdown.com/js/battledata.js?0.6315294753075389"></script>
<script defer src="//play.pokemonshowdown.com/data/pokedex-mini.js?0.7603743185311358"></script>
<script defer src="//play.pokemonshowdown.com/data/pokedex-mini-bw.js?0.030888842834281283"></script>
<script defer src="//play.pokemonshowdown.com/data/graphics.js?0.05593094747507488"></script>
<script defer src="//play.pokemonshowdown.com/data/pokedex.js?0.47064822249611904"></script>
<script defer src="//play.pokemonshowdown.com/data/moves.js?0.8583693120512459"></script>
<script defer src="//play.pokemonshowdown.com/data/abilities.js?0.16017181182386842"></script>
<script defer src="//play.pokemonshowdown.com/data/items.js?0.4163379185673943"></script>
<script defer src="//play.pokemonshowdown.com/data/teambuilder-tables.js?0.31075597372830477"></script>
<script defer src="//play.pokemonshowdown.com/js/battle-tooltips.js?0.6536193500708172"></script>
<script defer src="//play.pokemonshowdown.com/js/battle.js?0.1916591943277901"></script>

<script defer src="js/utils.js?e31f9a17"></script>
<script defer src="js/replays-battle.js?7008c182"></script>

<!-- don't scrape this data! just add .json or .log after the URL!
Full API docs: https://github.com/smogon/pokemon-showdown-client/blob/master/WEB-API.md -->
<script type="text/plain" class="log" id="replaylog-smogtours-gen3ou-794318">
|inactive|Battle timer is ON: inactive players will automatically lose when time's up.
|t:|1727982380
|gametype|singles
|player|p1|DuxIncorporated|n|
|player|p2|BRstelli|170|
|teamsize|p1|6
|teamsize|p2|6
|gen|3
|tier|[Gen 3] OU
|rule|Sleep Clause Mod: Limit one foe put to sleep
|rule|Switch Priority Clause Mod: Faster Pokémon switch first
|rule|Species Clause: Limit one of each Pokémon
|rule|OHKO Clause: OHKO moves are banned
|rule|Evasion Items Clause: Evasion items are banned
|rule|Evasion Moves Clause: Evasion moves are banned
|rule|Endless Battle Clause: Forcing endless battles is banned
|rule|HP Percentage Mod: HP is shown in percentages
|rule|One Boost Passer Clause: Limit one Baton Passer that has a way to boost its stats
|rule|Freeze Clause Mod: Limit one foe frozen
|
|t:|1727982380
|start
|switch|p1a: The Offense|Zapdos|100/100
|switch|p2a: Zapdos|Zapdos|100/100
|turn|1
|
|t:|1727982390
|move|p2a: Zapdos|Thunder Wave|p1a: The Offense
|-status|p1a: The Offense|par
|move|p1a: The Offense|Agility|p1a: The Offense
|-boost|p1a: The Offense|spe|2
|
|upkeep
|turn|2
|
|t:|1727982416
|move|p2a: Zapdos|Hidden Power|p1a: The Offense
|-resisted|p1a: The Offense
|-damage|p1a: The Offense|88/100 par
|cant|p1a: The Offense|par
|
|-heal|p1a: The Offense|94/100 par|[from] item: Leftovers
|upkeep
|turn|3
|
|t:|1727982431
|switch|p2a: Tyranitar|Tyranitar, F|100/100
|-weather|Sandstorm|[from] ability: Sand Stream|[of] p2a: Tyranitar
|cant|p1a: The Offense|par
|
|-weather|Sandstorm|[upkeep]
|-damage|p1a: The Offense|88/100 par|[from] Sandstorm
|-heal|p1a: The Offense|94/100 par|[from] item: Leftovers
|upkeep
|turn|4
|
|t:|1727982458
|-activate|p1a: The Offense|move: Pursuit
|move|p2a: Tyranitar|Pursuit|p1a: The Offense|[from]Pursuit
|-damage|p1a: The Offense|50/100 par
|switch|p1a: Real Lead|Slaking, M|100/100
|
|-weather|Sandstorm|[upkeep]
|-damage|p1a: Real Lead|94/100|[from] Sandstorm
|upkeep
|turn|5
|inactive|BRstelli has 270 seconds left.
|
|t:|1727982495
|move|p1a: Real Lead|Double-Edge|p2a: Tyranitar
|-resisted|p2a: Tyranitar
|-damage|p2a: Tyranitar|60/100
|-damage|p1a: Real Lead|82/100|[from] Recoil|[of] p2a: Tyranitar
|move|p2a: Tyranitar|Brick Break|p1a: Real Lead
|-supereffective|p1a: Real Lead
|-damage|p1a: Real Lead|46/100
|
|-weather|Sandstorm|[upkeep]
|-damage|p1a: Real Lead|40/100|[from] Sandstorm
|-heal|p2a: Tyranitar|66/100|[from] item: Leftovers
|upkeep
|turn|6
|
|t:|1727982506
|cant|p1a: Real Lead|ability: Truant
|move|p2a: Tyranitar|Pursuit|p1a: Real Lead
|-damage|p1a: Real Lead|19/100
|
|-weather|Sandstorm|[upkeep]
|-damage|p1a: Real Lead|13/100|[from] Sandstorm
|-heal|p2a: Tyranitar|73/100|[from] item: Leftovers
|upkeep
|turn|7
|
|t:|1727982508
|move|p1a: Real Lead|Double-Edge|p2a: Tyranitar
|-resisted|p2a: Tyranitar
|-damage|p2a: Tyranitar|32/100
|-damage|p1a: Real Lead|1/100|[from] Recoil|[of] p2a: Tyranitar
|move|p2a: Tyranitar|Pursuit|p1a: Real Lead
|-damage|p1a: Real Lead|0 fnt
|faint|p1a: Real Lead
|
|t:|1727982524
|switch|p1a: Fake Lead|Tyranitar, M|100/100
|
|-weather|Sandstorm|[upkeep]
|-heal|p2a: Tyranitar|39/100|[from] item: Leftovers
|upkeep
|turn|8
|inactive|BRstelli has 270 seconds left.
|
|t:|1727982540
|move|p1a: Fake Lead|Brick Break|p2a: Tyranitar
|-supereffective|p2a: Tyranitar
|-damage|p2a: Tyranitar|0 fnt
|faint|p2a: Tyranitar
|
|t:|1727982543
|switch|p2a: Breloom|Breloom, M|100/100
|
|-weather|Sandstorm|[upkeep]
|-damage|p2a: Breloom|94/100|[from] Sandstorm
|-heal|p2a: Breloom|100/100|[from] item: Leftovers
|upkeep
|turn|9
|
|t:|1727982547
|-singleturn|p2a: Breloom|move: Focus Punch
|switch|p1a: The Offense|Zapdos|50/100 par
|move|p2a: Breloom|Focus Punch|p1a: The Offense
|-resisted|p1a: The Offense
|-damage|p1a: The Offense|1/100 par
|
|-weather|Sandstorm|[upkeep]
|-damage|p2a: Breloom|94/100|[from] Sandstorm
|-damage|p1a: The Offense|0 fnt|[from] Sandstorm
|faint|p1a: The Offense
|-heal|p2a: Breloom|100/100|[from] item: Leftovers
|upkeep
|
|t:|1727982555
|switch|p1a: General Kenobi|Aerodactyl, F|100/100
|turn|10
|
|t:|1727982559
|move|p1a: General Kenobi|Hidden Power|p2a: Breloom
|-supereffective|p2a: Breloom
|-damage|p2a: Breloom|0 fnt
|faint|p2a: Breloom
|
|t:|1727982567
|switch|p2a: Zapdos|Zapdos|100/100
|
|-weather|Sandstorm|[upkeep]
|-damage|p2a: Zapdos|94/100|[from] Sandstorm
|-heal|p2a: Zapdos|100/100|[from] item: Leftovers
|upkeep
|turn|11
|
|t:|1727982571
|switch|p1a: Miss Stall|Blissey, F|100/100
|move|p2a: Zapdos|Thunder Wave|p1a: Miss Stall
|-status|p1a: Miss Stall|par
|-enditem|p1a: Miss Stall|Lum Berry|[eat]
|-curestatus|p1a: Miss Stall|par|[msg]
|
|-weather|Sandstorm|[upkeep]
|-damage|p2a: Zapdos|94/100|[from] Sandstorm
|-damage|p1a: Miss Stall|94/100|[from] Sandstorm
|-heal|p2a: Zapdos|100/100|[from] item: Leftovers
|upkeep
|turn|12
|
|t:|1727982585
|switch|p2a: Snorlax|Snorlax, F|100/100
|move|p1a: Miss Stall|Calm Mind|p1a: Miss Stall
|-boost|p1a: Miss Stall|spa|1
|-boost|p1a: Miss Stall|spd|1
|
|-weather|Sandstorm|[upkeep]
|-damage|p1a: Miss Stall|88/100|[from] Sandstorm
|-damage|p2a: Snorlax|94/100|[from] Sandstorm
|-heal|p2a: Snorlax|100/100|[from] item: Leftovers
|upkeep
|turn|13
|
|t:|1727982589
|switch|p1a: Me go boom.|Forretress, F|100/100
|move|p2a: Snorlax|Body Slam|p1a: Me go boom.
|-resisted|p1a: Me go boom.
|-damage|p1a: Me go boom.|88/100
|
|-weather|Sandstorm|[upkeep]
|-damage|p2a: Snorlax|94/100|[from] Sandstorm
|-heal|p1a: Me go boom.|94/100|[from] item: Leftovers
|-heal|p2a: Snorlax|100/100|[from] item: Leftovers
|upkeep
|turn|14
|
|t:|1727982598
|switch|p2a: Zapdos|Zapdos|100/100
|move|p1a: Me go boom.|Spikes|p2a: Zapdos
|-sidestart|p2: BRstelli|Spikes
|
|-weather|Sandstorm|[upkeep]
|-damage|p2a: Zapdos|94/100|[from] Sandstorm
|-heal|p2a: Zapdos|100/100|[from] item: Leftovers
|-heal|p1a: Me go boom.|99/100|[from] item: Leftovers
|upkeep
|turn|15
|
|t:|1727982601
|move|p2a: Zapdos|Thunder Wave|p1a: Me go boom.
|-status|p1a: Me go boom.|par
|move|p1a: Me go boom.|Spikes|p2a: Zapdos
|-sidestart|p2: BRstelli|Spikes
|
|-weather|Sandstorm|[upkeep]
|-damage|p2a: Zapdos|94/100|[from] Sandstorm
|-heal|p2a: Zapdos|100/100|[from] item: Leftovers
|-heal|p1a: Me go boom.|100/100 par|[from] item: Leftovers
|upkeep
|turn|16
|
|t:|1727982605
|move|p2a: Zapdos|Thunderbolt|p1a: Me go boom.
|-damage|p1a: Me go boom.|30/100 par
|move|p1a: Me go boom.|Explosion|p2a: Zapdos
|-damage|p2a: Zapdos|0 fnt
|faint|p1a: Me go boom.
|faint|p2a: Zapdos
|
|t:|1727982620
|switch|p2a: Snorlax|Snorlax, F|100/100
|switch|p1a: General Kenobi|Aerodactyl, F|100/100
|-damage|p2a: Snorlax|84/100|[from] Spikes
|
|-weather|Sandstorm|[upkeep]
|-damage|p2a: Snorlax|78/100|[from] Sandstorm
|-heal|p2a: Snorlax|84/100|[from] item: Leftovers
|upkeep
|turn|17
|
|t:|1727982626
|move|p1a: General Kenobi|Rock Slide|p2a: Snorlax|[miss]
|-miss|p1a: General Kenobi|p2a: Snorlax
|move|p2a: Snorlax|Body Slam|p1a: General Kenobi
|-resisted|p1a: General Kenobi
|-damage|p1a: General Kenobi|71/100
|
|-weather|Sandstorm|[upkeep]
|-damage|p2a: Snorlax|78/100|[from] Sandstorm
|-heal|p2a: Snorlax|84/100|[from] item: Leftovers
|upkeep
|turn|18
|
|t:|1727982630
|switch|p2a: Swampert|Swampert, F|100/100
|-damage|p2a: Swampert|84/100|[from] Spikes
|move|p1a: General Kenobi|Rock Slide|p2a: Swampert
|-resisted|p2a: Swampert
|-damage|p2a: Swampert|60/100
|
|-weather|Sandstorm|[upkeep]
|-heal|p2a: Swampert|67/100|[from] item: Leftovers
|upkeep
|turn|19
|
|t:|1727982634
|-singleturn|p2a: Swampert|move: Focus Punch
|switch|p1a: Miss Stall|Blissey, F|88/100
|move|p2a: Swampert|Focus Punch|p1a: Miss Stall
|-supereffective|p1a: Miss Stall
|-damage|p1a: Miss Stall|25/100
|
|-weather|Sandstorm|[upkeep]
|-damage|p1a: Miss Stall|19/100|[from] Sandstorm
|-heal|p2a: Swampert|73/100|[from] item: Leftovers
|upkeep
|turn|20
|
|t:|1727982639
|move|p2a: Swampert|Earthquake|p1a: Miss Stall
|-damage|p1a: Miss Stall|0 fnt
|faint|p1a: Miss Stall
|
|t:|1727982646
|switch|p1a: General Kenobi|Aerodactyl, F|71/100
|
|-weather|Sandstorm|[upkeep]
|-heal|p2a: Swampert|79/100|[from] item: Leftovers
|upkeep
|turn|21
|
|t:|1727982651
|switch|p2a: Charizard|Charizard, F|100/100
|move|p1a: General Kenobi|Double-Edge|p2a: Charizard
|-damage|p2a: Charizard|22/100
|
|-weather|Sandstorm|[upkeep]
|-damage|p2a: Charizard|16/100|[from] Sandstorm
|-heal|p2a: Charizard|22/100|[from] item: Leftovers
|upkeep
|turn|22
|
|t:|1727982655
|move|p1a: General Kenobi|Double-Edge|p2a: Charizard
|-damage|p2a: Charizard|0 fnt
|faint|p2a: Charizard
|
|t:|1727982659
|switch|p2a: Snorlax|Snorlax, F|84/100
|-damage|p2a: Snorlax|67/100|[from] Spikes
|
|-weather|Sandstorm|[upkeep]
|-damage|p2a: Snorlax|61/100|[from] Sandstorm
|-heal|p2a: Snorlax|67/100|[from] item: Leftovers
|upkeep
|turn|23
|
|t:|1727982664
|move|p1a: General Kenobi|Double-Edge|p2a: Snorlax
|-damage|p2a: Snorlax|21/100
|move|p2a: Snorlax|Self-Destruct|p1a: General Kenobi
|-resisted|p1a: General Kenobi
|-damage|p1a: General Kenobi|0 fnt
|faint|p2a: Snorlax
|faint|p1a: General Kenobi
|
|t:|1727982668
|switch|p1a: Fake Lead|Tyranitar, M|100/100
|switch|p2a: Swampert|Swampert, F|79/100
|-damage|p2a: Swampert|62/100|[from] Spikes
|
|-weather|Sandstorm|[upkeep]
|-heal|p2a: Swampert|68/100|[from] item: Leftovers
|upkeep
|turn|24
|
|t:|1727982671
|move|p1a: Fake Lead|Dragon Dance|p1a: Fake Lead
|-boost|p1a: Fake Lead|atk|1
|-boost|p1a: Fake Lead|spe|1
|move|p2a: Swampert|Hydro Pump|p1a: Fake Lead
|-supereffective|p1a: Fake Lead
|-damage|p1a: Fake Lead|0 fnt
|faint|p1a: Fake Lead
|
|win|BRstelli
|c|☆BRstelli|gg
|c|☆DuxIncorporated|gg 
|c|☆DuxIncorporated|well played
|c|☆BRstelli|you as well

</script>
<script type="application/json" class="data" id="replaydata-smogtours-gen3ou-794318">
{"id":"smogtours-gen3ou-794318","format":"[Gen 3] OU","players":["DuxIncorporated","BRstelli"],"uploadtime":1727982671,"views":99,"formatid":"gen3ou","rating":null,"private":0,"password":null}
</script>

<script defer src="js/replays.js?9d40a366"></script>
