<!DOCTYPE html>
<meta charset="utf-8" />
<meta name="viewport" content="width=device-width" />

<title>[Gen 3] OU: cow xi vs. Stockings - Replays - Pok&eacute;mon Showdown!</title>

<meta name="description" content="Watch a replay of a Pok&eacute;mon battle between cow xi and Stockings! Format: [Gen 3] OU; Date: Oct 15, 2024" />
<!--

Hey, you! Looking in the source for the replay log?

You can find them in JSON format, just add `.json` at the end of a replay URL.

https://replay.pokemonshowdown.com/gen7randomdoublesbattle-865046831.json

Or, if you only need the log itself, add `.log` instead:

https://replay.pokemonshowdown.com/gen7randomdoublesbattle-865046831.log

-->

<link rel="stylesheet" href="//pokemonshowdown.com/style/global.css?0.767286132409787" />
<link rel="stylesheet" href="//play.pokemonshowdown.com/style/font-awesome.css?0.9266228007934947" />
<link rel="stylesheet" href="//play.pokemonshowdown.com/style/battle.css?0.7924700842790926" />
<link rel="stylesheet" href="//play.pokemonshowdown.com/style/utilichart.css?0.8777417872839479" />

<!-- Global site tag (gtag.js) - Google Analytics -->
<script async src="https://www.googletagmanager.com/gtag/js?id=UA-26211653-1"></script>
<script>
  window.dataLayer = window.dataLayer || [];
  function gtag(){dataLayer.push(arguments);}
  gtag('js', new Date());

  gtag('config', 'UA-26211653-1');
</script>
<!-- End Google Analytics -->
<!-- Venatus Ad Manager - Install in <HEAD> of page -->
	<script src="https://hb.vntsm.com/v3/live/ad-manager.min.js" type="text/javascript" data-site-id="642aba63ec9a7b11c3c9c1be" data-mode="scan" async></script>
<!-- / Venatus Ad Manager -->

<style>
	@media (max-width:820px) {
		.battle {
			margin: 0 auto;
		}
		.battle-log {
			margin: 7px auto 0;
			max-width: 640px;
			height: 300px;
			position: static;
		}
	}
	.optgroup {
		display: inline-block;
		line-height: 22px;
		font-size: 10pt;
	}
	.optgroup .button {
		height: 25px;
		padding-top: 0;
		padding-bottom: 0;
	}
	.optgroup button.button {
		padding-left: 12px;
		padding-right: 12px;
	}
	.linklist {
		list-style: none;
		margin: 0.5em 0;
		padding: 0;
	}
	.linklist li {
		padding: 2px 0;
	}
	.sidebar {
		float: left;
		width: 320px;
	}
	.bar-wrapper {
		max-width: 1100px;
		margin: 0 auto;
	}
	.bar-wrapper.has-sidebar {
		max-width: 1430px;
	}
	.mainbar {
		margin: 0;
		padding-right: 1px;
	}
	.mainbar.has-sidebar {
		margin-left: 330px;
	}
	@media (min-width: 1511px) {
		.sidebar {
			width: 400px;
		}
		.bar-wrapper.has-sidebar {
			max-width: 1510px;
		}
		.mainbar.has-sidebar {
			margin-left: 410px;
		}
	}
	.section.first-section {
		margin-top: 9px;
	}
	.blocklink small {
		white-space: normal;
	}
	.button {
		vertical-align: middle;
	}
	.replay-controls {
		padding-top: 10px;
	}
	.replay-controls h1 {
		font-size: 16pt;
		font-weight: normal;
		color: #CCC;
	}
	.pagelink {
		text-align: center;
	}
	.pagelink a {
		width: 150px;
	}
	.textbox, .button {
		font-size: 11pt;
		vertical-align: middle;
	}
	@media (max-width: 450px) {
		.button {
			font-size: 9pt;
		}
	}
</style>

<div>

	<header>
		<div class="nav-wrapper"><ul class="nav">
			<li><a class="button nav-first" href="//pokemonshowdown.com/"><img src="//pokemonshowdown.com/images/pokemonshowdownbeta.png" srcset="//pokemonshowdown.com/images/pokemonshowdownbeta.png 1x, //pokemonshowdown.com/images/pokemonshowdownbeta@2x.png 2x" alt="Pok&eacute;mon Showdown" width="146" height="44" /> Home</a></li>
			<li><a class="button" href="//pokemonshowdown.com/dex/">Pok&eacute;dex</a></li>
			<li><a class="button cur" href="/">Replays</a></li>
			<li><a class="button" href="//pokemonshowdown.com/ladder/">Ladder</a></li>
			<li><a class="button nav-last" href="//pokemonshowdown.com/forums/">Forum</a></li>
			<li><a class="button greenbutton nav-first nav-last" href="//play.pokemonshowdown.com/">Play</a></li>
		</ul></div>
	</header>

	<div class="main" id="main">

		<noscript><section class="section">You need to enable JavaScript to use this page; sorry!</section></noscript>

	</div>

</div>

<script defer nomodule src="//play.pokemonshowdown.com/js/lib/ps-polyfill.js"></script>
<script defer src="//play.pokemonshowdown.com/js/lib/preact.min.js"></script>

<script defer src="//play.pokemonshowdown.com/config/config.js?6dec07f6"></script>
<script defer src="//play.pokemonshowdown.com/js/lib/jquery-1.11.0.min.js"></script>
<script defer src="//play.pokemonshowdown.com/js/lib/html-sanitizer-minified.js"></script>
<script defer src="//play.pokemonshowdown.com/js/battle-sound.js"></script>
<script defer src="//play.pokemonshowdown.com/js/battledata.js?0.6315294753075389"></script>
<script defer src="//play.pokemonshowdown.com/data/pokedex-mini.js?0.7603743185311358"></script>
<script defer src="//play.pokemonshowdown.com/data/pokedex-mini-bw.js?0.030888842834281283"></script>
<script defer src="//play.pokemonshowdown.com/data/graphics.js?0.05593094747507488"></script>
<script defer src="//play.pokemonshowdown.com/data/pokedex.js?0.47064822249611904"></script>
<script defer src="//play.pokemonshowdown.com/data/moves.js?0.8583693120512459"></script>
<script defer src="//play.pokemonshowdown.com/data/abilities.js?0.16017181182386842"></script>
<script defer src="//play.pokemonshowdown.com/data/items.js?0.4163379185673943"></script>
<script defer src="//play.pokemonshowdown.com/data/teambuilder-tables.js?0.31075597372830477"></script>
<script defer src="//play.pokemonshowdown.com/js/battle-tooltips.js?0.6536193500708172"></script>
<script defer src="//play.pokemonshowdown.com/js/battle.js?0.1916591943277901"></script>

<script defer src="js/utils.js?e31f9a17"></script>
<script defer src="js/replays-battle.js?7008c182"></script>

<!-- don't scrape this data! just add .json or .log after the URL!
Full API docs: https://github.com/smogon/pokemon-showdown-client/blob/master/WEB-API.md -->
<script type="text/plain" class="log" id="replaylog-smogtours-gen3ou-798939">
|inactive|Battle timer is ON: inactive players will automatically lose when time's up.
|t:|1729016211
|gametype|singles
|player|p1|cow xi|lucas|
|player|p2|Stockings|#advpliii|
|teamsize|p1|6
|teamsize|p2|6
|gen|3
|tier|[Gen 3] OU
|rule|Sleep Clause Mod: Limit one foe put to sleep
|rule|Switch Priority Clause Mod: Faster Pokémon switch first
|rule|Species Clause: Limit one of each Pokémon
|rule|OHKO Clause: OHKO moves are banned
|rule|Evasion Items Clause: Evasion items are banned
|rule|Evasion Moves Clause: Evasion moves are banned
|rule|Endless Battle Clause: Forcing endless battles is banned
|rule|HP Percentage Mod: HP is shown in percentages
|rule|One Boost Passer Clause: Limit one Baton Passer that has a way to boost its stats
|rule|Freeze Clause Mod: Limit one foe frozen
|
|t:|1729016211
|start
|switch|p1a: Heracross|Heracross, M|100/100
|switch|p2a: Zapdos|Zapdos|100/100
|turn|1
|c|☆cow xi|hf
|
|t:|1729016235
|switch|p1a: Regice|Regice, shiny|100/100
|move|p2a: Zapdos|Drill Peck|p1a: Regice
|-damage|p1a: Regice|78/100
|
|-heal|p1a: Regice|84/100|[from] item: Leftovers
|upkeep
|turn|2
|c|☆Stockings|hfhf
|
|t:|1729016253
|move|p2a: Zapdos|Baton Pass|p2a: Zapdos
|
|t:|1729016255
|switch|p2a: Snorlax|Snorlax, F|100/100|[from] Baton Pass
|move|p1a: Regice|Thunder Wave|p2a: Snorlax
|-status|p2a: Snorlax|par
|
|-heal|p1a: Regice|90/100|[from] item: Leftovers
|upkeep
|turn|3
|inactive|cow xi has 270 seconds left.
|inactive|cow xi has 240 seconds left.
|
|t:|1729016315
|switch|p1a: Metagross|Metagross|100/100
|cant|p2a: Snorlax|par
|
|upkeep
|turn|4
|
|t:|1729016339
|switch|p2a: Zapdos|Zapdos|100/100
|move|p1a: Metagross|Meteor Mash|p2a: Zapdos
|-resisted|p2a: Zapdos
|-damage|p2a: Zapdos|64/100
|
|-heal|p2a: Zapdos|71/100|[from] item: Leftovers
|upkeep
|turn|5
|
|t:|1729016347
|switch|p1a: Regice|Regice, shiny|90/100
|move|p2a: Zapdos|Thunderbolt|p1a: Regice
|-damage|p1a: Regice|66/100
|
|-heal|p2a: Zapdos|77/100|[from] item: Leftovers
|-heal|p1a: Regice|72/100|[from] item: Leftovers
|upkeep
|turn|6
|
|t:|1729016354
|move|p2a: Zapdos|Baton Pass|p2a: Zapdos
|
|t:|1729016356
|switch|p2a: Snorlax|Snorlax, F|100/100 par|[from] Baton Pass
|move|p1a: Regice|Ice Beam|p2a: Snorlax
|-damage|p2a: Snorlax|75/100 par
|
|-heal|p1a: Regice|78/100|[from] item: Leftovers
|-heal|p2a: Snorlax|81/100 par|[from] item: Leftovers
|upkeep
|turn|7
|
|t:|1729016372
|switch|p1a: Metagross|Metagross|100/100
|move|p2a: Snorlax|Earthquake|p1a: Metagross
|-supereffective|p1a: Metagross
|-damage|p1a: Metagross|57/100
|
|-heal|p1a: Metagross|63/100|[from] item: Leftovers
|-heal|p2a: Snorlax|88/100 par|[from] item: Leftovers
|upkeep
|turn|8
|inactive|cow xi has 270 seconds left.
|
|t:|1729016394
|switch|p2a: Jirachi|Jirachi|100/100
|move|p1a: Metagross|Meteor Mash|p2a: Jirachi
|-resisted|p2a: Jirachi
|-damage|p2a: Jirachi|75/100
|
|-heal|p2a: Jirachi|82/100|[from] item: Leftovers
|-heal|p1a: Metagross|69/100|[from] item: Leftovers
|upkeep
|turn|9
|inactive|cow xi has 270 seconds left.
|inactive|cow xi has 240 seconds left.
|
|t:|1729016438
|switch|p2a: Zapdos|Zapdos|77/100
|switch|p1a: Dugtrio|Dugtrio, M|100/100
|
|-heal|p2a: Zapdos|83/100|[from] item: Leftovers
|upkeep
|turn|10
|inactive|cow xi has 240 seconds left.
|
|t:|1729016454
|switch|p1a: Regice|Regice, shiny|78/100
|move|p2a: Zapdos|Baton Pass|p2a: Zapdos
|
|t:|1729016463
|switch|p2a: Snorlax|Snorlax, F|88/100 par|[from] Baton Pass
|
|-heal|p1a: Regice|84/100|[from] item: Leftovers
|-heal|p2a: Snorlax|94/100 par|[from] item: Leftovers
|upkeep
|turn|11
|
|t:|1729016467
|switch|p1a: Salamence|Salamence, M|100/100
|-ability|p1a: Salamence|Intimidate|boost
|-unboost|p2a: Snorlax|atk|1
|move|p2a: Snorlax|Body Slam|p1a: Salamence
|-damage|p1a: Salamence|71/100
|
|-heal|p1a: Salamence|77/100|[from] item: Leftovers
|-heal|p2a: Snorlax|99/100 par|[from] item: Leftovers
|upkeep
|turn|12
|inactive|Stockings has 270 seconds left.
|
|t:|1729016506
|switch|p1a: Metagross|Metagross|69/100
|switch|p2a: Suicune|Suicune|100/100
|
|-heal|p1a: Metagross|75/100|[from] item: Leftovers
|upkeep
|turn|13
|inactive|Stockings has 270 seconds left.
|inactive|cow xi has 240 seconds left.
|
|t:|1729016545
|switch|p2a: Jirachi|Jirachi|82/100
|switch|p1a: Starmie|Starmie|100/100
|
|-heal|p2a: Jirachi|88/100|[from] item: Leftovers
|upkeep
|turn|14
|
|t:|1729016569
|switch|p1a: Metagross|Metagross|75/100
|switch|p2a: Snorlax|Snorlax, F|99/100 par
|
|-heal|p1a: Metagross|81/100|[from] item: Leftovers
|-heal|p2a: Snorlax|100/100 par|[from] item: Leftovers
|upkeep
|turn|15
|inactive|Stockings has 240 seconds left.
|
|t:|1729016585
|switch|p2a: Zapdos|Zapdos|83/100
|move|p1a: Metagross|Meteor Mash|p2a: Zapdos
|-resisted|p2a: Zapdos
|-damage|p2a: Zapdos|50/100
|
|-heal|p2a: Zapdos|57/100|[from] item: Leftovers
|-heal|p1a: Metagross|87/100|[from] item: Leftovers
|upkeep
|turn|16
|
|t:|1729016599
|move|p1a: Metagross|Protect|p1a: Metagross
|-singleturn|p1a: Metagross|Protect
|move|p2a: Zapdos|Thunderbolt|p1a: Metagross
|-activate|p1a: Metagross|Protect
|
|-heal|p2a: Zapdos|63/100|[from] item: Leftovers
|-heal|p1a: Metagross|93/100|[from] item: Leftovers
|upkeep
|turn|17
|
|t:|1729016608
|move|p2a: Zapdos|Thunderbolt|p1a: Metagross
|-damage|p1a: Metagross|45/100
|-status|p1a: Metagross|par
|move|p1a: Metagross|Meteor Mash|p2a: Zapdos
|-resisted|p2a: Zapdos
|-damage|p2a: Zapdos|26/100
|
|-heal|p2a: Zapdos|32/100|[from] item: Leftovers
|-heal|p1a: Metagross|51/100 par|[from] item: Leftovers
|upkeep
|turn|18
|inactive|cow xi has 240 seconds left.
|
|t:|1729016620
|switch|p1a: Regice|Regice, shiny|84/100
|move|p2a: Zapdos|Thunderbolt|p1a: Regice
|-damage|p1a: Regice|58/100
|
|-heal|p2a: Zapdos|39/100|[from] item: Leftovers
|-heal|p1a: Regice|64/100|[from] item: Leftovers
|upkeep
|turn|19
|inactive|cow xi has 240 seconds left.
|
|t:|1729016638
|move|p2a: Zapdos|Baton Pass|p2a: Zapdos
|
|t:|1729016640
|switch|p2a: Snorlax|Snorlax, F|100/100 par|[from] Baton Pass
|move|p1a: Regice|Ice Beam|p2a: Snorlax
|-damage|p2a: Snorlax|77/100 par
|
|-heal|p1a: Regice|70/100|[from] item: Leftovers
|-heal|p2a: Snorlax|84/100 par|[from] item: Leftovers
|upkeep
|turn|20
|
|t:|1729016652
|switch|p1a: Metagross|Metagross|51/100 par
|cant|p2a: Snorlax|par
|
|-heal|p1a: Metagross|58/100 par|[from] item: Leftovers
|-heal|p2a: Snorlax|90/100 par|[from] item: Leftovers
|upkeep
|turn|21
|
|t:|1729016676
|move|p1a: Metagross|Meteor Mash|p2a: Snorlax
|-damage|p2a: Snorlax|42/100 par
|move|p2a: Snorlax|Earthquake|p1a: Metagross
|-supereffective|p1a: Metagross
|-damage|p1a: Metagross|17/100 par
|
|-heal|p1a: Metagross|23/100 par|[from] item: Leftovers
|-heal|p2a: Snorlax|48/100 par|[from] item: Leftovers
|upkeep
|turn|22
|inactive|Stockings has 240 seconds left.
|
|t:|1729016699
|switch|p2a: Zapdos|Zapdos|39/100
|move|p1a: Metagross|Explosion|p2a: Zapdos
|-damage|p2a: Zapdos|0 fnt
|faint|p1a: Metagross
|faint|p2a: Zapdos
|inactive|Stockings has 240 seconds left.
|
|t:|1729016711
|switch|p2a: Snorlax|Snorlax, F|48/100 par
|switch|p1a: Heracross|Heracross, M|100/100
|
|-heal|p2a: Snorlax|55/100 par|[from] item: Leftovers
|upkeep
|turn|23
|inactive|Stockings has 240 seconds left.
|
|t:|1729016733
|move|p1a: Heracross|Substitute|p1a: Heracross
|-start|p1a: Heracross|Substitute
|-damage|p1a: Heracross|76/100
|move|p2a: Snorlax|Self-Destruct|p1a: Heracross
|-end|p1a: Heracross|Substitute
|faint|p2a: Snorlax
|
|t:|1729016736
|switch|p2a: Dugtrio|Dugtrio, F|100/100
|
|-heal|p1a: Heracross|82/100|[from] item: Leftovers
|upkeep
|turn|24
|
|t:|1729016742
|move|p2a: Dugtrio|Aerial Ace|p1a: Heracross
|-supereffective|p1a: Heracross
|-damage|p1a: Heracross|0 fnt
|faint|p1a: Heracross
|inactive|cow xi has 270 seconds left.
|
|t:|1729016759
|switch|p1a: Salamence|Salamence, M|77/100
|-ability|p1a: Salamence|Intimidate|boost
|-unboost|p2a: Dugtrio|atk|1
|
|-heal|p1a: Salamence|83/100|[from] item: Leftovers
|upkeep
|turn|25
|inactive|cow xi has 270 seconds left.
|inactive|Stockings has 240 seconds left.
|
|t:|1729016774
|switch|p2a: Suicune|Suicune|100/100
|move|p1a: Salamence|Earthquake|p2a: Suicune
|-damage|p2a: Suicune|70/100
|
|-heal|p1a: Salamence|89/100|[from] item: Leftovers
|-heal|p2a: Suicune|76/100|[from] item: Leftovers
|upkeep
|turn|26
|inactive|Stockings has 240 seconds left.
|inactive|Stockings has 210 seconds left.
|
|t:|1729016823
|switch|p1a: Regice|Regice, shiny|70/100
|switch|p2a: Jirachi|Jirachi|88/100
|
|-heal|p2a: Jirachi|94/100|[from] item: Leftovers
|-heal|p1a: Regice|77/100|[from] item: Leftovers
|upkeep
|turn|27
|inactive|cow xi has 240 seconds left.
|
|t:|1729016845
|move|p2a: Jirachi|Substitute|p2a: Jirachi
|-start|p2a: Jirachi|Substitute
|-damage|p2a: Jirachi|69/100
|move|p1a: Regice|Thunder Wave||[still]
|-fail|p1a: Regice
|
|-heal|p2a: Jirachi|75/100|[from] item: Leftovers
|-heal|p1a: Regice|83/100|[from] item: Leftovers
|upkeep
|turn|28
|inactive|cow xi has 240 seconds left.
|
|t:|1729016864
|switch|p1a: Starmie|Starmie|100/100
|move|p2a: Jirachi|Calm Mind|p2a: Jirachi
|-boost|p2a: Jirachi|spa|1
|-boost|p2a: Jirachi|spd|1
|
|-heal|p2a: Jirachi|81/100|[from] item: Leftovers
|upkeep
|turn|29
|
|t:|1729016882
|move|p1a: Starmie|Surf|p2a: Jirachi
|-activate|p2a: Jirachi|Substitute|[damage]
|move|p2a: Jirachi|Calm Mind|p2a: Jirachi
|-boost|p2a: Jirachi|spa|1
|-boost|p2a: Jirachi|spd|1
|
|-heal|p2a: Jirachi|88/100|[from] item: Leftovers
|upkeep
|turn|30
|
|t:|1729016894
|move|p1a: Starmie|Surf|p2a: Jirachi
|-end|p2a: Jirachi|Substitute
|move|p2a: Jirachi|Substitute|p2a: Jirachi
|-start|p2a: Jirachi|Substitute
|-damage|p2a: Jirachi|63/100
|
|-heal|p2a: Jirachi|69/100|[from] item: Leftovers
|upkeep
|turn|31
|
|t:|1729016901
|move|p1a: Starmie|Surf|p2a: Jirachi
|-activate|p2a: Jirachi|Substitute|[damage]
|move|p2a: Jirachi|Thunderbolt|p1a: Starmie
|-supereffective|p1a: Starmie
|-damage|p1a: Starmie|0 fnt
|faint|p1a: Starmie
|
|t:|1729016904
|switch|p1a: Dugtrio|Dugtrio, M|100/100
|
|-heal|p2a: Jirachi|75/100|[from] item: Leftovers
|upkeep
|turn|32
|
|t:|1729016909
|move|p1a: Dugtrio|Earthquake|p2a: Jirachi
|-supereffective|p2a: Jirachi
|-end|p2a: Jirachi|Substitute
|move|p2a: Jirachi|Hidden Power|p1a: Dugtrio
|-supereffective|p1a: Dugtrio
|-damage|p1a: Dugtrio|0 fnt
|faint|p1a: Dugtrio
|
|t:|1729016911
|switch|p1a: Salamence|Salamence, M|89/100
|-ability|p1a: Salamence|Intimidate|boost
|-unboost|p2a: Jirachi|atk|1
|
|-heal|p1a: Salamence|95/100|[from] item: Leftovers
|-heal|p2a: Jirachi|81/100|[from] item: Leftovers
|upkeep
|turn|33
|inactive|Stockings has 240 seconds left.
|inactive|cow xi has 270 seconds left.
|
|t:|1729016951
|switch|p2a: Suicune|Suicune|76/100
|move|p1a: Salamence|Dragon Dance|p1a: Salamence
|-boost|p1a: Salamence|atk|1
|-boost|p1a: Salamence|spe|1
|
|-heal|p1a: Salamence|100/100|[from] item: Leftovers
|-heal|p2a: Suicune|82/100|[from] item: Leftovers
|upkeep
|turn|34
|
|t:|1729016968
|switch|p1a: Regice|Regice, shiny|83/100
|move|p2a: Suicune|Ice Beam|p1a: Regice
|-resisted|p1a: Regice
|-damage|p1a: Regice|75/100
|
|-heal|p2a: Suicune|88/100|[from] item: Leftovers
|-heal|p1a: Regice|81/100|[from] item: Leftovers
|upkeep
|turn|35
|inactive|Stockings has 240 seconds left.
|
|t:|1729016981
|switch|p2a: Dugtrio|Dugtrio, F|100/100
|move|p1a: Regice|Thunderbolt|p2a: Dugtrio
|-immune|p2a: Dugtrio
|
|-heal|p1a: Regice|88/100|[from] item: Leftovers
|upkeep
|turn|36
|
|t:|1729016983
|move|p2a: Dugtrio|Earthquake|p1a: Regice
|-damage|p1a: Regice|35/100
|move|p1a: Regice|Ice Beam|p2a: Dugtrio
|-supereffective|p2a: Dugtrio
|-damage|p2a: Dugtrio|0 fnt
|faint|p2a: Dugtrio
|
|t:|1729016990
|switch|p2a: Swampert|Swampert, F|100/100
|
|-heal|p1a: Regice|41/100|[from] item: Leftovers
|upkeep
|turn|37
|
|t:|1729016997
|move|p2a: Swampert|Earthquake|p1a: Regice
|-damage|p1a: Regice|4/100
|move|p1a: Regice|Explosion|p2a: Swampert
|-damage|p2a: Swampert|42/100
|faint|p1a: Regice
|
|t:|1729017001
|switch|p1a: Salamence|Salamence, M|100/100
|-ability|p1a: Salamence|Intimidate|boost
|-unboost|p2a: Swampert|atk|1
|
|-heal|p2a: Swampert|48/100|[from] item: Leftovers
|upkeep
|turn|38
|
|t:|1729017004
|move|p1a: Salamence|Dragon Dance|p1a: Salamence
|-boost|p1a: Salamence|atk|1
|-boost|p1a: Salamence|spe|1
|move|p2a: Swampert|Ice Beam|p1a: Salamence
|-supereffective|p1a: Salamence
|-damage|p1a: Salamence|15/100
|
|-heal|p1a: Salamence|21/100|[from] item: Leftovers
|-heal|p2a: Swampert|55/100|[from] item: Leftovers
|upkeep
|turn|39
|
|t:|1729017008
|move|p1a: Salamence|Hidden Power|p2a: Swampert
|-damage|p2a: Swampert|13/100
|move|p2a: Swampert|Ice Beam|p1a: Salamence
|-supereffective|p1a: Salamence
|-damage|p1a: Salamence|0 fnt
|faint|p1a: Salamence
|
|win|Stockings
|c|☆cow xi|gg
|player|p1|
|c|☆Stockings|gg
|c|☆Stockings|ggs

</script>
<script type="application/json" class="data" id="replaydata-smogtours-gen3ou-798939">
{"id":"smogtours-gen3ou-798939","format":"[Gen 3] OU","players":["cow xi","Stockings"],"uploadtime":1729017008,"views":110,"formatid":"gen3ou","rating":null,"private":0,"password":null}
</script>

<script defer src="js/replays.js?9d40a366"></script>
