<!DOCTYPE html>
<meta charset="utf-8" />
<meta name="viewport" content="width=device-width" />

<title>[Gen 3] OU: blyargh vs. Blaniom - Replays - Pok&eacute;mon Showdown!</title>

<meta name="description" content="Watch a replay of a Pok&eacute;mon battle between blyargh and Blaniom! Format: [Gen 3] OU; Date: Oct 29, 2024" />
<!--

Hey, you! Looking in the source for the replay log?

You can find them in JSON format, just add `.json` at the end of a replay URL.

https://replay.pokemonshowdown.com/gen7randomdoublesbattle-865046831.json

Or, if you only need the log itself, add `.log` instead:

https://replay.pokemonshowdown.com/gen7randomdoublesbattle-865046831.log

-->

<link rel="stylesheet" href="//pokemonshowdown.com/style/global.css?0.023195364461161105" />
<link rel="stylesheet" href="//play.pokemonshowdown.com/style/font-awesome.css?0.13261647063804238" />
<link rel="stylesheet" href="//play.pokemonshowdown.com/style/battle.css?0.8753245789963631" />
<link rel="stylesheet" href="//play.pokemonshowdown.com/style/utilichart.css?0.8627959624976733" />

<!-- Global site tag (gtag.js) - Google Analytics -->
<script async src="https://www.googletagmanager.com/gtag/js?id=UA-26211653-1"></script>
<script>
  window.dataLayer = window.dataLayer || [];
  function gtag(){dataLayer.push(arguments);}
  gtag('js', new Date());

  gtag('config', 'UA-26211653-1');
</script>
<!-- End Google Analytics -->
<!-- Venatus Ad Manager - Install in <HEAD> of page -->
	<script src="https://hb.vntsm.com/v3/live/ad-manager.min.js" type="text/javascript" data-site-id="642aba63ec9a7b11c3c9c1be" data-mode="scan" async></script>
<!-- / Venatus Ad Manager -->

<style>
	@media (max-width:820px) {
		.battle {
			margin: 0 auto;
		}
		.battle-log {
			margin: 7px auto 0;
			max-width: 640px;
			height: 300px;
			position: static;
		}
	}
	.optgroup {
		display: inline-block;
		line-height: 22px;
		font-size: 10pt;
	}
	.optgroup .button {
		height: 25px;
		padding-top: 0;
		padding-bottom: 0;
	}
	.optgroup button.button {
		padding-left: 12px;
		padding-right: 12px;
	}
	.linklist {
		list-style: none;
		margin: 0.5em 0;
		padding: 0;
	}
	.linklist li {
		padding: 2px 0;
	}
	.sidebar {
		float: left;
		width: 320px;
	}
	.bar-wrapper {
		max-width: 1100px;
		margin: 0 auto;
	}
	.bar-wrapper.has-sidebar {
		max-width: 1430px;
	}
	.mainbar {
		margin: 0;
		padding-right: 1px;
	}
	.mainbar.has-sidebar {
		margin-left: 330px;
	}
	@media (min-width: 1511px) {
		.sidebar {
			width: 400px;
		}
		.bar-wrapper.has-sidebar {
			max-width: 1510px;
		}
		.mainbar.has-sidebar {
			margin-left: 410px;
		}
	}
	.section.first-section {
		margin-top: 9px;
	}
	.blocklink small {
		white-space: normal;
	}
	.button {
		vertical-align: middle;
	}
	.replay-controls {
		padding-top: 10px;
	}
	.replay-controls h1 {
		font-size: 16pt;
		font-weight: normal;
		color: #CCC;
	}
	.pagelink {
		text-align: center;
	}
	.pagelink a {
		width: 150px;
	}
	.textbox, .button {
		font-size: 11pt;
		vertical-align: middle;
	}
	@media (max-width: 450px) {
		.button {
			font-size: 9pt;
		}
	}
</style>

<div>

	<header>
		<div class="nav-wrapper"><ul class="nav">
			<li><a class="button nav-first" href="//pokemonshowdown.com/"><img src="//pokemonshowdown.com/images/pokemonshowdownbeta.png" srcset="//pokemonshowdown.com/images/pokemonshowdownbeta.png 1x, //pokemonshowdown.com/images/pokemonshowdownbeta@2x.png 2x" alt="Pok&eacute;mon Showdown" width="146" height="44" /> Home</a></li>
			<li><a class="button" href="//pokemonshowdown.com/dex/">Pok&eacute;dex</a></li>
			<li><a class="button cur" href="/">Replays</a></li>
			<li><a class="button" href="//pokemonshowdown.com/ladder/">Ladder</a></li>
			<li><a class="button nav-last" href="//pokemonshowdown.com/forums/">Forum</a></li>
			<li><a class="button greenbutton nav-first nav-last" href="//play.pokemonshowdown.com/">Play</a></li>
		</ul></div>
	</header>

	<div class="main" id="main">

		<noscript><section class="section">You need to enable JavaScript to use this page; sorry!</section></noscript>

	</div>

</div>

<script defer nomodule src="//play.pokemonshowdown.com/js/lib/ps-polyfill.js"></script>
<script defer src="//play.pokemonshowdown.com/js/lib/preact.min.js"></script>

<script defer src="//play.pokemonshowdown.com/config/config.js?2bddbc15"></script>
<script defer src="//play.pokemonshowdown.com/js/lib/jquery-1.11.0.min.js"></script>
<script defer src="//play.pokemonshowdown.com/js/lib/html-sanitizer-minified.js"></script>
<script defer src="//play.pokemonshowdown.com/js/battle-sound.js"></script>
<script defer src="//play.pokemonshowdown.com/js/battledata.js?0.7209276989879541"></script>
<script defer src="//play.pokemonshowdown.com/data/pokedex-mini.js?0.6111056340867951"></script>
<script defer src="//play.pokemonshowdown.com/data/pokedex-mini-bw.js?0.3532142036491459"></script>
<script defer src="//play.pokemonshowdown.com/data/graphics.js?0.24223875632456182"></script>
<script defer src="//play.pokemonshowdown.com/data/pokedex.js?0.38839984266356864"></script>
<script defer src="//play.pokemonshowdown.com/data/moves.js?0.21866028504024015"></script>
<script defer src="//play.pokemonshowdown.com/data/abilities.js?0.2005157953846628"></script>
<script defer src="//play.pokemonshowdown.com/data/items.js?0.9894211263848525"></script>
<script defer src="//play.pokemonshowdown.com/data/teambuilder-tables.js?0.6008791140282215"></script>
<script defer src="//play.pokemonshowdown.com/js/battle-tooltips.js?0.7580118955022959"></script>
<script defer src="//play.pokemonshowdown.com/js/battle.js?0.6057722274234274"></script>

<script defer src="js/utils.js?e31f9a17"></script>
<script defer src="js/replays-battle.js?7008c182"></script>

<!-- don't scrape this data! just add .json or .log after the URL!
Full API docs: https://github.com/smogon/pokemon-showdown-client/blob/master/WEB-API.md -->
<script type="text/plain" class="log" id="replaylog-smogtours-gen3ou-803277">
|inactive|Battle timer is ON: inactive players will automatically lose when time's up.
|t:|1730231077
|gametype|singles
|player|p1|blyargh|#advpliv|
|player|p2|Blaniom|clerkf|
|teamsize|p1|6
|teamsize|p2|6
|gen|3
|tier|[Gen 3] OU
|rule|Sleep Clause Mod: Limit one foe put to sleep
|rule|Switch Priority Clause Mod: Faster Pokémon switch first
|rule|Species Clause: Limit one of each Pokémon
|rule|OHKO Clause: OHKO moves are banned
|rule|Evasion Items Clause: Evasion items are banned
|rule|Evasion Moves Clause: Evasion moves are banned
|rule|Endless Battle Clause: Forcing endless battles is banned
|rule|HP Percentage Mod: HP is shown in percentages
|rule|One Boost Passer Clause: Limit one Baton Passer that has a way to boost its stats
|rule|Freeze Clause Mod: Limit one foe frozen
|
|t:|1730231077
|start
|switch|p1a: Tyranitar|Tyranitar, F|100/100
|switch|p2a: Celebi|Celebi|100/100
|-weather|Sandstorm|[from] ability: Sand Stream|[of] p1a: Tyranitar
|turn|1
|c|☆blyargh|hf
|c|☆Blaniom|gl
|
|t:|1730231089
|move|p2a: Celebi|Leech Seed|p1a: Tyranitar
|-start|p1a: Tyranitar|move: Leech Seed
|move|p1a: Tyranitar|Dragon Dance|p1a: Tyranitar
|-boost|p1a: Tyranitar|atk|1
|-boost|p1a: Tyranitar|spe|1
|
|-weather|Sandstorm|[upkeep]
|-damage|p2a: Celebi|94/100|[from] Sandstorm
|-damage|p1a: Tyranitar|88/100|[from] Leech Seed|[of] p2a: Celebi
|-heal|p2a: Celebi|100/100|[silent]
|upkeep
|turn|2
|
|t:|1730231094
|switch|p2a: Suicune|Suicune|100/100
|move|p1a: Tyranitar|Dragon Dance|p1a: Tyranitar
|-boost|p1a: Tyranitar|atk|1
|-boost|p1a: Tyranitar|spe|1
|
|-weather|Sandstorm|[upkeep]
|-damage|p2a: Suicune|94/100|[from] Sandstorm
|-heal|p1a: Tyranitar|94/100|[from] item: Leftovers
|-damage|p1a: Tyranitar|82/100|[from] Leech Seed|[of] p2a: Suicune
|-heal|p2a: Suicune|100/100|[silent]
|upkeep
|turn|3
|
|t:|1730231102
|move|p1a: Tyranitar|Rock Slide|p2a: Suicune
|-damage|p2a: Suicune|59/100
|move|p2a: Suicune|Surf|p1a: Tyranitar
|-supereffective|p1a: Tyranitar
|-damage|p1a: Tyranitar|25/100
|
|-weather|Sandstorm|[upkeep]
|-damage|p2a: Suicune|52/100|[from] Sandstorm
|-heal|p1a: Tyranitar|31/100|[from] item: Leftovers
|-damage|p1a: Tyranitar|19/100|[from] Leech Seed|[of] p2a: Suicune
|-heal|p2a: Suicune|64/100|[silent]
|-heal|p2a: Suicune|71/100|[from] item: Leftovers
|upkeep
|turn|4
|
|t:|1730231109
|move|p1a: Tyranitar|Rock Slide|p2a: Suicune
|-damage|p2a: Suicune|25/100
|move|p2a: Suicune|Surf|p1a: Tyranitar
|-supereffective|p1a: Tyranitar
|-damage|p1a: Tyranitar|0 fnt
|faint|p1a: Tyranitar
|
|t:|1730231114
|switch|p1a: Zapdos|Zapdos|100/100
|
|-weather|Sandstorm|[upkeep]
|-damage|p1a: Zapdos|94/100|[from] Sandstorm
|-damage|p2a: Suicune|19/100|[from] Sandstorm
|-heal|p1a: Zapdos|100/100|[from] item: Leftovers
|-heal|p2a: Suicune|25/100|[from] item: Leftovers
|upkeep
|turn|5
|
|t:|1730231118
|switch|p1a: Skarmory|Skarmory, F|100/100
|switch|p2a: Celebi|Celebi|100/100
|
|-weather|Sandstorm|[upkeep]
|-damage|p2a: Celebi|94/100|[from] Sandstorm
|-heal|p2a: Celebi|100/100|[from] item: Leftovers
|upkeep
|turn|6
|
|t:|1730231122
|move|p2a: Celebi|Leech Seed|p1a: Skarmory
|-start|p1a: Skarmory|move: Leech Seed
|move|p1a: Skarmory|Spikes|p2a: Celebi
|-sidestart|p2: Blaniom|Spikes
|
|-weather|Sandstorm|[upkeep]
|-damage|p2a: Celebi|94/100|[from] Sandstorm
|-heal|p2a: Celebi|100/100|[from] item: Leftovers
|-damage|p1a: Skarmory|88/100|[from] Leech Seed|[of] p2a: Celebi
|upkeep
|turn|7
|
|t:|1730231131
|move|p2a: Celebi|Hidden Power|p1a: Skarmory
|-supereffective|p1a: Skarmory
|-damage|p1a: Skarmory|56/100
|move|p1a: Skarmory|Spikes|p2a: Celebi
|-sidestart|p2: Blaniom|Spikes
|
|-weather|Sandstorm|[upkeep]
|-damage|p2a: Celebi|94/100|[from] Sandstorm
|-heal|p2a: Celebi|100/100|[from] item: Leftovers
|-heal|p1a: Skarmory|62/100|[from] item: Leftovers
|-damage|p1a: Skarmory|50/100|[from] Leech Seed|[of] p2a: Celebi
|upkeep
|turn|8
|
|t:|1730231136
|switch|p1a: Aerodactyl|Aerodactyl, F|100/100
|move|p2a: Celebi|Hidden Power|p1a: Aerodactyl
|-resisted|p1a: Aerodactyl
|-damage|p1a: Aerodactyl|88/100
|
|-weather|Sandstorm|[upkeep]
|-damage|p2a: Celebi|94/100|[from] Sandstorm
|-heal|p2a: Celebi|100/100|[from] item: Leftovers
|upkeep
|turn|9
|
|t:|1730231141
|move|p1a: Aerodactyl|Hidden Power|p2a: Celebi
|-supereffective|p2a: Celebi
|-damage|p2a: Celebi|26/100
|move|p2a: Celebi|Recover|p2a: Celebi
|-heal|p2a: Celebi|76/100
|
|-weather|Sandstorm|[upkeep]
|-damage|p2a: Celebi|70/100|[from] Sandstorm
|-heal|p2a: Celebi|76/100|[from] item: Leftovers
|upkeep
|turn|10
|
|t:|1730231148
|switch|p1a: Zapdos|Zapdos|100/100
|switch|p2a: Aerodactyl|Aerodactyl, M|100/100
|
|-weather|Sandstorm|[upkeep]
|-damage|p1a: Zapdos|94/100|[from] Sandstorm
|-heal|p1a: Zapdos|100/100|[from] item: Leftovers
|upkeep
|turn|11
|
|t:|1730231152
|switch|p1a: Swampert|Swampert, F|100/100
|move|p2a: Aerodactyl|Rock Slide|p1a: Swampert
|-resisted|p1a: Swampert
|-damage|p1a: Swampert|78/100
|
|-weather|Sandstorm|[upkeep]
|-heal|p1a: Swampert|85/100|[from] item: Leftovers
|upkeep
|turn|12
|
|t:|1730231166
|switch|p2a: Celebi|Celebi|76/100
|-damage|p2a: Celebi|60/100|[from] Spikes
|move|p1a: Swampert|Ice Beam|p2a: Celebi
|-supereffective|p2a: Celebi
|-damage|p2a: Celebi|16/100
|
|-weather|Sandstorm|[upkeep]
|-damage|p2a: Celebi|10/100|[from] Sandstorm
|-heal|p2a: Celebi|16/100|[from] item: Leftovers
|-heal|p1a: Swampert|91/100|[from] item: Leftovers
|upkeep
|turn|13
|
|t:|1730231168
|switch|p1a: Aerodactyl|Aerodactyl, F|88/100
|move|p2a: Celebi|Recover|p2a: Celebi
|-heal|p2a: Celebi|66/100
|
|-weather|Sandstorm|[upkeep]
|-damage|p2a: Celebi|60/100|[from] Sandstorm
|-heal|p2a: Celebi|66/100|[from] item: Leftovers
|upkeep
|turn|14
|
|t:|1730231173
|switch|p2a: Forretress|Forretress, M|100/100
|-damage|p2a: Forretress|84/100|[from] Spikes
|move|p1a: Aerodactyl|Rock Slide|p2a: Forretress
|-damage|p2a: Forretress|56/100
|
|-weather|Sandstorm|[upkeep]
|-heal|p2a: Forretress|62/100|[from] item: Leftovers
|upkeep
|turn|15
|
|t:|1730231179
|switch|p1a: Zapdos|Zapdos|100/100
|move|p2a: Forretress|Rapid Spin|p1a: Zapdos
|-damage|p1a: Zapdos|96/100
|-sideend|p2: Blaniom|Spikes|[from] move: Rapid Spin|[of] p2a: Forretress
|
|-weather|Sandstorm|[upkeep]
|-damage|p1a: Zapdos|90/100|[from] Sandstorm
|-heal|p1a: Zapdos|96/100|[from] item: Leftovers
|-heal|p2a: Forretress|68/100|[from] item: Leftovers
|upkeep
|turn|16
|
|t:|1730231187
|move|p1a: Zapdos|Thunderbolt|p2a: Forretress
|-damage|p2a: Forretress|5/100
|move|p2a: Forretress|Explosion|p1a: Zapdos
|-damage|p1a: Zapdos|0 fnt
|faint|p2a: Forretress
|faint|p1a: Zapdos
|
|t:|1730231204
|switch|p1a: Skarmory|Skarmory, F|50/100
|switch|p2a: Celebi|Celebi|66/100
|
|-weather|Sandstorm|[upkeep]
|-damage|p2a: Celebi|60/100|[from] Sandstorm
|-heal|p2a: Celebi|66/100|[from] item: Leftovers
|-heal|p1a: Skarmory|56/100|[from] item: Leftovers
|upkeep
|turn|17
|
|t:|1730231209
|move|p2a: Celebi|Recover|p2a: Celebi
|-heal|p2a: Celebi|100/100
|move|p1a: Skarmory|Spikes|p2a: Celebi
|-sidestart|p2: Blaniom|Spikes
|
|-weather|Sandstorm|[upkeep]
|-damage|p2a: Celebi|94/100|[from] Sandstorm
|-heal|p2a: Celebi|100/100|[from] item: Leftovers
|-heal|p1a: Skarmory|62/100|[from] item: Leftovers
|upkeep
|turn|18
|
|t:|1730231215
|switch|p1a: Celebi|Celebi|100/100
|move|p2a: Celebi|Hidden Power|p1a: Celebi
|-supereffective|p1a: Celebi
|-damage|p1a: Celebi|74/100
|
|-weather|Sandstorm|[upkeep]
|-damage|p1a: Celebi|68/100|[from] Sandstorm
|-damage|p2a: Celebi|94/100|[from] Sandstorm
|-heal|p1a: Celebi|74/100|[from] item: Leftovers
|-heal|p2a: Celebi|100/100|[from] item: Leftovers
|upkeep
|turn|19
|
|t:|1730231219
|switch|p1a: Aerodactyl|Aerodactyl, F|88/100
|move|p2a: Celebi|Calm Mind|p2a: Celebi
|-boost|p2a: Celebi|spa|1
|-boost|p2a: Celebi|spd|1
|
|-weather|Sandstorm|[upkeep]
|-damage|p2a: Celebi|94/100|[from] Sandstorm
|-heal|p2a: Celebi|100/100|[from] item: Leftovers
|upkeep
|turn|20
|
|t:|1730231226
|move|p1a: Aerodactyl|Hidden Power|p2a: Celebi
|-supereffective|p2a: Celebi
|-damage|p2a: Celebi|22/100
|move|p2a: Celebi|Recover|p2a: Celebi
|-heal|p2a: Celebi|72/100
|
|-weather|Sandstorm|[upkeep]
|-damage|p2a: Celebi|65/100|[from] Sandstorm
|-heal|p2a: Celebi|72/100|[from] item: Leftovers
|upkeep
|turn|21
|
|t:|1730231231
|switch|p2a: Aerodactyl|Aerodactyl, M|100/100
|move|p1a: Aerodactyl|Hidden Power|p2a: Aerodactyl
|-resisted|p2a: Aerodactyl
|-damage|p2a: Aerodactyl|76/100
|
|-weather|Sandstorm|[upkeep]
|upkeep
|turn|22
|
|t:|1730231238
|switch|p1a: Swampert|Swampert, F|91/100
|move|p2a: Aerodactyl|Double-Edge|p1a: Swampert
|-damage|p1a: Swampert|48/100
|
|-weather|Sandstorm|[upkeep]
|-heal|p1a: Swampert|54/100|[from] item: Leftovers
|upkeep
|turn|23
|
|t:|1730231247
|switch|p2a: Suicune|Suicune|25/100
|-damage|p2a: Suicune|12/100|[from] Spikes
|switch|p1a: Aerodactyl|Aerodactyl, F|88/100
|
|-weather|Sandstorm|[upkeep]
|-damage|p2a: Suicune|6/100|[from] Sandstorm
|-heal|p2a: Suicune|12/100|[from] item: Leftovers
|upkeep
|turn|24
|
|t:|1730231250
|move|p1a: Aerodactyl|Rock Slide|p2a: Suicune
|-damage|p2a: Suicune|0 fnt
|faint|p2a: Suicune
|
|t:|1730231253
|switch|p2a: Celebi|Celebi|72/100
|-damage|p2a: Celebi|59/100|[from] Spikes
|
|-weather|Sandstorm|[upkeep]
|-damage|p2a: Celebi|53/100|[from] Sandstorm
|-heal|p2a: Celebi|59/100|[from] item: Leftovers
|upkeep
|turn|25
|
|t:|1730231256
|move|p1a: Aerodactyl|Rock Slide|p2a: Celebi
|-damage|p2a: Celebi|27/100
|move|p2a: Celebi|Recover|p2a: Celebi
|-heal|p2a: Celebi|77/100
|
|-weather|Sandstorm|[upkeep]
|-damage|p2a: Celebi|71/100|[from] Sandstorm
|-heal|p2a: Celebi|77/100|[from] item: Leftovers
|upkeep
|turn|26
|
|t:|1730231261
|switch|p1a: Skarmory|Skarmory, F|62/100
|move|p2a: Celebi|Leech Seed|p1a: Skarmory|[miss]
|-miss|p2a: Celebi|p1a: Skarmory
|
|-weather|Sandstorm|[upkeep]
|-damage|p2a: Celebi|71/100|[from] Sandstorm
|-heal|p2a: Celebi|77/100|[from] item: Leftovers
|-heal|p1a: Skarmory|68/100|[from] item: Leftovers
|upkeep
|turn|27
|
|t:|1730231266
|move|p2a: Celebi|Hidden Power|p1a: Skarmory
|-supereffective|p1a: Skarmory
|-damage|p1a: Skarmory|36/100
|move|p1a: Skarmory|Roar|p2a: Celebi
|drag|p2a: Aerodactyl|Aerodactyl, M|76/100
|
|-weather|Sandstorm|[upkeep]
|-heal|p1a: Skarmory|42/100|[from] item: Leftovers
|upkeep
|turn|28
|
|t:|1730231272
|switch|p1a: Swampert|Swampert, F|54/100
|move|p2a: Aerodactyl|Rock Slide|p1a: Swampert
|-resisted|p1a: Swampert
|-damage|p1a: Swampert|34/100
|
|-weather|Sandstorm|[upkeep]
|-heal|p1a: Swampert|40/100|[from] item: Leftovers
|upkeep
|turn|29
|
|t:|1730231277
|switch|p2a: Celebi|Celebi|77/100
|-damage|p2a: Celebi|64/100|[from] Spikes
|move|p1a: Swampert|Ice Beam|p2a: Celebi
|-supereffective|p2a: Celebi
|-damage|p2a: Celebi|25/100
|-status|p2a: Celebi|frz
|
|-weather|Sandstorm|[upkeep]
|-damage|p2a: Celebi|18/100 frz|[from] Sandstorm
|-heal|p2a: Celebi|25/100 frz|[from] item: Leftovers
|-heal|p1a: Swampert|46/100|[from] item: Leftovers
|upkeep
|turn|30
|
|t:|1730231281
|cant|p2a: Celebi|frz
|move|p1a: Swampert|Ice Beam|p2a: Celebi
|-supereffective|p2a: Celebi
|-damage|p2a: Celebi|0 fnt
|faint|p2a: Celebi
|
|t:|1730231286
|switch|p2a: Raikou|Raikou|100/100
|-damage|p2a: Raikou|88/100|[from] Spikes
|
|-weather|Sandstorm|[upkeep]
|-damage|p2a: Raikou|82/100|[from] Sandstorm
|-heal|p2a: Raikou|88/100|[from] item: Leftovers
|-heal|p1a: Swampert|53/100|[from] item: Leftovers
|upkeep
|turn|31
|
|t:|1730231301
|switch|p2a: Aerodactyl|Aerodactyl, M|76/100
|switch|p1a: Celebi|Celebi|74/100
|
|-weather|Sandstorm|[upkeep]
|-damage|p1a: Celebi|68/100|[from] Sandstorm
|-heal|p1a: Celebi|74/100|[from] item: Leftovers
|upkeep
|turn|32
|
|t:|1730231308
|switch|p1a: Skarmory|Skarmory, F|42/100
|move|p2a: Aerodactyl|Double-Edge|p1a: Skarmory
|-resisted|p1a: Skarmory
|-damage|p1a: Skarmory|23/100
|
|-weather|Sandstorm|[upkeep]
|-heal|p1a: Skarmory|29/100|[from] item: Leftovers
|upkeep
|turn|33
|
|t:|1730231316
|move|p2a: Aerodactyl|Double-Edge|p1a: Skarmory
|-resisted|p1a: Skarmory
|-damage|p1a: Skarmory|7/100
|move|p1a: Skarmory|Roar|p2a: Aerodactyl
|drag|p2a: Raikou|Raikou|88/100
|-damage|p2a: Raikou|76/100|[from] Spikes
|
|-weather|Sandstorm|[upkeep]
|-damage|p2a: Raikou|69/100|[from] Sandstorm
|-heal|p2a: Raikou|76/100|[from] item: Leftovers
|-heal|p1a: Skarmory|13/100|[from] item: Leftovers
|upkeep
|turn|34
|
|t:|1730231323
|move|p2a: Raikou|Calm Mind|p2a: Raikou
|-boost|p2a: Raikou|spa|1
|-boost|p2a: Raikou|spd|1
|move|p1a: Skarmory|Roar|p2a: Raikou
|drag|p2a: Dugtrio|Dugtrio, F|100/100
|-damage|p2a: Dugtrio|88/100|[from] Spikes
|
|-weather|Sandstorm|[upkeep]
|-heal|p1a: Skarmory|19/100|[from] item: Leftovers
|upkeep
|turn|35
|
|t:|1730231328
|move|p2a: Dugtrio|Rock Slide|p1a: Skarmory
|-damage|p1a: Skarmory|0 fnt
|faint|p1a: Skarmory
|
|t:|1730231330
|switch|p1a: Aerodactyl|Aerodactyl, F|88/100
|
|-weather|Sandstorm|[upkeep]
|upkeep
|turn|36
|
|t:|1730231334
|move|p1a: Aerodactyl|Double-Edge|p2a: Dugtrio
|-damage|p2a: Dugtrio|0 fnt
|faint|p2a: Dugtrio
|
|t:|1730231336
|switch|p2a: Aerodactyl|Aerodactyl, M|76/100
|
|-weather|Sandstorm|[upkeep]
|upkeep
|turn|37
|
|t:|1730231340
|switch|p1a: Celebi|Celebi|74/100
|move|p2a: Aerodactyl|Double-Edge|p1a: Celebi
|-damage|p1a: Celebi|25/100
|
|-weather|Sandstorm|[upkeep]
|-damage|p1a: Celebi|19/100|[from] Sandstorm
|-heal|p1a: Celebi|25/100|[from] item: Leftovers
|upkeep
|turn|38
|
|t:|1730231344
|move|p2a: Aerodactyl|Double-Edge|p1a: Celebi
|-crit|p1a: Celebi
|-damage|p1a: Celebi|0 fnt
|faint|p1a: Celebi
|
|t:|1730231346
|switch|p1a: Aerodactyl|Aerodactyl, F|88/100
|
|-weather|Sandstorm|[upkeep]
|upkeep
|turn|39
|
|t:|1730231349
|move|p1a: Aerodactyl|Rock Slide|p2a: Aerodactyl
|-supereffective|p2a: Aerodactyl
|-damage|p2a: Aerodactyl|0 fnt
|faint|p2a: Aerodactyl
|
|t:|1730231351
|switch|p2a: Raikou|Raikou|76/100
|-damage|p2a: Raikou|63/100|[from] Spikes
|
|-weather|Sandstorm|[upkeep]
|-damage|p2a: Raikou|57/100|[from] Sandstorm
|-heal|p2a: Raikou|63/100|[from] item: Leftovers
|upkeep
|turn|40
|
|t:|1730231353
|move|p1a: Aerodactyl|Rock Slide|p2a: Raikou
|-damage|p2a: Raikou|0 fnt
|faint|p2a: Raikou
|
|win|blyargh
|c|☆blyargh|gg
|c|☆Blaniom|gg
|player|p2|
|player|p2|Blaniom|clerkf|

</script>
<script type="application/json" class="data" id="replaydata-smogtours-gen3ou-803277">
{"id":"smogtours-gen3ou-803277","format":"[Gen 3] OU","players":["blyargh","Blaniom"],"uploadtime":1730231353,"views":134,"formatid":"gen3ou","rating":null,"private":0,"password":null}
</script>

<script defer src="js/replays.js?9d40a366"></script>
