<!DOCTYPE html>
<meta charset="utf-8" />
<meta name="viewport" content="width=device-width" />

<title>[Gen 3] OU: kewta vs. Jsockamisama - Replays - Pok&eacute;mon Showdown!</title>

<meta name="description" content="Watch a replay of a Pok&eacute;mon battle between kewta and Jsockamisama! Format: [Gen 3] OU; Date: Oct 20, 2024" />
<!--

Hey, you! Looking in the source for the replay log?

You can find them in JSON format, just add `.json` at the end of a replay URL.

https://replay.pokemonshowdown.com/gen7randomdoublesbattle-865046831.json

Or, if you only need the log itself, add `.log` instead:

https://replay.pokemonshowdown.com/gen7randomdoublesbattle-865046831.log

-->

<link rel="stylesheet" href="//pokemonshowdown.com/style/global.css?0.023195364461161105" />
<link rel="stylesheet" href="//play.pokemonshowdown.com/style/font-awesome.css?0.13261647063804238" />
<link rel="stylesheet" href="//play.pokemonshowdown.com/style/battle.css?0.8753245789963631" />
<link rel="stylesheet" href="//play.pokemonshowdown.com/style/utilichart.css?0.8627959624976733" />

<!-- Global site tag (gtag.js) - Google Analytics -->
<script async src="https://www.googletagmanager.com/gtag/js?id=UA-26211653-1"></script>
<script>
  window.dataLayer = window.dataLayer || [];
  function gtag(){dataLayer.push(arguments);}
  gtag('js', new Date());

  gtag('config', 'UA-26211653-1');
</script>
<!-- End Google Analytics -->
<!-- Venatus Ad Manager - Install in <HEAD> of page -->
	<script src="https://hb.vntsm.com/v3/live/ad-manager.min.js" type="text/javascript" data-site-id="642aba63ec9a7b11c3c9c1be" data-mode="scan" async></script>
<!-- / Venatus Ad Manager -->

<style>
	@media (max-width:820px) {
		.battle {
			margin: 0 auto;
		}
		.battle-log {
			margin: 7px auto 0;
			max-width: 640px;
			height: 300px;
			position: static;
		}
	}
	.optgroup {
		display: inline-block;
		line-height: 22px;
		font-size: 10pt;
	}
	.optgroup .button {
		height: 25px;
		padding-top: 0;
		padding-bottom: 0;
	}
	.optgroup button.button {
		padding-left: 12px;
		padding-right: 12px;
	}
	.linklist {
		list-style: none;
		margin: 0.5em 0;
		padding: 0;
	}
	.linklist li {
		padding: 2px 0;
	}
	.sidebar {
		float: left;
		width: 320px;
	}
	.bar-wrapper {
		max-width: 1100px;
		margin: 0 auto;
	}
	.bar-wrapper.has-sidebar {
		max-width: 1430px;
	}
	.mainbar {
		margin: 0;
		padding-right: 1px;
	}
	.mainbar.has-sidebar {
		margin-left: 330px;
	}
	@media (min-width: 1511px) {
		.sidebar {
			width: 400px;
		}
		.bar-wrapper.has-sidebar {
			max-width: 1510px;
		}
		.mainbar.has-sidebar {
			margin-left: 410px;
		}
	}
	.section.first-section {
		margin-top: 9px;
	}
	.blocklink small {
		white-space: normal;
	}
	.button {
		vertical-align: middle;
	}
	.replay-controls {
		padding-top: 10px;
	}
	.replay-controls h1 {
		font-size: 16pt;
		font-weight: normal;
		color: #CCC;
	}
	.pagelink {
		text-align: center;
	}
	.pagelink a {
		width: 150px;
	}
	.textbox, .button {
		font-size: 11pt;
		vertical-align: middle;
	}
	@media (max-width: 450px) {
		.button {
			font-size: 9pt;
		}
	}
</style>

<div>

	<header>
		<div class="nav-wrapper"><ul class="nav">
			<li><a class="button nav-first" href="//pokemonshowdown.com/"><img src="//pokemonshowdown.com/images/pokemonshowdownbeta.png" srcset="//pokemonshowdown.com/images/pokemonshowdownbeta.png 1x, //pokemonshowdown.com/images/pokemonshowdownbeta@2x.png 2x" alt="Pok&eacute;mon Showdown" width="146" height="44" /> Home</a></li>
			<li><a class="button" href="//pokemonshowdown.com/dex/">Pok&eacute;dex</a></li>
			<li><a class="button cur" href="/">Replays</a></li>
			<li><a class="button" href="//pokemonshowdown.com/ladder/">Ladder</a></li>
			<li><a class="button nav-last" href="//pokemonshowdown.com/forums/">Forum</a></li>
			<li><a class="button greenbutton nav-first nav-last" href="//play.pokemonshowdown.com/">Play</a></li>
		</ul></div>
	</header>

	<div class="main" id="main">

		<noscript><section class="section">You need to enable JavaScript to use this page; sorry!</section></noscript>

	</div>

</div>

<script defer nomodule src="//play.pokemonshowdown.com/js/lib/ps-polyfill.js"></script>
<script defer src="//play.pokemonshowdown.com/js/lib/preact.min.js"></script>

<script defer src="//play.pokemonshowdown.com/config/config.js?2bddbc15"></script>
<script defer src="//play.pokemonshowdown.com/js/lib/jquery-1.11.0.min.js"></script>
<script defer src="//play.pokemonshowdown.com/js/lib/html-sanitizer-minified.js"></script>
<script defer src="//play.pokemonshowdown.com/js/battle-sound.js"></script>
<script defer src="//play.pokemonshowdown.com/js/battledata.js?0.7209276989879541"></script>
<script defer src="//play.pokemonshowdown.com/data/pokedex-mini.js?0.6111056340867951"></script>
<script defer src="//play.pokemonshowdown.com/data/pokedex-mini-bw.js?0.3532142036491459"></script>
<script defer src="//play.pokemonshowdown.com/data/graphics.js?0.24223875632456182"></script>
<script defer src="//play.pokemonshowdown.com/data/pokedex.js?0.38839984266356864"></script>
<script defer src="//play.pokemonshowdown.com/data/moves.js?0.21866028504024015"></script>
<script defer src="//play.pokemonshowdown.com/data/abilities.js?0.2005157953846628"></script>
<script defer src="//play.pokemonshowdown.com/data/items.js?0.9894211263848525"></script>
<script defer src="//play.pokemonshowdown.com/data/teambuilder-tables.js?0.6008791140282215"></script>
<script defer src="//play.pokemonshowdown.com/js/battle-tooltips.js?0.7580118955022959"></script>
<script defer src="//play.pokemonshowdown.com/js/battle.js?0.6057722274234274"></script>

<script defer src="js/utils.js?e31f9a17"></script>
<script defer src="js/replays-battle.js?7008c182"></script>

<!-- don't scrape this data! just add .json or .log after the URL!
Full API docs: https://github.com/smogon/pokemon-showdown-client/blob/master/WEB-API.md -->
<script type="text/plain" class="log" id="replaylog-smogtours-gen3ou-800280">
|inactive|Battle timer is ON: inactive players will automatically lose when time's up.
|t:|1729397623
|gametype|singles
|player|p1|kewta|169|
|player|p2|Jsockamisama|265|
|teamsize|p1|6
|teamsize|p2|6
|gen|3
|tier|[Gen 3] OU
|rule|Sleep Clause Mod: Limit one foe put to sleep
|rule|Switch Priority Clause Mod: Faster Pokémon switch first
|rule|Species Clause: Limit one of each Pokémon
|rule|OHKO Clause: OHKO moves are banned
|rule|Evasion Items Clause: Evasion items are banned
|rule|Evasion Moves Clause: Evasion moves are banned
|rule|Endless Battle Clause: Forcing endless battles is banned
|rule|HP Percentage Mod: HP is shown in percentages
|rule|One Boost Passer Clause: Limit one Baton Passer that has a way to boost its stats
|rule|Freeze Clause Mod: Limit one foe frozen
|
|t:|1729397623
|start
|switch|p1a: Metagross|Metagross|100/100
|switch|p2a: John|Tyranitar, F, shiny|100/100
|-weather|Sandstorm|[from] ability: Sand Stream|[of] p2a: John
|turn|1
|
|t:|1729397634
|move|p2a: John|Flamethrower|p1a: Metagross
|-supereffective|p1a: Metagross
|-damage|p1a: Metagross|49/100
|move|p1a: Metagross|Meteor Mash|p2a: John
|-supereffective|p2a: John
|-damage|p2a: John|0 fnt
|faint|p2a: John
|
|t:|1729397643
|switch|p2a: Richard|Skarmory, M|100/100
|
|-weather|Sandstorm|[upkeep]
|-heal|p1a: Metagross|55/100|[from] item: Leftovers
|upkeep
|turn|2
|
|t:|1729397655
|switch|p1a: Magneton|Magneton|100/100
|move|p2a: Richard|Spikes|p1a: Magneton
|-sidestart|p1: kewta|Spikes
|
|-weather|Sandstorm|[upkeep]
|upkeep
|turn|3
|
|t:|1729397658
|move|p1a: Magneton|Thunderbolt|p2a: Richard
|-supereffective|p2a: Richard
|-damage|p2a: Richard|5/100
|move|p2a: Richard|Spikes|p1a: Magneton
|-sidestart|p1: kewta|Spikes
|
|-weather|Sandstorm|[upkeep]
|-heal|p2a: Richard|11/100|[from] item: Leftovers
|upkeep
|turn|4
|
|t:|1729397664
|move|p1a: Magneton|Thunderbolt|p2a: Richard
|-supereffective|p2a: Richard
|-damage|p2a: Richard|0 fnt
|faint|p2a: Richard
|
|t:|1729397667
|switch|p2a: MOLTOS|Moltres|100/100
|
|-weather|Sandstorm|[upkeep]
|-damage|p2a: MOLTOS|94/100|[from] Sandstorm
|-heal|p2a: MOLTOS|100/100|[from] item: Leftovers
|upkeep
|turn|5
|
|t:|1729397682
|switch|p1a: Tyranitar|Tyranitar, M|100/100
|-damage|p1a: Tyranitar|84/100|[from] Spikes
|move|p2a: MOLTOS|Flamethrower|p1a: Tyranitar
|-resisted|p1a: Tyranitar
|-damage|p1a: Tyranitar|57/100
|-status|p1a: Tyranitar|brn
|
|-weather|Sandstorm|[upkeep]
|-damage|p2a: MOLTOS|94/100|[from] Sandstorm
|-heal|p2a: MOLTOS|100/100|[from] item: Leftovers
|-heal|p1a: Tyranitar|63/100 brn|[from] item: Leftovers
|-damage|p1a: Tyranitar|50/100 brn|[from] brn
|upkeep
|turn|6
|
|t:|1729397696
|switch|p2a: Sam|Swampert, M|100/100
|move|p1a: Tyranitar|Dragon Dance|p1a: Tyranitar
|-boost|p1a: Tyranitar|atk|1
|-boost|p1a: Tyranitar|spe|1
|
|-weather|Sandstorm|[upkeep]
|-heal|p1a: Tyranitar|57/100 brn|[from] item: Leftovers
|-damage|p1a: Tyranitar|44/100 brn|[from] brn
|upkeep
|turn|7
|
|t:|1729397705
|move|p1a: Tyranitar|Hidden Power|p2a: Sam
|-supereffective|p2a: Sam
|-damage|p2a: Sam|45/100
|move|p2a: Sam|Roar|p1a: Tyranitar
|drag|p1a: Salamence|Salamence, F|100/100
|-ability|p1a: Salamence|Intimidate|boost
|-unboost|p2a: Sam|atk|1
|
|-weather|Sandstorm|[upkeep]
|-damage|p1a: Salamence|94/100|[from] Sandstorm
|-heal|p1a: Salamence|100/100|[from] item: Leftovers
|-heal|p2a: Sam|51/100|[from] item: Leftovers
|upkeep
|turn|8
|
|t:|1729397713
|switch|p1a: Tyranitar|Tyranitar, M|44/100 brn
|-damage|p1a: Tyranitar|28/100 brn|[from] Spikes
|move|p2a: Sam|Protect||[still]
|-fail|p2a: Sam
|
|-weather|Sandstorm|[upkeep]
|-heal|p1a: Tyranitar|34/100 brn|[from] item: Leftovers
|-damage|p1a: Tyranitar|22/100 brn|[from] brn
|-heal|p2a: Sam|58/100|[from] item: Leftovers
|upkeep
|turn|9
|
|t:|1729397722
|move|p2a: Sam|Protect|p2a: Sam
|-singleturn|p2a: Sam|Protect
|move|p1a: Tyranitar|Dragon Dance|p1a: Tyranitar
|-boost|p1a: Tyranitar|atk|1
|-boost|p1a: Tyranitar|spe|1
|
|-weather|Sandstorm|[upkeep]
|-heal|p1a: Tyranitar|28/100 brn|[from] item: Leftovers
|-damage|p1a: Tyranitar|15/100 brn|[from] brn
|-heal|p2a: Sam|64/100|[from] item: Leftovers
|upkeep
|turn|10
|
|t:|1729397736
|switch|p2a: Matt|Blissey, F, shiny|100/100
|move|p1a: Tyranitar|Hidden Power|p2a: Matt
|-damage|p2a: Matt|95/100
|
|-weather|Sandstorm|[upkeep]
|-damage|p2a: Matt|88/100|[from] Sandstorm
|-heal|p1a: Tyranitar|22/100 brn|[from] item: Leftovers
|-damage|p1a: Tyranitar|9/100 brn|[from] brn
|-heal|p2a: Matt|95/100|[from] item: Leftovers
|upkeep
|turn|11
|
|t:|1729397751
|move|p1a: Tyranitar|Rock Slide|p2a: Matt
|-damage|p2a: Matt|63/100
|cant|p2a: Matt|flinch
|
|-weather|Sandstorm|[upkeep]
|-damage|p2a: Matt|57/100|[from] Sandstorm
|-heal|p1a: Tyranitar|15/100 brn|[from] item: Leftovers
|-damage|p1a: Tyranitar|3/100 brn|[from] brn
|-heal|p2a: Matt|63/100|[from] item: Leftovers
|upkeep
|turn|12
|
|t:|1729397764
|move|p1a: Tyranitar|Rock Slide|p2a: Matt
|-damage|p2a: Matt|34/100
|cant|p2a: Matt|flinch
|
|-weather|Sandstorm|[upkeep]
|-damage|p2a: Matt|28/100|[from] Sandstorm
|-heal|p1a: Tyranitar|9/100 brn|[from] item: Leftovers
|-damage|p1a: Tyranitar|0 fnt|[from] brn
|faint|p1a: Tyranitar
|-heal|p2a: Matt|34/100|[from] item: Leftovers
|upkeep
|
|t:|1729397772
|switch|p1a: Snorlax|Snorlax, M|100/100
|-damage|p1a: Snorlax|84/100|[from] Spikes
|turn|13
|
|t:|1729397777
|move|p2a: Matt|Thunder Wave|p1a: Snorlax
|-status|p1a: Snorlax|par
|move|p1a: Snorlax|Curse|p1a: Snorlax
|-unboost|p1a: Snorlax|spe|1
|-boost|p1a: Snorlax|atk|1
|-boost|p1a: Snorlax|def|1
|
|-weather|Sandstorm|[upkeep]
|-damage|p2a: Matt|28/100|[from] Sandstorm
|-damage|p1a: Snorlax|78/100 par|[from] Sandstorm
|-heal|p2a: Matt|34/100|[from] item: Leftovers
|-heal|p1a: Snorlax|84/100 par|[from] item: Leftovers
|upkeep
|turn|14
|
|t:|1729397786
|switch|p2a: Sam|Swampert, M|64/100
|move|p1a: Snorlax|Earthquake|p2a: Sam
|-damage|p2a: Sam|36/100
|
|-weather|Sandstorm|[upkeep]
|-damage|p1a: Snorlax|78/100 par|[from] Sandstorm
|-heal|p2a: Sam|42/100|[from] item: Leftovers
|-heal|p1a: Snorlax|84/100 par|[from] item: Leftovers
|upkeep
|turn|15
|
|t:|1729397792
|move|p2a: Sam|Protect|p2a: Sam
|-singleturn|p2a: Sam|Protect
|move|p1a: Snorlax|Curse|p1a: Snorlax
|-unboost|p1a: Snorlax|spe|1
|-boost|p1a: Snorlax|atk|1
|-boost|p1a: Snorlax|def|1
|
|-weather|Sandstorm|[upkeep]
|-damage|p1a: Snorlax|78/100 par|[from] Sandstorm
|-heal|p2a: Sam|48/100|[from] item: Leftovers
|-heal|p1a: Snorlax|84/100 par|[from] item: Leftovers
|upkeep
|turn|16
|
|t:|1729397797
|cant|p1a: Snorlax|par
|move|p2a: Sam|Roar|p1a: Snorlax
|drag|p1a: Blissey|Blissey, F|100/100
|-damage|p1a: Blissey|84/100|[from] Spikes
|
|-weather|Sandstorm|[upkeep]
|-damage|p1a: Blissey|78/100|[from] Sandstorm
|-heal|p1a: Blissey|84/100|[from] item: Leftovers
|-heal|p2a: Sam|55/100|[from] item: Leftovers
|upkeep
|turn|17
|
|t:|1729397805
|switch|p2a: Matt|Blissey, F, shiny|34/100
|move|p1a: Blissey|Sing|p2a: Matt
|-status|p2a: Matt|slp|[from] move: Sing
|
|-weather|Sandstorm|[upkeep]
|-damage|p1a: Blissey|78/100|[from] Sandstorm
|-damage|p2a: Matt|28/100 slp|[from] Sandstorm
|-heal|p1a: Blissey|84/100|[from] item: Leftovers
|-heal|p2a: Matt|34/100 slp|[from] item: Leftovers
|upkeep
|turn|18
|
|t:|1729397814
|move|p1a: Blissey|Seismic Toss|p2a: Matt
|-damage|p2a: Matt|20/100 slp
|cant|p2a: Matt|slp
|
|-weather|Sandstorm|[upkeep]
|-damage|p1a: Blissey|78/100|[from] Sandstorm
|-damage|p2a: Matt|13/100 slp|[from] Sandstorm
|-heal|p1a: Blissey|84/100|[from] item: Leftovers
|-heal|p2a: Matt|20/100 slp|[from] item: Leftovers
|upkeep
|turn|19
|
|t:|1729397817
|move|p1a: Blissey|Seismic Toss|p2a: Matt
|-damage|p2a: Matt|5/100 slp
|-curestatus|p2a: Matt|slp|[msg]
|move|p2a: Matt|Soft-Boiled|p2a: Matt
|-heal|p2a: Matt|55/100
|
|-weather|Sandstorm|[upkeep]
|-damage|p1a: Blissey|78/100|[from] Sandstorm
|-damage|p2a: Matt|48/100|[from] Sandstorm
|-heal|p1a: Blissey|84/100|[from] item: Leftovers
|-heal|p2a: Matt|55/100|[from] item: Leftovers
|upkeep
|turn|20
|
|t:|1729397824
|switch|p1a: Snorlax|Snorlax, M|84/100 par
|-damage|p1a: Snorlax|68/100 par|[from] Spikes
|move|p2a: Matt|Thunder Wave|p1a: Snorlax
|-fail|p1a: Snorlax|par
|
|-weather|Sandstorm|[upkeep]
|-damage|p2a: Matt|48/100|[from] Sandstorm
|-damage|p1a: Snorlax|61/100 par|[from] Sandstorm
|-heal|p2a: Matt|55/100|[from] item: Leftovers
|-heal|p1a: Snorlax|68/100 par|[from] item: Leftovers
|upkeep
|turn|21
|
|t:|1729397829
|switch|p2a: Sam|Swampert, M|55/100
|move|p1a: Snorlax|Curse|p1a: Snorlax
|-unboost|p1a: Snorlax|spe|1
|-boost|p1a: Snorlax|atk|1
|-boost|p1a: Snorlax|def|1
|
|-weather|Sandstorm|[upkeep]
|-damage|p1a: Snorlax|61/100 par|[from] Sandstorm
|-heal|p2a: Sam|61/100|[from] item: Leftovers
|-heal|p1a: Snorlax|68/100 par|[from] item: Leftovers
|upkeep
|turn|22
|
|t:|1729397833
|move|p1a: Snorlax|Shadow Ball|p2a: Sam
|-damage|p2a: Sam|37/100
|move|p2a: Sam|Roar|p1a: Snorlax
|drag|p1a: Metagross|Metagross|55/100
|-damage|p1a: Metagross|38/100|[from] Spikes
|
|-weather|Sandstorm|[upkeep]
|-heal|p1a: Metagross|45/100|[from] item: Leftovers
|-heal|p2a: Sam|43/100|[from] item: Leftovers
|upkeep
|turn|23
|
|t:|1729397854
|switch|p1a: Salamence|Salamence, F|100/100
|-ability|p1a: Salamence|Intimidate|boost
|-unboost|p2a: Sam|atk|1
|move|p2a: Sam|Protect||[still]
|-fail|p2a: Sam
|
|-weather|Sandstorm|[upkeep]
|-damage|p1a: Salamence|94/100|[from] Sandstorm
|-heal|p1a: Salamence|100/100|[from] item: Leftovers
|-heal|p2a: Sam|50/100|[from] item: Leftovers
|upkeep
|turn|24
|
|t:|1729397861
|switch|p1a: Snorlax|Snorlax, M|68/100 par
|-damage|p1a: Snorlax|51/100 par|[from] Spikes
|move|p2a: Sam|Ice Beam|p1a: Snorlax
|-damage|p1a: Snorlax|40/100 par
|
|-weather|Sandstorm|[upkeep]
|-damage|p1a: Snorlax|34/100 par|[from] Sandstorm
|-heal|p2a: Sam|56/100|[from] item: Leftovers
|-heal|p1a: Snorlax|40/100 par|[from] item: Leftovers
|upkeep
|turn|25
|
|t:|1729397874
|move|p1a: Snorlax|Self-Destruct|p2a: Sam
|-damage|p2a: Sam|0 fnt
|faint|p1a: Snorlax
|faint|p2a: Sam
|
|t:|1729397886
|switch|p2a: Bonk|Gengar, F, shiny|100/100
|switch|p1a: Metagross|Metagross|45/100
|-damage|p1a: Metagross|28/100|[from] Spikes
|
|-weather|Sandstorm|[upkeep]
|-damage|p2a: Bonk|94/100|[from] Sandstorm
|-heal|p2a: Bonk|100/100|[from] item: Leftovers
|-heal|p1a: Metagross|34/100|[from] item: Leftovers
|upkeep
|turn|26
|
|t:|1729397895
|switch|p1a: Blissey|Blissey, F|84/100
|-damage|p1a: Blissey|67/100|[from] Spikes
|move|p2a: Bonk|Thunderbolt|p1a: Blissey
|-damage|p1a: Blissey|57/100
|
|-weather|Sandstorm|[upkeep]
|-damage|p2a: Bonk|94/100|[from] Sandstorm
|-damage|p1a: Blissey|51/100|[from] Sandstorm
|-heal|p2a: Bonk|100/100|[from] item: Leftovers
|-heal|p1a: Blissey|57/100|[from] item: Leftovers
|upkeep
|turn|27
|
|t:|1729397900
|move|p2a: Bonk|Taunt|p1a: Blissey
|-start|p1a: Blissey|move: Taunt
|cant|p1a: Blissey|move: Taunt|Sing
|
|-weather|Sandstorm|[upkeep]
|-damage|p2a: Bonk|94/100|[from] Sandstorm
|-damage|p1a: Blissey|51/100|[from] Sandstorm
|-heal|p2a: Bonk|100/100|[from] item: Leftovers
|-heal|p1a: Blissey|57/100|[from] item: Leftovers
|upkeep
|turn|28
|
|t:|1729397904
|move|p2a: Bonk|Will-O-Wisp|p1a: Blissey|[miss]
|-miss|p2a: Bonk|p1a: Blissey
|move|p1a: Blissey|Seismic Toss|p2a: Bonk
|-immune|p2a: Bonk
|
|-weather|Sandstorm|[upkeep]
|-damage|p2a: Bonk|94/100|[from] Sandstorm
|-damage|p1a: Blissey|51/100|[from] Sandstorm
|-heal|p2a: Bonk|100/100|[from] item: Leftovers
|-heal|p1a: Blissey|57/100|[from] item: Leftovers
|-end|p1a: Blissey|move: Taunt|[silent]
|upkeep
|turn|29
|
|t:|1729397909
|switch|p1a: Magneton|Magneton|100/100
|-damage|p1a: Magneton|84/100|[from] Spikes
|move|p2a: Bonk|Taunt|p1a: Magneton
|-start|p1a: Magneton|move: Taunt
|
|-weather|Sandstorm|[upkeep]
|-damage|p2a: Bonk|94/100|[from] Sandstorm
|-heal|p2a: Bonk|100/100|[from] item: Leftovers
|upkeep
|turn|30
|
|t:|1729397914
|switch|p2a: Matt|Blissey, F, shiny|55/100
|move|p1a: Magneton|Thunderbolt|p2a: Matt
|-damage|p2a: Matt|32/100
|
|-weather|Sandstorm|[upkeep]
|-damage|p2a: Matt|26/100|[from] Sandstorm
|-end|p1a: Magneton|move: Taunt|[silent]
|-heal|p2a: Matt|32/100|[from] item: Leftovers
|upkeep
|turn|31
|
|t:|1729397920
|move|p1a: Magneton|Metal Sound|p2a: Matt
|-unboost|p2a: Matt|spd|2
|move|p2a: Matt|Soft-Boiled|p2a: Matt
|-heal|p2a: Matt|82/100
|
|-weather|Sandstorm|[upkeep]
|-damage|p2a: Matt|75/100|[from] Sandstorm
|-heal|p2a: Matt|82/100|[from] item: Leftovers
|upkeep
|turn|32
|
|t:|1729397928
|move|p1a: Magneton|Thunderbolt|p2a: Matt
|-damage|p2a: Matt|37/100
|move|p2a: Matt|Thunder Wave|p1a: Magneton
|-status|p1a: Magneton|par
|
|-weather|Sandstorm|[upkeep]
|-damage|p2a: Matt|31/100|[from] Sandstorm
|-heal|p2a: Matt|37/100|[from] item: Leftovers
|upkeep
|turn|33
|
|t:|1729397933
|move|p2a: Matt|Soft-Boiled|p2a: Matt
|-heal|p2a: Matt|87/100
|move|p1a: Magneton|Thunderbolt|p2a: Matt
|-damage|p2a: Matt|43/100
|
|-weather|Sandstorm|[upkeep]
|-damage|p2a: Matt|37/100|[from] Sandstorm
|-heal|p2a: Matt|43/100|[from] item: Leftovers
|upkeep
|turn|34
|
|t:|1729397939
|move|p2a: Matt|Soft-Boiled|p2a: Matt
|-heal|p2a: Matt|93/100
|move|p1a: Magneton|Thunder Wave|p2a: Matt
|-status|p2a: Matt|par
|
|-weather|Sandstorm|[upkeep]
|-damage|p2a: Matt|87/100 par|[from] Sandstorm
|-heal|p2a: Matt|93/100 par|[from] item: Leftovers
|upkeep
|turn|35
|
|t:|1729397946
|-curestatus|p2a: Matt|par|[from] ability: Natural Cure
|switch|p2a: Bonk|Gengar, F, shiny|100/100
|cant|p1a: Magneton|par
|
|-weather|Sandstorm|[upkeep]
|-damage|p2a: Bonk|94/100|[from] Sandstorm
|-heal|p2a: Bonk|100/100|[from] item: Leftovers
|upkeep
|turn|36
|
|t:|1729397953
|switch|p2a: Matt|Blissey, F, shiny|93/100
|cant|p1a: Magneton|par
|
|-weather|Sandstorm|[upkeep]
|-damage|p2a: Matt|87/100|[from] Sandstorm
|-heal|p2a: Matt|93/100|[from] item: Leftovers
|upkeep
|turn|37
|
|t:|1729397957
|move|p2a: Matt|Seismic Toss|p1a: Magneton
|-damage|p1a: Magneton|51/100 par
|cant|p1a: Magneton|par
|
|-weather|Sandstorm|[upkeep]
|-damage|p2a: Matt|87/100|[from] Sandstorm
|-heal|p2a: Matt|93/100|[from] item: Leftovers
|upkeep
|turn|38
|
|t:|1729397963
|move|p2a: Matt|Seismic Toss|p1a: Magneton
|-damage|p1a: Magneton|17/100 par
|move|p1a: Magneton|Thunder Wave|p2a: Matt
|-status|p2a: Matt|par
|
|-weather|Sandstorm|[upkeep]
|-damage|p2a: Matt|87/100 par|[from] Sandstorm
|-heal|p2a: Matt|93/100 par|[from] item: Leftovers
|upkeep
|turn|39
|
|t:|1729397970
|cant|p1a: Magneton|par
|move|p2a: Matt|Seismic Toss|p1a: Magneton
|-damage|p1a: Magneton|0 fnt
|faint|p1a: Magneton
|
|t:|1729397972
|switch|p1a: Metagross|Metagross|34/100
|-damage|p1a: Metagross|17/100|[from] Spikes
|
|-weather|Sandstorm|[upkeep]
|-damage|p2a: Matt|87/100 par|[from] Sandstorm
|-heal|p1a: Metagross|24/100|[from] item: Leftovers
|-heal|p2a: Matt|93/100 par|[from] item: Leftovers
|upkeep
|turn|40
|
|t:|1729397977
|move|p1a: Metagross|Meteor Mash|p2a: Matt
|-damage|p2a: Matt|40/100 par
|cant|p2a: Matt|par
|
|-weather|Sandstorm|[upkeep]
|-damage|p2a: Matt|34/100 par|[from] Sandstorm
|-heal|p1a: Metagross|30/100|[from] item: Leftovers
|-heal|p2a: Matt|40/100 par|[from] item: Leftovers
|upkeep
|turn|41
|
|t:|1729397981
|move|p1a: Metagross|Rock Slide|p2a: Matt
|-damage|p2a: Matt|15/100 par
|cant|p2a: Matt|flinch
|
|-weather|Sandstorm|[upkeep]
|-damage|p2a: Matt|8/100 par|[from] Sandstorm
|-heal|p1a: Metagross|36/100|[from] item: Leftovers
|-heal|p2a: Matt|15/100 par|[from] item: Leftovers
|upkeep
|turn|42
|
|t:|1729397985
|move|p1a: Metagross|Meteor Mash|p2a: Matt
|-damage|p2a: Matt|0 fnt
|faint|p2a: Matt
|
|t:|1729397988
|switch|p2a: MOLTOS|Moltres|100/100
|
|-weather|Sandstorm|[upkeep]
|-damage|p2a: MOLTOS|94/100|[from] Sandstorm
|-heal|p2a: MOLTOS|100/100|[from] item: Leftovers
|-heal|p1a: Metagross|42/100|[from] item: Leftovers
|upkeep
|turn|43
|
|t:|1729397997
|move|p2a: MOLTOS|Overheat|p1a: Metagross
|-supereffective|p1a: Metagross
|-damage|p1a: Metagross|0 fnt
|-unboost|p2a: MOLTOS|spa|2
|faint|p1a: Metagross
|
|t:|1729398003
|switch|p1a: Blissey|Blissey, F|57/100
|-damage|p1a: Blissey|41/100|[from] Spikes
|
|-weather|Sandstorm|[upkeep]
|-damage|p2a: MOLTOS|94/100|[from] Sandstorm
|-damage|p1a: Blissey|35/100|[from] Sandstorm
|-heal|p2a: MOLTOS|100/100|[from] item: Leftovers
|-heal|p1a: Blissey|41/100|[from] item: Leftovers
|upkeep
|turn|44
|
|t:|1729398009
|move|p1a: Blissey|Soft-Boiled|p1a: Blissey
|-heal|p1a: Blissey|91/100
|move|p2a: MOLTOS|Roar|p1a: Blissey
|drag|p1a: Salamence|Salamence, F|100/100
|-ability|p1a: Salamence|Intimidate|boost
|-unboost|p2a: MOLTOS|atk|1
|
|-weather|Sandstorm|[upkeep]
|-damage|p1a: Salamence|94/100|[from] Sandstorm
|-damage|p2a: MOLTOS|94/100|[from] Sandstorm
|-heal|p1a: Salamence|100/100|[from] item: Leftovers
|-heal|p2a: MOLTOS|100/100|[from] item: Leftovers
|upkeep
|turn|45
|
|t:|1729398017
|switch|p1a: Blissey|Blissey, F|91/100
|-damage|p1a: Blissey|74/100|[from] Spikes
|switch|p2a: Bonk|Gengar, F, shiny|100/100
|
|-weather|Sandstorm|[upkeep]
|-damage|p2a: Bonk|94/100|[from] Sandstorm
|-damage|p1a: Blissey|68/100|[from] Sandstorm
|-heal|p2a: Bonk|100/100|[from] item: Leftovers
|-heal|p1a: Blissey|74/100|[from] item: Leftovers
|upkeep
|turn|46
|
|t:|1729398034
|switch|p1a: Salamence|Salamence, F|100/100
|-ability|p1a: Salamence|Intimidate|boost
|-unboost|p2a: Bonk|atk|1
|move|p2a: Bonk|Taunt|p1a: Salamence
|-start|p1a: Salamence|move: Taunt
|
|-weather|Sandstorm|[upkeep]
|-damage|p2a: Bonk|94/100|[from] Sandstorm
|-damage|p1a: Salamence|94/100|[from] Sandstorm
|-heal|p2a: Bonk|100/100|[from] item: Leftovers
|-heal|p1a: Salamence|100/100|[from] item: Leftovers
|upkeep
|turn|47
|
|t:|1729398040
|move|p2a: Bonk|Ice Punch|p1a: Salamence
|-supereffective|p1a: Salamence
|-damage|p1a: Salamence|0 fnt
|faint|p1a: Salamence
|
|t:|1729398045
|switch|p1a: Blissey|Blissey, F|74/100
|-damage|p1a: Blissey|58/100|[from] Spikes
|
|-weather|Sandstorm|[upkeep]
|-damage|p2a: Bonk|94/100|[from] Sandstorm
|-damage|p1a: Blissey|51/100|[from] Sandstorm
|-heal|p2a: Bonk|100/100|[from] item: Leftovers
|-heal|p1a: Blissey|58/100|[from] item: Leftovers
|upkeep
|turn|48
|
|t:|1729398049
|move|p2a: Bonk|Taunt|p1a: Blissey
|-start|p1a: Blissey|move: Taunt
|move|p1a: Blissey|Seismic Toss|p2a: Bonk
|-immune|p2a: Bonk
|
|-weather|Sandstorm|[upkeep]
|-damage|p2a: Bonk|94/100|[from] Sandstorm
|-damage|p1a: Blissey|51/100|[from] Sandstorm
|-heal|p2a: Bonk|100/100|[from] item: Leftovers
|-heal|p1a: Blissey|58/100|[from] item: Leftovers
|upkeep
|turn|49
|
|t:|1729398054
|move|p2a: Bonk|Will-O-Wisp|p1a: Blissey
|-status|p1a: Blissey|brn
|move|p1a: Blissey|Seismic Toss|p2a: Bonk
|-immune|p2a: Bonk
|
|-weather|Sandstorm|[upkeep]
|-damage|p2a: Bonk|94/100|[from] Sandstorm
|-damage|p1a: Blissey|51/100 brn|[from] Sandstorm
|-heal|p2a: Bonk|100/100|[from] item: Leftovers
|-heal|p1a: Blissey|58/100 brn|[from] item: Leftovers
|-damage|p1a: Blissey|45/100 brn|[from] brn
|-end|p1a: Blissey|move: Taunt|[silent]
|upkeep
|turn|50
|-message|kewta forfeited.
|
|win|Jsockamisama
|player|p1|

</script>
<script type="application/json" class="data" id="replaydata-smogtours-gen3ou-800280">
{"id":"smogtours-gen3ou-800280","format":"[Gen 3] OU","players":["kewta","Jsockamisama"],"uploadtime":1729398054,"views":75,"formatid":"gen3ou","rating":null,"private":0,"password":null}
</script>

<script defer src="js/replays.js?9d40a366"></script>
