<!DOCTYPE html>
<meta charset="utf-8" />
<meta name="viewport" content="width=device-width" />

<title>[Gen 3] OU: TyCarter vs. javiercar - Replays - Pok&eacute;mon Showdown!</title>

<meta name="description" content="Watch a replay of a Pok&eacute;mon battle between TyCarter and javiercar! Format: [Gen 3] OU; Date: Oct 6, 2024" />
<!--

Hey, you! Looking in the source for the replay log?

You can find them in JSON format, just add `.json` at the end of a replay URL.

https://replay.pokemonshowdown.com/gen7randomdoublesbattle-865046831.json

Or, if you only need the log itself, add `.log` instead:

https://replay.pokemonshowdown.com/gen7randomdoublesbattle-865046831.log

-->

<link rel="stylesheet" href="//pokemonshowdown.com/style/global.css?0.767286132409787" />
<link rel="stylesheet" href="//play.pokemonshowdown.com/style/font-awesome.css?0.9266228007934947" />
<link rel="stylesheet" href="//play.pokemonshowdown.com/style/battle.css?0.7924700842790926" />
<link rel="stylesheet" href="//play.pokemonshowdown.com/style/utilichart.css?0.8777417872839479" />

<!-- Global site tag (gtag.js) - Google Analytics -->
<script async src="https://www.googletagmanager.com/gtag/js?id=UA-26211653-1"></script>
<script>
  window.dataLayer = window.dataLayer || [];
  function gtag(){dataLayer.push(arguments);}
  gtag('js', new Date());

  gtag('config', 'UA-26211653-1');
</script>
<!-- End Google Analytics -->
<!-- Venatus Ad Manager - Install in <HEAD> of page -->
	<script src="https://hb.vntsm.com/v3/live/ad-manager.min.js" type="text/javascript" data-site-id="642aba63ec9a7b11c3c9c1be" data-mode="scan" async></script>
<!-- / Venatus Ad Manager -->

<style>
	@media (max-width:820px) {
		.battle {
			margin: 0 auto;
		}
		.battle-log {
			margin: 7px auto 0;
			max-width: 640px;
			height: 300px;
			position: static;
		}
	}
	.optgroup {
		display: inline-block;
		line-height: 22px;
		font-size: 10pt;
	}
	.optgroup .button {
		height: 25px;
		padding-top: 0;
		padding-bottom: 0;
	}
	.optgroup button.button {
		padding-left: 12px;
		padding-right: 12px;
	}
	.linklist {
		list-style: none;
		margin: 0.5em 0;
		padding: 0;
	}
	.linklist li {
		padding: 2px 0;
	}
	.sidebar {
		float: left;
		width: 320px;
	}
	.bar-wrapper {
		max-width: 1100px;
		margin: 0 auto;
	}
	.bar-wrapper.has-sidebar {
		max-width: 1430px;
	}
	.mainbar {
		margin: 0;
		padding-right: 1px;
	}
	.mainbar.has-sidebar {
		margin-left: 330px;
	}
	@media (min-width: 1511px) {
		.sidebar {
			width: 400px;
		}
		.bar-wrapper.has-sidebar {
			max-width: 1510px;
		}
		.mainbar.has-sidebar {
			margin-left: 410px;
		}
	}
	.section.first-section {
		margin-top: 9px;
	}
	.blocklink small {
		white-space: normal;
	}
	.button {
		vertical-align: middle;
	}
	.replay-controls {
		padding-top: 10px;
	}
	.replay-controls h1 {
		font-size: 16pt;
		font-weight: normal;
		color: #CCC;
	}
	.pagelink {
		text-align: center;
	}
	.pagelink a {
		width: 150px;
	}
	.textbox, .button {
		font-size: 11pt;
		vertical-align: middle;
	}
	@media (max-width: 450px) {
		.button {
			font-size: 9pt;
		}
	}
</style>

<div>

	<header>
		<div class="nav-wrapper"><ul class="nav">
			<li><a class="button nav-first" href="//pokemonshowdown.com/"><img src="//pokemonshowdown.com/images/pokemonshowdownbeta.png" srcset="//pokemonshowdown.com/images/pokemonshowdownbeta.png 1x, //pokemonshowdown.com/images/pokemonshowdownbeta@2x.png 2x" alt="Pok&eacute;mon Showdown" width="146" height="44" /> Home</a></li>
			<li><a class="button" href="//pokemonshowdown.com/dex/">Pok&eacute;dex</a></li>
			<li><a class="button cur" href="/">Replays</a></li>
			<li><a class="button" href="//pokemonshowdown.com/ladder/">Ladder</a></li>
			<li><a class="button nav-last" href="//pokemonshowdown.com/forums/">Forum</a></li>
			<li><a class="button greenbutton nav-first nav-last" href="//play.pokemonshowdown.com/">Play</a></li>
		</ul></div>
	</header>

	<div class="main" id="main">

		<noscript><section class="section">You need to enable JavaScript to use this page; sorry!</section></noscript>

	</div>

</div>

<script defer nomodule src="//play.pokemonshowdown.com/js/lib/ps-polyfill.js"></script>
<script defer src="//play.pokemonshowdown.com/js/lib/preact.min.js"></script>

<script defer src="//play.pokemonshowdown.com/config/config.js?6dec07f6"></script>
<script defer src="//play.pokemonshowdown.com/js/lib/jquery-1.11.0.min.js"></script>
<script defer src="//play.pokemonshowdown.com/js/lib/html-sanitizer-minified.js"></script>
<script defer src="//play.pokemonshowdown.com/js/battle-sound.js"></script>
<script defer src="//play.pokemonshowdown.com/js/battledata.js?0.6315294753075389"></script>
<script defer src="//play.pokemonshowdown.com/data/pokedex-mini.js?0.7603743185311358"></script>
<script defer src="//play.pokemonshowdown.com/data/pokedex-mini-bw.js?0.030888842834281283"></script>
<script defer src="//play.pokemonshowdown.com/data/graphics.js?0.05593094747507488"></script>
<script defer src="//play.pokemonshowdown.com/data/pokedex.js?0.47064822249611904"></script>
<script defer src="//play.pokemonshowdown.com/data/moves.js?0.8583693120512459"></script>
<script defer src="//play.pokemonshowdown.com/data/abilities.js?0.16017181182386842"></script>
<script defer src="//play.pokemonshowdown.com/data/items.js?0.4163379185673943"></script>
<script defer src="//play.pokemonshowdown.com/data/teambuilder-tables.js?0.31075597372830477"></script>
<script defer src="//play.pokemonshowdown.com/js/battle-tooltips.js?0.6536193500708172"></script>
<script defer src="//play.pokemonshowdown.com/js/battle.js?0.1916591943277901"></script>

<script defer src="js/utils.js?e31f9a17"></script>
<script defer src="js/replays-battle.js?7008c182"></script>

<!-- don't scrape this data! just add .json or .log after the URL!
Full API docs: https://github.com/smogon/pokemon-showdown-client/blob/master/WEB-API.md -->
<script type="text/plain" class="log" id="replaylog-smogtours-gen3ou-796004">
|inactive|Battle timer is ON: inactive players will automatically lose when time's up.
|t:|1728249148
|gametype|singles
|player|p1|TyCarter|#ptplvjirachis|
|player|p2|javiercar|101|
|teamsize|p1|6
|teamsize|p2|6
|gen|3
|tier|[Gen 3] OU
|rule|Sleep Clause Mod: Limit one foe put to sleep
|rule|Switch Priority Clause Mod: Faster Pokémon switch first
|rule|Species Clause: Limit one of each Pokémon
|rule|OHKO Clause: OHKO moves are banned
|rule|Evasion Items Clause: Evasion items are banned
|rule|Evasion Moves Clause: Evasion moves are banned
|rule|Endless Battle Clause: Forcing endless battles is banned
|rule|HP Percentage Mod: HP is shown in percentages
|rule|One Boost Passer Clause: Limit one Baton Passer that has a way to boost its stats
|rule|Freeze Clause Mod: Limit one foe frozen
|
|t:|1728249148
|start
|switch|p1a: Jirachi|Jirachi|100/100
|switch|p2a: Salutations|Salamence, M|100/100
|-ability|p2a: Salutations|Intimidate|boost
|-unboost|p1a: Jirachi|atk|1
|turn|1
|c|☆TyCarter|hf
|c|☆javiercar|u2
|
|t:|1728249170
|switch|p2a: Maneuvers|Blissey, F|100/100
|move|p1a: Jirachi|Ice Punch|p2a: Maneuvers
|-damage|p2a: Maneuvers|90/100
|
|-heal|p2a: Maneuvers|97/100|[from] item: Leftovers
|upkeep
|turn|2
|
|t:|1728249180
|switch|p1a: Blissey|Blissey, F|100/100
|move|p2a: Maneuvers|Ice Beam|p1a: Blissey
|-damage|p1a: Blissey|92/100
|
|-heal|p1a: Blissey|98/100|[from] item: Leftovers
|-heal|p2a: Maneuvers|100/100|[from] item: Leftovers
|upkeep
|turn|3
|
|t:|1728249195
|switch|p1a: Skarmory|Skarmory, M|100/100
|move|p2a: Maneuvers|Ice Beam|p1a: Skarmory
|-damage|p1a: Skarmory|81/100
|
|-heal|p1a: Skarmory|88/100|[from] item: Leftovers
|upkeep
|turn|4
|
|t:|1728249203
|switch|p2a: Sun Beam|Magneton|100/100
|move|p1a: Skarmory|Spikes|p2a: Sun Beam
|-sidestart|p2: javiercar|Spikes
|
|-heal|p1a: Skarmory|94/100|[from] item: Leftovers
|upkeep
|turn|5
|
|t:|1728249215
|move|p2a: Sun Beam|Thunderbolt|p1a: Skarmory
|-supereffective|p1a: Skarmory
|-damage|p1a: Skarmory|0 fnt
|faint|p1a: Skarmory
|
|t:|1728249217
|switch|p1a: Charizard|Charizard, M|100/100
|
|upkeep
|turn|6
|
|t:|1728249226
|switch|p2a: Lost River|Suicune|100/100
|-damage|p2a: Lost River|88/100|[from] Spikes
|move|p1a: Charizard|Flamethrower|p2a: Lost River
|-resisted|p2a: Lost River
|-damage|p2a: Lost River|72/100
|
|-heal|p2a: Lost River|78/100|[from] item: Leftovers
|upkeep
|turn|7
|
|t:|1728249240
|switch|p1a: Blissey|Blissey, F|98/100
|switch|p2a: Abandon Ship|Metagross|100/100
|-damage|p2a: Abandon Ship|88/100|[from] Spikes
|
|-heal|p2a: Abandon Ship|94/100|[from] item: Leftovers
|-heal|p1a: Blissey|100/100|[from] item: Leftovers
|upkeep
|turn|8
|inactive|javiercar has 270 seconds left.
|
|t:|1728249271
|switch|p1a: Swampert|Swampert, M|100/100
|move|p2a: Abandon Ship|Earthquake|p1a: Swampert
|-damage|p1a: Swampert|75/100
|
|-heal|p2a: Abandon Ship|99/100|[from] item: Leftovers
|-heal|p1a: Swampert|81/100|[from] item: Leftovers
|upkeep
|turn|9
|inactive|javiercar has 270 seconds left.
|inactive|TyCarter has 270 seconds left.
|
|t:|1728249313
|switch|p2a: Salutations|Salamence, M|100/100
|-ability|p2a: Salutations|Intimidate|boost
|-unboost|p1a: Swampert|atk|1
|switch|p1a: Charizard|Charizard, M|100/100
|
|upkeep
|turn|10
|inactive|TyCarter has 270 seconds left.
|
|t:|1728249322
|switch|p1a: Jirachi|Jirachi|100/100
|move|p2a: Salutations|Rock Slide|p1a: Jirachi
|-resisted|p1a: Jirachi
|-damage|p1a: Jirachi|82/100
|
|-heal|p1a: Jirachi|88/100|[from] item: Leftovers
|upkeep
|turn|11
|
|t:|1728249332
|switch|p2a: Maneuvers|Blissey, F|100/100
|-damage|p2a: Maneuvers|88/100|[from] Spikes
|move|p1a: Jirachi|Ice Punch|p2a: Maneuvers
|-damage|p2a: Maneuvers|79/100
|
|-heal|p1a: Jirachi|94/100|[from] item: Leftovers
|-heal|p2a: Maneuvers|86/100|[from] item: Leftovers
|upkeep
|turn|12
|
|t:|1728249346
|move|p1a: Jirachi|Dynamic Punch|p2a: Maneuvers
|-supereffective|p2a: Maneuvers
|-damage|p2a: Maneuvers|40/100
|-start|p2a: Maneuvers|confusion
|-activate|p2a: Maneuvers|confusion
|-damage|p2a: Maneuvers|39/100|[from] confusion
|
|-heal|p1a: Jirachi|99/100|[from] item: Leftovers
|-heal|p2a: Maneuvers|45/100|[from] item: Leftovers
|upkeep
|turn|13
|
|t:|1728249374
|switch|p2a: Lost River|Suicune|78/100
|-damage|p2a: Lost River|66/100|[from] Spikes
|move|p1a: Jirachi|Dynamic Punch|p2a: Lost River|[miss]
|-miss|p1a: Jirachi|p2a: Lost River
|
|-heal|p1a: Jirachi|100/100|[from] item: Leftovers
|-heal|p2a: Lost River|72/100|[from] item: Leftovers
|upkeep
|turn|14
|inactive|javiercar has 240 seconds left.
|
|t:|1728249397
|switch|p2a: Maneuvers|Blissey, F|45/100
|-damage|p2a: Maneuvers|33/100|[from] Spikes
|move|p1a: Jirachi|Hidden Power|p2a: Maneuvers
|-damage|p2a: Maneuvers|25/100
|
|-heal|p2a: Maneuvers|31/100|[from] item: Leftovers
|upkeep
|turn|15
|inactive|javiercar has 240 seconds left.
|
|t:|1728249415
|switch|p2a: Abandon Ship|Metagross|99/100
|-damage|p2a: Abandon Ship|88/100|[from] Spikes
|move|p1a: Jirachi|Dynamic Punch|p2a: Abandon Ship
|-damage|p2a: Abandon Ship|73/100
|-start|p2a: Abandon Ship|confusion
|
|-heal|p2a: Abandon Ship|79/100|[from] item: Leftovers
|upkeep
|turn|16
|
|t:|1728249433
|switch|p2a: Salutations|Salamence, M|100/100
|-ability|p2a: Salutations|Intimidate|boost
|-unboost|p1a: Jirachi|atk|1
|move|p1a: Jirachi|Fire Punch|p2a: Salutations
|-resisted|p2a: Salutations
|-damage|p2a: Salutations|85/100
|
|upkeep
|turn|17
|
|t:|1728249453
|switch|p1a: Charizard|Charizard, M|100/100
|move|p2a: Salutations|Earthquake|p1a: Charizard
|-immune|p1a: Charizard
|
|upkeep
|turn|18
|inactive|javiercar has 210 seconds left.
|inactive|TyCarter has 270 seconds left.
|
|t:|1728249497
|switch|p2a: Seamoth|Claydol|100/100
|move|p1a: Charizard|Hidden Power|p2a: Seamoth
|-supereffective|p2a: Seamoth
|-damage|p2a: Seamoth|60/100
|
|-heal|p2a: Seamoth|66/100|[from] item: Leftovers
|upkeep
|turn|19
|inactive|TyCarter has 270 seconds left.
|inactive|javiercar has 210 seconds left.
|
|t:|1728249516
|switch|p2a: Maneuvers|Blissey, F|31/100
|-damage|p2a: Maneuvers|18/100|[from] Spikes
|move|p1a: Charizard|Flamethrower|p2a: Maneuvers
|-damage|p2a: Maneuvers|1/100
|
|-heal|p2a: Maneuvers|7/100|[from] item: Leftovers
|upkeep
|turn|20
|inactive|TyCarter has 270 seconds left.
|
|t:|1728249529
|move|p1a: Charizard|Hidden Power|p2a: Maneuvers
|-damage|p2a: Maneuvers|0 fnt
|faint|p2a: Maneuvers
|
|t:|1728249533
|switch|p2a: Lost River|Suicune|72/100
|-damage|p2a: Lost River|60/100|[from] Spikes
|
|-heal|p2a: Lost River|66/100|[from] item: Leftovers
|upkeep
|turn|21
|inactive|javiercar has 210 seconds left.
|
|t:|1728249546
|move|p1a: Charizard|Hidden Power|p2a: Lost River
|-supereffective|p2a: Lost River
|-damage|p2a: Lost River|35/100
|move|p2a: Lost River|Surf|p1a: Charizard
|-supereffective|p1a: Charizard
|-damage|p1a: Charizard|22/100
|
|-heal|p1a: Charizard|28/100|[from] item: Leftovers
|-heal|p2a: Lost River|41/100|[from] item: Leftovers
|upkeep
|turn|22
|inactive|javiercar has 210 seconds left.
|inactive|TyCarter has 270 seconds left.
|
|t:|1728249564
|switch|p1a: Jirachi|Jirachi|100/100
|move|p2a: Lost River|Rest|p2a: Lost River
|-status|p2a: Lost River|slp|[from] move: Rest
|-heal|p2a: Lost River|100/100 slp|[silent]
|
|upkeep
|turn|23
|inactive|javiercar has 210 seconds left.
|
|t:|1728249581
|switch|p2a: Salutations|Salamence, M|85/100
|-ability|p2a: Salutations|Intimidate|boost
|-unboost|p1a: Jirachi|atk|1
|move|p1a: Jirachi|Hidden Power|p2a: Salutations
|-resisted|p2a: Salutations
|-damage|p2a: Salutations|77/100
|
|upkeep
|turn|24
|
|t:|1728249589
|switch|p1a: Swampert|Swampert, M|81/100
|move|p2a: Salutations|Rock Slide|p1a: Swampert
|-resisted|p1a: Swampert
|-damage|p1a: Swampert|65/100
|
|-heal|p1a: Swampert|71/100|[from] item: Leftovers
|upkeep
|turn|25
|inactive|javiercar has 210 seconds left.
|
|t:|1728249599
|switch|p2a: Lost River|Suicune|100/100 slp
|-damage|p2a: Lost River|88/100 slp|[from] Spikes
|move|p1a: Swampert|Curse|p1a: Swampert
|-unboost|p1a: Swampert|spe|1
|-boost|p1a: Swampert|atk|1
|-boost|p1a: Swampert|def|1
|
|-heal|p2a: Lost River|94/100 slp|[from] item: Leftovers
|-heal|p1a: Swampert|77/100|[from] item: Leftovers
|upkeep
|turn|26
|inactive|javiercar has 210 seconds left.
|
|t:|1728249614
|cant|p2a: Lost River|slp
|move|p1a: Swampert|Earthquake|p2a: Lost River
|-damage|p2a: Lost River|64/100 slp
|
|-heal|p2a: Lost River|70/100 slp|[from] item: Leftovers
|-heal|p1a: Swampert|84/100|[from] item: Leftovers
|upkeep
|turn|27
|inactive|javiercar has 210 seconds left.
|
|t:|1728249629
|cant|p2a: Lost River|slp
|move|p1a: Swampert|Curse|p1a: Swampert
|-unboost|p1a: Swampert|spe|1
|-boost|p1a: Swampert|atk|1
|-boost|p1a: Swampert|def|1
|
|-heal|p2a: Lost River|77/100 slp|[from] item: Leftovers
|-heal|p1a: Swampert|90/100|[from] item: Leftovers
|upkeep
|turn|28
|inactive|javiercar has 210 seconds left.
|
|t:|1728249640
|switch|p2a: Seamoth|Claydol|66/100
|move|p1a: Swampert|Earthquake|p2a: Seamoth
|-immune|p2a: Seamoth
|
|-heal|p2a: Seamoth|72/100|[from] item: Leftovers
|-heal|p1a: Swampert|96/100|[from] item: Leftovers
|upkeep
|turn|29
|inactive|javiercar has 210 seconds left.
|
|t:|1728249657
|move|p2a: Seamoth|Explosion|p1a: Swampert
|-damage|p1a: Swampert|54/100
|faint|p2a: Seamoth
|inactive|javiercar has 210 seconds left.
|inactive|javiercar has 180 seconds left.
|
|t:|1728249703
|switch|p2a: Abandon Ship|Metagross|79/100
|-damage|p2a: Abandon Ship|67/100|[from] Spikes
|
|-heal|p2a: Abandon Ship|73/100|[from] item: Leftovers
|-heal|p1a: Swampert|61/100|[from] item: Leftovers
|upkeep
|turn|30
|
|t:|1728249716
|switch|p1a: Tyranitar|Tyranitar, M|100/100
|-weather|Sandstorm|[from] ability: Sand Stream|[of] p1a: Tyranitar
|move|p2a: Abandon Ship|Explosion|p1a: Tyranitar
|-resisted|p1a: Tyranitar
|-damage|p1a: Tyranitar|29/100
|faint|p2a: Abandon Ship
|
|t:|1728249731
|switch|p2a: Sun Beam|Magneton|100/100
|-damage|p2a: Sun Beam|88/100|[from] Spikes
|
|-weather|Sandstorm|[upkeep]
|-heal|p1a: Tyranitar|35/100|[from] item: Leftovers
|upkeep
|turn|31
|
|t:|1728249739
|switch|p1a: Blissey|Blissey, F|100/100
|move|p2a: Sun Beam|Thunderbolt|p1a: Blissey
|-damage|p1a: Blissey|77/100
|
|-weather|Sandstorm|[upkeep]
|-damage|p1a: Blissey|71/100|[from] Sandstorm
|-heal|p1a: Blissey|77/100|[from] item: Leftovers
|upkeep
|turn|32
|
|t:|1728249753
|move|p2a: Sun Beam|Toxic|p1a: Blissey
|-status|p1a: Blissey|tox
|move|p1a: Blissey|Ice Beam|p2a: Sun Beam
|-resisted|p2a: Sun Beam
|-damage|p2a: Sun Beam|63/100
|
|-weather|Sandstorm|[upkeep]
|-damage|p1a: Blissey|71/100 tox|[from] Sandstorm
|-heal|p1a: Blissey|77/100 tox|[from] item: Leftovers
|-damage|p1a: Blissey|71/100 tox|[from] psn
|upkeep
|turn|33
|
|t:|1728249762
|move|p2a: Sun Beam|Sleep Talk|p2a: Sun Beam
|move|p1a: Blissey|Soft-Boiled|p1a: Blissey
|-heal|p1a: Blissey|100/100 tox
|
|-weather|Sandstorm|[upkeep]
|-damage|p1a: Blissey|94/100 tox|[from] Sandstorm
|-heal|p1a: Blissey|100/100 tox|[from] item: Leftovers
|-damage|p1a: Blissey|88/100 tox|[from] psn
|upkeep
|turn|34
|inactive|javiercar has 180 seconds left.
|
|t:|1728249771
|switch|p2a: Lost River|Suicune|77/100 slp
|-damage|p2a: Lost River|64/100 slp|[from] Spikes
|-curestatus|p1a: Blissey|tox|[from] ability: Natural Cure
|switch|p1a: Swampert|Swampert, M|61/100
|
|-weather|Sandstorm|[upkeep]
|-damage|p2a: Lost River|58/100 slp|[from] Sandstorm
|-heal|p2a: Lost River|64/100 slp|[from] item: Leftovers
|-heal|p1a: Swampert|67/100|[from] item: Leftovers
|upkeep
|turn|35
|inactive|javiercar has 180 seconds left.
|
|t:|1728249784
|-curestatus|p2a: Lost River|slp|[msg]
|move|p2a: Lost River|Surf|p1a: Swampert
|-damage|p1a: Swampert|37/100
|move|p1a: Swampert|Earthquake|p2a: Lost River
|-damage|p2a: Lost River|45/100
|
|-weather|Sandstorm|[upkeep]
|-damage|p2a: Lost River|38/100|[from] Sandstorm
|-heal|p2a: Lost River|45/100|[from] item: Leftovers
|-heal|p1a: Swampert|43/100|[from] item: Leftovers
|upkeep
|turn|36
|inactive|javiercar has 180 seconds left.
|
|t:|1728249796
|switch|p1a: Blissey|Blissey, F|88/100
|move|p2a: Lost River|Calm Mind|p2a: Lost River
|-boost|p2a: Lost River|spa|1
|-boost|p2a: Lost River|spd|1
|
|-weather|Sandstorm|[upkeep]
|-damage|p2a: Lost River|38/100|[from] Sandstorm
|-damage|p1a: Blissey|82/100|[from] Sandstorm
|-heal|p2a: Lost River|45/100|[from] item: Leftovers
|-heal|p1a: Blissey|88/100|[from] item: Leftovers
|upkeep
|turn|37
|
|t:|1728249805
|move|p2a: Lost River|Calm Mind|p2a: Lost River
|-boost|p2a: Lost River|spa|1
|-boost|p2a: Lost River|spd|1
|move|p1a: Blissey|Calm Mind|p1a: Blissey
|-boost|p1a: Blissey|spa|1
|-boost|p1a: Blissey|spd|1
|
|-weather|Sandstorm|[upkeep]
|-damage|p2a: Lost River|38/100|[from] Sandstorm
|-damage|p1a: Blissey|82/100|[from] Sandstorm
|-heal|p2a: Lost River|45/100|[from] item: Leftovers
|-heal|p1a: Blissey|88/100|[from] item: Leftovers
|upkeep
|turn|38
|
|t:|1728249816
|move|p2a: Lost River|Calm Mind|p2a: Lost River
|-boost|p2a: Lost River|spa|1
|-boost|p2a: Lost River|spd|1
|move|p1a: Blissey|Thunderbolt|p2a: Lost River
|-supereffective|p2a: Lost River
|-damage|p2a: Lost River|21/100
|
|-weather|Sandstorm|[upkeep]
|-damage|p2a: Lost River|14/100|[from] Sandstorm
|-damage|p1a: Blissey|82/100|[from] Sandstorm
|-heal|p2a: Lost River|21/100|[from] item: Leftovers
|-heal|p1a: Blissey|88/100|[from] item: Leftovers
|upkeep
|turn|39
|
|t:|1728249826
|move|p2a: Lost River|Calm Mind|p2a: Lost River
|-boost|p2a: Lost River|spa|1
|-boost|p2a: Lost River|spd|1
|move|p1a: Blissey|Calm Mind|p1a: Blissey
|-boost|p1a: Blissey|spa|1
|-boost|p1a: Blissey|spd|1
|
|-weather|Sandstorm|[upkeep]
|-damage|p2a: Lost River|14/100|[from] Sandstorm
|-damage|p1a: Blissey|82/100|[from] Sandstorm
|-heal|p2a: Lost River|21/100|[from] item: Leftovers
|-heal|p1a: Blissey|88/100|[from] item: Leftovers
|upkeep
|turn|40
|
|t:|1728249837
|move|p2a: Lost River|Calm Mind|p2a: Lost River
|-boost|p2a: Lost River|spa|1
|-boost|p2a: Lost River|spd|1
|move|p1a: Blissey|Thunderbolt|p2a: Lost River
|-supereffective|p2a: Lost River
|-damage|p2a: Lost River|0 fnt
|faint|p2a: Lost River
|
|t:|1728249845
|switch|p2a: Salutations|Salamence, M|77/100
|-ability|p2a: Salutations|Intimidate|boost
|-unboost|p1a: Blissey|atk|1
|
|-weather|Sandstorm|[upkeep]
|-damage|p2a: Salutations|71/100|[from] Sandstorm
|-damage|p1a: Blissey|82/100|[from] Sandstorm
|-heal|p1a: Blissey|88/100|[from] item: Leftovers
|upkeep
|turn|41
|
|t:|1728249852
|switch|p1a: Tyranitar|Tyranitar, M|35/100
|move|p2a: Salutations|Brick Break|p1a: Tyranitar
|-supereffective|p1a: Tyranitar
|-damage|p1a: Tyranitar|0 fnt
|faint|p1a: Tyranitar
|
|t:|1728249858
|switch|p1a: Jirachi|Jirachi|100/100
|
|-weather|Sandstorm|[upkeep]
|-damage|p2a: Salutations|65/100|[from] Sandstorm
|upkeep
|turn|42
|
|t:|1728249863
|switch|p2a: Sun Beam|Magneton|63/100
|-damage|p2a: Sun Beam|51/100|[from] Spikes
|move|p1a: Jirachi|Ice Punch|p2a: Sun Beam
|-resisted|p2a: Sun Beam
|-damage|p2a: Sun Beam|29/100
|
|-weather|Sandstorm|[upkeep]
|upkeep
|turn|43
|
|t:|1728249872
|move|p1a: Jirachi|Fire Punch|p2a: Sun Beam
|-supereffective|p2a: Sun Beam
|-damage|p2a: Sun Beam|0 fnt
|faint|p2a: Sun Beam
|c|☆javiercar|gg
|
|t:|1728249892
|switch|p2a: Salutations|Salamence, M|65/100
|-ability|p2a: Salutations|Intimidate|boost
|-unboost|p1a: Jirachi|atk|1
|
|-weather|Sandstorm|[upkeep]
|-damage|p2a: Salutations|59/100|[from] Sandstorm
|upkeep
|turn|44
|c|☆TyCarter|gg
|
|t:|1728249900
|move|p2a: Salutations|Earthquake|p1a: Jirachi
|-supereffective|p1a: Jirachi
|-damage|p1a: Jirachi|0 fnt
|faint|p1a: Jirachi
|
|t:|1728249902
|switch|p1a: Charizard|Charizard, M|28/100
|
|-weather|Sandstorm|[upkeep]
|-damage|p1a: Charizard|22/100|[from] Sandstorm
|-damage|p2a: Salutations|53/100|[from] Sandstorm
|-heal|p1a: Charizard|28/100|[from] item: Leftovers
|upkeep
|turn|45
|inactive|javiercar has 210 seconds left.
|
|t:|1728249909
|move|p1a: Charizard|Dragon Claw|p2a: Salutations
|-supereffective|p2a: Salutations
|-damage|p2a: Salutations|0 fnt
|faint|p2a: Salutations
|
|win|TyCarter
|c|☆TyCarter|/log TyCarter made the replay of this battle unlisted.
|player|p2|

</script>
<script type="application/json" class="data" id="replaydata-smogtours-gen3ou-796004">
{"id":"smogtours-gen3ou-796004","format":"[Gen 3] OU","players":["TyCarter","javiercar"],"uploadtime":1728249909,"views":110,"formatid":"gen3ou","rating":null,"private":1,"password":null}
</script>

<script defer src="js/replays.js?9d40a366"></script>
