<!DOCTYPE html>
<meta charset="utf-8" />
<meta name="viewport" content="width=device-width" />

<title>[Gen 3] OU: Hey its me riley vs. marsandback - Replays - Pok&eacute;mon Showdown!</title>

<meta name="description" content="Watch a replay of a Pok&eacute;mon battle between Hey its me riley and marsandback! Format: [Gen 3] OU; Date: Oct 20, 2024" />
<!--

Hey, you! Looking in the source for the replay log?

You can find them in JSON format, just add `.json` at the end of a replay URL.

https://replay.pokemonshowdown.com/gen7randomdoublesbattle-865046831.json

Or, if you only need the log itself, add `.log` instead:

https://replay.pokemonshowdown.com/gen7randomdoublesbattle-865046831.log

-->

<link rel="stylesheet" href="//pokemonshowdown.com/style/global.css?0.767286132409787" />
<link rel="stylesheet" href="//play.pokemonshowdown.com/style/font-awesome.css?0.9266228007934947" />
<link rel="stylesheet" href="//play.pokemonshowdown.com/style/battle.css?0.7924700842790926" />
<link rel="stylesheet" href="//play.pokemonshowdown.com/style/utilichart.css?0.8777417872839479" />

<!-- Global site tag (gtag.js) - Google Analytics -->
<script async src="https://www.googletagmanager.com/gtag/js?id=UA-26211653-1"></script>
<script>
  window.dataLayer = window.dataLayer || [];
  function gtag(){dataLayer.push(arguments);}
  gtag('js', new Date());

  gtag('config', 'UA-26211653-1');
</script>
<!-- End Google Analytics -->
<!-- Venatus Ad Manager - Install in <HEAD> of page -->
	<script src="https://hb.vntsm.com/v3/live/ad-manager.min.js" type="text/javascript" data-site-id="642aba63ec9a7b11c3c9c1be" data-mode="scan" async></script>
<!-- / Venatus Ad Manager -->

<style>
	@media (max-width:820px) {
		.battle {
			margin: 0 auto;
		}
		.battle-log {
			margin: 7px auto 0;
			max-width: 640px;
			height: 300px;
			position: static;
		}
	}
	.optgroup {
		display: inline-block;
		line-height: 22px;
		font-size: 10pt;
	}
	.optgroup .button {
		height: 25px;
		padding-top: 0;
		padding-bottom: 0;
	}
	.optgroup button.button {
		padding-left: 12px;
		padding-right: 12px;
	}
	.linklist {
		list-style: none;
		margin: 0.5em 0;
		padding: 0;
	}
	.linklist li {
		padding: 2px 0;
	}
	.sidebar {
		float: left;
		width: 320px;
	}
	.bar-wrapper {
		max-width: 1100px;
		margin: 0 auto;
	}
	.bar-wrapper.has-sidebar {
		max-width: 1430px;
	}
	.mainbar {
		margin: 0;
		padding-right: 1px;
	}
	.mainbar.has-sidebar {
		margin-left: 330px;
	}
	@media (min-width: 1511px) {
		.sidebar {
			width: 400px;
		}
		.bar-wrapper.has-sidebar {
			max-width: 1510px;
		}
		.mainbar.has-sidebar {
			margin-left: 410px;
		}
	}
	.section.first-section {
		margin-top: 9px;
	}
	.blocklink small {
		white-space: normal;
	}
	.button {
		vertical-align: middle;
	}
	.replay-controls {
		padding-top: 10px;
	}
	.replay-controls h1 {
		font-size: 16pt;
		font-weight: normal;
		color: #CCC;
	}
	.pagelink {
		text-align: center;
	}
	.pagelink a {
		width: 150px;
	}
	.textbox, .button {
		font-size: 11pt;
		vertical-align: middle;
	}
	@media (max-width: 450px) {
		.button {
			font-size: 9pt;
		}
	}
</style>

<div>

	<header>
		<div class="nav-wrapper"><ul class="nav">
			<li><a class="button nav-first" href="//pokemonshowdown.com/"><img src="//pokemonshowdown.com/images/pokemonshowdownbeta.png" srcset="//pokemonshowdown.com/images/pokemonshowdownbeta.png 1x, //pokemonshowdown.com/images/pokemonshowdownbeta@2x.png 2x" alt="Pok&eacute;mon Showdown" width="146" height="44" /> Home</a></li>
			<li><a class="button" href="//pokemonshowdown.com/dex/">Pok&eacute;dex</a></li>
			<li><a class="button cur" href="/">Replays</a></li>
			<li><a class="button" href="//pokemonshowdown.com/ladder/">Ladder</a></li>
			<li><a class="button nav-last" href="//pokemonshowdown.com/forums/">Forum</a></li>
			<li><a class="button greenbutton nav-first nav-last" href="//play.pokemonshowdown.com/">Play</a></li>
		</ul></div>
	</header>

	<div class="main" id="main">

		<noscript><section class="section">You need to enable JavaScript to use this page; sorry!</section></noscript>

	</div>

</div>

<script defer nomodule src="//play.pokemonshowdown.com/js/lib/ps-polyfill.js"></script>
<script defer src="//play.pokemonshowdown.com/js/lib/preact.min.js"></script>

<script defer src="//play.pokemonshowdown.com/config/config.js?6dec07f6"></script>
<script defer src="//play.pokemonshowdown.com/js/lib/jquery-1.11.0.min.js"></script>
<script defer src="//play.pokemonshowdown.com/js/lib/html-sanitizer-minified.js"></script>
<script defer src="//play.pokemonshowdown.com/js/battle-sound.js"></script>
<script defer src="//play.pokemonshowdown.com/js/battledata.js?0.6315294753075389"></script>
<script defer src="//play.pokemonshowdown.com/data/pokedex-mini.js?0.7603743185311358"></script>
<script defer src="//play.pokemonshowdown.com/data/pokedex-mini-bw.js?0.030888842834281283"></script>
<script defer src="//play.pokemonshowdown.com/data/graphics.js?0.05593094747507488"></script>
<script defer src="//play.pokemonshowdown.com/data/pokedex.js?0.47064822249611904"></script>
<script defer src="//play.pokemonshowdown.com/data/moves.js?0.8583693120512459"></script>
<script defer src="//play.pokemonshowdown.com/data/abilities.js?0.16017181182386842"></script>
<script defer src="//play.pokemonshowdown.com/data/items.js?0.4163379185673943"></script>
<script defer src="//play.pokemonshowdown.com/data/teambuilder-tables.js?0.31075597372830477"></script>
<script defer src="//play.pokemonshowdown.com/js/battle-tooltips.js?0.6536193500708172"></script>
<script defer src="//play.pokemonshowdown.com/js/battle.js?0.1916591943277901"></script>

<script defer src="js/utils.js?e31f9a17"></script>
<script defer src="js/replays-battle.js?7008c182"></script>

<!-- don't scrape this data! just add .json or .log after the URL!
Full API docs: https://github.com/smogon/pokemon-showdown-client/blob/master/WEB-API.md -->
<script type="text/plain" class="log" id="replaylog-smogtours-gen3ou-800796">
|inactive|Battle timer is ON: inactive players will automatically lose when time's up.
|t:|1729456951
|gametype|singles
|player|p1|Hey its me riley|2|
|player|p2|marsandback|erika-gen3|
|teamsize|p1|6
|teamsize|p2|6
|gen|3
|tier|[Gen 3] OU
|rule|Sleep Clause Mod: Limit one foe put to sleep
|rule|Switch Priority Clause Mod: Faster Pokémon switch first
|rule|Species Clause: Limit one of each Pokémon
|rule|OHKO Clause: OHKO moves are banned
|rule|Evasion Items Clause: Evasion items are banned
|rule|Evasion Moves Clause: Evasion moves are banned
|rule|Endless Battle Clause: Forcing endless battles is banned
|rule|HP Percentage Mod: HP is shown in percentages
|rule|One Boost Passer Clause: Limit one Baton Passer that has a way to boost its stats
|rule|Freeze Clause Mod: Limit one foe frozen
|
|t:|1729456951
|start
|switch|p1a: Tyranitar|Tyranitar, M|100/100
|switch|p2a: Tyranitar|Tyranitar, M|100/100
|-weather|Sandstorm|[from] ability: Sand Stream|[of] p1a: Tyranitar
|turn|1
|c|+cow xi|hey its me leoperi
|c|+Dababy2|Whos riley 
|
|t:|1729456975
|switch|p1a: Skarmory|Skarmory, M|100/100
|switch|p2a: Flygon|Flygon, F|100/100
|
|-weather|Sandstorm|[upkeep]
|upkeep
|turn|2
|
|t:|1729456983
|switch|p2a: Skarmory|Skarmory, M|100/100
|move|p1a: Skarmory|Spikes|p2a: Skarmory
|-sidestart|p2: marsandback|Spikes
|
|-weather|Sandstorm|[upkeep]
|upkeep
|turn|3
|
|t:|1729456987
|move|p2a: Skarmory|Taunt|p1a: Skarmory
|-start|p1a: Skarmory|move: Taunt
|cant|p1a: Skarmory|move: Taunt|Spikes
|
|-weather|Sandstorm|[upkeep]
|upkeep
|turn|4
|
|t:|1729456990
|switch|p1a: Moltres|Moltres|100/100
|move|p2a: Skarmory|Spikes|p1a: Moltres
|-sidestart|p1: Hey its me riley|Spikes
|
|-weather|Sandstorm|[upkeep]
|-damage|p1a: Moltres|94/100|[from] Sandstorm
|-heal|p1a: Moltres|100/100|[from] item: Leftovers
|upkeep
|turn|5
|
|t:|1729457015
|switch|p2a: Tyranitar|Tyranitar, M|100/100
|-damage|p2a: Tyranitar|88/100|[from] Spikes
|move|p1a: Moltres|Will-O-Wisp|p2a: Tyranitar
|-status|p2a: Tyranitar|brn
|
|-weather|Sandstorm|[upkeep]
|-damage|p1a: Moltres|94/100|[from] Sandstorm
|-heal|p1a: Moltres|100/100|[from] item: Leftovers
|-heal|p2a: Tyranitar|94/100 brn|[from] item: Leftovers
|-damage|p2a: Tyranitar|82/100 brn|[from] brn
|upkeep
|turn|6
|
|t:|1729457029
|switch|p1a: Skarmory|Skarmory, M|100/100
|move|p2a: Tyranitar|Fire Blast|p1a: Skarmory|[miss]
|-miss|p2a: Tyranitar|p1a: Skarmory
|
|-weather|Sandstorm|[upkeep]
|-heal|p2a: Tyranitar|88/100 brn|[from] item: Leftovers
|-damage|p2a: Tyranitar|76/100 brn|[from] brn
|upkeep
|turn|7
|
|t:|1729457041
|move|p1a: Skarmory|Spikes|p2a: Tyranitar
|-sidestart|p2: marsandback|Spikes
|move|p2a: Tyranitar|Fire Blast|p1a: Skarmory
|-supereffective|p1a: Skarmory
|-damage|p1a: Skarmory|28/100
|
|-weather|Sandstorm|[upkeep]
|-heal|p1a: Skarmory|34/100|[from] item: Leftovers
|-heal|p2a: Tyranitar|82/100 brn|[from] item: Leftovers
|-damage|p2a: Tyranitar|70/100 brn|[from] brn
|upkeep
|turn|8
|
|t:|1729457046
|move|p1a: Skarmory|Protect|p1a: Skarmory
|-singleturn|p1a: Skarmory|Protect
|move|p2a: Tyranitar|Fire Blast|p1a: Skarmory
|-activate|p1a: Skarmory|Protect
|
|-weather|Sandstorm|[upkeep]
|-heal|p1a: Skarmory|40/100|[from] item: Leftovers
|-heal|p2a: Tyranitar|76/100 brn|[from] item: Leftovers
|-damage|p2a: Tyranitar|63/100 brn|[from] brn
|upkeep
|turn|9
|
|t:|1729457054
|switch|p1a: Tyranitar|Tyranitar, M|100/100
|-damage|p1a: Tyranitar|88/100|[from] Spikes
|switch|p2a: Aerodactyl|Aerodactyl, F|100/100
|
|-weather|Sandstorm|[upkeep]
|-heal|p1a: Tyranitar|94/100|[from] item: Leftovers
|upkeep
|turn|10
|
|t:|1729457070
|switch|p2a: Skarmory|Skarmory, M|100/100
|switch|p1a: Flygon|Flygon, M|100/100
|
|-weather|Sandstorm|[upkeep]
|upkeep
|turn|11
|
|t:|1729457078
|switch|p1a: Moltres|Moltres|100/100
|move|p2a: Skarmory|Spikes|p1a: Moltres
|-sidestart|p1: Hey its me riley|Spikes
|
|-weather|Sandstorm|[upkeep]
|-damage|p1a: Moltres|94/100|[from] Sandstorm
|-heal|p1a: Moltres|100/100|[from] item: Leftovers
|upkeep
|turn|12
|
|t:|1729457086
|switch|p2a: Tyranitar|Tyranitar, M|63/100 brn
|-damage|p2a: Tyranitar|47/100 brn|[from] Spikes
|move|p1a: Moltres|Fire Blast|p2a: Tyranitar
|-resisted|p2a: Tyranitar
|-damage|p2a: Tyranitar|23/100 brn
|
|-weather|Sandstorm|[upkeep]
|-damage|p1a: Moltres|94/100|[from] Sandstorm
|-heal|p1a: Moltres|100/100|[from] item: Leftovers
|-heal|p2a: Tyranitar|29/100 brn|[from] item: Leftovers
|-damage|p2a: Tyranitar|17/100 brn|[from] brn
|upkeep
|turn|13
|
|t:|1729457094
|move|p1a: Moltres|Hidden Power|p2a: Tyranitar
|-supereffective|p2a: Tyranitar
|-damage|p2a: Tyranitar|0 fnt
|faint|p2a: Tyranitar
|
|t:|1729457096
|switch|p2a: Aerodactyl|Aerodactyl, F|100/100
|
|-weather|Sandstorm|[upkeep]
|-damage|p1a: Moltres|94/100|[from] Sandstorm
|-heal|p1a: Moltres|100/100|[from] item: Leftovers
|upkeep
|turn|14
|
|t:|1729457102
|move|p1a: Moltres|Protect|p1a: Moltres
|-singleturn|p1a: Moltres|Protect
|move|p2a: Aerodactyl|Double-Edge|p1a: Moltres
|-activate|p1a: Moltres|Protect
|
|-weather|Sandstorm|[upkeep]
|-damage|p1a: Moltres|94/100|[from] Sandstorm
|-heal|p1a: Moltres|100/100|[from] item: Leftovers
|upkeep
|turn|15
|
|t:|1729457121
|switch|p2a: Gengar|Gengar, M|100/100
|switch|p1a: Gengar|Gengar, F|100/100
|
|-weather|Sandstorm|[upkeep]
|-damage|p2a: Gengar|95/100|[from] Sandstorm
|-damage|p1a: Gengar|94/100|[from] Sandstorm
|-heal|p2a: Gengar|100/100|[from] item: Leftovers
|-heal|p1a: Gengar|100/100|[from] item: Leftovers
|upkeep
|turn|16
|
|t:|1729457130
|switch|p1a: Tyranitar|Tyranitar, M|94/100
|-damage|p1a: Tyranitar|78/100|[from] Spikes
|move|p2a: Gengar|Ice Punch|p1a: Tyranitar
|-damage|p1a: Tyranitar|61/100
|
|-weather|Sandstorm|[upkeep]
|-damage|p2a: Gengar|95/100|[from] Sandstorm
|-heal|p2a: Gengar|100/100|[from] item: Leftovers
|-heal|p1a: Tyranitar|67/100|[from] item: Leftovers
|upkeep
|turn|17
|
|t:|1729457136
|-activate|p2a: Gengar|move: Pursuit
|move|p1a: Tyranitar|Pursuit|p2a: Gengar|[from]Pursuit
|-supereffective|p2a: Gengar
|-damage|p2a: Gengar|19/100
|switch|p2a: Aerodactyl|Aerodactyl, F|100/100
|
|-weather|Sandstorm|[upkeep]
|-heal|p1a: Tyranitar|73/100|[from] item: Leftovers
|upkeep
|turn|18
|
|t:|1729457153
|switch|p1a: Flygon|Flygon, M|100/100
|move|p2a: Aerodactyl|Double-Edge|p1a: Flygon
|-damage|p1a: Flygon|56/100
|
|-weather|Sandstorm|[upkeep]
|-heal|p1a: Flygon|62/100|[from] item: Leftovers
|upkeep
|turn|19
|
|t:|1729457169
|move|p2a: Aerodactyl|Double-Edge|p1a: Flygon
|-damage|p1a: Flygon|22/100
|move|p1a: Flygon|Rock Slide|p2a: Aerodactyl
|-supereffective|p2a: Aerodactyl
|-damage|p2a: Aerodactyl|42/100
|
|-weather|Sandstorm|[upkeep]
|-heal|p1a: Flygon|28/100|[from] item: Leftovers
|upkeep
|turn|20
|
|t:|1729457177
|move|p1a: Flygon|Protect|p1a: Flygon
|-singleturn|p1a: Flygon|Protect
|move|p2a: Aerodactyl|Double-Edge|p1a: Flygon
|-activate|p1a: Flygon|Protect
|
|-weather|Sandstorm|[upkeep]
|-heal|p1a: Flygon|34/100|[from] item: Leftovers
|upkeep
|turn|21
|
|t:|1729457182
|switch|p2a: Jirachi|Jirachi|100/100
|-damage|p2a: Jirachi|84/100|[from] Spikes
|switch|p1a: Gengar|Gengar, F|100/100
|
|-weather|Sandstorm|[upkeep]
|-damage|p1a: Gengar|94/100|[from] Sandstorm
|-heal|p1a: Gengar|100/100|[from] item: Leftovers
|-heal|p2a: Jirachi|90/100|[from] item: Leftovers
|upkeep
|turn|22
|
|t:|1729457191
|move|p1a: Gengar|Will-O-Wisp|p2a: Jirachi|[miss]
|-miss|p1a: Gengar|p2a: Jirachi
|move|p2a: Jirachi|Ice Punch|p1a: Gengar
|-damage|p1a: Gengar|77/100
|
|-weather|Sandstorm|[upkeep]
|-damage|p1a: Gengar|70/100|[from] Sandstorm
|-heal|p1a: Gengar|77/100|[from] item: Leftovers
|-heal|p2a: Jirachi|96/100|[from] item: Leftovers
|upkeep
|turn|23
|
|t:|1729457194
|move|p1a: Gengar|Will-O-Wisp|p2a: Jirachi
|-status|p2a: Jirachi|brn
|move|p2a: Jirachi|Ice Punch|p1a: Gengar
|-crit|p1a: Gengar
|-damage|p1a: Gengar|29/100
|
|-weather|Sandstorm|[upkeep]
|-damage|p1a: Gengar|23/100|[from] Sandstorm
|-heal|p1a: Gengar|29/100|[from] item: Leftovers
|-heal|p2a: Jirachi|100/100 brn|[from] item: Leftovers
|-damage|p2a: Jirachi|88/100 brn|[from] brn
|upkeep
|turn|24
|
|t:|1729457207
|switch|p1a: Moltres|Moltres|100/100
|move|p2a: Jirachi|Ice Punch|p1a: Moltres
|-damage|p1a: Moltres|78/100
|-status|p1a: Moltres|frz
|
|-weather|Sandstorm|[upkeep]
|-damage|p1a: Moltres|72/100 frz|[from] Sandstorm
|-heal|p1a: Moltres|78/100 frz|[from] item: Leftovers
|-heal|p2a: Jirachi|94/100 brn|[from] item: Leftovers
|-damage|p2a: Jirachi|82/100 brn|[from] brn
|upkeep
|turn|25
|
|t:|1729457226
|switch|p2a: Aerodactyl|Aerodactyl, F|42/100
|cant|p1a: Moltres|frz
|
|-weather|Sandstorm|[upkeep]
|-damage|p1a: Moltres|72/100 frz|[from] Sandstorm
|-heal|p1a: Moltres|78/100 frz|[from] item: Leftovers
|upkeep
|turn|26
|
|t:|1729457234
|move|p2a: Aerodactyl|Rock Slide|p1a: Moltres
|-supereffective|p1a: Moltres
|-damage|p1a: Moltres|0 fnt
|faint|p1a: Moltres
|
|t:|1729457239
|switch|p1a: Flygon|Flygon, M|34/100
|
|-weather|Sandstorm|[upkeep]
|-heal|p1a: Flygon|40/100|[from] item: Leftovers
|upkeep
|turn|27
|
|t:|1729457252
|switch|p2a: Jirachi|Jirachi|82/100 brn
|-damage|p2a: Jirachi|65/100 brn|[from] Spikes
|move|p1a: Flygon|Rock Slide|p2a: Jirachi
|-resisted|p2a: Jirachi
|-damage|p2a: Jirachi|59/100 brn
|
|-weather|Sandstorm|[upkeep]
|-heal|p2a: Jirachi|65/100 brn|[from] item: Leftovers
|-damage|p2a: Jirachi|52/100 brn|[from] brn
|-heal|p1a: Flygon|46/100|[from] item: Leftovers
|upkeep
|turn|28
|
|t:|1729457257
|move|p1a: Flygon|Protect|p1a: Flygon
|-singleturn|p1a: Flygon|Protect
|move|p2a: Jirachi|Calm Mind|p2a: Jirachi
|-boost|p2a: Jirachi|spa|1
|-boost|p2a: Jirachi|spd|1
|
|-weather|Sandstorm|[upkeep]
|-heal|p2a: Jirachi|59/100 brn|[from] item: Leftovers
|-damage|p2a: Jirachi|46/100 brn|[from] brn
|-heal|p1a: Flygon|52/100|[from] item: Leftovers
|upkeep
|turn|29
|
|t:|1729457278
|switch|p1a: Jirachi|Jirachi|100/100
|-damage|p1a: Jirachi|84/100|[from] Spikes
|move|p2a: Jirachi|Ice Punch|p1a: Jirachi
|-resisted|p1a: Jirachi
|-damage|p1a: Jirachi|74/100
|-status|p1a: Jirachi|frz
|
|-weather|Sandstorm|[upkeep]
|-heal|p2a: Jirachi|52/100 brn|[from] item: Leftovers
|-damage|p2a: Jirachi|40/100 brn|[from] brn
|-heal|p1a: Jirachi|80/100 frz|[from] item: Leftovers
|upkeep
|turn|30
|c|+Dababy2|u frozone or smth?
|c|+Dababy2|Damn
|
|t:|1729457304
|move|p2a: Jirachi|Calm Mind|p2a: Jirachi
|-boost|p2a: Jirachi|spa|1
|-boost|p2a: Jirachi|spd|1
|cant|p1a: Jirachi|frz
|
|-weather|Sandstorm|[upkeep]
|-heal|p2a: Jirachi|46/100 brn|[from] item: Leftovers
|-damage|p2a: Jirachi|34/100 brn|[from] brn
|-heal|p1a: Jirachi|86/100 frz|[from] item: Leftovers
|upkeep
|turn|31
|
|t:|1729457309
|move|p2a: Jirachi|Calm Mind|p2a: Jirachi
|-boost|p2a: Jirachi|spa|1
|-boost|p2a: Jirachi|spd|1
|-curestatus|p1a: Jirachi|frz|[msg]
|move|p1a: Jirachi|Fire Punch|p2a: Jirachi
|-supereffective|p2a: Jirachi
|-damage|p2a: Jirachi|21/100 brn
|
|-weather|Sandstorm|[upkeep]
|-heal|p2a: Jirachi|27/100 brn|[from] item: Leftovers
|-damage|p2a: Jirachi|15/100 brn|[from] brn
|-heal|p1a: Jirachi|92/100|[from] item: Leftovers
|upkeep
|turn|32
|
|t:|1729457316
|move|p2a: Jirachi|Fire Punch|p1a: Jirachi
|-supereffective|p1a: Jirachi
|-damage|p1a: Jirachi|26/100
|move|p1a: Jirachi|Wish|p1a: Jirachi
|
|-weather|Sandstorm|[upkeep]
|-heal|p2a: Jirachi|21/100 brn|[from] item: Leftovers
|-damage|p2a: Jirachi|9/100 brn|[from] brn
|-heal|p1a: Jirachi|33/100|[from] item: Leftovers
|upkeep
|turn|33
|
|t:|1729457325
|move|p1a: Jirachi|Protect|p1a: Jirachi
|-singleturn|p1a: Jirachi|Protect
|move|p2a: Jirachi|Fire Punch|p1a: Jirachi
|-activate|p1a: Jirachi|Protect
|
|-heal|p1a: Jirachi|82/100|[from] move: Wish|[wisher] Jirachi
|-weather|Sandstorm|[upkeep]
|-heal|p2a: Jirachi|15/100 brn|[from] item: Leftovers
|-damage|p2a: Jirachi|2/100 brn|[from] brn
|-heal|p1a: Jirachi|89/100|[from] item: Leftovers
|upkeep
|turn|34
|inactive|Hey its me riley has 270 seconds left.
|
|t:|1729457355
|switch|p1a: Tyranitar|Tyranitar, M|73/100
|-damage|p1a: Tyranitar|57/100|[from] Spikes
|move|p2a: Jirachi|Fire Punch|p1a: Tyranitar
|-resisted|p1a: Tyranitar
|-damage|p1a: Tyranitar|35/100
|
|-weather|Sandstorm|[upkeep]
|-heal|p2a: Jirachi|9/100 brn|[from] item: Leftovers
|-damage|p2a: Jirachi|0 fnt|[from] brn
|faint|p2a: Jirachi
|-heal|p1a: Tyranitar|41/100|[from] item: Leftovers
|upkeep
|inactive|marsandback has 270 seconds left.
|
|t:|1729457387
|switch|p2a: Aerodactyl|Aerodactyl, F|42/100
|turn|35
|
|t:|1729457392
|move|p2a: Aerodactyl|Hidden Power|p1a: Tyranitar
|-supereffective|p1a: Tyranitar
|-damage|p1a: Tyranitar|0 fnt
|faint|p1a: Tyranitar
|inactive|Hey its me riley has 270 seconds left.
|inactive|Hey its me riley has 240 seconds left.
|
|t:|1729457468
|switch|p1a: Gengar|Gengar, F|29/100
|
|-weather|Sandstorm|[upkeep]
|-damage|p1a: Gengar|23/100|[from] Sandstorm
|-heal|p1a: Gengar|29/100|[from] item: Leftovers
|upkeep
|turn|36
|inactive|marsandback has 270 seconds left.
|
|t:|1729457512
|switch|p2a: Skarmory|Skarmory, M|100/100
|move|p1a: Gengar|Ice Punch|p2a: Skarmory
|-damage|p2a: Skarmory|80/100
|
|-weather|Sandstorm|[upkeep]
|-damage|p1a: Gengar|23/100|[from] Sandstorm
|-heal|p1a: Gengar|29/100|[from] item: Leftovers
|-heal|p2a: Skarmory|86/100|[from] item: Leftovers
|upkeep
|turn|37
|
|t:|1729457518
|move|p1a: Gengar|Thunderbolt|p2a: Skarmory
|-supereffective|p2a: Skarmory
|-damage|p2a: Skarmory|30/100
|move|p2a: Skarmory|Drill Peck|p1a: Gengar
|-damage|p1a: Gengar|0 fnt
|faint|p1a: Gengar
|
|t:|1729457525
|switch|p1a: Jirachi|Jirachi|89/100
|-damage|p1a: Jirachi|72/100|[from] Spikes
|
|-weather|Sandstorm|[upkeep]
|-heal|p1a: Jirachi|78/100|[from] item: Leftovers
|-heal|p2a: Skarmory|36/100|[from] item: Leftovers
|upkeep
|turn|38
|
|t:|1729457531
|move|p1a: Jirachi|Fire Punch|p2a: Skarmory
|-supereffective|p2a: Skarmory
|-damage|p2a: Skarmory|4/100
|move|p2a: Skarmory|Roar|p1a: Jirachi
|drag|p1a: Skarmory|Skarmory, M|40/100
|
|-weather|Sandstorm|[upkeep]
|-heal|p2a: Skarmory|10/100|[from] item: Leftovers
|-heal|p1a: Skarmory|46/100|[from] item: Leftovers
|upkeep
|turn|39
|
|t:|1729457537
|switch|p1a: Jirachi|Jirachi|78/100
|-damage|p1a: Jirachi|62/100|[from] Spikes
|move|p2a: Skarmory|Spikes|p1a: Jirachi
|-sidestart|p1: Hey its me riley|Spikes
|
|-weather|Sandstorm|[upkeep]
|-heal|p1a: Jirachi|68/100|[from] item: Leftovers
|-heal|p2a: Skarmory|16/100|[from] item: Leftovers
|upkeep
|turn|40
|
|t:|1729457540
|switch|p2a: Flygon|Flygon, F|100/100
|move|p1a: Jirachi|Fire Punch|p2a: Flygon
|-resisted|p2a: Flygon
|-damage|p2a: Flygon|92/100
|
|-weather|Sandstorm|[upkeep]
|-heal|p2a: Flygon|98/100|[from] item: Leftovers
|-heal|p1a: Jirachi|74/100|[from] item: Leftovers
|upkeep
|turn|41
|
|t:|1729457545
|switch|p1a: Skarmory|Skarmory, M|46/100
|move|p2a: Flygon|Earthquake|p1a: Skarmory
|-immune|p1a: Skarmory
|
|-weather|Sandstorm|[upkeep]
|-heal|p2a: Flygon|100/100|[from] item: Leftovers
|-heal|p1a: Skarmory|52/100|[from] item: Leftovers
|upkeep
|turn|42
|
|t:|1729457549
|switch|p2a: Skarmory|Skarmory, M|16/100
|move|p1a: Skarmory|Toxic|p2a: Skarmory|[miss]
|-miss|p1a: Skarmory|p2a: Skarmory
|
|-weather|Sandstorm|[upkeep]
|-heal|p2a: Skarmory|22/100|[from] item: Leftovers
|-heal|p1a: Skarmory|58/100|[from] item: Leftovers
|upkeep
|turn|43
|
|t:|1729457554
|move|p2a: Skarmory|Taunt|p1a: Skarmory
|-start|p1a: Skarmory|move: Taunt
|cant|p1a: Skarmory|move: Taunt|Roar
|
|-weather|Sandstorm|[upkeep]
|-heal|p2a: Skarmory|28/100|[from] item: Leftovers
|-heal|p1a: Skarmory|64/100|[from] item: Leftovers
|upkeep
|turn|44
|
|t:|1729457558
|move|p2a: Skarmory|Drill Peck|p1a: Skarmory
|-resisted|p1a: Skarmory
|-damage|p1a: Skarmory|55/100
|move|p1a: Skarmory|Struggle|p2a: Skarmory
|-damage|p2a: Skarmory|22/100
|-damage|p1a: Skarmory|53/100|[from] Recoil|[of] p2a: Skarmory
|
|-weather|Sandstorm|[upkeep]
|-heal|p2a: Skarmory|28/100|[from] item: Leftovers
|-heal|p1a: Skarmory|59/100|[from] item: Leftovers
|-end|p1a: Skarmory|move: Taunt|[silent]
|upkeep
|turn|45
|
|t:|1729457564
|switch|p1a: Flygon|Flygon, M|52/100
|move|p2a: Skarmory|Taunt|p1a: Flygon
|-start|p1a: Flygon|move: Taunt
|
|-weather|Sandstorm|[upkeep]
|-heal|p1a: Flygon|58/100|[from] item: Leftovers
|-heal|p2a: Skarmory|34/100|[from] item: Leftovers
|upkeep
|turn|46
|
|t:|1729457568
|switch|p2a: Flygon|Flygon, F|100/100
|move|p1a: Flygon|Rock Slide|p2a: Flygon
|-resisted|p2a: Flygon
|-damage|p2a: Flygon|91/100
|
|-weather|Sandstorm|[upkeep]
|-heal|p2a: Flygon|97/100|[from] item: Leftovers
|-heal|p1a: Flygon|65/100|[from] item: Leftovers
|-end|p1a: Flygon|move: Taunt|[silent]
|upkeep
|turn|47
|
|t:|1729457571
|move|p2a: Flygon|Toxic|p1a: Flygon
|-status|p1a: Flygon|tox
|move|p1a: Flygon|Toxic|p2a: Flygon
|-status|p2a: Flygon|tox
|
|-weather|Sandstorm|[upkeep]
|-heal|p2a: Flygon|100/100 tox|[from] item: Leftovers
|-damage|p2a: Flygon|94/100 tox|[from] psn
|-heal|p1a: Flygon|71/100 tox|[from] item: Leftovers
|-damage|p1a: Flygon|65/100 tox|[from] psn
|upkeep
|turn|48
|
|t:|1729457582
|switch|p1a: Skarmory|Skarmory, M|59/100
|move|p2a: Flygon|Rock Slide|p1a: Skarmory
|-damage|p1a: Skarmory|40/100
|
|-weather|Sandstorm|[upkeep]
|-heal|p2a: Flygon|100/100 tox|[from] item: Leftovers
|-damage|p2a: Flygon|88/100 tox|[from] psn
|-heal|p1a: Skarmory|46/100|[from] item: Leftovers
|upkeep
|turn|49
|
|t:|1729457596
|switch|p2a: Gengar|Gengar, M|19/100
|move|p1a: Skarmory|Toxic|p2a: Gengar
|-immune|p2a: Gengar
|
|-weather|Sandstorm|[upkeep]
|-damage|p2a: Gengar|13/100|[from] Sandstorm
|-heal|p2a: Gengar|19/100|[from] item: Leftovers
|-heal|p1a: Skarmory|52/100|[from] item: Leftovers
|upkeep
|turn|50
|inactive|Hey its me riley has 270 seconds left.
|
|t:|1729457632
|move|p2a: Gengar|Fire Punch|p1a: Skarmory
|-supereffective|p1a: Skarmory
|-damage|p1a: Skarmory|9/100
|move|p1a: Skarmory|Roar|p2a: Gengar
|drag|p2a: Skarmory|Skarmory, M|34/100
|
|-weather|Sandstorm|[upkeep]
|-heal|p2a: Skarmory|40/100|[from] item: Leftovers
|-heal|p1a: Skarmory|15/100|[from] item: Leftovers
|upkeep
|turn|51
|inactive|Hey its me riley has 270 seconds left.
|
|t:|1729457646
|switch|p2a: Gengar|Gengar, M|19/100
|switch|p1a: Flygon|Flygon, M|65/100 tox
|
|-weather|Sandstorm|[upkeep]
|-damage|p2a: Gengar|13/100|[from] Sandstorm
|-heal|p2a: Gengar|19/100|[from] item: Leftovers
|-heal|p1a: Flygon|71/100 tox|[from] item: Leftovers
|-damage|p1a: Flygon|65/100 tox|[from] psn
|upkeep
|turn|52
|
|t:|1729457659
|move|p2a: Gengar|Ice Punch|p1a: Flygon
|-supereffective|p1a: Flygon
|-damage|p1a: Flygon|0 fnt
|faint|p1a: Flygon
|
|t:|1729457661
|switch|p1a: Skarmory|Skarmory, M|15/100
|
|-weather|Sandstorm|[upkeep]
|-damage|p2a: Gengar|13/100|[from] Sandstorm
|-heal|p2a: Gengar|19/100|[from] item: Leftovers
|-heal|p1a: Skarmory|21/100|[from] item: Leftovers
|upkeep
|turn|53
|
|t:|1729457665
|move|p2a: Gengar|Fire Punch|p1a: Skarmory
|-supereffective|p1a: Skarmory
|-damage|p1a: Skarmory|0 fnt
|faint|p1a: Skarmory
|
|t:|1729457666
|switch|p1a: Jirachi|Jirachi|74/100
|-damage|p1a: Jirachi|49/100|[from] Spikes
|
|-weather|Sandstorm|[upkeep]
|-damage|p2a: Gengar|13/100|[from] Sandstorm
|-heal|p2a: Gengar|19/100|[from] item: Leftovers
|-heal|p1a: Jirachi|55/100|[from] item: Leftovers
|upkeep
|turn|54
|
|t:|1729457668
|move|p2a: Gengar|Fire Punch|p1a: Jirachi
|-supereffective|p1a: Jirachi
|-damage|p1a: Jirachi|23/100
|move|p1a: Jirachi|Fire Punch|p2a: Gengar
|-damage|p2a: Gengar|0 fnt
|faint|p2a: Gengar
|
|t:|1729457672
|switch|p2a: Aerodactyl|Aerodactyl, F|42/100
|
|-weather|Sandstorm|[upkeep]
|-heal|p1a: Jirachi|29/100|[from] item: Leftovers
|upkeep
|turn|55
|
|t:|1729457673
|move|p2a: Aerodactyl|Earthquake|p1a: Jirachi
|-supereffective|p1a: Jirachi
|-crit|p1a: Jirachi
|-damage|p1a: Jirachi|0 fnt
|faint|p1a: Jirachi
|
|win|marsandback
|c|☆marsandback|gg
|player|p1|

</script>
<script type="application/json" class="data" id="replaydata-smogtours-gen3ou-800796">
{"id":"smogtours-gen3ou-800796","format":"[Gen 3] OU","players":["Hey its me riley","marsandback"],"uploadtime":1729457673,"views":118,"formatid":"gen3ou","rating":null,"private":1,"password":null}
</script>

<script defer src="js/replays.js?9d40a366"></script>
