<!DOCTYPE html>
<meta charset="utf-8" />
<meta name="viewport" content="width=device-width" />

<title>[Gen 3] OU: ChangchunDeXiannu vs. Msousagamer - Replays - Pok&eacute;mon Showdown!</title>

<meta name="description" content="Watch a replay of a Pok&eacute;mon battle between ChangchunDeXiannu and Msousagamer! Format: [Gen 3] OU; Date: Oct 13, 2024" />
<!--

Hey, you! Looking in the source for the replay log?

You can find them in JSON format, just add `.json` at the end of a replay URL.

https://replay.pokemonshowdown.com/gen7randomdoublesbattle-865046831.json

Or, if you only need the log itself, add `.log` instead:

https://replay.pokemonshowdown.com/gen7randomdoublesbattle-865046831.log

-->

<link rel="stylesheet" href="//pokemonshowdown.com/style/global.css?0.023195364461161105" />
<link rel="stylesheet" href="//play.pokemonshowdown.com/style/font-awesome.css?0.13261647063804238" />
<link rel="stylesheet" href="//play.pokemonshowdown.com/style/battle.css?0.8753245789963631" />
<link rel="stylesheet" href="//play.pokemonshowdown.com/style/utilichart.css?0.8627959624976733" />

<!-- Global site tag (gtag.js) - Google Analytics -->
<script async src="https://www.googletagmanager.com/gtag/js?id=UA-26211653-1"></script>
<script>
  window.dataLayer = window.dataLayer || [];
  function gtag(){dataLayer.push(arguments);}
  gtag('js', new Date());

  gtag('config', 'UA-26211653-1');
</script>
<!-- End Google Analytics -->
<!-- Venatus Ad Manager - Install in <HEAD> of page -->
	<script src="https://hb.vntsm.com/v3/live/ad-manager.min.js" type="text/javascript" data-site-id="642aba63ec9a7b11c3c9c1be" data-mode="scan" async></script>
<!-- / Venatus Ad Manager -->

<style>
	@media (max-width:820px) {
		.battle {
			margin: 0 auto;
		}
		.battle-log {
			margin: 7px auto 0;
			max-width: 640px;
			height: 300px;
			position: static;
		}
	}
	.optgroup {
		display: inline-block;
		line-height: 22px;
		font-size: 10pt;
	}
	.optgroup .button {
		height: 25px;
		padding-top: 0;
		padding-bottom: 0;
	}
	.optgroup button.button {
		padding-left: 12px;
		padding-right: 12px;
	}
	.linklist {
		list-style: none;
		margin: 0.5em 0;
		padding: 0;
	}
	.linklist li {
		padding: 2px 0;
	}
	.sidebar {
		float: left;
		width: 320px;
	}
	.bar-wrapper {
		max-width: 1100px;
		margin: 0 auto;
	}
	.bar-wrapper.has-sidebar {
		max-width: 1430px;
	}
	.mainbar {
		margin: 0;
		padding-right: 1px;
	}
	.mainbar.has-sidebar {
		margin-left: 330px;
	}
	@media (min-width: 1511px) {
		.sidebar {
			width: 400px;
		}
		.bar-wrapper.has-sidebar {
			max-width: 1510px;
		}
		.mainbar.has-sidebar {
			margin-left: 410px;
		}
	}
	.section.first-section {
		margin-top: 9px;
	}
	.blocklink small {
		white-space: normal;
	}
	.button {
		vertical-align: middle;
	}
	.replay-controls {
		padding-top: 10px;
	}
	.replay-controls h1 {
		font-size: 16pt;
		font-weight: normal;
		color: #CCC;
	}
	.pagelink {
		text-align: center;
	}
	.pagelink a {
		width: 150px;
	}
	.textbox, .button {
		font-size: 11pt;
		vertical-align: middle;
	}
	@media (max-width: 450px) {
		.button {
			font-size: 9pt;
		}
	}
</style>

<div>

	<header>
		<div class="nav-wrapper"><ul class="nav">
			<li><a class="button nav-first" href="//pokemonshowdown.com/"><img src="//pokemonshowdown.com/images/pokemonshowdownbeta.png" srcset="//pokemonshowdown.com/images/pokemonshowdownbeta.png 1x, //pokemonshowdown.com/images/pokemonshowdownbeta@2x.png 2x" alt="Pok&eacute;mon Showdown" width="146" height="44" /> Home</a></li>
			<li><a class="button" href="//pokemonshowdown.com/dex/">Pok&eacute;dex</a></li>
			<li><a class="button cur" href="/">Replays</a></li>
			<li><a class="button" href="//pokemonshowdown.com/ladder/">Ladder</a></li>
			<li><a class="button nav-last" href="//pokemonshowdown.com/forums/">Forum</a></li>
			<li><a class="button greenbutton nav-first nav-last" href="//play.pokemonshowdown.com/">Play</a></li>
		</ul></div>
	</header>

	<div class="main" id="main">

		<noscript><section class="section">You need to enable JavaScript to use this page; sorry!</section></noscript>

	</div>

</div>

<script defer nomodule src="//play.pokemonshowdown.com/js/lib/ps-polyfill.js"></script>
<script defer src="//play.pokemonshowdown.com/js/lib/preact.min.js"></script>

<script defer src="//play.pokemonshowdown.com/config/config.js?2bddbc15"></script>
<script defer src="//play.pokemonshowdown.com/js/lib/jquery-1.11.0.min.js"></script>
<script defer src="//play.pokemonshowdown.com/js/lib/html-sanitizer-minified.js"></script>
<script defer src="//play.pokemonshowdown.com/js/battle-sound.js"></script>
<script defer src="//play.pokemonshowdown.com/js/battledata.js?0.7209276989879541"></script>
<script defer src="//play.pokemonshowdown.com/data/pokedex-mini.js?0.6111056340867951"></script>
<script defer src="//play.pokemonshowdown.com/data/pokedex-mini-bw.js?0.3532142036491459"></script>
<script defer src="//play.pokemonshowdown.com/data/graphics.js?0.24223875632456182"></script>
<script defer src="//play.pokemonshowdown.com/data/pokedex.js?0.38839984266356864"></script>
<script defer src="//play.pokemonshowdown.com/data/moves.js?0.21866028504024015"></script>
<script defer src="//play.pokemonshowdown.com/data/abilities.js?0.2005157953846628"></script>
<script defer src="//play.pokemonshowdown.com/data/items.js?0.9894211263848525"></script>
<script defer src="//play.pokemonshowdown.com/data/teambuilder-tables.js?0.6008791140282215"></script>
<script defer src="//play.pokemonshowdown.com/js/battle-tooltips.js?0.7580118955022959"></script>
<script defer src="//play.pokemonshowdown.com/js/battle.js?0.6057722274234274"></script>

<script defer src="js/utils.js?e31f9a17"></script>
<script defer src="js/replays-battle.js?7008c182"></script>

<!-- don't scrape this data! just add .json or .log after the URL!
Full API docs: https://github.com/smogon/pokemon-showdown-client/blob/master/WEB-API.md -->
<script type="text/plain" class="log" id="replaylog-smogtours-gen3ou-798304">
|inactive|Battle timer is ON: inactive players will automatically lose when time's up.
|t:|1728847578
|gametype|singles
|player|p1|ChangchunDeXiannu|skierf-gen4dp|
|player|p2|Msousagamer|veteran|
|teamsize|p1|6
|teamsize|p2|6
|gen|3
|tier|[Gen 3] OU
|rule|Sleep Clause Mod: Limit one foe put to sleep
|rule|Switch Priority Clause Mod: Faster Pokémon switch first
|rule|Species Clause: Limit one of each Pokémon
|rule|OHKO Clause: OHKO moves are banned
|rule|Evasion Items Clause: Evasion items are banned
|rule|Evasion Moves Clause: Evasion moves are banned
|rule|Endless Battle Clause: Forcing endless battles is banned
|rule|HP Percentage Mod: HP is shown in percentages
|rule|One Boost Passer Clause: Limit one Baton Passer that has a way to boost its stats
|rule|Freeze Clause Mod: Limit one foe frozen
|
|t:|1728847578
|start
|switch|p1a: Heracross|Heracross, F|100/100
|switch|p2a: Metagross|Metagross|100/100
|turn|1
|
|t:|1728847582
|move|p1a: Heracross|Endure|p1a: Heracross
|-singleturn|p1a: Heracross|move: Endure
|move|p2a: Metagross|Meteor Mash|p1a: Heracross|[miss]
|-miss|p2a: Metagross|p1a: Heracross
|
|upkeep
|turn|2
|
|t:|1728847590
|switch|p1a: Metagross|Metagross|100/100
|switch|p2a: Salamence|Salamence, M|100/100
|-ability|p2a: Salamence|Intimidate|boost
|-fail|p1a: Metagross|unboost|[from] ability: Clear Body|[of] p1a: Metagross
|
|upkeep
|turn|3
|
|t:|1728847600
|switch|p1a: Salamence|Salamence, F|100/100
|-ability|p1a: Salamence|Intimidate|boost
|-unboost|p2a: Salamence|atk|1
|move|p2a: Salamence|Fire Blast|p1a: Salamence|[miss]
|-miss|p2a: Salamence|p1a: Salamence
|
|upkeep
|turn|4
|
|t:|1728847606
|switch|p1a: Snorlax|Snorlax, F|100/100
|move|p2a: Salamence|Dragon Claw|p1a: Snorlax
|-damage|p1a: Snorlax|79/100
|
|-heal|p1a: Snorlax|85/100|[from] item: Leftovers
|upkeep
|turn|5
|c|☆Msousagamer|DON'T HIT A MOVE
|c|☆Msousagamer|I CERTAINLY DON'T NEED IT
|
|t:|1728847614
|switch|p2a: Metagross|Metagross|100/100
|move|p1a: Snorlax|Body Slam|p2a: Metagross
|-resisted|p2a: Metagross
|-damage|p2a: Metagross|86/100
|-status|p2a: Metagross|par
|
|-heal|p1a: Snorlax|91/100|[from] item: Leftovers
|upkeep
|turn|6
|c|☆ChangchunDeXiannu|lol
|
|t:|1728847630
|move|p1a: Snorlax|Earthquake|p2a: Metagross
|-supereffective|p2a: Metagross
|-damage|p2a: Metagross|38/100 par
|move|p2a: Metagross|Earthquake|p1a: Snorlax
|-damage|p1a: Snorlax|42/100
|
|-heal|p1a: Snorlax|49/100|[from] item: Leftovers
|upkeep
|turn|7
|
|t:|1728847637
|switch|p2a: Celebi|Celebi|100/100
|move|p1a: Snorlax|Earthquake|p2a: Celebi
|-resisted|p2a: Celebi
|-damage|p2a: Celebi|87/100
|
|-heal|p2a: Celebi|93/100|[from] item: Leftovers
|-heal|p1a: Snorlax|55/100|[from] item: Leftovers
|upkeep
|turn|8
|
|t:|1728847642
|move|p2a: Celebi|Leech Seed|p1a: Snorlax
|-start|p1a: Snorlax|move: Leech Seed
|move|p1a: Snorlax|Shadow Ball|p2a: Celebi
|-supereffective|p2a: Celebi
|-damage|p2a: Celebi|49/100
|
|-heal|p2a: Celebi|55/100|[from] item: Leftovers
|-heal|p1a: Snorlax|61/100|[from] item: Leftovers
|-damage|p1a: Snorlax|49/100|[from] Leech Seed|[of] p2a: Celebi
|-heal|p2a: Celebi|71/100|[silent]
|upkeep
|turn|9
|
|t:|1728847646
|switch|p1a: Camerupt|Camerupt, M|100/100
|move|p2a: Celebi|Psychic|p1a: Camerupt
|-damage|p1a: Camerupt|53/100
|
|-heal|p2a: Celebi|77/100|[from] item: Leftovers
|-heal|p1a: Camerupt|60/100|[from] item: Leftovers
|upkeep
|turn|10
|
|t:|1728847651
|switch|p2a: Suicune|Suicune|100/100
|move|p1a: Camerupt|Fire Blast|p2a: Suicune
|-resisted|p2a: Suicune
|-damage|p2a: Suicune|83/100
|
|-heal|p2a: Suicune|89/100|[from] item: Leftovers
|-heal|p1a: Camerupt|66/100|[from] item: Leftovers
|upkeep
|turn|11
|
|t:|1728847658
|switch|p1a: Snorlax|Snorlax, F|49/100
|move|p2a: Suicune|Surf|p1a: Snorlax
|-damage|p1a: Snorlax|23/100
|
|-heal|p2a: Suicune|95/100|[from] item: Leftovers
|-heal|p1a: Snorlax|29/100|[from] item: Leftovers
|upkeep
|turn|12
|
|t:|1728847666
|switch|p2a: Metagross|Metagross|38/100 par
|move|p1a: Snorlax|Self-Destruct|p2a: Metagross
|-resisted|p2a: Metagross
|-damage|p2a: Metagross|0 fnt
|faint|p1a: Snorlax
|faint|p2a: Metagross
|
|t:|1728847678
|switch|p2a: Salamence|Salamence, M|100/100
|switch|p1a: Salamence|Salamence, F|100/100
|-ability|p2a: Salamence|Intimidate|boost
|-unboost|p1a: Salamence|atk|1
|-ability|p1a: Salamence|Intimidate|boost
|-unboost|p2a: Salamence|atk|1
|
|upkeep
|turn|13
|
|t:|1728847685
|move|p2a: Salamence|Dragon Claw|p1a: Salamence
|-supereffective|p1a: Salamence
|-damage|p1a: Salamence|8/100
|move|p1a: Salamence|Dragon Dance|p1a: Salamence
|-boost|p1a: Salamence|atk|1
|-boost|p1a: Salamence|spe|1
|
|-heal|p1a: Salamence|14/100|[from] item: Leftovers
|upkeep
|turn|14
|
|t:|1728847691
|switch|p2a: Claydol|Claydol|100/100
|move|p1a: Salamence|Rock Slide|p2a: Claydol
|-resisted|p2a: Claydol
|-damage|p2a: Claydol|83/100
|
|-heal|p1a: Salamence|20/100|[from] item: Leftovers
|-heal|p2a: Claydol|89/100|[from] item: Leftovers
|upkeep
|turn|15
|
|t:|1728847697
|switch|p1a: Metagross|Metagross|100/100
|move|p2a: Claydol|Shadow Ball|p1a: Metagross
|-damage|p1a: Metagross|85/100
|
|-heal|p2a: Claydol|95/100|[from] item: Leftovers
|upkeep
|turn|16
|
|t:|1728847700
|move|p2a: Claydol|Earthquake|p1a: Metagross
|-supereffective|p1a: Metagross
|-damage|p1a: Metagross|20/100
|move|p1a: Metagross|Meteor Mash|p2a: Claydol|[miss]
|-miss|p1a: Metagross|p2a: Claydol
|
|-heal|p2a: Claydol|100/100|[from] item: Leftovers
|-enditem|p1a: Metagross|Salac Berry|[eat]
|-boost|p1a: Metagross|spe|1|[from] item: Salac Berry
|upkeep
|turn|17
|
|t:|1728847706
|move|p1a: Metagross|Endure|p1a: Metagross
|-singleturn|p1a: Metagross|move: Endure
|move|p2a: Claydol|Earthquake|p1a: Metagross
|-supereffective|p1a: Metagross
|-activate|p1a: Metagross|move: Endure
|-damage|p1a: Metagross|1/100
|
|upkeep
|turn|18
|
|t:|1728847708
|move|p1a: Metagross|Meteor Mash|p2a: Claydol
|-damage|p2a: Claydol|31/100
|move|p2a: Claydol|Earthquake|p1a: Metagross
|-supereffective|p1a: Metagross
|-damage|p1a: Metagross|0 fnt
|faint|p1a: Metagross
|
|t:|1728847717
|switch|p1a: Salamence|Salamence, F|20/100
|-ability|p1a: Salamence|Intimidate|boost
|-unboost|p2a: Claydol|atk|1
|
|-heal|p2a: Claydol|37/100|[from] item: Leftovers
|-heal|p1a: Salamence|27/100|[from] item: Leftovers
|upkeep
|turn|19
|
|t:|1728847720
|move|p2a: Claydol|Explosion|p1a: Salamence
|-damage|p1a: Salamence|0 fnt
|faint|p2a: Claydol
|faint|p1a: Salamence
|
|t:|1728847733
|switch|p2a: Salamence|Salamence, M|100/100
|switch|p1a: Camerupt|Camerupt, M|66/100
|-ability|p2a: Salamence|Intimidate|boost
|-unboost|p1a: Camerupt|atk|1
|
|-heal|p1a: Camerupt|72/100|[from] item: Leftovers
|upkeep
|turn|20
|
|t:|1728847741
|switch|p2a: Suicune|Suicune|95/100
|move|p1a: Camerupt|Explosion|p2a: Suicune
|-damage|p2a: Suicune|16/100
|faint|p1a: Camerupt
|
|t:|1728847745
|switch|p1a: Heracross|Heracross, F|100/100
|
|-heal|p2a: Suicune|22/100|[from] item: Leftovers
|upkeep
|turn|21
|
|t:|1728847754
|move|p1a: Heracross|Swords Dance|p1a: Heracross
|-boost|p1a: Heracross|atk|2
|move|p2a: Suicune|Surf|p1a: Heracross
|-damage|p1a: Heracross|50/100
|
|-heal|p2a: Suicune|28/100|[from] item: Leftovers
|upkeep
|turn|22
|
|t:|1728847758
|switch|p2a: Salamence|Salamence, M|100/100
|-ability|p2a: Salamence|Intimidate|boost
|-unboost|p1a: Heracross|atk|1
|move|p1a: Heracross|Megahorn|p2a: Salamence
|-resisted|p2a: Salamence
|-damage|p2a: Salamence|34/100
|
|-heal|p2a: Salamence|40/100|[from] item: Leftovers
|upkeep
|turn|23
|
|t:|1728847763
|move|p2a: Salamence|Wish|p2a: Salamence
|move|p1a: Heracross|Rock Slide|p2a: Salamence
|-supereffective|p2a: Salamence
|-damage|p2a: Salamence|0 fnt
|faint|p2a: Salamence
|
|t:|1728847770
|switch|p2a: Snorlax|Snorlax, F|100/100
|
|upkeep
|turn|24
|
|t:|1728847774
|switch|p1a: Magneton|Magneton|100/100
|move|p2a: Snorlax|Double-Edge|p1a: Magneton
|-resisted|p1a: Magneton
|-damage|p1a: Magneton|59/100
|-damage|p2a: Snorlax|93/100|[from] Recoil|[of] p1a: Magneton
|
|-heal|p2a: Snorlax|100/100|[from] move: Wish|[wisher] Salamence
|upkeep
|turn|25
|
|t:|1728847777
|switch|p2a: Celebi|Celebi|77/100
|move|p1a: Magneton|Thunderbolt|p2a: Celebi
|-resisted|p2a: Celebi
|-damage|p2a: Celebi|52/100
|
|-heal|p2a: Celebi|58/100|[from] item: Leftovers
|upkeep
|turn|26
|
|t:|1728847781
|move|p2a: Celebi|Leech Seed|p1a: Magneton
|-start|p1a: Magneton|move: Leech Seed
|move|p1a: Magneton|Substitute|p1a: Magneton
|-start|p1a: Magneton|Substitute
|-damage|p1a: Magneton|34/100
|
|-heal|p2a: Celebi|64/100|[from] item: Leftovers
|-damage|p1a: Magneton|22/100|[from] Leech Seed|[of] p2a: Celebi
|-heal|p2a: Celebi|73/100|[silent]
|upkeep
|turn|27
|
|t:|1728847784
|move|p2a: Celebi|Calm Mind|p2a: Celebi
|-boost|p2a: Celebi|spa|1
|-boost|p2a: Celebi|spd|1
|move|p1a: Magneton|Thunder Wave|p2a: Celebi
|-status|p2a: Celebi|par
|
|-damage|p1a: Magneton|9/100|[from] Leech Seed|[of] p2a: Celebi
|-heal|p2a: Celebi|81/100 par|[silent]
|-heal|p2a: Celebi|87/100 par|[from] item: Leftovers
|upkeep
|turn|28
|
|t:|1728847787
|move|p1a: Magneton|Thunderbolt|p2a: Celebi
|-resisted|p2a: Celebi
|-damage|p2a: Celebi|70/100 par
|cant|p2a: Celebi|par
|
|-damage|p1a: Magneton|0 fnt|[from] Leech Seed|[of] p2a: Celebi
|-heal|p2a: Celebi|76/100 par|[silent]
|faint|p1a: Magneton
|-heal|p2a: Celebi|82/100 par|[from] item: Leftovers
|upkeep
|
|t:|1728847789
|switch|p1a: Heracross|Heracross, F|50/100
|turn|29
|
|t:|1728847794
|move|p1a: Heracross|Megahorn|p2a: Celebi
|-supereffective|p2a: Celebi
|-damage|p2a: Celebi|0 fnt
|faint|p2a: Celebi
|
|t:|1728847796
|switch|p2a: Snorlax|Snorlax, F|100/100
|
|upkeep
|turn|30
|
|t:|1728847798
|move|p1a: Heracross|Endure|p1a: Heracross
|-singleturn|p1a: Heracross|move: Endure
|move|p2a: Snorlax|Double-Edge|p1a: Heracross
|-activate|p1a: Heracross|move: Endure
|-damage|p1a: Heracross|1/100
|-damage|p2a: Snorlax|90/100|[from] Recoil|[of] p1a: Heracross
|
|-enditem|p1a: Heracross|Salac Berry|[eat]
|-boost|p1a: Heracross|spe|1|[from] item: Salac Berry
|-heal|p2a: Snorlax|96/100|[from] item: Leftovers
|upkeep
|turn|31
|
|t:|1728847801
|move|p1a: Heracross|Megahorn|p2a: Snorlax|[miss]
|-miss|p1a: Heracross|p2a: Snorlax
|move|p2a: Snorlax|Double-Edge|p1a: Heracross
|-damage|p1a: Heracross|0 fnt
|-damage|p2a: Snorlax|96/100|[from] Recoil|[of] p1a: Heracross
|faint|p1a: Heracross
|
|win|Msousagamer
|c|☆Msousagamer|Gg
|c|☆ChangchunDeXiannu|gg

</script>
<script type="application/json" class="data" id="replaydata-smogtours-gen3ou-798304">
{"id":"smogtours-gen3ou-798304","format":"[Gen 3] OU","players":["ChangchunDeXiannu","Msousagamer"],"uploadtime":1728847801,"views":95,"formatid":"gen3ou","rating":null,"private":0,"password":null}
</script>

<script defer src="js/replays.js?9d40a366"></script>
