<!DOCTYPE html>
<meta charset="utf-8" />
<meta name="viewport" content="width=device-width" />

<title>[Gen 3] OU: Group PD vs. bigyunakafan - Replays - Pok&eacute;mon Showdown!</title>

<meta name="description" content="Watch a replay of a Pok&eacute;mon battle between Group PD and bigyunakafan! Format: [Gen 3] OU; Date: Oct 8, 2024" />
<!--

Hey, you! Looking in the source for the replay log?

You can find them in JSON format, just add `.json` at the end of a replay URL.

https://replay.pokemonshowdown.com/gen7randomdoublesbattle-865046831.json

Or, if you only need the log itself, add `.log` instead:

https://replay.pokemonshowdown.com/gen7randomdoublesbattle-865046831.log

-->

<link rel="stylesheet" href="//pokemonshowdown.com/style/global.css?0.767286132409787" />
<link rel="stylesheet" href="//play.pokemonshowdown.com/style/font-awesome.css?0.9266228007934947" />
<link rel="stylesheet" href="//play.pokemonshowdown.com/style/battle.css?0.7924700842790926" />
<link rel="stylesheet" href="//play.pokemonshowdown.com/style/utilichart.css?0.8777417872839479" />

<!-- Global site tag (gtag.js) - Google Analytics -->
<script async src="https://www.googletagmanager.com/gtag/js?id=UA-26211653-1"></script>
<script>
  window.dataLayer = window.dataLayer || [];
  function gtag(){dataLayer.push(arguments);}
  gtag('js', new Date());

  gtag('config', 'UA-26211653-1');
</script>
<!-- End Google Analytics -->
<!-- Venatus Ad Manager - Install in <HEAD> of page -->
	<script src="https://hb.vntsm.com/v3/live/ad-manager.min.js" type="text/javascript" data-site-id="642aba63ec9a7b11c3c9c1be" data-mode="scan" async></script>
<!-- / Venatus Ad Manager -->

<style>
	@media (max-width:820px) {
		.battle {
			margin: 0 auto;
		}
		.battle-log {
			margin: 7px auto 0;
			max-width: 640px;
			height: 300px;
			position: static;
		}
	}
	.optgroup {
		display: inline-block;
		line-height: 22px;
		font-size: 10pt;
	}
	.optgroup .button {
		height: 25px;
		padding-top: 0;
		padding-bottom: 0;
	}
	.optgroup button.button {
		padding-left: 12px;
		padding-right: 12px;
	}
	.linklist {
		list-style: none;
		margin: 0.5em 0;
		padding: 0;
	}
	.linklist li {
		padding: 2px 0;
	}
	.sidebar {
		float: left;
		width: 320px;
	}
	.bar-wrapper {
		max-width: 1100px;
		margin: 0 auto;
	}
	.bar-wrapper.has-sidebar {
		max-width: 1430px;
	}
	.mainbar {
		margin: 0;
		padding-right: 1px;
	}
	.mainbar.has-sidebar {
		margin-left: 330px;
	}
	@media (min-width: 1511px) {
		.sidebar {
			width: 400px;
		}
		.bar-wrapper.has-sidebar {
			max-width: 1510px;
		}
		.mainbar.has-sidebar {
			margin-left: 410px;
		}
	}
	.section.first-section {
		margin-top: 9px;
	}
	.blocklink small {
		white-space: normal;
	}
	.button {
		vertical-align: middle;
	}
	.replay-controls {
		padding-top: 10px;
	}
	.replay-controls h1 {
		font-size: 16pt;
		font-weight: normal;
		color: #CCC;
	}
	.pagelink {
		text-align: center;
	}
	.pagelink a {
		width: 150px;
	}
	.textbox, .button {
		font-size: 11pt;
		vertical-align: middle;
	}
	@media (max-width: 450px) {
		.button {
			font-size: 9pt;
		}
	}
</style>

<div>

	<header>
		<div class="nav-wrapper"><ul class="nav">
			<li><a class="button nav-first" href="//pokemonshowdown.com/"><img src="//pokemonshowdown.com/images/pokemonshowdownbeta.png" srcset="//pokemonshowdown.com/images/pokemonshowdownbeta.png 1x, //pokemonshowdown.com/images/pokemonshowdownbeta@2x.png 2x" alt="Pok&eacute;mon Showdown" width="146" height="44" /> Home</a></li>
			<li><a class="button" href="//pokemonshowdown.com/dex/">Pok&eacute;dex</a></li>
			<li><a class="button cur" href="/">Replays</a></li>
			<li><a class="button" href="//pokemonshowdown.com/ladder/">Ladder</a></li>
			<li><a class="button nav-last" href="//pokemonshowdown.com/forums/">Forum</a></li>
			<li><a class="button greenbutton nav-first nav-last" href="//play.pokemonshowdown.com/">Play</a></li>
		</ul></div>
	</header>

	<div class="main" id="main">

		<noscript><section class="section">You need to enable JavaScript to use this page; sorry!</section></noscript>

	</div>

</div>

<script defer nomodule src="//play.pokemonshowdown.com/js/lib/ps-polyfill.js"></script>
<script defer src="//play.pokemonshowdown.com/js/lib/preact.min.js"></script>

<script defer src="//play.pokemonshowdown.com/config/config.js?6dec07f6"></script>
<script defer src="//play.pokemonshowdown.com/js/lib/jquery-1.11.0.min.js"></script>
<script defer src="//play.pokemonshowdown.com/js/lib/html-sanitizer-minified.js"></script>
<script defer src="//play.pokemonshowdown.com/js/battle-sound.js"></script>
<script defer src="//play.pokemonshowdown.com/js/battledata.js?0.6315294753075389"></script>
<script defer src="//play.pokemonshowdown.com/data/pokedex-mini.js?0.7603743185311358"></script>
<script defer src="//play.pokemonshowdown.com/data/pokedex-mini-bw.js?0.030888842834281283"></script>
<script defer src="//play.pokemonshowdown.com/data/graphics.js?0.05593094747507488"></script>
<script defer src="//play.pokemonshowdown.com/data/pokedex.js?0.47064822249611904"></script>
<script defer src="//play.pokemonshowdown.com/data/moves.js?0.8583693120512459"></script>
<script defer src="//play.pokemonshowdown.com/data/abilities.js?0.16017181182386842"></script>
<script defer src="//play.pokemonshowdown.com/data/items.js?0.4163379185673943"></script>
<script defer src="//play.pokemonshowdown.com/data/teambuilder-tables.js?0.31075597372830477"></script>
<script defer src="//play.pokemonshowdown.com/js/battle-tooltips.js?0.6536193500708172"></script>
<script defer src="//play.pokemonshowdown.com/js/battle.js?0.1916591943277901"></script>

<script defer src="js/utils.js?e31f9a17"></script>
<script defer src="js/replays-battle.js?7008c182"></script>

<!-- don't scrape this data! just add .json or .log after the URL!
Full API docs: https://github.com/smogon/pokemon-showdown-client/blob/master/WEB-API.md -->
<script type="text/plain" class="log" id="replaylog-smogtours-gen3ou-796440">
|inactive|Battle timer is ON: inactive players will automatically lose when time's up.
|t:|1728414121
|gametype|singles
|player|p1|Group PD|169|
|player|p2|bigyunakafan|101|
|teamsize|p1|6
|teamsize|p2|6
|gen|3
|tier|[Gen 3] OU
|rule|Sleep Clause Mod: Limit one foe put to sleep
|rule|Switch Priority Clause Mod: Faster Pokémon switch first
|rule|Species Clause: Limit one of each Pokémon
|rule|OHKO Clause: OHKO moves are banned
|rule|Evasion Items Clause: Evasion items are banned
|rule|Evasion Moves Clause: Evasion moves are banned
|rule|Endless Battle Clause: Forcing endless battles is banned
|rule|HP Percentage Mod: HP is shown in percentages
|rule|One Boost Passer Clause: Limit one Baton Passer that has a way to boost its stats
|rule|Freeze Clause Mod: Limit one foe frozen
|
|t:|1728414121
|start
|switch|p1a: Suicune|Suicune|100/100
|switch|p2a: Zapdos|Zapdos|100/100
|turn|1
|
|t:|1728414128
|switch|p1a: Porygon2|Porygon2|100/100
|-ability|p1a: Porygon2|Pressure|[from] ability: Trace|[of] p2a: Zapdos
|move|p2a: Zapdos|Thunder Wave|p1a: Porygon2
|-status|p1a: Porygon2|par
|
|upkeep
|turn|2
|
|t:|1728414143
|switch|p2a: Starmie|Starmie|100/100
|move|p1a: Porygon2|Ice Beam|p2a: Starmie
|-resisted|p2a: Starmie
|-damage|p2a: Starmie|82/100
|-status|p2a: Starmie|frz
|
|-heal|p2a: Starmie|88/100 frz|[from] item: Leftovers
|upkeep
|turn|3
|
|t:|1728414151
|cant|p2a: Starmie|frz
|move|p1a: Porygon2|Thunderbolt|p2a: Starmie
|-supereffective|p2a: Starmie
|-damage|p2a: Starmie|15/100 frz
|
|-heal|p2a: Starmie|21/100 frz|[from] item: Leftovers
|upkeep
|turn|4
|
|t:|1728414161
|-curestatus|p2a: Starmie|frz|[from] ability: Natural Cure
|switch|p2a: Celebi|Celebi|100/100
|move|p1a: Porygon2|Toxic|p2a: Celebi
|-status|p2a: Celebi|tox
|
|-damage|p2a: Celebi|94/100 tox|[from] psn
|upkeep
|turn|5
|
|t:|1728414169
|-curestatus|p2a: Celebi|tox|[from] ability: Natural Cure
|switch|p2a: Zapdos|Zapdos|100/100
|switch|p1a: Celebi|Celebi|100/100
|
|upkeep
|turn|6
|
|t:|1728414180
|switch|p2a: Celebi|Celebi|94/100
|move|p1a: Celebi|Calm Mind|p1a: Celebi
|-boost|p1a: Celebi|spa|1
|-boost|p1a: Celebi|spd|1
|
|-heal|p2a: Celebi|100/100|[from] item: Leftovers
|upkeep
|turn|7
|
|t:|1728414193
|switch|p2a: Salamence|Salamence, M|100/100
|-ability|p2a: Salamence|Intimidate|boost
|-unboost|p1a: Celebi|atk|1
|move|p1a: Celebi|Hidden Power|p2a: Salamence
|-resisted|p2a: Salamence
|-damage|p2a: Salamence|78/100
|
|-heal|p2a: Salamence|84/100|[from] item: Leftovers
|upkeep
|turn|8
|
|t:|1728414202
|move|p1a: Celebi|Baton Pass|p1a: Celebi
|
|t:|1728414204
|switch|p1a: Raikou|Raikou|100/100|[from] Baton Pass
|move|p2a: Salamence|Fire Blast|p1a: Raikou|[miss]
|-miss|p2a: Salamence|p1a: Raikou
|
|-heal|p2a: Salamence|90/100|[from] item: Leftovers
|upkeep
|turn|9
|
|t:|1728414209
|move|p1a: Raikou|Hidden Power|p2a: Salamence
|-supereffective|p2a: Salamence
|-damage|p2a: Salamence|0 fnt
|faint|p2a: Salamence
|
|t:|1728414217
|switch|p2a: Zapdos|Zapdos|100/100
|
|upkeep
|turn|10
|
|t:|1728414226
|switch|p1a: Porygon2|Porygon2|100/100 par
|-ability|p1a: Porygon2|Pressure|[from] ability: Trace|[of] p2a: Zapdos
|move|p2a: Zapdos|Roar|p1a: Porygon2
|drag|p1a: Suicune|Suicune|100/100
|
|upkeep
|turn|11
|
|t:|1728414230
|switch|p1a: Porygon2|Porygon2|100/100 par
|-ability|p1a: Porygon2|Pressure|[from] ability: Trace|[of] p2a: Zapdos
|move|p2a: Zapdos|Thunderbolt|p1a: Porygon2
|-damage|p1a: Porygon2|54/100 par
|
|-heal|p1a: Porygon2|60/100 par|[from] item: Leftovers
|upkeep
|turn|12
|
|t:|1728414235
|move|p2a: Zapdos|Thunderbolt|p1a: Porygon2
|-damage|p1a: Porygon2|11/100 par
|move|p1a: Porygon2|Toxic|p2a: Zapdos
|-status|p2a: Zapdos|tox
|
|-damage|p2a: Zapdos|94/100 tox|[from] psn
|-heal|p1a: Porygon2|18/100 par|[from] item: Leftovers
|upkeep
|turn|13
|
|t:|1728414242
|switch|p1a: Celebi|Celebi|100/100
|move|p2a: Zapdos|Thunderbolt|p1a: Celebi
|-resisted|p1a: Celebi
|-damage|p1a: Celebi|80/100
|
|-heal|p2a: Zapdos|100/100 tox|[from] item: Leftovers
|-damage|p2a: Zapdos|88/100 tox|[from] psn
|-heal|p1a: Celebi|86/100|[from] item: Leftovers
|upkeep
|turn|14
|
|t:|1728414247
|switch|p2a: Skarmory|Skarmory, F|100/100
|move|p1a: Celebi|Calm Mind|p1a: Celebi
|-boost|p1a: Celebi|spa|1
|-boost|p1a: Celebi|spd|1
|
|-heal|p1a: Celebi|92/100|[from] item: Leftovers
|upkeep
|turn|15
|
|t:|1728414254
|move|p1a: Celebi|Hidden Power|p2a: Skarmory
|-supereffective|p2a: Skarmory
|-damage|p2a: Skarmory|42/100
|move|p2a: Skarmory|Roar|p1a: Celebi
|drag|p1a: Suicune|Suicune|100/100
|
|-heal|p2a: Skarmory|48/100|[from] item: Leftovers
|upkeep
|turn|16
|
|t:|1728414264
|move|p1a: Suicune|Hydro Pump|p2a: Skarmory|[miss]
|-miss|p1a: Suicune|p2a: Skarmory
|move|p2a: Skarmory|Spikes|p1a: Suicune
|-sidestart|p1: Group PD|Spikes
|
|-heal|p2a: Skarmory|53/100|[from] item: Leftovers
|upkeep
|turn|17
|
|t:|1728414269
|move|p2a: Skarmory|Protect|p2a: Skarmory
|-singleturn|p2a: Skarmory|Protect
|move|p1a: Suicune|Calm Mind|p1a: Suicune
|-boost|p1a: Suicune|spa|1
|-boost|p1a: Suicune|spd|1
|
|-heal|p2a: Skarmory|59/100|[from] item: Leftovers
|upkeep
|turn|18
|
|t:|1728414273
|move|p1a: Suicune|Hydro Pump|p2a: Skarmory|[miss]
|-miss|p1a: Suicune|p2a: Skarmory
|move|p2a: Skarmory|Toxic|p1a: Suicune
|-status|p1a: Suicune|tox
|
|-damage|p1a: Suicune|94/100 tox|[from] psn
|-heal|p2a: Skarmory|65/100|[from] item: Leftovers
|upkeep
|turn|19
|
|t:|1728414279
|move|p1a: Suicune|Hydro Pump|p2a: Skarmory|[miss]
|-miss|p1a: Suicune|p2a: Skarmory
|move|p2a: Skarmory|Roar|p1a: Suicune
|drag|p1a: Raikou|Raikou|100/100
|-damage|p1a: Raikou|88/100|[from] Spikes
|
|-heal|p1a: Raikou|94/100|[from] item: Leftovers
|-heal|p2a: Skarmory|71/100|[from] item: Leftovers
|upkeep
|turn|20
|c|☆Group PD|oof
|c|☆bigyunakafan|ok i think we've even now lmao
|
|t:|1728414292
|move|p1a: Raikou|Thunderbolt|p2a: Skarmory
|-supereffective|p2a: Skarmory
|-damage|p2a: Skarmory|0 fnt
|faint|p2a: Skarmory
|c|☆Group PD|yeah fairs
|
|t:|1728414311
|switch|p2a: Celebi|Celebi|100/100
|
|-heal|p1a: Raikou|100/100|[from] item: Leftovers
|upkeep
|turn|21
|
|t:|1728414321
|switch|p1a: Porygon2|Porygon2|18/100 par
|-damage|p1a: Porygon2|5/100 par|[from] Spikes
|-ability|p1a: Porygon2|Natural Cure|[from] ability: Trace|[of] p2a: Celebi
|move|p2a: Celebi|Psychic|p1a: Porygon2
|-damage|p1a: Porygon2|0 fnt
|faint|p1a: Porygon2
|
|t:|1728414325
|switch|p1a: Celebi|Celebi|92/100
|-damage|p1a: Celebi|80/100|[from] Spikes
|
|-heal|p1a: Celebi|86/100|[from] item: Leftovers
|upkeep
|turn|22
|
|t:|1728414328
|switch|p2a: Blaziken|Blaziken, F|100/100
|move|p1a: Celebi|Calm Mind|p1a: Celebi
|-boost|p1a: Celebi|spa|1
|-boost|p1a: Celebi|spd|1
|
|-heal|p1a: Celebi|92/100|[from] item: Leftovers
|upkeep
|turn|23
|
|t:|1728414340
|switch|p2a: Zapdos|Zapdos|88/100 tox
|move|p1a: Celebi|Giga Drain|p2a: Zapdos
|-resisted|p2a: Zapdos
|-damage|p2a: Zapdos|64/100 tox
|-heal|p1a: Celebi|100/100|[from] drain|[of] p2a: Zapdos
|
|-heal|p2a: Zapdos|70/100 tox|[from] item: Leftovers
|-damage|p2a: Zapdos|64/100 tox|[from] psn
|upkeep
|turn|24
|
|t:|1728414348
|move|p1a: Celebi|Hidden Power|p2a: Zapdos
|-damage|p2a: Zapdos|31/100 tox
|move|p2a: Zapdos|Roar|p1a: Celebi
|drag|p1a: Jirachi|Jirachi|100/100
|-damage|p1a: Jirachi|88/100|[from] Spikes
|
|-heal|p1a: Jirachi|94/100|[from] item: Leftovers
|-heal|p2a: Zapdos|37/100 tox|[from] item: Leftovers
|-damage|p2a: Zapdos|25/100 tox|[from] psn
|upkeep
|turn|25
|
|t:|1728414357
|switch|p1a: Celebi|Celebi|100/100
|-damage|p1a: Celebi|88/100|[from] Spikes
|move|p2a: Zapdos|Thunder Wave|p1a: Celebi
|-status|p1a: Celebi|par
|
|-heal|p2a: Zapdos|31/100 tox|[from] item: Leftovers
|-damage|p2a: Zapdos|13/100 tox|[from] psn
|-heal|p1a: Celebi|94/100 par|[from] item: Leftovers
|upkeep
|turn|26
|
|t:|1728414362
|switch|p2a: Starmie|Starmie|21/100
|move|p1a: Celebi|Baton Pass|p1a: Celebi
|
|t:|1728414365
|-curestatus|p1a: Celebi|par|[from] ability: Natural Cure
|switch|p1a: Raikou|Raikou|100/100|[from] Baton Pass
|-damage|p1a: Raikou|88/100|[from] Spikes
|
|-heal|p2a: Starmie|27/100|[from] item: Leftovers
|-heal|p1a: Raikou|94/100|[from] item: Leftovers
|upkeep
|turn|27
|
|t:|1728414370
|move|p2a: Starmie|Hydro Pump|p1a: Raikou
|-damage|p1a: Raikou|36/100
|move|p1a: Raikou|Thunderbolt|p2a: Starmie
|-supereffective|p2a: Starmie
|-damage|p2a: Starmie|0 fnt
|faint|p2a: Starmie
|
|t:|1728414374
|switch|p2a: Blaziken|Blaziken, F|100/100
|
|-heal|p1a: Raikou|42/100|[from] item: Leftovers
|upkeep
|turn|28
|
|t:|1728414390
|move|p1a: Raikou|Thunderbolt|p2a: Blaziken
|-damage|p2a: Blaziken|35/100
|move|p2a: Blaziken|Fire Blast|p1a: Raikou
|-damage|p1a: Raikou|0 fnt
|faint|p1a: Raikou
|
|t:|1728414397
|switch|p1a: Dugtrio|Dugtrio, F|100/100
|-damage|p1a: Dugtrio|88/100|[from] Spikes
|
|-heal|p2a: Blaziken|41/100|[from] item: Leftovers
|upkeep
|turn|29
|
|t:|1728414403
|move|p1a: Dugtrio|Earthquake|p2a: Blaziken
|-supereffective|p2a: Blaziken
|-damage|p2a: Blaziken|0 fnt
|faint|p2a: Blaziken
|
|t:|1728414416
|switch|p2a: Zapdos|Zapdos|13/100 tox
|
|-heal|p2a: Zapdos|19/100 tox|[from] item: Leftovers
|-damage|p2a: Zapdos|13/100 tox|[from] psn
|upkeep
|turn|30
|
|t:|1728414420
|switch|p1a: Celebi|Celebi|94/100
|-damage|p1a: Celebi|82/100|[from] Spikes
|move|p2a: Zapdos|Hidden Power|p1a: Celebi
|-resisted|p1a: Celebi
|-damage|p1a: Celebi|70/100
|
|-heal|p2a: Zapdos|19/100 tox|[from] item: Leftovers
|-damage|p2a: Zapdos|6/100 tox|[from] psn
|-heal|p1a: Celebi|76/100|[from] item: Leftovers
|upkeep
|turn|31
|
|t:|1728414428
|move|p2a: Zapdos|Thunder Wave|p1a: Celebi
|-status|p1a: Celebi|par
|move|p1a: Celebi|Calm Mind|p1a: Celebi
|-boost|p1a: Celebi|spa|1
|-boost|p1a: Celebi|spd|1
|
|-heal|p2a: Zapdos|13/100 tox|[from] item: Leftovers
|-damage|p2a: Zapdos|0 fnt|[from] psn
|faint|p2a: Zapdos
|-heal|p1a: Celebi|82/100 par|[from] item: Leftovers
|upkeep
|
|t:|1728414431
|switch|p2a: Celebi|Celebi|100/100
|turn|32
|c|☆bigyunakafan|gg
|-message|bigyunakafan forfeited.
|
|win|Group PD

</script>
<script type="application/json" class="data" id="replaydata-smogtours-gen3ou-796440">
{"id":"smogtours-gen3ou-796440","format":"[Gen 3] OU","players":["Group PD","bigyunakafan"],"uploadtime":1728414443,"views":93,"formatid":"gen3ou","rating":null,"private":0,"password":null}
</script>

<script defer src="js/replays.js?9d40a366"></script>
