<!DOCTYPE html>
<meta charset="utf-8" />
<meta name="viewport" content="width=device-width" />

<title>[Gen 3] OU: jank_city.mp4 vs. Spreek - Replays - Pok&eacute;mon Showdown!</title>

<meta name="description" content="Watch a replay of a Pok&eacute;mon battle between jank_city.mp4 and Spreek! Format: [Gen 3] OU; Date: Oct 16, 2024" />
<!--

Hey, you! Looking in the source for the replay log?

You can find them in JSON format, just add `.json` at the end of a replay URL.

https://replay.pokemonshowdown.com/gen7randomdoublesbattle-865046831.json

Or, if you only need the log itself, add `.log` instead:

https://replay.pokemonshowdown.com/gen7randomdoublesbattle-865046831.log

-->

<link rel="stylesheet" href="//pokemonshowdown.com/style/global.css?0.023195364461161105" />
<link rel="stylesheet" href="//play.pokemonshowdown.com/style/font-awesome.css?0.13261647063804238" />
<link rel="stylesheet" href="//play.pokemonshowdown.com/style/battle.css?0.8753245789963631" />
<link rel="stylesheet" href="//play.pokemonshowdown.com/style/utilichart.css?0.8627959624976733" />

<!-- Global site tag (gtag.js) - Google Analytics -->
<script async src="https://www.googletagmanager.com/gtag/js?id=UA-26211653-1"></script>
<script>
  window.dataLayer = window.dataLayer || [];
  function gtag(){dataLayer.push(arguments);}
  gtag('js', new Date());

  gtag('config', 'UA-26211653-1');
</script>
<!-- End Google Analytics -->
<!-- Venatus Ad Manager - Install in <HEAD> of page -->
	<script src="https://hb.vntsm.com/v3/live/ad-manager.min.js" type="text/javascript" data-site-id="642aba63ec9a7b11c3c9c1be" data-mode="scan" async></script>
<!-- / Venatus Ad Manager -->

<style>
	@media (max-width:820px) {
		.battle {
			margin: 0 auto;
		}
		.battle-log {
			margin: 7px auto 0;
			max-width: 640px;
			height: 300px;
			position: static;
		}
	}
	.optgroup {
		display: inline-block;
		line-height: 22px;
		font-size: 10pt;
	}
	.optgroup .button {
		height: 25px;
		padding-top: 0;
		padding-bottom: 0;
	}
	.optgroup button.button {
		padding-left: 12px;
		padding-right: 12px;
	}
	.linklist {
		list-style: none;
		margin: 0.5em 0;
		padding: 0;
	}
	.linklist li {
		padding: 2px 0;
	}
	.sidebar {
		float: left;
		width: 320px;
	}
	.bar-wrapper {
		max-width: 1100px;
		margin: 0 auto;
	}
	.bar-wrapper.has-sidebar {
		max-width: 1430px;
	}
	.mainbar {
		margin: 0;
		padding-right: 1px;
	}
	.mainbar.has-sidebar {
		margin-left: 330px;
	}
	@media (min-width: 1511px) {
		.sidebar {
			width: 400px;
		}
		.bar-wrapper.has-sidebar {
			max-width: 1510px;
		}
		.mainbar.has-sidebar {
			margin-left: 410px;
		}
	}
	.section.first-section {
		margin-top: 9px;
	}
	.blocklink small {
		white-space: normal;
	}
	.button {
		vertical-align: middle;
	}
	.replay-controls {
		padding-top: 10px;
	}
	.replay-controls h1 {
		font-size: 16pt;
		font-weight: normal;
		color: #CCC;
	}
	.pagelink {
		text-align: center;
	}
	.pagelink a {
		width: 150px;
	}
	.textbox, .button {
		font-size: 11pt;
		vertical-align: middle;
	}
	@media (max-width: 450px) {
		.button {
			font-size: 9pt;
		}
	}
</style>

<div>

	<header>
		<div class="nav-wrapper"><ul class="nav">
			<li><a class="button nav-first" href="//pokemonshowdown.com/"><img src="//pokemonshowdown.com/images/pokemonshowdownbeta.png" srcset="//pokemonshowdown.com/images/pokemonshowdownbeta.png 1x, //pokemonshowdown.com/images/pokemonshowdownbeta@2x.png 2x" alt="Pok&eacute;mon Showdown" width="146" height="44" /> Home</a></li>
			<li><a class="button" href="//pokemonshowdown.com/dex/">Pok&eacute;dex</a></li>
			<li><a class="button cur" href="/">Replays</a></li>
			<li><a class="button" href="//pokemonshowdown.com/ladder/">Ladder</a></li>
			<li><a class="button nav-last" href="//pokemonshowdown.com/forums/">Forum</a></li>
			<li><a class="button greenbutton nav-first nav-last" href="//play.pokemonshowdown.com/">Play</a></li>
		</ul></div>
	</header>

	<div class="main" id="main">

		<noscript><section class="section">You need to enable JavaScript to use this page; sorry!</section></noscript>

	</div>

</div>

<script defer nomodule src="//play.pokemonshowdown.com/js/lib/ps-polyfill.js"></script>
<script defer src="//play.pokemonshowdown.com/js/lib/preact.min.js"></script>

<script defer src="//play.pokemonshowdown.com/config/config.js?2bddbc15"></script>
<script defer src="//play.pokemonshowdown.com/js/lib/jquery-1.11.0.min.js"></script>
<script defer src="//play.pokemonshowdown.com/js/lib/html-sanitizer-minified.js"></script>
<script defer src="//play.pokemonshowdown.com/js/battle-sound.js"></script>
<script defer src="//play.pokemonshowdown.com/js/battledata.js?0.7209276989879541"></script>
<script defer src="//play.pokemonshowdown.com/data/pokedex-mini.js?0.6111056340867951"></script>
<script defer src="//play.pokemonshowdown.com/data/pokedex-mini-bw.js?0.3532142036491459"></script>
<script defer src="//play.pokemonshowdown.com/data/graphics.js?0.24223875632456182"></script>
<script defer src="//play.pokemonshowdown.com/data/pokedex.js?0.38839984266356864"></script>
<script defer src="//play.pokemonshowdown.com/data/moves.js?0.21866028504024015"></script>
<script defer src="//play.pokemonshowdown.com/data/abilities.js?0.2005157953846628"></script>
<script defer src="//play.pokemonshowdown.com/data/items.js?0.9894211263848525"></script>
<script defer src="//play.pokemonshowdown.com/data/teambuilder-tables.js?0.6008791140282215"></script>
<script defer src="//play.pokemonshowdown.com/js/battle-tooltips.js?0.7580118955022959"></script>
<script defer src="//play.pokemonshowdown.com/js/battle.js?0.6057722274234274"></script>

<script defer src="js/utils.js?e31f9a17"></script>
<script defer src="js/replays-battle.js?7008c182"></script>

<!-- don't scrape this data! just add .json or .log after the URL!
Full API docs: https://github.com/smogon/pokemon-showdown-client/blob/master/WEB-API.md -->
<script type="text/plain" class="log" id="replaylog-smogtours-gen3ou-799121">
|inactive|Battle timer is ON: inactive players will automatically lose when time's up.
|t:|1729099943
|gametype|singles
|player|p1|jank_city.mp4|workerice|
|player|p2|Spreek|265|
|teamsize|p1|6
|teamsize|p2|6
|gen|3
|tier|[Gen 3] OU
|rule|Sleep Clause Mod: Limit one foe put to sleep
|rule|Switch Priority Clause Mod: Faster Pokémon switch first
|rule|Species Clause: Limit one of each Pokémon
|rule|OHKO Clause: OHKO moves are banned
|rule|Evasion Items Clause: Evasion items are banned
|rule|Evasion Moves Clause: Evasion moves are banned
|rule|Endless Battle Clause: Forcing endless battles is banned
|rule|HP Percentage Mod: HP is shown in percentages
|rule|One Boost Passer Clause: Limit one Baton Passer that has a way to boost its stats
|rule|Freeze Clause Mod: Limit one foe frozen
|
|t:|1729099943
|start
|switch|p1a: Skarmory|Skarmory, F|100/100
|switch|p2a: Skarmory|Skarmory, M|100/100
|turn|1
|c|☆Spreek|hf
|c|☆jank_city.mp4|glhf
|
|t:|1729099966
|switch|p2a: Magneton|Magneton|100/100
|move|p1a: Skarmory|Spikes|p2a: Magneton
|-sidestart|p2: Spreek|Spikes
|
|upkeep
|turn|2
|
|t:|1729099971
|move|p2a: Magneton|Thunderbolt|p1a: Skarmory
|-supereffective|p1a: Skarmory
|-damage|p1a: Skarmory|0 fnt
|faint|p1a: Skarmory
|inactive|jank_city.mp4 has 270 seconds left.
|inactive|jank_city.mp4 has 240 seconds left.
|
|t:|1729100040
|switch|p1a: Tyranitar|Tyranitar, F|100/100
|-weather|Sandstorm|[from] ability: Sand Stream|[of] p1a: Tyranitar
|
|-weather|Sandstorm|[upkeep]
|upkeep
|turn|3
|inactive|jank_city.mp4 has 240 seconds left.
|inactive|Spreek has 270 seconds left.
|
|t:|1729100070
|switch|p2a: Flygon|Flygon, M|100/100
|move|p1a: Tyranitar|Earthquake|p2a: Flygon
|-immune|p2a: Flygon
|
|-weather|Sandstorm|[upkeep]
|upkeep
|turn|4
|inactive|jank_city.mp4 has 240 seconds left.
|inactive|Spreek has 270 seconds left.
|
|t:|1729100096
|switch|p2a: Tyranitar|Tyranitar, F|100/100
|-damage|p2a: Tyranitar|88/100|[from] Spikes
|switch|p1a: CHEESING|Gengar, F|100/100
|
|-weather|Sandstorm|[upkeep]
|-damage|p1a: CHEESING|94/100|[from] Sandstorm
|-heal|p1a: CHEESING|100/100|[from] item: Leftovers
|-heal|p2a: Tyranitar|94/100|[from] item: Leftovers
|upkeep
|turn|5
|inactive|jank_city.mp4 has 240 seconds left.
|
|t:|1729100119
|-activate|p1a: CHEESING|move: Pursuit
|move|p2a: Tyranitar|Pursuit|p1a: CHEESING|[from]Pursuit
|-supereffective|p1a: CHEESING
|-damage|p1a: CHEESING|0 fnt
|faint|p1a: CHEESING
|-hint|Previously chosen switches continue in Gen 2-4 after a Pursuit target faints.
|switch|p1a: Meteor happen|Metagross|100/100
|
|-weather|Sandstorm|[upkeep]
|-heal|p2a: Tyranitar|99/100|[from] item: Leftovers
|upkeep
|turn|6
|inactive|jank_city.mp4 has 240 seconds left.
|c|☆jank_city.mp4|mag/flygon/pursuittar is so good into my team it feels like i'm playing into a cteam :sob:
|inactive|Spreek has 240 seconds left.
|c|☆Spreek|i did see gon was good into a lot of what you bring
|c|☆jank_city.mp4|damn
|inactive|jank_city.mp4 has 210 seconds left.
|inactive|Spreek has 210 seconds left.
|
|t:|1729100186
|switch|p2a: Charizard|Charizard, M|100/100
|move|p1a: Meteor happen|Earthquake|p2a: Charizard
|-immune|p2a: Charizard
|
|-weather|Sandstorm|[upkeep]
|-damage|p2a: Charizard|94/100|[from] Sandstorm
|-heal|p2a: Charizard|100/100|[from] item: Leftovers
|upkeep
|turn|7
|
|t:|1729100200
|switch|p1a: Jolteon|Jolteon, M|100/100
|move|p2a: Charizard|Toxic|p1a: Jolteon
|-status|p1a: Jolteon|tox
|
|-weather|Sandstorm|[upkeep]
|-damage|p1a: Jolteon|95/100 tox|[from] Sandstorm
|-damage|p2a: Charizard|94/100|[from] Sandstorm
|-heal|p1a: Jolteon|100/100 tox|[from] item: Leftovers
|-damage|p1a: Jolteon|95/100 tox|[from] psn
|-heal|p2a: Charizard|100/100|[from] item: Leftovers
|upkeep
|turn|8
|
|t:|1729100228
|switch|p2a: Tyranitar|Tyranitar, F|99/100
|-damage|p2a: Tyranitar|88/100|[from] Spikes
|move|p1a: Jolteon|Substitute|p1a: Jolteon
|-start|p1a: Jolteon|Substitute
|-damage|p1a: Jolteon|70/100 tox
|
|-weather|Sandstorm|[upkeep]
|-damage|p1a: Jolteon|64/100 tox|[from] Sandstorm
|-heal|p1a: Jolteon|70/100 tox|[from] item: Leftovers
|-damage|p1a: Jolteon|58/100 tox|[from] psn
|-heal|p2a: Tyranitar|94/100|[from] item: Leftovers
|upkeep
|turn|9
|inactive|jank_city.mp4 has 210 seconds left.
|
|t:|1729100236
|move|p1a: Jolteon|Baton Pass|p1a: Jolteon
|
|t:|1729100237
|switch|p1a: Swampert|Swampert, M|100/100|[from] Baton Pass
|move|p2a: Tyranitar|Crunch|p1a: Swampert
|-end|p1a: Swampert|Substitute
|
|-weather|Sandstorm|[upkeep]
|-heal|p2a: Tyranitar|99/100|[from] item: Leftovers
|upkeep
|turn|10
|inactive|Spreek has 180 seconds left.
|
|t:|1729100272
|switch|p2a: Celebi|Celebi|100/100
|-damage|p2a: Celebi|88/100|[from] Spikes
|move|p1a: Swampert|Hydro Pump|p2a: Celebi
|-resisted|p2a: Celebi
|-damage|p2a: Celebi|72/100
|
|-weather|Sandstorm|[upkeep]
|-damage|p2a: Celebi|65/100|[from] Sandstorm
|-heal|p2a: Celebi|72/100|[from] item: Leftovers
|upkeep
|turn|11
|c|☆jank_city.mp4|i'm cooked
|
|t:|1729100294
|switch|p1a: Meteor happen|Metagross|100/100
|move|p2a: Celebi|Hidden Power|p1a: Meteor happen
|-resisted|p1a: Meteor happen
|-damage|p1a: Meteor happen|86/100
|
|-weather|Sandstorm|[upkeep]
|-damage|p2a: Celebi|65/100|[from] Sandstorm
|-heal|p2a: Celebi|72/100|[from] item: Leftovers
|upkeep
|turn|12
|
|t:|1729100307
|switch|p2a: Skarmory|Skarmory, M|100/100
|move|p1a: Meteor happen|Rock Slide|p2a: Skarmory
|-damage|p2a: Skarmory|64/100
|
|-weather|Sandstorm|[upkeep]
|-heal|p2a: Skarmory|70/100|[from] item: Leftovers
|upkeep
|turn|13
|
|t:|1729100321
|move|p2a: Skarmory|Protect|p2a: Skarmory
|-singleturn|p2a: Skarmory|Protect
|move|p1a: Meteor happen|Rock Slide|p2a: Skarmory
|-activate|p2a: Skarmory|Protect
|
|-weather|Sandstorm|[upkeep]
|-heal|p2a: Skarmory|76/100|[from] item: Leftovers
|upkeep
|turn|14
|
|t:|1729100340
|switch|p1a: Swampert|Swampert, M|100/100
|move|p2a: Skarmory|Spikes|p1a: Swampert
|-sidestart|p1: jank_city.mp4|Spikes
|
|-weather|Sandstorm|[upkeep]
|-heal|p2a: Skarmory|82/100|[from] item: Leftovers
|upkeep
|turn|15
|inactive|Spreek has 150 seconds left.
|
|t:|1729100374
|move|p1a: Swampert|Hydro Pump|p2a: Skarmory|[miss]
|-miss|p1a: Swampert|p2a: Skarmory
|move|p2a: Skarmory|Roar|p1a: Swampert
|drag|p1a: Tyranitar|Tyranitar, F|100/100
|-damage|p1a: Tyranitar|88/100|[from] Spikes
|
|-weather|Sandstorm|[upkeep]
|-heal|p2a: Skarmory|88/100|[from] item: Leftovers
|upkeep
|turn|16
|inactive|Spreek has 150 seconds left.
|inactive|jank_city.mp4 has 240 seconds left.
|
|t:|1729100386
|switch|p2a: Flygon|Flygon, M|100/100
|move|p1a: Tyranitar|Hidden Power|p2a: Flygon
|-damage|p2a: Flygon|70/100
|
|-weather|Sandstorm|[upkeep]
|-heal|p2a: Flygon|76/100|[from] item: Leftovers
|upkeep
|turn|17
|inactive|Spreek has 150 seconds left.
|inactive|jank_city.mp4 has 240 seconds left.
|
|t:|1729100399
|move|p2a: Flygon|Earthquake|p1a: Tyranitar
|-supereffective|p1a: Tyranitar
|-damage|p1a: Tyranitar|20/100
|move|p1a: Tyranitar|Dragon Dance|p1a: Tyranitar
|-boost|p1a: Tyranitar|atk|1
|-boost|p1a: Tyranitar|spe|1
|
|-weather|Sandstorm|[upkeep]
|-heal|p2a: Flygon|82/100|[from] item: Leftovers
|upkeep
|turn|18
|inactive|Spreek has 150 seconds left.
|
|t:|1729100410
|move|p1a: Tyranitar|Hidden Power|p2a: Flygon
|-damage|p2a: Flygon|42/100
|move|p2a: Flygon|Earthquake|p1a: Tyranitar
|-supereffective|p1a: Tyranitar
|-damage|p1a: Tyranitar|0 fnt
|faint|p1a: Tyranitar
|
|t:|1729100423
|switch|p1a: Swampert|Swampert, M|100/100
|-damage|p1a: Swampert|88/100|[from] Spikes
|
|-weather|Sandstorm|[upkeep]
|-heal|p2a: Flygon|48/100|[from] item: Leftovers
|-heal|p1a: Swampert|94/100|[from] item: Leftovers
|upkeep
|turn|19
|inactive|Spreek has 150 seconds left.
|
|t:|1729100440
|move|p2a: Flygon|Protect|p2a: Flygon
|-singleturn|p2a: Flygon|Protect
|move|p1a: Swampert|Ice Beam|p2a: Flygon
|-activate|p2a: Flygon|Protect
|
|-weather|Sandstorm|[upkeep]
|-heal|p2a: Flygon|54/100|[from] item: Leftovers
|-heal|p1a: Swampert|100/100|[from] item: Leftovers
|upkeep
|turn|20
|inactive|Spreek has 150 seconds left.
|
|t:|1729100457
|switch|p2a: Tyranitar|Tyranitar, F|99/100
|-damage|p2a: Tyranitar|88/100|[from] Spikes
|move|p1a: Swampert|Ice Beam|p2a: Tyranitar
|-damage|p2a: Tyranitar|65/100
|-status|p2a: Tyranitar|frz
|
|-weather|Sandstorm|[upkeep]
|-heal|p2a: Tyranitar|71/100 frz|[from] item: Leftovers
|upkeep
|turn|21
|
|t:|1729100471
|move|p1a: Swampert|Ice Beam|p2a: Tyranitar
|-damage|p2a: Tyranitar|49/100 frz
|-curestatus|p2a: Tyranitar|frz|[msg]
|move|p2a: Tyranitar|Crunch|p1a: Swampert
|-damage|p1a: Swampert|67/100
|-unboost|p1a: Swampert|spd|1
|
|-weather|Sandstorm|[upkeep]
|-heal|p1a: Swampert|74/100|[from] item: Leftovers
|-heal|p2a: Tyranitar|55/100|[from] item: Leftovers
|upkeep
|turn|22
|
|t:|1729100485
|move|p1a: Swampert|Hydro Pump|p2a: Tyranitar
|-supereffective|p2a: Tyranitar
|-damage|p2a: Tyranitar|0 fnt
|faint|p2a: Tyranitar
|
|t:|1729100487
|switch|p2a: Celebi|Celebi|72/100
|-damage|p2a: Celebi|59/100|[from] Spikes
|
|-weather|Sandstorm|[upkeep]
|-damage|p2a: Celebi|53/100|[from] Sandstorm
|-heal|p2a: Celebi|59/100|[from] item: Leftovers
|-heal|p1a: Swampert|80/100|[from] item: Leftovers
|upkeep
|turn|23
|inactive|Spreek has 150 seconds left.
|
|t:|1729100498
|switch|p1a: Meteor happen|Metagross|86/100
|-damage|p1a: Meteor happen|74/100|[from] Spikes
|move|p2a: Celebi|Recover|p2a: Celebi
|-heal|p2a: Celebi|100/100
|
|-weather|Sandstorm|[upkeep]
|-damage|p2a: Celebi|94/100|[from] Sandstorm
|-heal|p2a: Celebi|100/100|[from] item: Leftovers
|upkeep
|turn|24
|inactive|Spreek has 150 seconds left.
|
|t:|1729100527
|switch|p2a: Skarmory|Skarmory, M|88/100
|move|p1a: Meteor happen|Meteor Mash|p2a: Skarmory
|-resisted|p2a: Skarmory
|-damage|p2a: Skarmory|52/100
|
|-weather|Sandstorm|[upkeep]
|-heal|p2a: Skarmory|58/100|[from] item: Leftovers
|upkeep
|turn|25
|
|t:|1729100538
|switch|p1a: Swampert|Swampert, M|80/100
|-damage|p1a: Swampert|67/100|[from] Spikes
|switch|p2a: Magneton|Magneton|100/100
|-damage|p2a: Magneton|88/100|[from] Spikes
|
|-weather|Sandstorm|[upkeep]
|-heal|p1a: Swampert|74/100|[from] item: Leftovers
|upkeep
|turn|26
|
|t:|1729100551
|move|p2a: Magneton|Toxic|p1a: Swampert
|-status|p1a: Swampert|tox
|move|p1a: Swampert|Ice Beam|p2a: Magneton
|-resisted|p2a: Magneton
|-damage|p2a: Magneton|65/100
|
|-weather|Sandstorm|[upkeep]
|-heal|p1a: Swampert|80/100 tox|[from] item: Leftovers
|-damage|p1a: Swampert|74/100 tox|[from] psn
|upkeep
|turn|27
|
|t:|1729100555
|move|p2a: Magneton|Protect|p2a: Magneton
|-singleturn|p2a: Magneton|Protect
|move|p1a: Swampert|Earthquake|p2a: Magneton
|-activate|p2a: Magneton|Protect
|
|-weather|Sandstorm|[upkeep]
|-heal|p1a: Swampert|80/100 tox|[from] item: Leftovers
|-damage|p1a: Swampert|67/100 tox|[from] psn
|upkeep
|turn|28
|
|t:|1729100564
|move|p2a: Magneton|Protect||[still]
|-fail|p2a: Magneton
|move|p1a: Swampert|Earthquake|p2a: Magneton
|-supereffective|p2a: Magneton
|-damage|p2a: Magneton|0 fnt
|faint|p2a: Magneton
|
|t:|1729100570
|switch|p2a: Skarmory|Skarmory, M|58/100
|
|-weather|Sandstorm|[upkeep]
|-heal|p2a: Skarmory|64/100|[from] item: Leftovers
|-heal|p1a: Swampert|74/100 tox|[from] item: Leftovers
|-damage|p1a: Swampert|55/100 tox|[from] psn
|upkeep
|turn|29
|
|t:|1729100575
|switch|p1a: Jolteon|Jolteon, M|58/100 tox
|-damage|p1a: Jolteon|46/100 tox|[from] Spikes
|move|p2a: Skarmory|Spikes|p1a: Jolteon
|-sidestart|p1: jank_city.mp4|Spikes
|
|-weather|Sandstorm|[upkeep]
|-damage|p1a: Jolteon|40/100 tox|[from] Sandstorm
|-heal|p1a: Jolteon|46/100 tox|[from] item: Leftovers
|-damage|p1a: Jolteon|40/100 tox|[from] psn
|-heal|p2a: Skarmory|70/100|[from] item: Leftovers
|upkeep
|turn|30
|inactive|Spreek has 150 seconds left.
|
|t:|1729100592
|switch|p2a: Celebi|Celebi|100/100
|-damage|p2a: Celebi|88/100|[from] Spikes
|move|p1a: Jolteon|Thunderbolt|p2a: Celebi
|-resisted|p2a: Celebi
|-damage|p2a: Celebi|72/100
|
|-weather|Sandstorm|[upkeep]
|-damage|p1a: Jolteon|34/100 tox|[from] Sandstorm
|-damage|p2a: Celebi|66/100|[from] Sandstorm
|-heal|p1a: Jolteon|40/100 tox|[from] item: Leftovers
|-damage|p1a: Jolteon|28/100 tox|[from] psn
|-heal|p2a: Celebi|72/100|[from] item: Leftovers
|upkeep
|turn|31
|
|t:|1729100599
|move|p1a: Jolteon|Thunderbolt|p2a: Celebi
|-resisted|p2a: Celebi
|-damage|p2a: Celebi|55/100
|move|p2a: Celebi|Recover|p2a: Celebi
|-heal|p2a: Celebi|100/100
|
|-weather|Sandstorm|[upkeep]
|-damage|p1a: Jolteon|22/100 tox|[from] Sandstorm
|-damage|p2a: Celebi|94/100|[from] Sandstorm
|-heal|p1a: Jolteon|28/100 tox|[from] item: Leftovers
|-damage|p1a: Jolteon|10/100 tox|[from] psn
|-heal|p2a: Celebi|100/100|[from] item: Leftovers
|upkeep
|turn|32
|
|t:|1729100604
|move|p1a: Jolteon|Hidden Power|p2a: Celebi
|-resisted|p2a: Celebi
|-damage|p2a: Celebi|93/100
|move|p2a: Celebi|Recover|p2a: Celebi
|-heal|p2a: Celebi|100/100
|
|-weather|Sandstorm|[upkeep]
|-damage|p1a: Jolteon|5/100 tox|[from] Sandstorm
|-damage|p2a: Celebi|94/100|[from] Sandstorm
|-heal|p1a: Jolteon|10/100 tox|[from] item: Leftovers
|-damage|p1a: Jolteon|0 fnt|[from] psn
|faint|p1a: Jolteon
|-heal|p2a: Celebi|100/100|[from] item: Leftovers
|upkeep
|
|t:|1729100607
|switch|p1a: Meteor happen|Metagross|74/100
|-damage|p1a: Meteor happen|57/100|[from] Spikes
|turn|33
|
|t:|1729100622
|switch|p2a: Charizard|Charizard, M|100/100
|move|p1a: Meteor happen|Meteor Mash|p2a: Charizard
|-resisted|p2a: Charizard
|-damage|p2a: Charizard|29/100
|-boost|p1a: Meteor happen|atk|1
|
|-weather|Sandstorm|[upkeep]
|-damage|p2a: Charizard|23/100|[from] Sandstorm
|-heal|p2a: Charizard|29/100|[from] item: Leftovers
|upkeep
|turn|34
|
|t:|1729100628
|move|p2a: Charizard|Fire Blast|p1a: Meteor happen
|-supereffective|p1a: Meteor happen
|-damage|p1a: Meteor happen|0 fnt
|faint|p1a: Meteor happen
|
|t:|1729100630
|switch|p1a: Swampert|Swampert, M|55/100 tox
|-damage|p1a: Swampert|38/100 tox|[from] Spikes
|
|-weather|Sandstorm|[upkeep]
|-damage|p2a: Charizard|23/100|[from] Sandstorm
|-heal|p2a: Charizard|29/100|[from] item: Leftovers
|-heal|p1a: Swampert|45/100 tox|[from] item: Leftovers
|-damage|p1a: Swampert|38/100 tox|[from] psn
|upkeep
|turn|35
|c|☆jank_city.mp4|gg
|
|t:|1729100635
|move|p2a: Charizard|Hidden Power|p1a: Swampert
|-damage|p1a: Swampert|18/100 tox
|move|p1a: Swampert|Ice Beam|p2a: Charizard
|-damage|p2a: Charizard|0 fnt
|faint|p2a: Charizard
|c|☆Spreek|gg
|
|t:|1729100639
|switch|p2a: Celebi|Celebi|100/100
|-damage|p2a: Celebi|88/100|[from] Spikes
|
|-weather|Sandstorm|[upkeep]
|-damage|p2a: Celebi|82/100|[from] Sandstorm
|-heal|p2a: Celebi|88/100|[from] item: Leftovers
|-heal|p1a: Swampert|24/100 tox|[from] item: Leftovers
|-damage|p1a: Swampert|11/100 tox|[from] psn
|upkeep
|turn|36
|
|t:|1729100648
|move|p2a: Celebi|Hidden Power|p1a: Swampert
|-supereffective|p1a: Swampert
|-damage|p1a: Swampert|0 fnt
|faint|p1a: Swampert
|
|win|Spreek

</script>
<script type="application/json" class="data" id="replaydata-smogtours-gen3ou-799121">
{"id":"smogtours-gen3ou-799121","format":"[Gen 3] OU","players":["jank_city.mp4","Spreek"],"uploadtime":1729100648,"views":124,"formatid":"gen3ou","rating":null,"private":0,"password":null}
</script>

<script defer src="js/replays.js?9d40a366"></script>
