<!DOCTYPE html>
<meta charset="utf-8" />
<meta name="viewport" content="width=device-width" />

<title>[Gen 3] OU: Futtoka vs. moistly moist - Replays - Pok&eacute;mon Showdown!</title>

<meta name="description" content="Watch a replay of a Pok&eacute;mon battle between Futtoka and moistly moist! Format: [Gen 3] OU; Date: Oct 6, 2024" />
<!--

Hey, you! Looking in the source for the replay log?

You can find them in JSON format, just add `.json` at the end of a replay URL.

https://replay.pokemonshowdown.com/gen7randomdoublesbattle-865046831.json

Or, if you only need the log itself, add `.log` instead:

https://replay.pokemonshowdown.com/gen7randomdoublesbattle-865046831.log

-->

<link rel="stylesheet" href="//pokemonshowdown.com/style/global.css?0.023195364461161105" />
<link rel="stylesheet" href="//play.pokemonshowdown.com/style/font-awesome.css?0.13261647063804238" />
<link rel="stylesheet" href="//play.pokemonshowdown.com/style/battle.css?0.8753245789963631" />
<link rel="stylesheet" href="//play.pokemonshowdown.com/style/utilichart.css?0.8627959624976733" />

<!-- Global site tag (gtag.js) - Google Analytics -->
<script async src="https://www.googletagmanager.com/gtag/js?id=UA-26211653-1"></script>
<script>
  window.dataLayer = window.dataLayer || [];
  function gtag(){dataLayer.push(arguments);}
  gtag('js', new Date());

  gtag('config', 'UA-26211653-1');
</script>
<!-- End Google Analytics -->
<!-- Venatus Ad Manager - Install in <HEAD> of page -->
	<script src="https://hb.vntsm.com/v3/live/ad-manager.min.js" type="text/javascript" data-site-id="642aba63ec9a7b11c3c9c1be" data-mode="scan" async></script>
<!-- / Venatus Ad Manager -->

<style>
	@media (max-width:820px) {
		.battle {
			margin: 0 auto;
		}
		.battle-log {
			margin: 7px auto 0;
			max-width: 640px;
			height: 300px;
			position: static;
		}
	}
	.optgroup {
		display: inline-block;
		line-height: 22px;
		font-size: 10pt;
	}
	.optgroup .button {
		height: 25px;
		padding-top: 0;
		padding-bottom: 0;
	}
	.optgroup button.button {
		padding-left: 12px;
		padding-right: 12px;
	}
	.linklist {
		list-style: none;
		margin: 0.5em 0;
		padding: 0;
	}
	.linklist li {
		padding: 2px 0;
	}
	.sidebar {
		float: left;
		width: 320px;
	}
	.bar-wrapper {
		max-width: 1100px;
		margin: 0 auto;
	}
	.bar-wrapper.has-sidebar {
		max-width: 1430px;
	}
	.mainbar {
		margin: 0;
		padding-right: 1px;
	}
	.mainbar.has-sidebar {
		margin-left: 330px;
	}
	@media (min-width: 1511px) {
		.sidebar {
			width: 400px;
		}
		.bar-wrapper.has-sidebar {
			max-width: 1510px;
		}
		.mainbar.has-sidebar {
			margin-left: 410px;
		}
	}
	.section.first-section {
		margin-top: 9px;
	}
	.blocklink small {
		white-space: normal;
	}
	.button {
		vertical-align: middle;
	}
	.replay-controls {
		padding-top: 10px;
	}
	.replay-controls h1 {
		font-size: 16pt;
		font-weight: normal;
		color: #CCC;
	}
	.pagelink {
		text-align: center;
	}
	.pagelink a {
		width: 150px;
	}
	.textbox, .button {
		font-size: 11pt;
		vertical-align: middle;
	}
	@media (max-width: 450px) {
		.button {
			font-size: 9pt;
		}
	}
</style>

<div>

	<header>
		<div class="nav-wrapper"><ul class="nav">
			<li><a class="button nav-first" href="//pokemonshowdown.com/"><img src="//pokemonshowdown.com/images/pokemonshowdownbeta.png" srcset="//pokemonshowdown.com/images/pokemonshowdownbeta.png 1x, //pokemonshowdown.com/images/pokemonshowdownbeta@2x.png 2x" alt="Pok&eacute;mon Showdown" width="146" height="44" /> Home</a></li>
			<li><a class="button" href="//pokemonshowdown.com/dex/">Pok&eacute;dex</a></li>
			<li><a class="button cur" href="/">Replays</a></li>
			<li><a class="button" href="//pokemonshowdown.com/ladder/">Ladder</a></li>
			<li><a class="button nav-last" href="//pokemonshowdown.com/forums/">Forum</a></li>
			<li><a class="button greenbutton nav-first nav-last" href="//play.pokemonshowdown.com/">Play</a></li>
		</ul></div>
	</header>

	<div class="main" id="main">

		<noscript><section class="section">You need to enable JavaScript to use this page; sorry!</section></noscript>

	</div>

</div>

<script defer nomodule src="//play.pokemonshowdown.com/js/lib/ps-polyfill.js"></script>
<script defer src="//play.pokemonshowdown.com/js/lib/preact.min.js"></script>

<script defer src="//play.pokemonshowdown.com/config/config.js?2bddbc15"></script>
<script defer src="//play.pokemonshowdown.com/js/lib/jquery-1.11.0.min.js"></script>
<script defer src="//play.pokemonshowdown.com/js/lib/html-sanitizer-minified.js"></script>
<script defer src="//play.pokemonshowdown.com/js/battle-sound.js"></script>
<script defer src="//play.pokemonshowdown.com/js/battledata.js?0.7209276989879541"></script>
<script defer src="//play.pokemonshowdown.com/data/pokedex-mini.js?0.6111056340867951"></script>
<script defer src="//play.pokemonshowdown.com/data/pokedex-mini-bw.js?0.3532142036491459"></script>
<script defer src="//play.pokemonshowdown.com/data/graphics.js?0.24223875632456182"></script>
<script defer src="//play.pokemonshowdown.com/data/pokedex.js?0.38839984266356864"></script>
<script defer src="//play.pokemonshowdown.com/data/moves.js?0.21866028504024015"></script>
<script defer src="//play.pokemonshowdown.com/data/abilities.js?0.2005157953846628"></script>
<script defer src="//play.pokemonshowdown.com/data/items.js?0.9894211263848525"></script>
<script defer src="//play.pokemonshowdown.com/data/teambuilder-tables.js?0.6008791140282215"></script>
<script defer src="//play.pokemonshowdown.com/js/battle-tooltips.js?0.7580118955022959"></script>
<script defer src="//play.pokemonshowdown.com/js/battle.js?0.6057722274234274"></script>

<script defer src="js/utils.js?e31f9a17"></script>
<script defer src="js/replays-battle.js?7008c182"></script>

<!-- don't scrape this data! just add .json or .log after the URL!
Full API docs: https://github.com/smogon/pokemon-showdown-client/blob/master/WEB-API.md -->
<script type="text/plain" class="log" id="replaylog-smogtours-gen3ou-795851">
|inactive|Battle timer is ON: inactive players will automatically lose when time's up.
|t:|1728241244
|gametype|singles
|player|p1|Futtoka|102|
|player|p2|moistly moist|backersf|
|teamsize|p1|6
|teamsize|p2|6
|gen|3
|tier|[Gen 3] OU
|rule|Sleep Clause Mod: Limit one foe put to sleep
|rule|Switch Priority Clause Mod: Faster Pokémon switch first
|rule|Species Clause: Limit one of each Pokémon
|rule|OHKO Clause: OHKO moves are banned
|rule|Evasion Items Clause: Evasion items are banned
|rule|Evasion Moves Clause: Evasion moves are banned
|rule|Endless Battle Clause: Forcing endless battles is banned
|rule|HP Percentage Mod: HP is shown in percentages
|rule|One Boost Passer Clause: Limit one Baton Passer that has a way to boost its stats
|rule|Freeze Clause Mod: Limit one foe frozen
|
|t:|1728241244
|start
|switch|p1a: Zapdos|Zapdos|100/100
|switch|p2a: Tyranitar|Tyranitar, M|100/100
|-weather|Sandstorm|[from] ability: Sand Stream|[of] p2a: Tyranitar
|turn|1
|c|☆Futtoka|hf
|c|☆moistly moist|u too
|
|t:|1728241263
|switch|p1a: Swampert|Swampert, M|100/100
|move|p2a: Tyranitar|Rock Slide|p1a: Swampert
|-resisted|p1a: Swampert
|-damage|p1a: Swampert|81/100
|
|-weather|Sandstorm|[upkeep]
|-heal|p1a: Swampert|88/100|[from] item: Leftovers
|upkeep
|turn|2
|
|t:|1728241286
|switch|p2a: Cloyster|Cloyster, M|100/100
|move|p1a: Swampert|Hydro Pump|p2a: Cloyster
|-resisted|p2a: Cloyster
|-damage|p2a: Cloyster|56/100
|
|-weather|Sandstorm|[upkeep]
|-damage|p2a: Cloyster|50/100|[from] Sandstorm
|-heal|p2a: Cloyster|56/100|[from] item: Leftovers
|-heal|p1a: Swampert|94/100|[from] item: Leftovers
|upkeep
|turn|3
|
|t:|1728241306
|move|p2a: Cloyster|Spikes|p1a: Swampert
|-sidestart|p1: Futtoka|Spikes
|move|p1a: Swampert|Earthquake|p2a: Cloyster
|-damage|p2a: Cloyster|25/100
|
|-weather|Sandstorm|[upkeep]
|-damage|p2a: Cloyster|19/100|[from] Sandstorm
|-heal|p2a: Cloyster|25/100|[from] item: Leftovers
|-heal|p1a: Swampert|99/100|[from] item: Leftovers
|upkeep
|turn|4
|
|t:|1728241322
|switch|p1a: Skarmory|Skarmory, M|100/100
|move|p2a: Cloyster|Explosion|p1a: Skarmory
|-resisted|p1a: Skarmory
|-damage|p1a: Skarmory|65/100
|faint|p2a: Cloyster
|inactive|moistly moist has 270 seconds left.
|
|t:|1728241357
|switch|p2a: Gengar|Gengar, M|100/100
|
|-weather|Sandstorm|[upkeep]
|-damage|p2a: Gengar|94/100|[from] Sandstorm
|-heal|p2a: Gengar|100/100|[from] item: Leftovers
|-heal|p1a: Skarmory|71/100|[from] item: Leftovers
|upkeep
|turn|5
|inactive|moistly moist has 240 seconds left.
|
|t:|1728241377
|switch|p1a: Blissey|Blissey, F|100/100
|-damage|p1a: Blissey|88/100|[from] Spikes
|move|p2a: Gengar|Thunderbolt|p1a: Blissey
|-damage|p1a: Blissey|76/100
|
|-weather|Sandstorm|[upkeep]
|-damage|p2a: Gengar|94/100|[from] Sandstorm
|-damage|p1a: Blissey|70/100|[from] Sandstorm
|-heal|p2a: Gengar|100/100|[from] item: Leftovers
|-heal|p1a: Blissey|76/100|[from] item: Leftovers
|upkeep
|turn|6
|inactive|moistly moist has 240 seconds left.
|inactive|Futtoka has 270 seconds left.
|
|t:|1728241412
|switch|p2a: Swampert|Swampert, F|100/100
|move|p1a: Blissey|Ice Beam|p2a: Swampert
|-damage|p2a: Swampert|74/100
|
|-weather|Sandstorm|[upkeep]
|-damage|p1a: Blissey|70/100|[from] Sandstorm
|-heal|p2a: Swampert|81/100|[from] item: Leftovers
|-heal|p1a: Blissey|76/100|[from] item: Leftovers
|upkeep
|turn|7
|inactive|moistly moist has 210 seconds left.
|
|t:|1728241435
|-singleturn|p2a: Swampert|move: Focus Punch
|switch|p1a: Zapdos|Zapdos|100/100
|move|p2a: Swampert|Focus Punch|p1a: Zapdos
|-resisted|p1a: Zapdos
|-damage|p1a: Zapdos|80/100
|
|-weather|Sandstorm|[upkeep]
|-damage|p1a: Zapdos|74/100|[from] Sandstorm
|-heal|p1a: Zapdos|80/100|[from] item: Leftovers
|-heal|p2a: Swampert|87/100|[from] item: Leftovers
|upkeep
|turn|8
|inactive|moistly moist has 210 seconds left.
|
|t:|1728241443
|switch|p2a: Celebi|Celebi|100/100
|move|p1a: Zapdos|Toxic|p2a: Celebi
|-status|p2a: Celebi|tox
|
|-weather|Sandstorm|[upkeep]
|-damage|p2a: Celebi|94/100 tox|[from] Sandstorm
|-damage|p1a: Zapdos|74/100|[from] Sandstorm
|-heal|p2a: Celebi|100/100 tox|[from] item: Leftovers
|-damage|p2a: Celebi|94/100 tox|[from] psn
|-heal|p1a: Zapdos|80/100|[from] item: Leftovers
|upkeep
|turn|9
|
|t:|1728241451
|move|p2a: Celebi|Leech Seed|p1a: Zapdos
|-start|p1a: Zapdos|move: Leech Seed
|move|p1a: Zapdos|Hidden Power|p2a: Celebi
|-supereffective|p2a: Celebi
|-damage|p2a: Celebi|46/100 tox
|
|-weather|Sandstorm|[upkeep]
|-damage|p2a: Celebi|40/100 tox|[from] Sandstorm
|-damage|p1a: Zapdos|74/100|[from] Sandstorm
|-heal|p2a: Celebi|46/100 tox|[from] item: Leftovers
|-damage|p2a: Celebi|34/100 tox|[from] psn
|-heal|p1a: Zapdos|80/100|[from] item: Leftovers
|-damage|p1a: Zapdos|68/100|[from] Leech Seed|[of] p2a: Celebi
|-heal|p2a: Celebi|47/100 tox|[silent]
|upkeep
|turn|10
|inactive|moistly moist has 210 seconds left.
|
|t:|1728241475
|-curestatus|p2a: Celebi|tox|[from] ability: Natural Cure
|switch|p2a: Swampert|Swampert, F|87/100
|switch|p1a: Skarmory|Skarmory, M|71/100
|
|-weather|Sandstorm|[upkeep]
|-heal|p2a: Swampert|93/100|[from] item: Leftovers
|-heal|p1a: Skarmory|77/100|[from] item: Leftovers
|upkeep
|turn|11
|
|t:|1728241486
|move|p2a: Swampert|Hydro Pump|p1a: Skarmory
|-damage|p1a: Skarmory|31/100
|move|p1a: Skarmory|Spikes|p2a: Swampert
|-sidestart|p2: moistly moist|Spikes
|
|-weather|Sandstorm|[upkeep]
|-heal|p2a: Swampert|99/100|[from] item: Leftovers
|-heal|p1a: Skarmory|37/100|[from] item: Leftovers
|upkeep
|turn|12
|inactive|moistly moist has 210 seconds left.
|inactive|Futtoka has 270 seconds left.
|
|t:|1728241525
|switch|p2a: Tyranitar|Tyranitar, M|100/100
|-damage|p2a: Tyranitar|88/100|[from] Spikes
|move|p1a: Skarmory|Toxic|p2a: Tyranitar
|-status|p2a: Tyranitar|tox
|-enditem|p2a: Tyranitar|Lum Berry|[eat]
|-curestatus|p2a: Tyranitar|tox|[msg]
|
|-weather|Sandstorm|[upkeep]
|-heal|p1a: Skarmory|43/100|[from] item: Leftovers
|upkeep
|turn|13
|inactive|moistly moist has 210 seconds left.
|
|t:|1728241548
|switch|p2a: Celebi|Celebi|47/100
|-damage|p2a: Celebi|35/100|[from] Spikes
|switch|p1a: Blissey|Blissey, F|76/100
|-damage|p1a: Blissey|64/100|[from] Spikes
|
|-weather|Sandstorm|[upkeep]
|-damage|p2a: Celebi|29/100|[from] Sandstorm
|-damage|p1a: Blissey|58/100|[from] Sandstorm
|-heal|p2a: Celebi|35/100|[from] item: Leftovers
|-heal|p1a: Blissey|64/100|[from] item: Leftovers
|upkeep
|turn|14
|
|t:|1728241573
|switch|p2a: Metagross|Metagross|100/100
|-damage|p2a: Metagross|88/100|[from] Spikes
|move|p1a: Blissey|Ice Beam|p2a: Metagross
|-resisted|p2a: Metagross
|-damage|p2a: Metagross|78/100
|
|-weather|Sandstorm|[upkeep]
|-damage|p1a: Blissey|58/100|[from] Sandstorm
|-heal|p1a: Blissey|64/100|[from] item: Leftovers
|upkeep
|turn|15
|inactive|Futtoka has 240 seconds left.
|
|t:|1728241595
|switch|p1a: Skarmory|Skarmory, M|43/100
|move|p2a: Metagross|Meteor Mash|p1a: Skarmory|[miss]
|-miss|p2a: Metagross|p1a: Skarmory
|
|-weather|Sandstorm|[upkeep]
|-heal|p1a: Skarmory|49/100|[from] item: Leftovers
|upkeep
|turn|16
|inactive|Futtoka has 240 seconds left.
|inactive|moistly moist has 180 seconds left.
|
|t:|1728241617
|switch|p2a: Gengar|Gengar, M|100/100
|move|p1a: Skarmory|Roar|p2a: Gengar
|drag|p2a: Celebi|Celebi|35/100
|-damage|p2a: Celebi|22/100|[from] Spikes
|
|-weather|Sandstorm|[upkeep]
|-damage|p2a: Celebi|16/100|[from] Sandstorm
|-heal|p2a: Celebi|22/100|[from] item: Leftovers
|-heal|p1a: Skarmory|55/100|[from] item: Leftovers
|upkeep
|turn|17
|inactive|moistly moist has 180 seconds left.
|
|t:|1728241623
|move|p2a: Celebi|Leech Seed|p1a: Skarmory
|-start|p1a: Skarmory|move: Leech Seed
|move|p1a: Skarmory|Drill Peck|p2a: Celebi
|-supereffective|p2a: Celebi
|-damage|p2a: Celebi|0 fnt
|faint|p2a: Celebi
|inactive|moistly moist has 180 seconds left.
|
|t:|1728241650
|switch|p2a: Metagross|Metagross|78/100
|-damage|p2a: Metagross|66/100|[from] Spikes
|
|-weather|Sandstorm|[upkeep]
|-heal|p1a: Skarmory|61/100|[from] item: Leftovers
|-damage|p1a: Skarmory|49/100|[from] Leech Seed|[of] p2a: Metagross
|-heal|p2a: Metagross|78/100|[silent]
|upkeep
|turn|18
|
|t:|1728241666
|switch|p1a: Zapdos|Zapdos|68/100
|move|p2a: Metagross|Meteor Mash|p1a: Zapdos
|-resisted|p1a: Zapdos
|-damage|p1a: Zapdos|36/100
|
|-weather|Sandstorm|[upkeep]
|-damage|p1a: Zapdos|30/100|[from] Sandstorm
|-heal|p1a: Zapdos|36/100|[from] item: Leftovers
|upkeep
|turn|19
|inactive|moistly moist has 150 seconds left.
|
|t:|1728241682
|switch|p2a: Swampert|Swampert, F|99/100
|-damage|p2a: Swampert|87/100|[from] Spikes
|move|p1a: Zapdos|Thunderbolt|p2a: Swampert
|-immune|p2a: Swampert
|
|-weather|Sandstorm|[upkeep]
|-damage|p1a: Zapdos|30/100|[from] Sandstorm
|-heal|p1a: Zapdos|36/100|[from] item: Leftovers
|-heal|p2a: Swampert|93/100|[from] item: Leftovers
|upkeep
|turn|20
|inactive|moistly moist has 150 seconds left.
|
|t:|1728241700
|move|p1a: Zapdos|Toxic|p2a: Swampert
|-status|p2a: Swampert|tox
|move|p2a: Swampert|Hydro Pump|p1a: Zapdos
|-damage|p1a: Zapdos|0 fnt
|faint|p1a: Zapdos
|
|t:|1728241711
|switch|p1a: Swampert|Swampert, M|99/100
|-damage|p1a: Swampert|87/100|[from] Spikes
|
|-weather|Sandstorm|[upkeep]
|-heal|p2a: Swampert|99/100 tox|[from] item: Leftovers
|-damage|p2a: Swampert|93/100 tox|[from] psn
|-heal|p1a: Swampert|93/100|[from] item: Leftovers
|upkeep
|turn|21
|inactive|moistly moist has 150 seconds left.
|
|t:|1728241736
|move|p2a: Swampert|Hydro Pump|p1a: Swampert
|-crit|p1a: Swampert
|-damage|p1a: Swampert|0 fnt
|faint|p1a: Swampert
|c|☆moistly moist|mb
|inactive|Futtoka has 240 seconds left.
|
|t:|1728241754
|switch|p1a: Blissey|Blissey, F|64/100
|-damage|p1a: Blissey|51/100|[from] Spikes
|
|-weather|Sandstorm|[upkeep]
|-damage|p1a: Blissey|45/100|[from] Sandstorm
|-heal|p2a: Swampert|99/100 tox|[from] item: Leftovers
|-damage|p2a: Swampert|87/100 tox|[from] psn
|-heal|p1a: Blissey|51/100|[from] item: Leftovers
|upkeep
|turn|22
|inactive|Futtoka has 240 seconds left.
|inactive|moistly moist has 150 seconds left.
|c|☆Futtoka|its fine
|inactive|Futtoka has 210 seconds left.
|
|t:|1728241798
|switch|p2a: Metagross|Metagross|78/100
|-damage|p2a: Metagross|66/100|[from] Spikes
|move|p1a: Blissey|Counter|p2a: Metagross
|
|-weather|Sandstorm|[upkeep]
|-damage|p1a: Blissey|45/100|[from] Sandstorm
|-heal|p1a: Blissey|51/100|[from] item: Leftovers
|upkeep
|turn|23
|inactive|Futtoka has 210 seconds left.
|inactive|moistly moist has 150 seconds left.
|
|t:|1728241820
|move|p2a: Metagross|Meteor Mash|p1a: Blissey
|-damage|p1a: Blissey|0 fnt
|faint|p1a: Blissey
|
|t:|1728241830
|switch|p1a: Aerodactyl|Aerodactyl, M|100/100
|
|-weather|Sandstorm|[upkeep]
|upkeep
|turn|24
|inactive|moistly moist has 150 seconds left.
|
|t:|1728241854
|switch|p2a: Swampert|Swampert, F|87/100 tox
|-damage|p2a: Swampert|74/100 tox|[from] Spikes
|move|p1a: Aerodactyl|Earthquake|p2a: Swampert
|-damage|p2a: Swampert|28/100 tox
|
|-weather|Sandstorm|[upkeep]
|-heal|p2a: Swampert|35/100 tox|[from] item: Leftovers
|-damage|p2a: Swampert|28/100 tox|[from] psn
|upkeep
|turn|25
|
|t:|1728241861
|move|p1a: Aerodactyl|Earthquake|p2a: Swampert
|-damage|p2a: Swampert|0 fnt
|faint|p2a: Swampert
|
|t:|1728241866
|switch|p2a: Gengar|Gengar, M|100/100
|
|-weather|Sandstorm|[upkeep]
|-damage|p2a: Gengar|94/100|[from] Sandstorm
|-heal|p2a: Gengar|100/100|[from] item: Leftovers
|upkeep
|turn|26
|inactive|moistly moist has 150 seconds left.
|
|t:|1728241879
|switch|p1a: Tyranitar|Tyranitar, M|100/100
|-damage|p1a: Tyranitar|88/100|[from] Spikes
|move|p2a: Gengar|Thunderbolt|p1a: Tyranitar
|-damage|p1a: Tyranitar|61/100
|
|-weather|Sandstorm|[upkeep]
|-damage|p2a: Gengar|94/100|[from] Sandstorm
|-heal|p2a: Gengar|100/100|[from] item: Leftovers
|-heal|p1a: Tyranitar|67/100|[from] item: Leftovers
|upkeep
|turn|27
|inactive|Futtoka has 210 seconds left.
|inactive|moistly moist has 150 seconds left.
|
|t:|1728241903
|switch|p2a: Tyranitar|Tyranitar, M|88/100
|-damage|p2a: Tyranitar|76/100|[from] Spikes
|move|p1a: Tyranitar|Rock Slide|p2a: Tyranitar
|-crit|p2a: Tyranitar
|-damage|p2a: Tyranitar|0 fnt
|faint|p2a: Tyranitar
|
|t:|1728241920
|switch|p2a: Metagross|Metagross|66/100
|-damage|p2a: Metagross|54/100|[from] Spikes
|
|-weather|Sandstorm|[upkeep]
|-heal|p1a: Tyranitar|73/100|[from] item: Leftovers
|upkeep
|turn|28
|
|t:|1728241928
|switch|p1a: Skarmory|Skarmory, M|49/100
|move|p2a: Metagross|Meteor Mash|p1a: Skarmory
|-resisted|p1a: Skarmory
|-damage|p1a: Skarmory|27/100
|-boost|p2a: Metagross|atk|1
|
|-weather|Sandstorm|[upkeep]
|-heal|p1a: Skarmory|33/100|[from] item: Leftovers
|upkeep
|turn|29
|inactive|moistly moist has 120 seconds left.
|
|t:|1728241966
|move|p2a: Metagross|Rock Slide|p1a: Skarmory
|-damage|p1a: Skarmory|2/100
|move|p1a: Skarmory|Roar|p2a: Metagross
|drag|p2a: Gengar|Gengar, M|100/100
|
|-weather|Sandstorm|[upkeep]
|-damage|p2a: Gengar|94/100|[from] Sandstorm
|-heal|p2a: Gengar|100/100|[from] item: Leftovers
|-heal|p1a: Skarmory|8/100|[from] item: Leftovers
|upkeep
|turn|30
|
|t:|1728241989
|move|p2a: Gengar|Thunderbolt|p1a: Skarmory
|-supereffective|p1a: Skarmory
|-damage|p1a: Skarmory|0 fnt
|faint|p1a: Skarmory
|
|t:|1728241991
|switch|p1a: Tyranitar|Tyranitar, M|73/100
|-damage|p1a: Tyranitar|61/100|[from] Spikes
|
|-weather|Sandstorm|[upkeep]
|-damage|p2a: Gengar|94/100|[from] Sandstorm
|-heal|p2a: Gengar|100/100|[from] item: Leftovers
|-heal|p1a: Tyranitar|67/100|[from] item: Leftovers
|upkeep
|turn|31
|
|t:|1728242016
|move|p2a: Gengar|Giga Drain|p1a: Tyranitar
|-supereffective|p1a: Tyranitar
|-damage|p1a: Tyranitar|31/100
|move|p1a: Tyranitar|Rock Slide|p2a: Gengar
|-damage|p2a: Gengar|26/100
|
|-weather|Sandstorm|[upkeep]
|-damage|p2a: Gengar|19/100|[from] Sandstorm
|-heal|p2a: Gengar|26/100|[from] item: Leftovers
|-heal|p1a: Tyranitar|37/100|[from] item: Leftovers
|upkeep
|turn|32
|
|t:|1728242028
|move|p2a: Gengar|Giga Drain|p1a: Tyranitar
|-supereffective|p1a: Tyranitar
|-damage|p1a: Tyranitar|0 fnt
|-heal|p2a: Gengar|52/100|[from] drain|[of] p1a: Tyranitar
|faint|p1a: Tyranitar
|
|t:|1728242031
|switch|p1a: Aerodactyl|Aerodactyl, M|100/100
|
|-weather|Sandstorm|[upkeep]
|-damage|p2a: Gengar|46/100|[from] Sandstorm
|-heal|p2a: Gengar|52/100|[from] item: Leftovers
|upkeep
|turn|33
|
|t:|1728242036
|move|p1a: Aerodactyl|Rock Slide|p2a: Gengar
|-damage|p2a: Gengar|0 fnt
|faint|p2a: Gengar
|
|t:|1728242038
|switch|p2a: Metagross|Metagross|54/100
|-damage|p2a: Metagross|41/100|[from] Spikes
|
|-weather|Sandstorm|[upkeep]
|upkeep
|turn|34
|
|t:|1728242041
|move|p1a: Aerodactyl|Rock Slide|p2a: Metagross
|-resisted|p2a: Metagross
|-damage|p2a: Metagross|20/100
|move|p2a: Metagross|Meteor Mash|p1a: Aerodactyl
|-supereffective|p1a: Aerodactyl
|-damage|p1a: Aerodactyl|0 fnt
|faint|p1a: Aerodactyl
|
|win|moistly moist
|c|☆moistly moist|gg
|c|☆Futtoka|ggs
|player|p1|
|player|p2|
|player|p2|moistly moist|backersf|

</script>
<script type="application/json" class="data" id="replaydata-smogtours-gen3ou-795851">
{"id":"smogtours-gen3ou-795851","format":"[Gen 3] OU","players":["Futtoka","moistly moist"],"uploadtime":1728242041,"views":90,"formatid":"gen3ou","rating":null,"private":0,"password":null}
</script>

<script defer src="js/replays.js?9d40a366"></script>
