<!DOCTYPE html>
<meta charset="utf-8" />
<meta name="viewport" content="width=device-width" />

<title>[Gen 3] OU: Wifike vs. DiamondDiancie25 - Replays - Pok&eacute;mon Showdown!</title>

<meta name="description" content="Watch a replay of a Pok&eacute;mon battle between Wifike and DiamondDiancie25! Format: [Gen 3] OU; Date: Oct 3, 2024" />
<!--

Hey, you! Looking in the source for the replay log?

You can find them in JSON format, just add `.json` at the end of a replay URL.

https://replay.pokemonshowdown.com/gen7randomdoublesbattle-865046831.json

Or, if you only need the log itself, add `.log` instead:

https://replay.pokemonshowdown.com/gen7randomdoublesbattle-865046831.log

-->

<link rel="stylesheet" href="//pokemonshowdown.com/style/global.css?0.023195364461161105" />
<link rel="stylesheet" href="//play.pokemonshowdown.com/style/font-awesome.css?0.13261647063804238" />
<link rel="stylesheet" href="//play.pokemonshowdown.com/style/battle.css?0.8753245789963631" />
<link rel="stylesheet" href="//play.pokemonshowdown.com/style/utilichart.css?0.8627959624976733" />

<!-- Global site tag (gtag.js) - Google Analytics -->
<script async src="https://www.googletagmanager.com/gtag/js?id=UA-26211653-1"></script>
<script>
  window.dataLayer = window.dataLayer || [];
  function gtag(){dataLayer.push(arguments);}
  gtag('js', new Date());

  gtag('config', 'UA-26211653-1');
</script>
<!-- End Google Analytics -->
<!-- Venatus Ad Manager - Install in <HEAD> of page -->
	<script src="https://hb.vntsm.com/v3/live/ad-manager.min.js" type="text/javascript" data-site-id="642aba63ec9a7b11c3c9c1be" data-mode="scan" async></script>
<!-- / Venatus Ad Manager -->

<style>
	@media (max-width:820px) {
		.battle {
			margin: 0 auto;
		}
		.battle-log {
			margin: 7px auto 0;
			max-width: 640px;
			height: 300px;
			position: static;
		}
	}
	.optgroup {
		display: inline-block;
		line-height: 22px;
		font-size: 10pt;
	}
	.optgroup .button {
		height: 25px;
		padding-top: 0;
		padding-bottom: 0;
	}
	.optgroup button.button {
		padding-left: 12px;
		padding-right: 12px;
	}
	.linklist {
		list-style: none;
		margin: 0.5em 0;
		padding: 0;
	}
	.linklist li {
		padding: 2px 0;
	}
	.sidebar {
		float: left;
		width: 320px;
	}
	.bar-wrapper {
		max-width: 1100px;
		margin: 0 auto;
	}
	.bar-wrapper.has-sidebar {
		max-width: 1430px;
	}
	.mainbar {
		margin: 0;
		padding-right: 1px;
	}
	.mainbar.has-sidebar {
		margin-left: 330px;
	}
	@media (min-width: 1511px) {
		.sidebar {
			width: 400px;
		}
		.bar-wrapper.has-sidebar {
			max-width: 1510px;
		}
		.mainbar.has-sidebar {
			margin-left: 410px;
		}
	}
	.section.first-section {
		margin-top: 9px;
	}
	.blocklink small {
		white-space: normal;
	}
	.button {
		vertical-align: middle;
	}
	.replay-controls {
		padding-top: 10px;
	}
	.replay-controls h1 {
		font-size: 16pt;
		font-weight: normal;
		color: #CCC;
	}
	.pagelink {
		text-align: center;
	}
	.pagelink a {
		width: 150px;
	}
	.textbox, .button {
		font-size: 11pt;
		vertical-align: middle;
	}
	@media (max-width: 450px) {
		.button {
			font-size: 9pt;
		}
	}
</style>

<div>

	<header>
		<div class="nav-wrapper"><ul class="nav">
			<li><a class="button nav-first" href="//pokemonshowdown.com/"><img src="//pokemonshowdown.com/images/pokemonshowdownbeta.png" srcset="//pokemonshowdown.com/images/pokemonshowdownbeta.png 1x, //pokemonshowdown.com/images/pokemonshowdownbeta@2x.png 2x" alt="Pok&eacute;mon Showdown" width="146" height="44" /> Home</a></li>
			<li><a class="button" href="//pokemonshowdown.com/dex/">Pok&eacute;dex</a></li>
			<li><a class="button cur" href="/">Replays</a></li>
			<li><a class="button" href="//pokemonshowdown.com/ladder/">Ladder</a></li>
			<li><a class="button nav-last" href="//pokemonshowdown.com/forums/">Forum</a></li>
			<li><a class="button greenbutton nav-first nav-last" href="//play.pokemonshowdown.com/">Play</a></li>
		</ul></div>
	</header>

	<div class="main" id="main">

		<noscript><section class="section">You need to enable JavaScript to use this page; sorry!</section></noscript>

	</div>

</div>

<script defer nomodule src="//play.pokemonshowdown.com/js/lib/ps-polyfill.js"></script>
<script defer src="//play.pokemonshowdown.com/js/lib/preact.min.js"></script>

<script defer src="//play.pokemonshowdown.com/config/config.js?2bddbc15"></script>
<script defer src="//play.pokemonshowdown.com/js/lib/jquery-1.11.0.min.js"></script>
<script defer src="//play.pokemonshowdown.com/js/lib/html-sanitizer-minified.js"></script>
<script defer src="//play.pokemonshowdown.com/js/battle-sound.js"></script>
<script defer src="//play.pokemonshowdown.com/js/battledata.js?0.7209276989879541"></script>
<script defer src="//play.pokemonshowdown.com/data/pokedex-mini.js?0.6111056340867951"></script>
<script defer src="//play.pokemonshowdown.com/data/pokedex-mini-bw.js?0.3532142036491459"></script>
<script defer src="//play.pokemonshowdown.com/data/graphics.js?0.24223875632456182"></script>
<script defer src="//play.pokemonshowdown.com/data/pokedex.js?0.38839984266356864"></script>
<script defer src="//play.pokemonshowdown.com/data/moves.js?0.21866028504024015"></script>
<script defer src="//play.pokemonshowdown.com/data/abilities.js?0.2005157953846628"></script>
<script defer src="//play.pokemonshowdown.com/data/items.js?0.9894211263848525"></script>
<script defer src="//play.pokemonshowdown.com/data/teambuilder-tables.js?0.6008791140282215"></script>
<script defer src="//play.pokemonshowdown.com/js/battle-tooltips.js?0.7580118955022959"></script>
<script defer src="//play.pokemonshowdown.com/js/battle.js?0.6057722274234274"></script>

<script defer src="js/utils.js?e31f9a17"></script>
<script defer src="js/replays-battle.js?7008c182"></script>

<!-- don't scrape this data! just add .json or .log after the URL!
Full API docs: https://github.com/smogon/pokemon-showdown-client/blob/master/WEB-API.md -->
<script type="text/plain" class="log" id="replaylog-smogtours-gen3ou-794149">
|inactive|Battle timer is ON: inactive players will automatically lose when time's up.
|t:|1727918548
|gametype|singles
|player|p1|Wifike|265|
|player|p2|DiamondDiancie25|265|
|teamsize|p1|6
|teamsize|p2|6
|gen|3
|tier|[Gen 3] OU
|rule|Sleep Clause Mod: Limit one foe put to sleep
|rule|Switch Priority Clause Mod: Faster Pokémon switch first
|rule|Species Clause: Limit one of each Pokémon
|rule|OHKO Clause: OHKO moves are banned
|rule|Evasion Items Clause: Evasion items are banned
|rule|Evasion Moves Clause: Evasion moves are banned
|rule|Endless Battle Clause: Forcing endless battles is banned
|rule|HP Percentage Mod: HP is shown in percentages
|rule|One Boost Passer Clause: Limit one Baton Passer that has a way to boost its stats
|rule|Freeze Clause Mod: Limit one foe frozen
|
|t:|1727918548
|start
|switch|p1a: Folks|Tyranitar, M|100/100
|switch|p2a: Blaziken|Blaziken, M|100/100
|-weather|Sandstorm|[from] ability: Sand Stream|[of] p1a: Folks
|turn|1
|c|☆DiamondDiancie25|best of luck
|c|☆Wifike|you too!
|inactive|Wifike has 270 seconds left.
|inactive|DiamondDiancie25 has 270 seconds left.
|
|t:|1727918586
|switch|p1a: Gengar|Gengar, F|100/100
|move|p2a: Blaziken|Sky Uppercut|p1a: Gengar
|-immune|p1a: Gengar
|
|-weather|Sandstorm|[upkeep]
|-damage|p1a: Gengar|94/100|[from] Sandstorm
|-damage|p2a: Blaziken|95/100|[from] Sandstorm
|-heal|p1a: Gengar|100/100|[from] item: Leftovers
|upkeep
|turn|2
|
|t:|1727918604
|move|p1a: Gengar|Thunderbolt|p2a: Blaziken
|-damage|p2a: Blaziken|43/100
|move|p2a: Blaziken|Overheat|p1a: Gengar
|-damage|p1a: Gengar|0 fnt
|-unboost|p2a: Blaziken|spa|2
|faint|p1a: Gengar
|inactive|Wifike has 270 seconds left.
|
|t:|1727918639
|switch|p1a: Gaming?|Charizard, F|100/100
|
|-weather|Sandstorm|[upkeep]
|-damage|p1a: Gaming?|94/100|[from] Sandstorm
|-damage|p2a: Blaziken|37/100|[from] Sandstorm
|-heal|p1a: Gaming?|100/100|[from] item: Leftovers
|upkeep
|turn|3
|
|t:|1727918650
|move|p1a: Gaming?|Dragon Claw|p2a: Blaziken
|-damage|p2a: Blaziken|0 fnt
|faint|p2a: Blaziken
|
|t:|1727918659
|switch|p2a: Zapdos|Zapdos|100/100
|
|-weather|Sandstorm|[upkeep]
|-damage|p2a: Zapdos|94/100|[from] Sandstorm
|-damage|p1a: Gaming?|94/100|[from] Sandstorm
|-heal|p2a: Zapdos|100/100|[from] item: Leftovers
|-heal|p1a: Gaming?|100/100|[from] item: Leftovers
|upkeep
|turn|4
|
|t:|1727918672
|switch|p1a: Some have said|Blissey, F|100/100
|move|p2a: Zapdos|Toxic|p1a: Some have said
|-status|p1a: Some have said|tox
|
|-weather|Sandstorm|[upkeep]
|-damage|p2a: Zapdos|94/100|[from] Sandstorm
|-damage|p1a: Some have said|94/100 tox|[from] Sandstorm
|-heal|p2a: Zapdos|100/100|[from] item: Leftovers
|-heal|p1a: Some have said|100/100 tox|[from] item: Leftovers
|-damage|p1a: Some have said|94/100 tox|[from] psn
|upkeep
|turn|5
|
|t:|1727918690
|switch|p2a: Cloyster|Cloyster, M|100/100
|move|p1a: Some have said|Ice Beam|p2a: Cloyster
|-resisted|p2a: Cloyster
|-damage|p2a: Cloyster|87/100
|
|-weather|Sandstorm|[upkeep]
|-damage|p2a: Cloyster|81/100|[from] Sandstorm
|-damage|p1a: Some have said|88/100 tox|[from] Sandstorm
|-heal|p2a: Cloyster|87/100|[from] item: Leftovers
|-heal|p1a: Some have said|94/100 tox|[from] item: Leftovers
|-damage|p1a: Some have said|82/100 tox|[from] psn
|upkeep
|turn|6
|
|t:|1727918701
|-curestatus|p1a: Some have said|tox|[from] ability: Natural Cure
|switch|p1a: Insane|Skarmory, F|100/100
|move|p2a: Cloyster|Spikes|p1a: Insane
|-sidestart|p1: Wifike|Spikes
|
|-weather|Sandstorm|[upkeep]
|-damage|p2a: Cloyster|81/100|[from] Sandstorm
|-heal|p2a: Cloyster|87/100|[from] item: Leftovers
|upkeep
|turn|7
|
|t:|1727918712
|switch|p2a: Zapdos|Zapdos|100/100
|move|p1a: Insane|Toxic|p2a: Zapdos
|-status|p2a: Zapdos|tox
|
|-weather|Sandstorm|[upkeep]
|-damage|p2a: Zapdos|94/100 tox|[from] Sandstorm
|-heal|p2a: Zapdos|100/100 tox|[from] item: Leftovers
|-damage|p2a: Zapdos|94/100 tox|[from] psn
|upkeep
|turn|8
|
|t:|1727918723
|move|p1a: Insane|Protect|p1a: Insane
|-singleturn|p1a: Insane|Protect
|move|p2a: Zapdos|Roar|p1a: Insane
|-activate|p1a: Insane|Protect
|
|-weather|Sandstorm|[upkeep]
|-damage|p2a: Zapdos|88/100 tox|[from] Sandstorm
|-heal|p2a: Zapdos|94/100 tox|[from] item: Leftovers
|-damage|p2a: Zapdos|82/100 tox|[from] psn
|upkeep
|turn|9
|
|t:|1727918734
|switch|p1a: Some have said|Blissey, F|82/100
|-damage|p1a: Some have said|70/100|[from] Spikes
|move|p2a: Zapdos|Thunderbolt|p1a: Some have said
|-damage|p1a: Some have said|51/100
|
|-weather|Sandstorm|[upkeep]
|-damage|p2a: Zapdos|76/100 tox|[from] Sandstorm
|-damage|p1a: Some have said|45/100|[from] Sandstorm
|-heal|p2a: Zapdos|82/100 tox|[from] item: Leftovers
|-damage|p2a: Zapdos|63/100 tox|[from] psn
|-heal|p1a: Some have said|51/100|[from] item: Leftovers
|upkeep
|turn|10
|
|t:|1727918750
|switch|p2a: Cloyster|Cloyster, M|87/100
|move|p1a: Some have said|Soft-Boiled|p1a: Some have said
|-heal|p1a: Some have said|100/100
|
|-weather|Sandstorm|[upkeep]
|-damage|p2a: Cloyster|81/100|[from] Sandstorm
|-damage|p1a: Some have said|94/100|[from] Sandstorm
|-heal|p2a: Cloyster|87/100|[from] item: Leftovers
|-heal|p1a: Some have said|100/100|[from] item: Leftovers
|upkeep
|turn|11
|
|t:|1727918760
|move|p2a: Cloyster|Spikes|p1a: Some have said
|-sidestart|p1: Wifike|Spikes
|move|p1a: Some have said|Toxic|p2a: Cloyster|[miss]
|-miss|p1a: Some have said|p2a: Cloyster
|
|-weather|Sandstorm|[upkeep]
|-damage|p2a: Cloyster|81/100|[from] Sandstorm
|-damage|p1a: Some have said|94/100|[from] Sandstorm
|-heal|p2a: Cloyster|87/100|[from] item: Leftovers
|-heal|p1a: Some have said|100/100|[from] item: Leftovers
|upkeep
|turn|12
|
|t:|1727918768
|move|p2a: Cloyster|Spikes|p1a: Some have said
|-sidestart|p1: Wifike|Spikes
|move|p1a: Some have said|Toxic|p2a: Cloyster
|-status|p2a: Cloyster|tox
|
|-weather|Sandstorm|[upkeep]
|-damage|p2a: Cloyster|81/100 tox|[from] Sandstorm
|-damage|p1a: Some have said|94/100|[from] Sandstorm
|-heal|p2a: Cloyster|87/100 tox|[from] item: Leftovers
|-damage|p2a: Cloyster|81/100 tox|[from] psn
|-heal|p1a: Some have said|100/100|[from] item: Leftovers
|upkeep
|turn|13
|
|t:|1727918781
|switch|p1a: Insane|Skarmory, F|100/100
|move|p2a: Cloyster|Surf|p1a: Insane
|-damage|p1a: Insane|74/100
|
|-weather|Sandstorm|[upkeep]
|-damage|p2a: Cloyster|75/100 tox|[from] Sandstorm
|-heal|p1a: Insane|80/100|[from] item: Leftovers
|-heal|p2a: Cloyster|81/100 tox|[from] item: Leftovers
|-damage|p2a: Cloyster|69/100 tox|[from] psn
|upkeep
|turn|14
|
|t:|1727918792
|switch|p2a: Zapdos|Zapdos|63/100 tox
|move|p1a: Insane|Spikes|p2a: Zapdos
|-sidestart|p2: DiamondDiancie25|Spikes
|
|-weather|Sandstorm|[upkeep]
|-damage|p2a: Zapdos|57/100 tox|[from] Sandstorm
|-heal|p2a: Zapdos|63/100 tox|[from] item: Leftovers
|-damage|p2a: Zapdos|57/100 tox|[from] psn
|-heal|p1a: Insane|86/100|[from] item: Leftovers
|upkeep
|turn|15
|
|t:|1727918804
|move|p1a: Insane|Protect|p1a: Insane
|-singleturn|p1a: Insane|Protect
|move|p2a: Zapdos|Thunderbolt|p1a: Insane
|-activate|p1a: Insane|Protect
|
|-weather|Sandstorm|[upkeep]
|-damage|p2a: Zapdos|51/100 tox|[from] Sandstorm
|-heal|p2a: Zapdos|57/100 tox|[from] item: Leftovers
|-damage|p2a: Zapdos|44/100 tox|[from] psn
|-heal|p1a: Insane|92/100|[from] item: Leftovers
|upkeep
|turn|16
|
|t:|1727918814
|switch|p1a: Some have said|Blissey, F|100/100
|-damage|p1a: Some have said|76/100|[from] Spikes
|move|p2a: Zapdos|Roar|p1a: Some have said
|drag|p1a: Insane|Skarmory, F|92/100
|
|-weather|Sandstorm|[upkeep]
|-damage|p2a: Zapdos|38/100 tox|[from] Sandstorm
|-heal|p2a: Zapdos|44/100 tox|[from] item: Leftovers
|-damage|p2a: Zapdos|26/100 tox|[from] psn
|-heal|p1a: Insane|98/100|[from] item: Leftovers
|upkeep
|turn|17
|
|t:|1727918827
|switch|p2a: Flygon|Flygon, F|100/100
|move|p1a: Insane|Protect||[still]
|-fail|p1a: Insane
|
|-weather|Sandstorm|[upkeep]
|-heal|p1a: Insane|100/100|[from] item: Leftovers
|upkeep
|turn|18
|
|t:|1727918835
|move|p1a: Insane|Protect|p1a: Insane
|-singleturn|p1a: Insane|Protect
|move|p2a: Flygon|Fire Blast|p1a: Insane
|-activate|p1a: Insane|Protect
|
|-weather|Sandstorm|[upkeep]
|upkeep
|turn|19
|
|t:|1727918844
|switch|p1a: Some have said|Blissey, F|76/100
|-damage|p1a: Some have said|51/100|[from] Spikes
|move|p2a: Flygon|Rock Slide|p1a: Some have said
|-damage|p1a: Some have said|28/100
|
|-weather|Sandstorm|[upkeep]
|-damage|p1a: Some have said|22/100|[from] Sandstorm
|-heal|p1a: Some have said|28/100|[from] item: Leftovers
|upkeep
|turn|20
|
|t:|1727918855
|move|p2a: Flygon|Earthquake|p1a: Some have said
|-damage|p1a: Some have said|0 fnt
|faint|p1a: Some have said
|
|t:|1727918876
|switch|p1a: Swampert|Swampert, M|100/100
|-damage|p1a: Swampert|76/100|[from] Spikes
|
|-weather|Sandstorm|[upkeep]
|-heal|p1a: Swampert|82/100|[from] item: Leftovers
|upkeep
|turn|21
|
|t:|1727918901
|switch|p2a: Cloyster|Cloyster, M|69/100 tox
|-damage|p2a: Cloyster|56/100 tox|[from] Spikes
|move|p1a: Swampert|Earthquake|p2a: Cloyster
|-damage|p2a: Cloyster|38/100 tox
|
|-weather|Sandstorm|[upkeep]
|-damage|p2a: Cloyster|31/100 tox|[from] Sandstorm
|-heal|p2a: Cloyster|38/100 tox|[from] item: Leftovers
|-damage|p2a: Cloyster|31/100 tox|[from] psn
|-heal|p1a: Swampert|88/100|[from] item: Leftovers
|upkeep
|turn|22
|
|t:|1727918915
|move|p1a: Swampert|Protect|p1a: Swampert
|-singleturn|p1a: Swampert|Protect
|move|p2a: Cloyster|Rapid Spin|p1a: Swampert
|-activate|p1a: Swampert|Protect
|
|-weather|Sandstorm|[upkeep]
|-damage|p2a: Cloyster|25/100 tox|[from] Sandstorm
|-heal|p2a: Cloyster|31/100 tox|[from] item: Leftovers
|-damage|p2a: Cloyster|19/100 tox|[from] psn
|-heal|p1a: Swampert|94/100|[from] item: Leftovers
|upkeep
|turn|23
|inactive|DiamondDiancie25 has 270 seconds left.
|
|t:|1727918930
|switch|p1a: Insane|Skarmory, F|100/100
|move|p2a: Cloyster|Rapid Spin|p1a: Insane
|-resisted|p1a: Insane
|-damage|p1a: Insane|99/100
|-sideend|p2: DiamondDiancie25|Spikes|[from] move: Rapid Spin|[of] p2a: Cloyster
|
|-weather|Sandstorm|[upkeep]
|-damage|p2a: Cloyster|13/100 tox|[from] Sandstorm
|-heal|p1a: Insane|100/100|[from] item: Leftovers
|-heal|p2a: Cloyster|19/100 tox|[from] item: Leftovers
|-damage|p2a: Cloyster|0 fnt|[from] psn
|faint|p2a: Cloyster
|upkeep
|inactive|DiamondDiancie25 has 270 seconds left.
|
|t:|1727918940
|switch|p2a: Zapdos|Zapdos|26/100 tox
|turn|24
|
|t:|1727918950
|move|p1a: Insane|Protect|p1a: Insane
|-singleturn|p1a: Insane|Protect
|move|p2a: Zapdos|Thunderbolt|p1a: Insane
|-activate|p1a: Insane|Protect
|
|-weather|Sandstorm|[upkeep]
|-damage|p2a: Zapdos|20/100 tox|[from] Sandstorm
|-heal|p2a: Zapdos|26/100 tox|[from] item: Leftovers
|-damage|p2a: Zapdos|20/100 tox|[from] psn
|upkeep
|turn|25
|
|t:|1727918959
|move|p2a: Zapdos|Hidden Power|p1a: Insane
|-resisted|p1a: Insane
|-damage|p1a: Insane|95/100
|move|p1a: Insane|Spikes|p2a: Zapdos
|-sidestart|p2: DiamondDiancie25|Spikes
|
|-weather|Sandstorm|[upkeep]
|-damage|p2a: Zapdos|13/100 tox|[from] Sandstorm
|-heal|p2a: Zapdos|20/100 tox|[from] item: Leftovers
|-damage|p2a: Zapdos|7/100 tox|[from] psn
|-heal|p1a: Insane|100/100|[from] item: Leftovers
|upkeep
|turn|26
|
|t:|1727918970
|switch|p2a: Flygon|Flygon, F|100/100
|move|p1a: Insane|Protect||[still]
|-fail|p1a: Insane
|
|-weather|Sandstorm|[upkeep]
|upkeep
|turn|27
|
|t:|1727918978
|switch|p1a: Swampert|Swampert, M|94/100
|-damage|p1a: Swampert|69/100|[from] Spikes
|move|p2a: Flygon|Dragon Claw|p1a: Swampert
|-damage|p1a: Swampert|48/100
|
|-weather|Sandstorm|[upkeep]
|-heal|p1a: Swampert|54/100|[from] item: Leftovers
|upkeep
|turn|28
|
|t:|1727918992
|move|p2a: Flygon|Earthquake|p1a: Swampert
|-damage|p1a: Swampert|25/100
|move|p1a: Swampert|Ice Beam|p2a: Flygon
|-supereffective|p2a: Flygon
|-damage|p2a: Flygon|0 fnt
|faint|p2a: Flygon
|inactive|DiamondDiancie25 has 270 seconds left.
|
|t:|1727919012
|switch|p2a: Aerodactyl|Aerodactyl, F|100/100
|
|-weather|Sandstorm|[upkeep]
|-heal|p1a: Swampert|31/100|[from] item: Leftovers
|upkeep
|turn|29
|inactive|DiamondDiancie25 has 270 seconds left.
|
|t:|1727919024
|move|p1a: Swampert|Protect|p1a: Swampert
|-singleturn|p1a: Swampert|Protect
|move|p2a: Aerodactyl|Double-Edge|p1a: Swampert
|-activate|p1a: Swampert|Protect
|
|-weather|Sandstorm|[upkeep]
|-heal|p1a: Swampert|37/100|[from] item: Leftovers
|upkeep
|turn|30
|inactive|DiamondDiancie25 has 270 seconds left.
|
|t:|1727919039
|switch|p2a: Zapdos|Zapdos|7/100 tox
|switch|p1a: Insane|Skarmory, F|100/100
|
|-weather|Sandstorm|[upkeep]
|-damage|p2a: Zapdos|1/100 tox|[from] Sandstorm
|-heal|p2a: Zapdos|7/100 tox|[from] item: Leftovers
|-damage|p2a: Zapdos|1/100 tox|[from] psn
|upkeep
|turn|31
|inactive|DiamondDiancie25 has 270 seconds left.
|
|t:|1727919055
|move|p1a: Insane|Protect|p1a: Insane
|-singleturn|p1a: Insane|Protect
|move|p2a: Zapdos|Thunderbolt|p1a: Insane
|-activate|p1a: Insane|Protect
|
|-weather|Sandstorm|[upkeep]
|-damage|p2a: Zapdos|0 fnt|[from] Sandstorm
|faint|p2a: Zapdos
|upkeep
|
|t:|1727919064
|switch|p2a: Tyranitar|Tyranitar, M|100/100
|-damage|p2a: Tyranitar|88/100|[from] Spikes
|turn|32
|
|t:|1727919074
|move|p2a: Tyranitar|Dragon Dance|p2a: Tyranitar
|-boost|p2a: Tyranitar|atk|1
|-boost|p2a: Tyranitar|spe|1
|move|p1a: Insane|Toxic|p2a: Tyranitar
|-status|p2a: Tyranitar|tox
|-enditem|p2a: Tyranitar|Lum Berry|[eat]
|-curestatus|p2a: Tyranitar|tox|[msg]
|
|-weather|Sandstorm|[upkeep]
|upkeep
|turn|33
|
|t:|1727919084
|move|p2a: Tyranitar|Rock Slide|p1a: Insane
|-damage|p1a: Insane|49/100
|cant|p1a: Insane|flinch
|
|-weather|Sandstorm|[upkeep]
|-heal|p1a: Insane|55/100|[from] item: Leftovers
|upkeep
|turn|34
|
|t:|1727919091
|move|p2a: Tyranitar|Rock Slide|p1a: Insane
|-damage|p1a: Insane|5/100
|move|p1a: Insane|Roar|p2a: Tyranitar
|drag|p2a: Aerodactyl|Aerodactyl, F|100/100
|
|-weather|Sandstorm|[upkeep]
|-heal|p1a: Insane|11/100|[from] item: Leftovers
|upkeep
|turn|35
|
|t:|1727919103
|switch|p2a: Tyranitar|Tyranitar, M|88/100
|-damage|p2a: Tyranitar|76/100|[from] Spikes
|move|p1a: Insane|Protect||[still]
|-fail|p1a: Insane
|
|-weather|Sandstorm|[upkeep]
|-heal|p1a: Insane|17/100|[from] item: Leftovers
|upkeep
|turn|36
|
|t:|1727919110
|move|p1a: Insane|Protect|p1a: Insane
|-singleturn|p1a: Insane|Protect
|move|p2a: Tyranitar|Dragon Dance|p2a: Tyranitar
|-boost|p2a: Tyranitar|atk|1
|-boost|p2a: Tyranitar|spe|1
|
|-weather|Sandstorm|[upkeep]
|-heal|p1a: Insane|23/100|[from] item: Leftovers
|upkeep
|turn|37
|
|t:|1727919118
|switch|p1a: Swampert|Swampert, M|37/100
|-damage|p1a: Swampert|13/100|[from] Spikes
|move|p2a: Tyranitar|Rock Slide|p1a: Swampert
|-resisted|p1a: Swampert
|-damage|p1a: Swampert|0 fnt
|faint|p1a: Swampert
|inactive|Wifike has 270 seconds left.
|
|t:|1727919153
|switch|p1a: Gaming?|Charizard, F|100/100
|
|-weather|Sandstorm|[upkeep]
|-damage|p1a: Gaming?|94/100|[from] Sandstorm
|-heal|p1a: Gaming?|100/100|[from] item: Leftovers
|upkeep
|turn|38
|
|t:|1727919160
|move|p2a: Tyranitar|Rock Slide|p1a: Gaming?
|-supereffective|p1a: Gaming?
|-damage|p1a: Gaming?|0 fnt
|faint|p1a: Gaming?
|
|t:|1727919162
|switch|p1a: Folks|Tyranitar, M|100/100
|-damage|p1a: Folks|75/100|[from] Spikes
|
|-weather|Sandstorm|[upkeep]
|upkeep
|turn|39
|
|t:|1727919167
|move|p2a: Tyranitar|Earthquake|p1a: Folks
|-supereffective|p1a: Folks
|-damage|p1a: Folks|0 fnt
|faint|p1a: Folks
|
|t:|1727919170
|switch|p1a: Insane|Skarmory, F|23/100
|
|-weather|Sandstorm|[upkeep]
|-heal|p1a: Insane|29/100|[from] item: Leftovers
|upkeep
|turn|40
|
|t:|1727919174
|move|p1a: Insane|Protect|p1a: Insane
|-singleturn|p1a: Insane|Protect
|move|p2a: Tyranitar|Rock Slide|p1a: Insane
|-activate|p1a: Insane|Protect
|
|-weather|Sandstorm|[upkeep]
|-heal|p1a: Insane|35/100|[from] item: Leftovers
|upkeep
|turn|41
|
|t:|1727919181
|move|p2a: Tyranitar|Rock Slide|p1a: Insane|[miss]
|-miss|p2a: Tyranitar|p1a: Insane
|move|p1a: Insane|Toxic|p2a: Tyranitar
|-status|p2a: Tyranitar|tox
|
|-weather|Sandstorm|[upkeep]
|-damage|p2a: Tyranitar|70/100 tox|[from] psn
|-heal|p1a: Insane|41/100|[from] item: Leftovers
|upkeep
|turn|42
|
|t:|1727919195
|move|p2a: Tyranitar|Dragon Dance|p2a: Tyranitar
|-boost|p2a: Tyranitar|atk|1
|-boost|p2a: Tyranitar|spe|1
|move|p1a: Insane|Roar|p2a: Tyranitar
|drag|p2a: Aerodactyl|Aerodactyl, F|100/100
|
|-weather|Sandstorm|[upkeep]
|-heal|p1a: Insane|47/100|[from] item: Leftovers
|upkeep
|turn|43
|
|t:|1727919203
|move|p1a: Insane|Protect|p1a: Insane
|-singleturn|p1a: Insane|Protect
|move|p2a: Aerodactyl|Rock Slide|p1a: Insane
|-activate|p1a: Insane|Protect
|
|-weather|Sandstorm|[upkeep]
|-heal|p1a: Insane|53/100|[from] item: Leftovers
|upkeep
|turn|44
|
|t:|1727919210
|move|p2a: Aerodactyl|Rock Slide|p1a: Insane
|-damage|p1a: Insane|16/100
|move|p1a: Insane|Toxic|p2a: Aerodactyl
|-status|p2a: Aerodactyl|tox
|
|-weather|Sandstorm|[upkeep]
|-damage|p2a: Aerodactyl|95/100 tox|[from] psn
|-heal|p1a: Insane|22/100|[from] item: Leftovers
|upkeep
|turn|45
|
|t:|1727919218
|move|p1a: Insane|Protect|p1a: Insane
|-singleturn|p1a: Insane|Protect
|move|p2a: Aerodactyl|Rock Slide|p1a: Insane
|-activate|p1a: Insane|Protect
|
|-weather|Sandstorm|[upkeep]
|-damage|p2a: Aerodactyl|83/100 tox|[from] psn
|-heal|p1a: Insane|28/100|[from] item: Leftovers
|upkeep
|turn|46
|c|☆Wifike|a skarm, two toxic mons and a dream
|
|t:|1727919232
|move|p1a: Insane|Protect|p1a: Insane
|-singleturn|p1a: Insane|Protect
|move|p2a: Aerodactyl|Rock Slide|p1a: Insane
|-activate|p1a: Insane|Protect
|
|-weather|Sandstorm|[upkeep]
|-damage|p2a: Aerodactyl|65/100 tox|[from] psn
|-heal|p1a: Insane|34/100|[from] item: Leftovers
|upkeep
|turn|47
|
|t:|1727919240
|move|p2a: Aerodactyl|Rock Slide|p1a: Insane
|-damage|p1a: Insane|0 fnt
|faint|p1a: Insane
|
|win|DiamondDiancie25
|c|☆DiamondDiancie25|ggs
|c|☆Wifike|ah gg
|c|☆Wifike|bo3 right
|c|☆DiamondDiancie25|yea

</script>
<script type="application/json" class="data" id="replaydata-smogtours-gen3ou-794149">
{"id":"smogtours-gen3ou-794149","format":"[Gen 3] OU","players":["Wifike","DiamondDiancie25"],"uploadtime":1727919240,"views":99,"formatid":"gen3ou","rating":null,"private":0,"password":null}
</script>

<script defer src="js/replays.js?9d40a366"></script>
