<!DOCTYPE html>
<meta charset="utf-8" />
<meta name="viewport" content="width=device-width" />

<title>[Gen 3] OU: EG Sato vs. dadaasdcfaw - Replays - Pok&eacute;mon Showdown!</title>

<meta name="description" content="Watch a replay of a Pok&eacute;mon battle between EG Sato and dadaasdcfaw! Format: [Gen 3] OU; Date: Oct 8, 2024" />
<!--

Hey, you! Looking in the source for the replay log?

You can find them in JSON format, just add `.json` at the end of a replay URL.

https://replay.pokemonshowdown.com/gen7randomdoublesbattle-865046831.json

Or, if you only need the log itself, add `.log` instead:

https://replay.pokemonshowdown.com/gen7randomdoublesbattle-865046831.log

-->

<link rel="stylesheet" href="//pokemonshowdown.com/style/global.css?0.767286132409787" />
<link rel="stylesheet" href="//play.pokemonshowdown.com/style/font-awesome.css?0.9266228007934947" />
<link rel="stylesheet" href="//play.pokemonshowdown.com/style/battle.css?0.7924700842790926" />
<link rel="stylesheet" href="//play.pokemonshowdown.com/style/utilichart.css?0.8777417872839479" />

<!-- Global site tag (gtag.js) - Google Analytics -->
<script async src="https://www.googletagmanager.com/gtag/js?id=UA-26211653-1"></script>
<script>
  window.dataLayer = window.dataLayer || [];
  function gtag(){dataLayer.push(arguments);}
  gtag('js', new Date());

  gtag('config', 'UA-26211653-1');
</script>
<!-- End Google Analytics -->
<!-- Venatus Ad Manager - Install in <HEAD> of page -->
	<script src="https://hb.vntsm.com/v3/live/ad-manager.min.js" type="text/javascript" data-site-id="642aba63ec9a7b11c3c9c1be" data-mode="scan" async></script>
<!-- / Venatus Ad Manager -->

<style>
	@media (max-width:820px) {
		.battle {
			margin: 0 auto;
		}
		.battle-log {
			margin: 7px auto 0;
			max-width: 640px;
			height: 300px;
			position: static;
		}
	}
	.optgroup {
		display: inline-block;
		line-height: 22px;
		font-size: 10pt;
	}
	.optgroup .button {
		height: 25px;
		padding-top: 0;
		padding-bottom: 0;
	}
	.optgroup button.button {
		padding-left: 12px;
		padding-right: 12px;
	}
	.linklist {
		list-style: none;
		margin: 0.5em 0;
		padding: 0;
	}
	.linklist li {
		padding: 2px 0;
	}
	.sidebar {
		float: left;
		width: 320px;
	}
	.bar-wrapper {
		max-width: 1100px;
		margin: 0 auto;
	}
	.bar-wrapper.has-sidebar {
		max-width: 1430px;
	}
	.mainbar {
		margin: 0;
		padding-right: 1px;
	}
	.mainbar.has-sidebar {
		margin-left: 330px;
	}
	@media (min-width: 1511px) {
		.sidebar {
			width: 400px;
		}
		.bar-wrapper.has-sidebar {
			max-width: 1510px;
		}
		.mainbar.has-sidebar {
			margin-left: 410px;
		}
	}
	.section.first-section {
		margin-top: 9px;
	}
	.blocklink small {
		white-space: normal;
	}
	.button {
		vertical-align: middle;
	}
	.replay-controls {
		padding-top: 10px;
	}
	.replay-controls h1 {
		font-size: 16pt;
		font-weight: normal;
		color: #CCC;
	}
	.pagelink {
		text-align: center;
	}
	.pagelink a {
		width: 150px;
	}
	.textbox, .button {
		font-size: 11pt;
		vertical-align: middle;
	}
	@media (max-width: 450px) {
		.button {
			font-size: 9pt;
		}
	}
</style>

<div>

	<header>
		<div class="nav-wrapper"><ul class="nav">
			<li><a class="button nav-first" href="//pokemonshowdown.com/"><img src="//pokemonshowdown.com/images/pokemonshowdownbeta.png" srcset="//pokemonshowdown.com/images/pokemonshowdownbeta.png 1x, //pokemonshowdown.com/images/pokemonshowdownbeta@2x.png 2x" alt="Pok&eacute;mon Showdown" width="146" height="44" /> Home</a></li>
			<li><a class="button" href="//pokemonshowdown.com/dex/">Pok&eacute;dex</a></li>
			<li><a class="button cur" href="/">Replays</a></li>
			<li><a class="button" href="//pokemonshowdown.com/ladder/">Ladder</a></li>
			<li><a class="button nav-last" href="//pokemonshowdown.com/forums/">Forum</a></li>
			<li><a class="button greenbutton nav-first nav-last" href="//play.pokemonshowdown.com/">Play</a></li>
		</ul></div>
	</header>

	<div class="main" id="main">

		<noscript><section class="section">You need to enable JavaScript to use this page; sorry!</section></noscript>

	</div>

</div>

<script defer nomodule src="//play.pokemonshowdown.com/js/lib/ps-polyfill.js"></script>
<script defer src="//play.pokemonshowdown.com/js/lib/preact.min.js"></script>

<script defer src="//play.pokemonshowdown.com/config/config.js?6dec07f6"></script>
<script defer src="//play.pokemonshowdown.com/js/lib/jquery-1.11.0.min.js"></script>
<script defer src="//play.pokemonshowdown.com/js/lib/html-sanitizer-minified.js"></script>
<script defer src="//play.pokemonshowdown.com/js/battle-sound.js"></script>
<script defer src="//play.pokemonshowdown.com/js/battledata.js?0.6315294753075389"></script>
<script defer src="//play.pokemonshowdown.com/data/pokedex-mini.js?0.7603743185311358"></script>
<script defer src="//play.pokemonshowdown.com/data/pokedex-mini-bw.js?0.030888842834281283"></script>
<script defer src="//play.pokemonshowdown.com/data/graphics.js?0.05593094747507488"></script>
<script defer src="//play.pokemonshowdown.com/data/pokedex.js?0.47064822249611904"></script>
<script defer src="//play.pokemonshowdown.com/data/moves.js?0.8583693120512459"></script>
<script defer src="//play.pokemonshowdown.com/data/abilities.js?0.16017181182386842"></script>
<script defer src="//play.pokemonshowdown.com/data/items.js?0.4163379185673943"></script>
<script defer src="//play.pokemonshowdown.com/data/teambuilder-tables.js?0.31075597372830477"></script>
<script defer src="//play.pokemonshowdown.com/js/battle-tooltips.js?0.6536193500708172"></script>
<script defer src="//play.pokemonshowdown.com/js/battle.js?0.1916591943277901"></script>

<script defer src="js/utils.js?e31f9a17"></script>
<script defer src="js/replays-battle.js?7008c182"></script>

<!-- don't scrape this data! just add .json or .log after the URL!
Full API docs: https://github.com/smogon/pokemon-showdown-client/blob/master/WEB-API.md -->
<script type="text/plain" class="log" id="replaylog-smogtours-gen3ou-796374">
|inactive|Battle timer is ON: inactive players will automatically lose when time's up.
|t:|1728403337
|gametype|singles
|player|p1|EG Sato|veteran|
|player|p2|dadaasdcfaw|266|
|teamsize|p1|6
|teamsize|p2|6
|gen|3
|tier|[Gen 3] OU
|rule|Sleep Clause Mod: Limit one foe put to sleep
|rule|Switch Priority Clause Mod: Faster Pokémon switch first
|rule|Species Clause: Limit one of each Pokémon
|rule|OHKO Clause: OHKO moves are banned
|rule|Evasion Items Clause: Evasion items are banned
|rule|Evasion Moves Clause: Evasion moves are banned
|rule|Endless Battle Clause: Forcing endless battles is banned
|rule|HP Percentage Mod: HP is shown in percentages
|rule|One Boost Passer Clause: Limit one Baton Passer that has a way to boost its stats
|rule|Freeze Clause Mod: Limit one foe frozen
|
|t:|1728403337
|start
|switch|p1a: Tyranitar|Tyranitar, M|100/100
|switch|p2a: Jolteon|Jolteon, M|100/100
|-weather|Sandstorm|[from] ability: Sand Stream|[of] p1a: Tyranitar
|turn|1
|inactive|EG Sato also wants the timer to be on.
|
|t:|1728403362
|move|p2a: Jolteon|Baton Pass|p2a: Jolteon
|
|t:|1728403365
|switch|p2a: Skarmory|Skarmory, M|100/100|[from] Baton Pass
|move|p1a: Tyranitar|Earthquake|p2a: Skarmory
|-immune|p2a: Skarmory
|
|-weather|Sandstorm|[upkeep]
|upkeep
|turn|2
|
|t:|1728403370
|-singleturn|p1a: Tyranitar|move: Focus Punch
|move|p1a: Tyranitar|Focus Punch|p2a: Skarmory
|-damage|p2a: Skarmory|60/100
|move|p2a: Skarmory|Roar|p1a: Tyranitar
|drag|p1a: Starmie|Starmie|100/100
|
|-weather|Sandstorm|[upkeep]
|-damage|p1a: Starmie|94/100|[from] Sandstorm
|-heal|p1a: Starmie|100/100|[from] item: Leftovers
|-heal|p2a: Skarmory|66/100|[from] item: Leftovers
|upkeep
|turn|3
|
|t:|1728403391
|move|p2a: Skarmory|Protect|p2a: Skarmory
|-singleturn|p2a: Skarmory|Protect
|move|p1a: Starmie|Thunder Wave|p2a: Skarmory
|-activate|p2a: Skarmory|Protect
|
|-weather|Sandstorm|[upkeep]
|-damage|p1a: Starmie|94/100|[from] Sandstorm
|-heal|p1a: Starmie|100/100|[from] item: Leftovers
|-heal|p2a: Skarmory|72/100|[from] item: Leftovers
|upkeep
|turn|4
|
|t:|1728403407
|switch|p2a: Blissey|Blissey, F|100/100
|move|p1a: Starmie|Thunder Wave|p2a: Blissey
|-status|p2a: Blissey|par
|
|-weather|Sandstorm|[upkeep]
|-damage|p1a: Starmie|94/100|[from] Sandstorm
|-damage|p2a: Blissey|94/100 par|[from] Sandstorm
|-heal|p1a: Starmie|100/100|[from] item: Leftovers
|-heal|p2a: Blissey|100/100 par|[from] item: Leftovers
|upkeep
|turn|5
|
|t:|1728403414
|switch|p1a: Blissey|Blissey, F|100/100
|move|p2a: Blissey|Thunderbolt|p1a: Blissey
|-damage|p1a: Blissey|93/100
|
|-weather|Sandstorm|[upkeep]
|-damage|p1a: Blissey|87/100|[from] Sandstorm
|-damage|p2a: Blissey|94/100 par|[from] Sandstorm
|-heal|p1a: Blissey|93/100|[from] item: Leftovers
|-heal|p2a: Blissey|100/100 par|[from] item: Leftovers
|upkeep
|turn|6
|
|t:|1728403419
|switch|p1a: Tyranitar|Tyranitar, M|100/100
|move|p2a: Blissey|Toxic|p1a: Tyranitar
|-status|p1a: Tyranitar|tox
|
|-weather|Sandstorm|[upkeep]
|-damage|p2a: Blissey|94/100 par|[from] Sandstorm
|-damage|p1a: Tyranitar|94/100 tox|[from] psn
|-heal|p2a: Blissey|100/100 par|[from] item: Leftovers
|upkeep
|turn|7
|inactive|dadaasdcfaw has 270 seconds left.
|
|t:|1728403473
|move|p1a: Tyranitar|Rock Slide|p2a: Blissey
|-damage|p2a: Blissey|57/100 par
|move|p2a: Blissey|Thunderbolt|p1a: Tyranitar
|-damage|p1a: Tyranitar|79/100 tox
|
|-weather|Sandstorm|[upkeep]
|-damage|p2a: Blissey|50/100 par|[from] Sandstorm
|-heal|p1a: Tyranitar|85/100 tox|[from] item: Leftovers
|-damage|p1a: Tyranitar|73/100 tox|[from] psn
|-heal|p2a: Blissey|57/100 par|[from] item: Leftovers
|upkeep
|turn|8
|
|t:|1728403482
|-singleturn|p1a: Tyranitar|move: Focus Punch
|move|p2a: Blissey|Protect|p2a: Blissey
|-singleturn|p2a: Blissey|Protect
|move|p1a: Tyranitar|Focus Punch|p2a: Blissey
|-activate|p2a: Blissey|Protect
|
|-weather|Sandstorm|[upkeep]
|-damage|p2a: Blissey|50/100 par|[from] Sandstorm
|-heal|p1a: Tyranitar|79/100 tox|[from] item: Leftovers
|-damage|p1a: Tyranitar|61/100 tox|[from] psn
|-heal|p2a: Blissey|57/100 par|[from] item: Leftovers
|upkeep
|turn|9
|c|☆EG Sato|rip
|inactive|dadaasdcfaw has 240 seconds left.
|
|t:|1728403522
|-singleturn|p1a: Tyranitar|move: Focus Punch
|-curestatus|p2a: Blissey|par|[from] ability: Natural Cure
|switch|p2a: Starmie|Starmie|100/100
|move|p1a: Tyranitar|Focus Punch|p2a: Starmie
|-resisted|p2a: Starmie
|-damage|p2a: Starmie|71/100
|
|-weather|Sandstorm|[upkeep]
|-damage|p2a: Starmie|65/100|[from] Sandstorm
|-heal|p2a: Starmie|71/100|[from] item: Leftovers
|-heal|p1a: Tyranitar|67/100 tox|[from] item: Leftovers
|-damage|p1a: Tyranitar|42/100 tox|[from] psn
|upkeep
|turn|10
|
|t:|1728403538
|switch|p1a: Blissey|Blissey, F|93/100
|move|p2a: Starmie|Hydro Pump|p1a: Blissey
|-damage|p1a: Blissey|77/100
|
|-weather|Sandstorm|[upkeep]
|-damage|p2a: Starmie|65/100|[from] Sandstorm
|-damage|p1a: Blissey|71/100|[from] Sandstorm
|-heal|p2a: Starmie|71/100|[from] item: Leftovers
|-heal|p1a: Blissey|77/100|[from] item: Leftovers
|upkeep
|turn|11
|
|t:|1728403547
|switch|p2a: Blissey|Blissey, F|57/100
|move|p1a: Blissey|Soft-Boiled|p1a: Blissey
|-heal|p1a: Blissey|100/100
|
|-weather|Sandstorm|[upkeep]
|-damage|p1a: Blissey|94/100|[from] Sandstorm
|-damage|p2a: Blissey|50/100|[from] Sandstorm
|-heal|p1a: Blissey|100/100|[from] item: Leftovers
|-heal|p2a: Blissey|57/100|[from] item: Leftovers
|upkeep
|turn|12
|
|t:|1728403552
|move|p1a: Blissey|Seismic Toss|p2a: Blissey
|-damage|p2a: Blissey|43/100
|move|p2a: Blissey|Wish|p2a: Blissey
|
|-weather|Sandstorm|[upkeep]
|-damage|p1a: Blissey|94/100|[from] Sandstorm
|-damage|p2a: Blissey|36/100|[from] Sandstorm
|-heal|p1a: Blissey|100/100|[from] item: Leftovers
|-heal|p2a: Blissey|43/100|[from] item: Leftovers
|upkeep
|turn|13
|
|t:|1728403560
|switch|p1a: Swampert|Swampert, M|100/100
|move|p2a: Blissey|Thunderbolt|p1a: Swampert
|-immune|p1a: Swampert
|
|-heal|p2a: Blissey|93/100|[from] move: Wish|[wisher] Blissey
|-weather|Sandstorm|[upkeep]
|-damage|p2a: Blissey|86/100|[from] Sandstorm
|-heal|p2a: Blissey|93/100|[from] item: Leftovers
|upkeep
|turn|14
|inactive|dadaasdcfaw has 240 seconds left.
|
|t:|1728403585
|switch|p2a: Skarmory|Skarmory, M|72/100
|move|p1a: Swampert|Surf|p2a: Skarmory
|-damage|p2a: Skarmory|44/100
|
|-weather|Sandstorm|[upkeep]
|-heal|p2a: Skarmory|50/100|[from] item: Leftovers
|upkeep
|turn|15
|inactive|dadaasdcfaw has 240 seconds left.
|
|t:|1728403591
|move|p2a: Skarmory|Spikes|p1a: Swampert
|-sidestart|p1: EG Sato|Spikes
|move|p1a: Swampert|Surf|p2a: Skarmory
|-damage|p2a: Skarmory|23/100
|
|-weather|Sandstorm|[upkeep]
|-heal|p2a: Skarmory|29/100|[from] item: Leftovers
|upkeep
|turn|16
|
|t:|1728403595
|move|p1a: Swampert|Surf|p2a: Skarmory
|-damage|p2a: Skarmory|3/100
|move|p2a: Skarmory|Roar|p1a: Swampert
|drag|p1a: Tyranitar|Tyranitar, M|42/100 tox
|-damage|p1a: Tyranitar|30/100 tox|[from] Spikes
|
|-weather|Sandstorm|[upkeep]
|-heal|p2a: Skarmory|9/100|[from] item: Leftovers
|-heal|p1a: Tyranitar|36/100 tox|[from] item: Leftovers
|-damage|p1a: Tyranitar|30/100 tox|[from] psn
|upkeep
|turn|17
|
|t:|1728403603
|move|p2a: Skarmory|Protect|p2a: Skarmory
|-singleturn|p2a: Skarmory|Protect
|move|p1a: Tyranitar|Rock Slide|p2a: Skarmory
|-activate|p2a: Skarmory|Protect
|
|-weather|Sandstorm|[upkeep]
|-heal|p2a: Skarmory|15/100|[from] item: Leftovers
|-heal|p1a: Tyranitar|36/100 tox|[from] item: Leftovers
|-damage|p1a: Tyranitar|24/100 tox|[from] psn
|upkeep
|turn|18
|inactive|dadaasdcfaw has 240 seconds left.
|
|t:|1728403639
|switch|p2a: Jolteon|Jolteon, M|100/100
|move|p1a: Tyranitar|Rock Slide|p2a: Jolteon
|-damage|p2a: Jolteon|36/100
|
|-weather|Sandstorm|[upkeep]
|-damage|p2a: Jolteon|30/100|[from] Sandstorm
|-heal|p2a: Jolteon|36/100|[from] item: Leftovers
|-heal|p1a: Tyranitar|30/100 tox|[from] item: Leftovers
|-damage|p1a: Tyranitar|12/100 tox|[from] psn
|upkeep
|turn|19
|inactive|dadaasdcfaw has 210 seconds left.
|
|t:|1728403687
|switch|p1a: Blissey|Blissey, F|100/100
|-damage|p1a: Blissey|88/100|[from] Spikes
|move|p2a: Jolteon|Hidden Power|p1a: Blissey
|-damage|p1a: Blissey|81/100
|
|-weather|Sandstorm|[upkeep]
|-damage|p2a: Jolteon|30/100|[from] Sandstorm
|-damage|p1a: Blissey|74/100|[from] Sandstorm
|-heal|p2a: Jolteon|36/100|[from] item: Leftovers
|-heal|p1a: Blissey|81/100|[from] item: Leftovers
|upkeep
|turn|20
|
|t:|1728403706
|move|p2a: Jolteon|Baton Pass|p2a: Jolteon
|
|t:|1728403707
|switch|p2a: Gengar|Gengar, M|100/100|[from] Baton Pass
|move|p1a: Blissey|Seismic Toss|p2a: Gengar
|-immune|p2a: Gengar
|
|-weather|Sandstorm|[upkeep]
|-damage|p2a: Gengar|94/100|[from] Sandstorm
|-damage|p1a: Blissey|74/100|[from] Sandstorm
|-heal|p2a: Gengar|100/100|[from] item: Leftovers
|-heal|p1a: Blissey|81/100|[from] item: Leftovers
|upkeep
|turn|21
|inactive|EG Sato has 270 seconds left.
|
|t:|1728403739
|move|p2a: Gengar|Will-O-Wisp|p1a: Blissey
|-status|p1a: Blissey|brn
|move|p1a: Blissey|Thunder Wave|p2a: Gengar
|-status|p2a: Gengar|par
|
|-weather|Sandstorm|[upkeep]
|-damage|p1a: Blissey|74/100 brn|[from] Sandstorm
|-damage|p2a: Gengar|94/100 par|[from] Sandstorm
|-heal|p1a: Blissey|81/100 brn|[from] item: Leftovers
|-damage|p1a: Blissey|68/100 brn|[from] brn
|-heal|p2a: Gengar|100/100 par|[from] item: Leftovers
|upkeep
|turn|22
|inactive|dadaasdcfaw has 210 seconds left.
|inactive|EG Sato has 270 seconds left.
|
|t:|1728403770
|-curestatus|p1a: Blissey|brn|[from] ability: Natural Cure
|switch|p1a: Swampert|Swampert, M|100/100
|-damage|p1a: Swampert|88/100|[from] Spikes
|cant|p2a: Gengar|par
|
|-weather|Sandstorm|[upkeep]
|-damage|p2a: Gengar|94/100 par|[from] Sandstorm
|-heal|p1a: Swampert|94/100|[from] item: Leftovers
|-heal|p2a: Gengar|100/100 par|[from] item: Leftovers
|upkeep
|turn|23
|inactive|dadaasdcfaw has 180 seconds left.
|
|t:|1728403809
|move|p1a: Swampert|Protect|p1a: Swampert
|-singleturn|p1a: Swampert|Protect
|cant|p2a: Gengar|par
|
|-weather|Sandstorm|[upkeep]
|-damage|p2a: Gengar|94/100 par|[from] Sandstorm
|-heal|p1a: Swampert|100/100|[from] item: Leftovers
|-heal|p2a: Gengar|100/100 par|[from] item: Leftovers
|upkeep
|turn|24
|inactive|EG Sato has 270 seconds left.
|
|t:|1728403822
|switch|p2a: Starmie|Starmie|71/100
|move|p1a: Swampert|Surf|p2a: Starmie
|-resisted|p2a: Starmie
|-damage|p2a: Starmie|55/100
|
|-weather|Sandstorm|[upkeep]
|-damage|p2a: Starmie|48/100|[from] Sandstorm
|-heal|p2a: Starmie|55/100|[from] item: Leftovers
|upkeep
|turn|25
|
|t:|1728403833
|switch|p1a: Blissey|Blissey, F|68/100
|-damage|p1a: Blissey|56/100|[from] Spikes
|move|p2a: Starmie|Recover|p2a: Starmie
|-heal|p2a: Starmie|100/100
|
|-weather|Sandstorm|[upkeep]
|-damage|p2a: Starmie|94/100|[from] Sandstorm
|-damage|p1a: Blissey|50/100|[from] Sandstorm
|-heal|p2a: Starmie|100/100|[from] item: Leftovers
|-heal|p1a: Blissey|56/100|[from] item: Leftovers
|upkeep
|turn|26
|
|t:|1728403840
|switch|p2a: Skarmory|Skarmory, M|15/100
|move|p1a: Blissey|Soft-Boiled|p1a: Blissey
|-heal|p1a: Blissey|100/100
|
|-weather|Sandstorm|[upkeep]
|-damage|p1a: Blissey|94/100|[from] Sandstorm
|-heal|p2a: Skarmory|21/100|[from] item: Leftovers
|-heal|p1a: Blissey|100/100|[from] item: Leftovers
|upkeep
|turn|27
|
|t:|1728403844
|move|p2a: Skarmory|Protect|p2a: Skarmory
|-singleturn|p2a: Skarmory|Protect
|move|p1a: Blissey|Seismic Toss|p2a: Skarmory
|-activate|p2a: Skarmory|Protect
|
|-weather|Sandstorm|[upkeep]
|-damage|p1a: Blissey|94/100|[from] Sandstorm
|-heal|p2a: Skarmory|27/100|[from] item: Leftovers
|-heal|p1a: Blissey|100/100|[from] item: Leftovers
|upkeep
|turn|28
|
|t:|1728403848
|switch|p2a: Gengar|Gengar, M|100/100 par
|move|p1a: Blissey|Seismic Toss|p2a: Gengar
|-immune|p2a: Gengar
|
|-weather|Sandstorm|[upkeep]
|-damage|p1a: Blissey|94/100|[from] Sandstorm
|-damage|p2a: Gengar|94/100 par|[from] Sandstorm
|-heal|p1a: Blissey|100/100|[from] item: Leftovers
|-heal|p2a: Gengar|100/100 par|[from] item: Leftovers
|upkeep
|turn|29
|
|t:|1728403855
|move|p1a: Blissey|Ice Beam|p2a: Gengar
|-damage|p2a: Gengar|73/100 par
|move|p2a: Gengar|Will-O-Wisp|p1a: Blissey
|-status|p1a: Blissey|brn
|
|-weather|Sandstorm|[upkeep]
|-damage|p1a: Blissey|94/100 brn|[from] Sandstorm
|-damage|p2a: Gengar|66/100 par|[from] Sandstorm
|-heal|p1a: Blissey|100/100 brn|[from] item: Leftovers
|-damage|p1a: Blissey|88/100 brn|[from] brn
|-heal|p2a: Gengar|73/100 par|[from] item: Leftovers
|upkeep
|turn|30
|
|t:|1728403876
|-curestatus|p1a: Blissey|brn|[from] ability: Natural Cure
|switch|p1a: Swampert|Swampert, M|100/100
|-damage|p1a: Swampert|88/100|[from] Spikes
|switch|p2a: Blissey|Blissey, F|93/100
|
|-weather|Sandstorm|[upkeep]
|-damage|p2a: Blissey|86/100|[from] Sandstorm
|-heal|p1a: Swampert|94/100|[from] item: Leftovers
|-heal|p2a: Blissey|93/100|[from] item: Leftovers
|upkeep
|turn|31
|
|t:|1728403884
|move|p1a: Swampert|Toxic|p2a: Blissey|[miss]
|-miss|p1a: Swampert|p2a: Blissey
|move|p2a: Blissey|Toxic|p1a: Swampert
|-status|p1a: Swampert|tox
|
|-weather|Sandstorm|[upkeep]
|-damage|p2a: Blissey|86/100|[from] Sandstorm
|-heal|p1a: Swampert|100/100 tox|[from] item: Leftovers
|-damage|p1a: Swampert|94/100 tox|[from] psn
|-heal|p2a: Blissey|93/100|[from] item: Leftovers
|upkeep
|turn|32
|
|t:|1728403890
|switch|p2a: Skarmory|Skarmory, M|27/100
|move|p1a: Swampert|Refresh|p1a: Swampert
|-curestatus|p1a: Swampert|tox|[msg]
|
|-weather|Sandstorm|[upkeep]
|-heal|p2a: Skarmory|33/100|[from] item: Leftovers
|-heal|p1a: Swampert|100/100|[from] item: Leftovers
|upkeep
|turn|33
|
|t:|1728403903
|move|p2a: Skarmory|Protect|p2a: Skarmory
|-singleturn|p2a: Skarmory|Protect
|move|p1a: Swampert|Surf|p2a: Skarmory
|-activate|p2a: Skarmory|Protect
|
|-weather|Sandstorm|[upkeep]
|-heal|p2a: Skarmory|39/100|[from] item: Leftovers
|upkeep
|turn|34
|
|t:|1728403931
|switch|p2a: Starmie|Starmie|100/100
|move|p1a: Swampert|Surf|p2a: Starmie
|-resisted|p2a: Starmie
|-damage|p2a: Starmie|83/100
|
|-weather|Sandstorm|[upkeep]
|-damage|p2a: Starmie|76/100|[from] Sandstorm
|-heal|p2a: Starmie|83/100|[from] item: Leftovers
|upkeep
|turn|35
|
|t:|1728403942
|switch|p1a: Blissey|Blissey, F|88/100
|-damage|p1a: Blissey|76/100|[from] Spikes
|move|p2a: Starmie|Ice Beam|p1a: Blissey
|-damage|p1a: Blissey|66/100
|
|-weather|Sandstorm|[upkeep]
|-damage|p2a: Starmie|76/100|[from] Sandstorm
|-damage|p1a: Blissey|60/100|[from] Sandstorm
|-heal|p2a: Starmie|83/100|[from] item: Leftovers
|-heal|p1a: Blissey|66/100|[from] item: Leftovers
|upkeep
|turn|36
|
|t:|1728403953
|move|p2a: Starmie|Ice Beam|p1a: Blissey
|-damage|p1a: Blissey|58/100
|move|p1a: Blissey|Ice Beam|p2a: Starmie
|-resisted|p2a: Starmie
|-damage|p2a: Starmie|67/100
|
|-weather|Sandstorm|[upkeep]
|-damage|p2a: Starmie|60/100|[from] Sandstorm
|-damage|p1a: Blissey|52/100|[from] Sandstorm
|-heal|p2a: Starmie|67/100|[from] item: Leftovers
|-heal|p1a: Blissey|58/100|[from] item: Leftovers
|upkeep
|turn|37
|
|t:|1728403961
|move|p2a: Starmie|Recover|p2a: Starmie
|-heal|p2a: Starmie|100/100
|move|p1a: Blissey|Soft-Boiled|p1a: Blissey
|-heal|p1a: Blissey|100/100
|
|-weather|Sandstorm|[upkeep]
|-damage|p2a: Starmie|94/100|[from] Sandstorm
|-damage|p1a: Blissey|94/100|[from] Sandstorm
|-heal|p2a: Starmie|100/100|[from] item: Leftovers
|-heal|p1a: Blissey|100/100|[from] item: Leftovers
|upkeep
|turn|38
|
|t:|1728403975
|switch|p2a: Blissey|Blissey, F|93/100
|move|p1a: Blissey|Seismic Toss|p2a: Blissey
|-damage|p2a: Blissey|79/100
|
|-weather|Sandstorm|[upkeep]
|-damage|p1a: Blissey|94/100|[from] Sandstorm
|-damage|p2a: Blissey|72/100|[from] Sandstorm
|-heal|p1a: Blissey|100/100|[from] item: Leftovers
|-heal|p2a: Blissey|79/100|[from] item: Leftovers
|upkeep
|turn|39
|
|t:|1728403982
|switch|p1a: Swampert|Swampert, M|100/100
|-damage|p1a: Swampert|88/100|[from] Spikes
|move|p2a: Blissey|Wish|p2a: Blissey
|
|-weather|Sandstorm|[upkeep]
|-damage|p2a: Blissey|72/100|[from] Sandstorm
|-heal|p1a: Swampert|94/100|[from] item: Leftovers
|-heal|p2a: Blissey|79/100|[from] item: Leftovers
|upkeep
|turn|40
|
|t:|1728403990
|switch|p1a: Skarmory|Skarmory, F|100/100
|switch|p2a: Skarmory|Skarmory, M|39/100
|
|-heal|p2a: Skarmory|89/100|[from] move: Wish|[wisher] Blissey
|-weather|Sandstorm|[upkeep]
|-heal|p2a: Skarmory|95/100|[from] item: Leftovers
|upkeep
|turn|41
|inactive|dadaasdcfaw has 210 seconds left.
|
|t:|1728404006
|move|p1a: Skarmory|Spikes|p2a: Skarmory
|-sidestart|p2: dadaasdcfaw|Spikes
|move|p2a: Skarmory|Spikes|p1a: Skarmory
|-sidestart|p1: EG Sato|Spikes
|
|-weather|Sandstorm|[upkeep]
|-heal|p2a: Skarmory|100/100|[from] item: Leftovers
|upkeep
|turn|42
|
|t:|1728404012
|switch|p2a: Jolteon|Jolteon, M|36/100
|-damage|p2a: Jolteon|23/100|[from] Spikes
|move|p1a: Skarmory|Spikes|p2a: Jolteon
|-sidestart|p2: dadaasdcfaw|Spikes
|
|-weather|Sandstorm|[upkeep]
|-damage|p2a: Jolteon|17/100|[from] Sandstorm
|-heal|p2a: Jolteon|23/100|[from] item: Leftovers
|upkeep
|turn|43
|
|t:|1728404017
|switch|p1a: Blissey|Blissey, F|100/100
|-damage|p1a: Blissey|84/100|[from] Spikes
|move|p2a: Jolteon|Substitute|p2a: Jolteon
|-fail|p2a: Jolteon|move: Substitute|[weak]
|
|-weather|Sandstorm|[upkeep]
|-damage|p2a: Jolteon|17/100|[from] Sandstorm
|-damage|p1a: Blissey|78/100|[from] Sandstorm
|-heal|p2a: Jolteon|23/100|[from] item: Leftovers
|-heal|p1a: Blissey|84/100|[from] item: Leftovers
|upkeep
|turn|44
|
|t:|1728404024
|move|p2a: Jolteon|Baton Pass|p2a: Jolteon
|
|t:|1728404027
|switch|p2a: Starmie|Starmie|100/100|[from] Baton Pass
|-damage|p2a: Starmie|84/100|[from] Spikes
|move|p1a: Blissey|Soft-Boiled|p1a: Blissey
|-heal|p1a: Blissey|100/100
|
|-weather|Sandstorm|[upkeep]
|-damage|p2a: Starmie|78/100|[from] Sandstorm
|-damage|p1a: Blissey|94/100|[from] Sandstorm
|-heal|p2a: Starmie|84/100|[from] item: Leftovers
|-heal|p1a: Blissey|100/100|[from] item: Leftovers
|upkeep
|turn|45
|
|t:|1728404031
|move|p2a: Starmie|Rapid Spin|p1a: Blissey
|-damage|p1a: Blissey|98/100
|-sideend|p2: dadaasdcfaw|Spikes|[from] move: Rapid Spin|[of] p2a: Starmie
|move|p1a: Blissey|Seismic Toss|p2a: Starmie
|-damage|p2a: Starmie|53/100
|
|-weather|Sandstorm|[upkeep]
|-damage|p2a: Starmie|47/100|[from] Sandstorm
|-damage|p1a: Blissey|91/100|[from] Sandstorm
|-heal|p2a: Starmie|53/100|[from] item: Leftovers
|-heal|p1a: Blissey|98/100|[from] item: Leftovers
|upkeep
|turn|46
|
|t:|1728404035
|switch|p1a: Starmie|Starmie|100/100
|-damage|p1a: Starmie|84/100|[from] Spikes
|move|p2a: Starmie|Recover|p2a: Starmie
|-heal|p2a: Starmie|100/100
|
|-weather|Sandstorm|[upkeep]
|-damage|p1a: Starmie|78/100|[from] Sandstorm
|-damage|p2a: Starmie|94/100|[from] Sandstorm
|-heal|p1a: Starmie|84/100|[from] item: Leftovers
|-heal|p2a: Starmie|100/100|[from] item: Leftovers
|upkeep
|turn|47
|inactive|dadaasdcfaw has 240 seconds left.
|
|t:|1728404062
|move|p1a: Starmie|Rapid Spin|p2a: Starmie
|-damage|p2a: Starmie|97/100
|-sideend|p1: EG Sato|Spikes|[from] move: Rapid Spin|[of] p1a: Starmie
|move|p2a: Starmie|Ice Beam|p1a: Starmie
|-resisted|p1a: Starmie
|-crit|p1a: Starmie
|-damage|p1a: Starmie|59/100
|
|-weather|Sandstorm|[upkeep]
|-damage|p1a: Starmie|53/100|[from] Sandstorm
|-damage|p2a: Starmie|91/100|[from] Sandstorm
|-heal|p1a: Starmie|59/100|[from] item: Leftovers
|-heal|p2a: Starmie|97/100|[from] item: Leftovers
|upkeep
|turn|48
|
|t:|1728404070
|switch|p2a: Blissey|Blissey, F|79/100
|move|p1a: Starmie|Recover|p1a: Starmie
|-heal|p1a: Starmie|100/100
|
|-weather|Sandstorm|[upkeep]
|-damage|p1a: Starmie|94/100|[from] Sandstorm
|-damage|p2a: Blissey|72/100|[from] Sandstorm
|-heal|p1a: Starmie|100/100|[from] item: Leftovers
|-heal|p2a: Blissey|79/100|[from] item: Leftovers
|upkeep
|turn|49
|inactive|dadaasdcfaw has 240 seconds left.
|
|t:|1728404076
|switch|p1a: Swampert|Swampert, M|94/100
|move|p2a: Blissey|Wish|p2a: Blissey
|
|-weather|Sandstorm|[upkeep]
|-damage|p2a: Blissey|72/100|[from] Sandstorm
|-heal|p1a: Swampert|100/100|[from] item: Leftovers
|-heal|p2a: Blissey|79/100|[from] item: Leftovers
|upkeep
|turn|50
|
|t:|1728404082
|move|p1a: Swampert|Surf|p2a: Blissey
|-damage|p2a: Blissey|69/100
|move|p2a: Blissey|Toxic|p1a: Swampert|[miss]
|-miss|p2a: Blissey|p1a: Swampert
|
|-heal|p2a: Blissey|100/100|[from] move: Wish|[wisher] Blissey
|-weather|Sandstorm|[upkeep]
|-damage|p2a: Blissey|94/100|[from] Sandstorm
|-heal|p2a: Blissey|100/100|[from] item: Leftovers
|upkeep
|turn|51
|
|t:|1728404089
|switch|p1a: Blissey|Blissey, F|98/100
|move|p2a: Blissey|Wish|p2a: Blissey
|
|-weather|Sandstorm|[upkeep]
|-damage|p1a: Blissey|91/100|[from] Sandstorm
|-damage|p2a: Blissey|94/100|[from] Sandstorm
|-heal|p1a: Blissey|98/100|[from] item: Leftovers
|-heal|p2a: Blissey|100/100|[from] item: Leftovers
|upkeep
|turn|52
|
|t:|1728404096
|switch|p2a: Gengar|Gengar, M|73/100 par
|move|p1a: Blissey|Seismic Toss|p2a: Gengar
|-immune|p2a: Gengar
|
|-heal|p2a: Gengar|100/100 par|[from] move: Wish|[wisher] Blissey
|-weather|Sandstorm|[upkeep]
|-damage|p1a: Blissey|91/100|[from] Sandstorm
|-damage|p2a: Gengar|94/100 par|[from] Sandstorm
|-heal|p1a: Blissey|98/100|[from] item: Leftovers
|-heal|p2a: Gengar|100/100 par|[from] item: Leftovers
|upkeep
|turn|53
|
|t:|1728404102
|move|p1a: Blissey|Ice Beam|p2a: Gengar
|-damage|p2a: Gengar|73/100 par
|move|p2a: Gengar|Will-O-Wisp|p1a: Blissey
|-status|p1a: Blissey|brn
|
|-weather|Sandstorm|[upkeep]
|-damage|p1a: Blissey|91/100 brn|[from] Sandstorm
|-damage|p2a: Gengar|67/100 par|[from] Sandstorm
|-heal|p1a: Blissey|98/100 brn|[from] item: Leftovers
|-damage|p1a: Blissey|85/100 brn|[from] brn
|-heal|p2a: Gengar|73/100 par|[from] item: Leftovers
|upkeep
|turn|54
|inactive|dadaasdcfaw has 270 seconds left.
|
|t:|1728404122
|-curestatus|p1a: Blissey|brn|[from] ability: Natural Cure
|switch|p1a: Swampert|Swampert, M|100/100
|switch|p2a: Skarmory|Skarmory, M|100/100
|
|-weather|Sandstorm|[upkeep]
|upkeep
|turn|55
|
|t:|1728404142
|switch|p1a: Starmie|Starmie|100/100
|move|p2a: Skarmory|Toxic|p1a: Starmie
|-status|p1a: Starmie|tox
|
|-weather|Sandstorm|[upkeep]
|-damage|p1a: Starmie|94/100 tox|[from] Sandstorm
|-heal|p1a: Starmie|100/100 tox|[from] item: Leftovers
|-damage|p1a: Starmie|94/100 tox|[from] psn
|upkeep
|turn|56
|inactive|dadaasdcfaw has 270 seconds left.
|
|t:|1728404155
|-curestatus|p1a: Starmie|tox|[from] ability: Natural Cure
|switch|p1a: Skarmory|Skarmory, F|100/100
|move|p2a: Skarmory|Spikes|p1a: Skarmory
|-sidestart|p1: EG Sato|Spikes
|
|-weather|Sandstorm|[upkeep]
|upkeep
|turn|57
|inactive|dadaasdcfaw has 270 seconds left.
|
|t:|1728404166
|move|p1a: Skarmory|Spikes|p2a: Skarmory
|-sidestart|p2: dadaasdcfaw|Spikes
|move|p2a: Skarmory|Roar|p1a: Skarmory
|drag|p1a: Starmie|Starmie|94/100
|-damage|p1a: Starmie|82/100|[from] Spikes
|
|-weather|Sandstorm|[upkeep]
|-damage|p1a: Starmie|76/100|[from] Sandstorm
|-heal|p1a: Starmie|82/100|[from] item: Leftovers
|upkeep
|turn|58
|inactive|dadaasdcfaw has 270 seconds left.
|
|t:|1728404181
|move|p1a: Starmie|Surf|p2a: Skarmory
|-damage|p2a: Skarmory|71/100
|move|p2a: Skarmory|Spikes|p1a: Starmie
|-sidestart|p1: EG Sato|Spikes
|
|-weather|Sandstorm|[upkeep]
|-damage|p1a: Starmie|76/100|[from] Sandstorm
|-heal|p1a: Starmie|82/100|[from] item: Leftovers
|-heal|p2a: Skarmory|77/100|[from] item: Leftovers
|upkeep
|turn|59
|
|t:|1728404192
|switch|p2a: Gengar|Gengar, M|73/100 par
|move|p1a: Starmie|Rapid Spin|p2a: Gengar
|-immune|p2a: Gengar
|
|-weather|Sandstorm|[upkeep]
|-damage|p1a: Starmie|76/100|[from] Sandstorm
|-damage|p2a: Gengar|67/100 par|[from] Sandstorm
|-heal|p1a: Starmie|82/100|[from] item: Leftovers
|-heal|p2a: Gengar|73/100 par|[from] item: Leftovers
|upkeep
|turn|60
|inactive|dadaasdcfaw has 270 seconds left.
|inactive|dadaasdcfaw has 240 seconds left.
|
|t:|1728404255
|switch|p1a: Swampert|Swampert, M|100/100
|-damage|p1a: Swampert|84/100|[from] Spikes
|move|p2a: Gengar|Explosion|p1a: Swampert
|-damage|p1a: Swampert|30/100
|faint|p2a: Gengar
|
|t:|1728404271
|switch|p2a: Starmie|Starmie|97/100
|-damage|p2a: Starmie|85/100|[from] Spikes
|
|-weather|Sandstorm|[upkeep]
|-damage|p2a: Starmie|79/100|[from] Sandstorm
|-heal|p2a: Starmie|85/100|[from] item: Leftovers
|-heal|p1a: Swampert|36/100|[from] item: Leftovers
|upkeep
|turn|61
|
|t:|1728404280
|move|p1a: Swampert|Protect|p1a: Swampert
|-singleturn|p1a: Swampert|Protect
|move|p2a: Starmie|Recover|p2a: Starmie
|-heal|p2a: Starmie|100/100
|
|-weather|Sandstorm|[upkeep]
|-damage|p2a: Starmie|94/100|[from] Sandstorm
|-heal|p2a: Starmie|100/100|[from] item: Leftovers
|-heal|p1a: Swampert|42/100|[from] item: Leftovers
|upkeep
|turn|62
|
|t:|1728404286
|switch|p1a: Starmie|Starmie|82/100
|-damage|p1a: Starmie|65/100|[from] Spikes
|move|p2a: Starmie|Rapid Spin|p1a: Starmie
|-damage|p1a: Starmie|62/100
|-sideend|p2: dadaasdcfaw|Spikes|[from] move: Rapid Spin|[of] p2a: Starmie
|
|-weather|Sandstorm|[upkeep]
|-damage|p1a: Starmie|56/100|[from] Sandstorm
|-damage|p2a: Starmie|94/100|[from] Sandstorm
|-heal|p1a: Starmie|62/100|[from] item: Leftovers
|-heal|p2a: Starmie|100/100|[from] item: Leftovers
|upkeep
|turn|63
|inactive|dadaasdcfaw has 210 seconds left.
|
|t:|1728404311
|switch|p2a: Tyranitar|Tyranitar, M|100/100
|move|p1a: Starmie|Rapid Spin|p2a: Tyranitar
|-resisted|p2a: Tyranitar
|-damage|p2a: Tyranitar|99/100
|-sideend|p1: EG Sato|Spikes|[from] move: Rapid Spin|[of] p1a: Starmie
|
|-weather|Sandstorm|[upkeep]
|-damage|p1a: Starmie|56/100|[from] Sandstorm
|-heal|p1a: Starmie|62/100|[from] item: Leftovers
|upkeep
|turn|64
|inactive|dadaasdcfaw has 210 seconds left.
|
|t:|1728404335
|switch|p1a: Skarmory|Skarmory, F|100/100
|move|p2a: Tyranitar|Dragon Dance|p2a: Tyranitar
|-boost|p2a: Tyranitar|atk|1
|-boost|p2a: Tyranitar|spe|1
|
|-weather|Sandstorm|[upkeep]
|upkeep
|turn|65
|
|t:|1728404340
|move|p2a: Tyranitar|Rock Slide|p1a: Skarmory
|-damage|p1a: Skarmory|49/100
|cant|p1a: Skarmory|flinch
|
|-weather|Sandstorm|[upkeep]
|-heal|p1a: Skarmory|55/100|[from] item: Leftovers
|upkeep
|turn|66
|
|t:|1728404346
|move|p2a: Tyranitar|Dragon Dance|p2a: Tyranitar
|-boost|p2a: Tyranitar|atk|1
|-boost|p2a: Tyranitar|spe|1
|move|p1a: Skarmory|Roar|p2a: Tyranitar
|drag|p2a: Blissey|Blissey, F|100/100
|
|-weather|Sandstorm|[upkeep]
|-damage|p2a: Blissey|94/100|[from] Sandstorm
|-heal|p1a: Skarmory|61/100|[from] item: Leftovers
|-heal|p2a: Blissey|100/100|[from] item: Leftovers
|upkeep
|turn|67
|
|t:|1728404360
|switch|p1a: Swampert|Swampert, M|42/100
|move|p2a: Blissey|Wish|p2a: Blissey
|
|-weather|Sandstorm|[upkeep]
|-damage|p2a: Blissey|94/100|[from] Sandstorm
|-heal|p1a: Swampert|48/100|[from] item: Leftovers
|-heal|p2a: Blissey|100/100|[from] item: Leftovers
|upkeep
|turn|68
|
|t:|1728404374
|move|p1a: Swampert|Surf|p2a: Blissey
|-damage|p2a: Blissey|90/100
|move|p2a: Blissey|Toxic|p1a: Swampert
|-status|p1a: Swampert|tox
|
|-heal|p2a: Blissey|100/100|[from] move: Wish|[wisher] Blissey
|-weather|Sandstorm|[upkeep]
|-damage|p2a: Blissey|94/100|[from] Sandstorm
|-heal|p1a: Swampert|55/100 tox|[from] item: Leftovers
|-damage|p1a: Swampert|48/100 tox|[from] psn
|-heal|p2a: Blissey|100/100|[from] item: Leftovers
|upkeep
|turn|69
|
|t:|1728404379
|move|p1a: Swampert|Refresh|p1a: Swampert
|-curestatus|p1a: Swampert|tox|[msg]
|move|p2a: Blissey|Wish|p2a: Blissey
|
|-weather|Sandstorm|[upkeep]
|-damage|p2a: Blissey|94/100|[from] Sandstorm
|-heal|p1a: Swampert|55/100|[from] item: Leftovers
|-heal|p2a: Blissey|100/100|[from] item: Leftovers
|upkeep
|turn|70
|
|t:|1728404387
|move|p1a: Swampert|Refresh||[still]
|-fail|p1a: Swampert
|move|p2a: Blissey|Toxic|p1a: Swampert
|-status|p1a: Swampert|tox
|
|-weather|Sandstorm|[upkeep]
|-damage|p2a: Blissey|94/100|[from] Sandstorm
|-heal|p1a: Swampert|61/100 tox|[from] item: Leftovers
|-damage|p1a: Swampert|55/100 tox|[from] psn
|-heal|p2a: Blissey|100/100|[from] item: Leftovers
|upkeep
|turn|71
|
|t:|1728404407
|switch|p2a: Skarmory|Skarmory, M|77/100
|move|p1a: Swampert|Refresh|p1a: Swampert
|-curestatus|p1a: Swampert|tox|[msg]
|
|-weather|Sandstorm|[upkeep]
|-heal|p2a: Skarmory|83/100|[from] item: Leftovers
|-heal|p1a: Swampert|61/100|[from] item: Leftovers
|upkeep
|turn|72
|
|t:|1728404411
|switch|p1a: Starmie|Starmie|62/100
|move|p2a: Skarmory|Spikes|p1a: Starmie
|-sidestart|p1: EG Sato|Spikes
|
|-weather|Sandstorm|[upkeep]
|-damage|p1a: Starmie|56/100|[from] Sandstorm
|-heal|p1a: Starmie|62/100|[from] item: Leftovers
|-heal|p2a: Skarmory|89/100|[from] item: Leftovers
|upkeep
|turn|73
|
|t:|1728404420
|move|p1a: Starmie|Rapid Spin|p2a: Skarmory
|-resisted|p2a: Skarmory
|-damage|p2a: Skarmory|88/100
|-sideend|p1: EG Sato|Spikes|[from] move: Rapid Spin|[of] p1a: Starmie
|move|p2a: Skarmory|Roar|p1a: Starmie
|drag|p1a: Swampert|Swampert, M|61/100
|
|-weather|Sandstorm|[upkeep]
|-heal|p2a: Skarmory|94/100|[from] item: Leftovers
|-heal|p1a: Swampert|67/100|[from] item: Leftovers
|upkeep
|turn|74
|
|t:|1728404425
|switch|p1a: Starmie|Starmie|62/100
|move|p2a: Skarmory|Toxic|p1a: Starmie
|-status|p1a: Starmie|tox
|
|-weather|Sandstorm|[upkeep]
|-damage|p1a: Starmie|56/100 tox|[from] Sandstorm
|-heal|p1a: Starmie|62/100 tox|[from] item: Leftovers
|-damage|p1a: Starmie|56/100 tox|[from] psn
|-heal|p2a: Skarmory|99/100|[from] item: Leftovers
|upkeep
|turn|75
|
|t:|1728404431
|-curestatus|p1a: Starmie|tox|[from] ability: Natural Cure
|switch|p1a: Skarmory|Skarmory, F|61/100
|move|p2a: Skarmory|Spikes|p1a: Skarmory
|-sidestart|p1: EG Sato|Spikes
|
|-weather|Sandstorm|[upkeep]
|-heal|p1a: Skarmory|67/100|[from] item: Leftovers
|-heal|p2a: Skarmory|100/100|[from] item: Leftovers
|upkeep
|turn|76
|
|t:|1728404437
|switch|p2a: Jolteon|Jolteon, M|23/100
|move|p1a: Skarmory|Spikes|p2a: Jolteon
|-sidestart|p2: dadaasdcfaw|Spikes
|
|-weather|Sandstorm|[upkeep]
|-damage|p2a: Jolteon|17/100|[from] Sandstorm
|-heal|p2a: Jolteon|23/100|[from] item: Leftovers
|-heal|p1a: Skarmory|73/100|[from] item: Leftovers
|upkeep
|turn|77
|
|t:|1728404441
|move|p1a: Skarmory|Protect|p1a: Skarmory
|-singleturn|p1a: Skarmory|Protect
|move|p2a: Jolteon|Thunderbolt|p1a: Skarmory
|-activate|p1a: Skarmory|Protect
|
|-weather|Sandstorm|[upkeep]
|-damage|p2a: Jolteon|17/100|[from] Sandstorm
|-heal|p2a: Jolteon|23/100|[from] item: Leftovers
|-heal|p1a: Skarmory|79/100|[from] item: Leftovers
|upkeep
|turn|78
|
|t:|1728404444
|switch|p1a: Blissey|Blissey, F|85/100
|-damage|p1a: Blissey|73/100|[from] Spikes
|move|p2a: Jolteon|Thunderbolt|p1a: Blissey
|-damage|p1a: Blissey|59/100
|
|-weather|Sandstorm|[upkeep]
|-damage|p2a: Jolteon|17/100|[from] Sandstorm
|-damage|p1a: Blissey|53/100|[from] Sandstorm
|-heal|p2a: Jolteon|23/100|[from] item: Leftovers
|-heal|p1a: Blissey|59/100|[from] item: Leftovers
|upkeep
|turn|79
|
|t:|1728404450
|move|p2a: Jolteon|Baton Pass|p2a: Jolteon
|
|t:|1728404451
|switch|p2a: Starmie|Starmie|100/100|[from] Baton Pass
|-damage|p2a: Starmie|88/100|[from] Spikes
|move|p1a: Blissey|Thunder Wave|p2a: Starmie
|-status|p2a: Starmie|par
|
|-weather|Sandstorm|[upkeep]
|-damage|p1a: Blissey|53/100|[from] Sandstorm
|-damage|p2a: Starmie|82/100 par|[from] Sandstorm
|-heal|p1a: Blissey|59/100|[from] item: Leftovers
|-heal|p2a: Starmie|88/100 par|[from] item: Leftovers
|upkeep
|turn|80
|
|t:|1728404465
|move|p1a: Blissey|Seismic Toss|p2a: Starmie
|-damage|p2a: Starmie|57/100 par
|cant|p2a: Starmie|par
|
|-weather|Sandstorm|[upkeep]
|-damage|p1a: Blissey|53/100|[from] Sandstorm
|-damage|p2a: Starmie|51/100 par|[from] Sandstorm
|-heal|p1a: Blissey|59/100|[from] item: Leftovers
|-heal|p2a: Starmie|57/100 par|[from] item: Leftovers
|upkeep
|turn|81
|
|t:|1728404477
|switch|p1a: Starmie|Starmie|56/100
|-damage|p1a: Starmie|44/100|[from] Spikes
|move|p2a: Starmie|Recover|p2a: Starmie
|-heal|p2a: Starmie|100/100 par
|
|-weather|Sandstorm|[upkeep]
|-damage|p1a: Starmie|38/100|[from] Sandstorm
|-damage|p2a: Starmie|94/100 par|[from] Sandstorm
|-heal|p1a: Starmie|44/100|[from] item: Leftovers
|-heal|p2a: Starmie|100/100 par|[from] item: Leftovers
|upkeep
|turn|82
|
|t:|1728404481
|move|p1a: Starmie|Rapid Spin|p2a: Starmie
|-damage|p2a: Starmie|97/100 par
|-sideend|p1: EG Sato|Spikes|[from] move: Rapid Spin|[of] p1a: Starmie
|move|p2a: Starmie|Rapid Spin|p1a: Starmie
|-damage|p1a: Starmie|40/100
|-sideend|p2: dadaasdcfaw|Spikes|[from] move: Rapid Spin|[of] p2a: Starmie
|
|-weather|Sandstorm|[upkeep]
|-damage|p1a: Starmie|34/100|[from] Sandstorm
|-damage|p2a: Starmie|91/100 par|[from] Sandstorm
|-heal|p1a: Starmie|40/100|[from] item: Leftovers
|-heal|p2a: Starmie|97/100 par|[from] item: Leftovers
|upkeep
|turn|83
|
|t:|1728404484
|-curestatus|p2a: Starmie|par|[from] ability: Natural Cure
|switch|p2a: Blissey|Blissey, F|100/100
|move|p1a: Starmie|Recover|p1a: Starmie
|-heal|p1a: Starmie|90/100
|
|-weather|Sandstorm|[upkeep]
|-damage|p1a: Starmie|84/100|[from] Sandstorm
|-damage|p2a: Blissey|94/100|[from] Sandstorm
|-heal|p1a: Starmie|90/100|[from] item: Leftovers
|-heal|p2a: Blissey|100/100|[from] item: Leftovers
|upkeep
|turn|84
|
|t:|1728404489
|switch|p1a: Swampert|Swampert, M|67/100
|move|p2a: Blissey|Wish|p2a: Blissey
|
|-weather|Sandstorm|[upkeep]
|-damage|p2a: Blissey|94/100|[from] Sandstorm
|-heal|p1a: Swampert|73/100|[from] item: Leftovers
|-heal|p2a: Blissey|100/100|[from] item: Leftovers
|upkeep
|turn|85
|
|t:|1728404494
|move|p1a: Swampert|Surf|p2a: Blissey
|-damage|p2a: Blissey|90/100
|move|p2a: Blissey|Toxic|p1a: Swampert
|-status|p1a: Swampert|tox
|
|-heal|p2a: Blissey|100/100|[from] move: Wish|[wisher] Blissey
|-weather|Sandstorm|[upkeep]
|-damage|p2a: Blissey|94/100|[from] Sandstorm
|-heal|p1a: Swampert|80/100 tox|[from] item: Leftovers
|-damage|p1a: Swampert|73/100 tox|[from] psn
|-heal|p2a: Blissey|100/100|[from] item: Leftovers
|upkeep
|turn|86
|
|t:|1728404499
|switch|p2a: Jolteon|Jolteon, M|23/100
|move|p1a: Swampert|Refresh|p1a: Swampert
|-curestatus|p1a: Swampert|tox|[msg]
|
|-weather|Sandstorm|[upkeep]
|-damage|p2a: Jolteon|17/100|[from] Sandstorm
|-heal|p2a: Jolteon|23/100|[from] item: Leftovers
|-heal|p1a: Swampert|80/100|[from] item: Leftovers
|upkeep
|turn|87
|
|t:|1728404508
|switch|p2a: Skarmory|Skarmory, M|100/100
|move|p1a: Swampert|Protect||[still]
|-fail|p1a: Swampert
|
|-weather|Sandstorm|[upkeep]
|-heal|p1a: Swampert|86/100|[from] item: Leftovers
|upkeep
|turn|88
|
|t:|1728404517
|switch|p1a: Skarmory|Skarmory, F|79/100
|move|p2a: Skarmory|Spikes|p1a: Skarmory
|-sidestart|p1: EG Sato|Spikes
|
|-weather|Sandstorm|[upkeep]
|-heal|p1a: Skarmory|85/100|[from] item: Leftovers
|upkeep
|turn|89
|
|t:|1728404522
|move|p1a: Skarmory|Spikes|p2a: Skarmory
|-sidestart|p2: dadaasdcfaw|Spikes
|move|p2a: Skarmory|Spikes|p1a: Skarmory
|-sidestart|p1: EG Sato|Spikes
|
|-weather|Sandstorm|[upkeep]
|-heal|p1a: Skarmory|91/100|[from] item: Leftovers
|upkeep
|turn|90
|
|t:|1728404529
|move|p1a: Skarmory|Spikes|p2a: Skarmory
|-sidestart|p2: dadaasdcfaw|Spikes
|move|p2a: Skarmory|Roar|p1a: Skarmory
|drag|p1a: Jirachi|Jirachi, shiny|100/100
|-damage|p1a: Jirachi|84/100|[from] Spikes
|
|-weather|Sandstorm|[upkeep]
|-heal|p1a: Jirachi|90/100|[from] item: Leftovers
|upkeep
|turn|91
|
|t:|1728404540
|move|p1a: Jirachi|Thunderbolt|p2a: Skarmory
|-supereffective|p2a: Skarmory
|-damage|p2a: Skarmory|56/100
|move|p2a: Skarmory|Roar|p1a: Jirachi
|drag|p1a: Tyranitar|Tyranitar, M|12/100 tox
|-damage|p1a: Tyranitar|0 fnt|[from] Spikes
|faint|p1a: Tyranitar
|
|t:|1728404552
|switch|p1a: Skarmory|Skarmory, F|91/100
|
|-weather|Sandstorm|[upkeep]
|-heal|p1a: Skarmory|97/100|[from] item: Leftovers
|-heal|p2a: Skarmory|62/100|[from] item: Leftovers
|upkeep
|turn|92
|
|t:|1728404562
|switch|p2a: Starmie|Starmie|97/100
|-damage|p2a: Starmie|81/100|[from] Spikes
|move|p1a: Skarmory|Roar|p2a: Starmie
|drag|p2a: Jolteon|Jolteon, M|23/100
|-damage|p2a: Jolteon|7/100|[from] Spikes
|
|-weather|Sandstorm|[upkeep]
|-damage|p2a: Jolteon|1/100|[from] Sandstorm
|-heal|p2a: Jolteon|7/100|[from] item: Leftovers
|-heal|p1a: Skarmory|100/100|[from] item: Leftovers
|upkeep
|turn|93
|
|t:|1728404570
|switch|p1a: Blissey|Blissey, F|59/100
|-damage|p1a: Blissey|43/100|[from] Spikes
|move|p2a: Jolteon|Thunderbolt|p1a: Blissey
|-damage|p1a: Blissey|28/100
|
|-weather|Sandstorm|[upkeep]
|-damage|p2a: Jolteon|1/100|[from] Sandstorm
|-damage|p1a: Blissey|22/100|[from] Sandstorm
|-heal|p2a: Jolteon|7/100|[from] item: Leftovers
|-heal|p1a: Blissey|28/100|[from] item: Leftovers
|upkeep
|turn|94
|
|t:|1728404599
|switch|p2a: Starmie|Starmie|81/100
|-damage|p2a: Starmie|64/100|[from] Spikes
|move|p1a: Blissey|Soft-Boiled|p1a: Blissey
|-heal|p1a: Blissey|78/100
|
|-weather|Sandstorm|[upkeep]
|-damage|p2a: Starmie|58/100|[from] Sandstorm
|-damage|p1a: Blissey|72/100|[from] Sandstorm
|-heal|p2a: Starmie|64/100|[from] item: Leftovers
|-heal|p1a: Blissey|78/100|[from] item: Leftovers
|upkeep
|turn|95
|
|t:|1728404603
|switch|p1a: Starmie|Starmie|90/100
|-damage|p1a: Starmie|73/100|[from] Spikes
|move|p2a: Starmie|Rapid Spin|p1a: Starmie
|-crit|p1a: Starmie
|-damage|p1a: Starmie|67/100
|-sideend|p2: dadaasdcfaw|Spikes|[from] move: Rapid Spin|[of] p2a: Starmie
|
|-weather|Sandstorm|[upkeep]
|-damage|p1a: Starmie|60/100|[from] Sandstorm
|-damage|p2a: Starmie|58/100|[from] Sandstorm
|-heal|p1a: Starmie|67/100|[from] item: Leftovers
|-heal|p2a: Starmie|64/100|[from] item: Leftovers
|upkeep
|turn|96
|
|t:|1728404626
|move|p1a: Starmie|Rapid Spin|p2a: Starmie
|-damage|p2a: Starmie|61/100
|-sideend|p1: EG Sato|Spikes|[from] move: Rapid Spin|[of] p1a: Starmie
|move|p2a: Starmie|Ice Beam|p1a: Starmie
|-resisted|p1a: Starmie
|-damage|p1a: Starmie|55/100
|
|-weather|Sandstorm|[upkeep]
|-damage|p1a: Starmie|49/100|[from] Sandstorm
|-damage|p2a: Starmie|55/100|[from] Sandstorm
|-heal|p1a: Starmie|55/100|[from] item: Leftovers
|-heal|p2a: Starmie|61/100|[from] item: Leftovers
|upkeep
|turn|97
|
|t:|1728404635
|switch|p2a: Blissey|Blissey, F|100/100
|move|p1a: Starmie|Recover|p1a: Starmie
|-heal|p1a: Starmie|100/100
|
|-weather|Sandstorm|[upkeep]
|-damage|p1a: Starmie|94/100|[from] Sandstorm
|-damage|p2a: Blissey|94/100|[from] Sandstorm
|-heal|p1a: Starmie|100/100|[from] item: Leftovers
|-heal|p2a: Blissey|100/100|[from] item: Leftovers
|upkeep
|turn|98
|
|t:|1728404641
|switch|p1a: Swampert|Swampert, M|86/100
|move|p2a: Blissey|Toxic|p1a: Swampert|[miss]
|-miss|p2a: Blissey|p1a: Swampert
|
|-weather|Sandstorm|[upkeep]
|-damage|p2a: Blissey|94/100|[from] Sandstorm
|-heal|p1a: Swampert|92/100|[from] item: Leftovers
|-heal|p2a: Blissey|100/100|[from] item: Leftovers
|upkeep
|turn|99
|
|t:|1728404647
|switch|p1a: Skarmory|Skarmory, F|100/100
|move|p2a: Blissey|Wish|p2a: Blissey
|
|-weather|Sandstorm|[upkeep]
|-damage|p2a: Blissey|94/100|[from] Sandstorm
|-heal|p2a: Blissey|100/100|[from] item: Leftovers
|upkeep
|turn|100
|
|t:|1728404661
|switch|p2a: Jolteon|Jolteon, M|7/100
|move|p1a: Skarmory|Drill Peck|p2a: Jolteon
|-resisted|p2a: Jolteon
|-damage|p2a: Jolteon|0 fnt
|faint|p2a: Jolteon
|
|t:|1728404670
|switch|p2a: Starmie|Starmie|61/100
|
|-heal|p2a: Starmie|100/100|[from] move: Wish|[wisher] Blissey
|-weather|Sandstorm|[upkeep]
|-damage|p2a: Starmie|94/100|[from] Sandstorm
|-heal|p2a: Starmie|100/100|[from] item: Leftovers
|upkeep
|turn|101
|
|t:|1728404676
|switch|p1a: Starmie|Starmie|100/100
|move|p2a: Starmie|Recover||[still]
|-fail|p2a: Starmie|heal
|
|-weather|Sandstorm|[upkeep]
|-damage|p1a: Starmie|94/100|[from] Sandstorm
|-damage|p2a: Starmie|94/100|[from] Sandstorm
|-heal|p1a: Starmie|100/100|[from] item: Leftovers
|-heal|p2a: Starmie|100/100|[from] item: Leftovers
|upkeep
|turn|102
|
|t:|1728404681
|move|p1a: Starmie|Thunder Wave|p2a: Starmie
|-status|p2a: Starmie|par
|cant|p2a: Starmie|par
|
|-weather|Sandstorm|[upkeep]
|-damage|p1a: Starmie|94/100|[from] Sandstorm
|-damage|p2a: Starmie|94/100 par|[from] Sandstorm
|-heal|p1a: Starmie|100/100|[from] item: Leftovers
|-heal|p2a: Starmie|100/100 par|[from] item: Leftovers
|upkeep
|turn|103
|
|t:|1728404688
|switch|p1a: Skarmory|Skarmory, F|100/100
|-curestatus|p2a: Starmie|par|[from] ability: Natural Cure
|switch|p2a: Blissey|Blissey, F|100/100
|
|-weather|Sandstorm|[upkeep]
|-damage|p2a: Blissey|94/100|[from] Sandstorm
|-heal|p2a: Blissey|100/100|[from] item: Leftovers
|upkeep
|turn|104
|
|t:|1728404693
|move|p1a: Skarmory|Spikes|p2a: Blissey
|-sidestart|p2: dadaasdcfaw|Spikes
|move|p2a: Blissey|Thunderbolt|p1a: Skarmory
|-supereffective|p1a: Skarmory
|-damage|p1a: Skarmory|70/100
|
|-weather|Sandstorm|[upkeep]
|-damage|p2a: Blissey|94/100|[from] Sandstorm
|-heal|p1a: Skarmory|76/100|[from] item: Leftovers
|-heal|p2a: Blissey|100/100|[from] item: Leftovers
|upkeep
|turn|105
|
|t:|1728404703
|switch|p1a: Swampert|Swampert, M|92/100
|switch|p2a: Starmie|Starmie|100/100
|-damage|p2a: Starmie|88/100|[from] Spikes
|
|-weather|Sandstorm|[upkeep]
|-damage|p2a: Starmie|82/100|[from] Sandstorm
|-heal|p2a: Starmie|88/100|[from] item: Leftovers
|-heal|p1a: Swampert|98/100|[from] item: Leftovers
|upkeep
|turn|106
|
|t:|1728404710
|switch|p1a: Starmie|Starmie|100/100
|move|p2a: Starmie|Rapid Spin|p1a: Starmie
|-damage|p1a: Starmie|97/100
|-sideend|p2: dadaasdcfaw|Spikes|[from] move: Rapid Spin|[of] p2a: Starmie
|
|-weather|Sandstorm|[upkeep]
|-damage|p1a: Starmie|91/100|[from] Sandstorm
|-damage|p2a: Starmie|82/100|[from] Sandstorm
|-heal|p1a: Starmie|97/100|[from] item: Leftovers
|-heal|p2a: Starmie|88/100|[from] item: Leftovers
|upkeep
|turn|107
|
|t:|1728404715
|switch|p2a: Blissey|Blissey, F|100/100
|move|p1a: Starmie|Thunder Wave|p2a: Blissey
|-status|p2a: Blissey|par
|
|-weather|Sandstorm|[upkeep]
|-damage|p1a: Starmie|91/100|[from] Sandstorm
|-damage|p2a: Blissey|94/100 par|[from] Sandstorm
|-heal|p1a: Starmie|97/100|[from] item: Leftovers
|-heal|p2a: Blissey|100/100 par|[from] item: Leftovers
|upkeep
|turn|108
|
|t:|1728404722
|switch|p1a: Swampert|Swampert, M|98/100
|move|p2a: Blissey|Toxic|p1a: Swampert
|-status|p1a: Swampert|tox
|
|-weather|Sandstorm|[upkeep]
|-damage|p2a: Blissey|94/100 par|[from] Sandstorm
|-heal|p1a: Swampert|100/100 tox|[from] item: Leftovers
|-damage|p1a: Swampert|94/100 tox|[from] psn
|-heal|p2a: Blissey|100/100 par|[from] item: Leftovers
|upkeep
|turn|109
|
|t:|1728404731
|-curestatus|p2a: Blissey|par|[from] ability: Natural Cure
|switch|p2a: Skarmory|Skarmory, M|62/100
|move|p1a: Swampert|Refresh|p1a: Swampert
|-curestatus|p1a: Swampert|tox|[msg]
|
|-weather|Sandstorm|[upkeep]
|-heal|p2a: Skarmory|68/100|[from] item: Leftovers
|-heal|p1a: Swampert|100/100|[from] item: Leftovers
|upkeep
|turn|110
|
|t:|1728404736
|switch|p1a: Jirachi|Jirachi, shiny|90/100
|move|p2a: Skarmory|Spikes|p1a: Jirachi
|-sidestart|p1: EG Sato|Spikes
|
|-weather|Sandstorm|[upkeep]
|-heal|p1a: Jirachi|96/100|[from] item: Leftovers
|-heal|p2a: Skarmory|74/100|[from] item: Leftovers
|upkeep
|turn|111
|
|t:|1728404739
|move|p2a: Skarmory|Protect|p2a: Skarmory
|-singleturn|p2a: Skarmory|Protect
|move|p1a: Jirachi|Thunderbolt|p2a: Skarmory
|-activate|p2a: Skarmory|Protect
|
|-weather|Sandstorm|[upkeep]
|-heal|p1a: Jirachi|100/100|[from] item: Leftovers
|-heal|p2a: Skarmory|80/100|[from] item: Leftovers
|upkeep
|turn|112
|
|t:|1728404745
|switch|p2a: Tyranitar|Tyranitar, M|99/100
|move|p1a: Jirachi|Thunderbolt|p2a: Tyranitar
|-damage|p2a: Tyranitar|77/100
|
|-weather|Sandstorm|[upkeep]
|upkeep
|turn|113
|
|t:|1728404754
|switch|p1a: Skarmory|Skarmory, F|76/100
|move|p2a: Tyranitar|Dragon Dance|p2a: Tyranitar
|-boost|p2a: Tyranitar|atk|1
|-boost|p2a: Tyranitar|spe|1
|
|-weather|Sandstorm|[upkeep]
|-heal|p1a: Skarmory|82/100|[from] item: Leftovers
|upkeep
|turn|114
|
|t:|1728404758
|switch|p1a: Swampert|Swampert, M|100/100
|-damage|p1a: Swampert|88/100|[from] Spikes
|move|p2a: Tyranitar|Rock Slide|p1a: Swampert|[miss]
|-miss|p2a: Tyranitar|p1a: Swampert
|
|-weather|Sandstorm|[upkeep]
|-heal|p1a: Swampert|94/100|[from] item: Leftovers
|upkeep
|turn|115
|
|t:|1728404768
|switch|p2a: Blissey|Blissey, F|100/100
|move|p1a: Swampert|Surf|p2a: Blissey
|-damage|p2a: Blissey|90/100
|
|-weather|Sandstorm|[upkeep]
|-damage|p2a: Blissey|84/100|[from] Sandstorm
|-heal|p1a: Swampert|100/100|[from] item: Leftovers
|-heal|p2a: Blissey|90/100|[from] item: Leftovers
|upkeep
|turn|116
|
|t:|1728404779
|switch|p2a: Starmie|Starmie|88/100
|move|p1a: Swampert|Toxic|p2a: Starmie|[miss]
|-miss|p1a: Swampert|p2a: Starmie
|
|-weather|Sandstorm|[upkeep]
|-damage|p2a: Starmie|82/100|[from] Sandstorm
|-heal|p2a: Starmie|88/100|[from] item: Leftovers
|upkeep
|turn|117
|
|t:|1728404783
|switch|p1a: Starmie|Starmie|97/100
|-damage|p1a: Starmie|84/100|[from] Spikes
|move|p2a: Starmie|Ice Beam|p1a: Starmie
|-resisted|p1a: Starmie
|-damage|p1a: Starmie|73/100
|
|-weather|Sandstorm|[upkeep]
|-damage|p1a: Starmie|67/100|[from] Sandstorm
|-damage|p2a: Starmie|82/100|[from] Sandstorm
|-heal|p1a: Starmie|73/100|[from] item: Leftovers
|-heal|p2a: Starmie|88/100|[from] item: Leftovers
|upkeep
|turn|118
|
|t:|1728404788
|move|p1a: Starmie|Rapid Spin|p2a: Starmie
|-damage|p2a: Starmie|85/100
|-sideend|p1: EG Sato|Spikes|[from] move: Rapid Spin|[of] p1a: Starmie
|move|p2a: Starmie|Ice Beam|p1a: Starmie
|-resisted|p1a: Starmie
|-damage|p1a: Starmie|59/100
|
|-weather|Sandstorm|[upkeep]
|-damage|p1a: Starmie|53/100|[from] Sandstorm
|-damage|p2a: Starmie|79/100|[from] Sandstorm
|-heal|p1a: Starmie|59/100|[from] item: Leftovers
|-heal|p2a: Starmie|85/100|[from] item: Leftovers
|upkeep
|turn|119
|
|t:|1728404793
|switch|p2a: Skarmory|Skarmory, M|80/100
|move|p1a: Starmie|Recover|p1a: Starmie
|-heal|p1a: Starmie|100/100
|
|-weather|Sandstorm|[upkeep]
|-damage|p1a: Starmie|94/100|[from] Sandstorm
|-heal|p1a: Starmie|100/100|[from] item: Leftovers
|-heal|p2a: Skarmory|86/100|[from] item: Leftovers
|upkeep
|turn|120
|
|t:|1728404797
|move|p1a: Starmie|Thunder Wave|p2a: Skarmory
|-status|p2a: Skarmory|par
|move|p2a: Skarmory|Spikes|p1a: Starmie
|-sidestart|p1: EG Sato|Spikes
|
|-weather|Sandstorm|[upkeep]
|-damage|p1a: Starmie|94/100|[from] Sandstorm
|-heal|p1a: Starmie|100/100|[from] item: Leftovers
|-heal|p2a: Skarmory|92/100 par|[from] item: Leftovers
|upkeep
|turn|121
|
|t:|1728404802
|move|p1a: Starmie|Rapid Spin|p2a: Skarmory
|-resisted|p2a: Skarmory
|-damage|p2a: Skarmory|92/100 par
|-sideend|p1: EG Sato|Spikes|[from] move: Rapid Spin|[of] p1a: Starmie
|move|p2a: Skarmory|Spikes|p1a: Starmie
|-sidestart|p1: EG Sato|Spikes
|
|-weather|Sandstorm|[upkeep]
|-damage|p1a: Starmie|94/100|[from] Sandstorm
|-heal|p1a: Starmie|100/100|[from] item: Leftovers
|-heal|p2a: Skarmory|98/100 par|[from] item: Leftovers
|upkeep
|turn|122
|
|t:|1728404810
|move|p1a: Starmie|Rapid Spin|p2a: Skarmory
|-resisted|p2a: Skarmory
|-damage|p2a: Skarmory|97/100 par
|-sideend|p1: EG Sato|Spikes|[from] move: Rapid Spin|[of] p1a: Starmie
|cant|p2a: Skarmory|par
|
|-weather|Sandstorm|[upkeep]
|-damage|p1a: Starmie|94/100|[from] Sandstorm
|-heal|p1a: Starmie|100/100|[from] item: Leftovers
|-heal|p2a: Skarmory|100/100 par|[from] item: Leftovers
|upkeep
|turn|123
|
|t:|1728404815
|switch|p1a: Jirachi|Jirachi, shiny|100/100
|move|p2a: Skarmory|Toxic|p1a: Jirachi|[miss]
|-miss|p2a: Skarmory|p1a: Jirachi
|
|-weather|Sandstorm|[upkeep]
|upkeep
|turn|124
|
|t:|1728404821
|switch|p2a: Starmie|Starmie|85/100
|move|p1a: Jirachi|Thunderbolt|p2a: Starmie
|-supereffective|p2a: Starmie
|-crit|p2a: Starmie
|-damage|p2a: Starmie|0 fnt
|faint|p2a: Starmie
|
|t:|1728404824
|switch|p2a: Tyranitar|Tyranitar, M|77/100
|
|-weather|Sandstorm|[upkeep]
|upkeep
|turn|125
|
|t:|1728404831
|switch|p1a: Swampert|Swampert, M|100/100
|move|p2a: Tyranitar|Earthquake|p1a: Swampert
|-damage|p1a: Swampert|74/100
|
|-weather|Sandstorm|[upkeep]
|-heal|p1a: Swampert|80/100|[from] item: Leftovers
|upkeep
|turn|126
|
|t:|1728404837
|switch|p2a: Skarmory|Skarmory, M|100/100 par
|move|p1a: Swampert|Surf|p2a: Skarmory
|-damage|p2a: Skarmory|75/100 par
|
|-weather|Sandstorm|[upkeep]
|-heal|p1a: Swampert|86/100|[from] item: Leftovers
|-heal|p2a: Skarmory|81/100 par|[from] item: Leftovers
|upkeep
|turn|127
|
|t:|1728404843
|switch|p1a: Jirachi|Jirachi, shiny|100/100
|move|p2a: Skarmory|Toxic|p1a: Jirachi
|-immune|p1a: Jirachi
|
|-weather|Sandstorm|[upkeep]
|-heal|p2a: Skarmory|87/100 par|[from] item: Leftovers
|upkeep
|turn|128
|
|t:|1728404846
|move|p1a: Jirachi|Thunderbolt|p2a: Skarmory
|-supereffective|p2a: Skarmory
|-damage|p2a: Skarmory|37/100 par
|move|p2a: Skarmory|Spikes|p1a: Jirachi
|-sidestart|p1: EG Sato|Spikes
|
|-weather|Sandstorm|[upkeep]
|-heal|p2a: Skarmory|43/100 par|[from] item: Leftovers
|upkeep
|turn|129
|
|t:|1728404851
|cant|p2a: Skarmory|par
|move|p1a: Jirachi|Thunderbolt|p2a: Skarmory
|-supereffective|p2a: Skarmory
|-damage|p2a: Skarmory|0 fnt
|faint|p2a: Skarmory
|
|t:|1728404854
|switch|p2a: Tyranitar|Tyranitar, M|77/100
|
|-weather|Sandstorm|[upkeep]
|upkeep
|turn|130
|
|t:|1728404858
|switch|p1a: Swampert|Swampert, M|86/100
|-damage|p1a: Swampert|74/100|[from] Spikes
|move|p2a: Tyranitar|Dragon Dance|p2a: Tyranitar
|-boost|p2a: Tyranitar|atk|1
|-boost|p2a: Tyranitar|spe|1
|
|-weather|Sandstorm|[upkeep]
|-heal|p1a: Swampert|80/100|[from] item: Leftovers
|upkeep
|turn|131
|
|t:|1728404888
|move|p2a: Tyranitar|Rock Slide|p1a: Swampert
|-resisted|p1a: Swampert
|-damage|p1a: Swampert|59/100
|move|p1a: Swampert|Surf|p2a: Tyranitar
|-supereffective|p2a: Tyranitar
|-damage|p2a: Tyranitar|28/100
|
|-weather|Sandstorm|[upkeep]
|-heal|p1a: Swampert|65/100|[from] item: Leftovers
|upkeep
|turn|132
|
|t:|1728404896
|move|p1a: Swampert|Protect|p1a: Swampert
|-singleturn|p1a: Swampert|Protect
|move|p2a: Tyranitar|Rock Slide|p1a: Swampert
|-activate|p1a: Swampert|Protect
|
|-weather|Sandstorm|[upkeep]
|-heal|p1a: Swampert|71/100|[from] item: Leftovers
|upkeep
|turn|133
|
|t:|1728404900
|move|p2a: Tyranitar|Rock Slide|p1a: Swampert
|-resisted|p1a: Swampert
|-damage|p1a: Swampert|48/100
|move|p1a: Swampert|Surf|p2a: Tyranitar
|-supereffective|p2a: Tyranitar
|-damage|p2a: Tyranitar|0 fnt
|faint|p2a: Tyranitar
|-message|dadaasdcfaw forfeited.
|
|win|EG Sato
|player|p2|
|c|☆EG Sato|gg

</script>
<script type="application/json" class="data" id="replaydata-smogtours-gen3ou-796374">
{"id":"smogtours-gen3ou-796374","format":"[Gen 3] OU","players":["EG Sato","dadaasdcfaw"],"uploadtime":1728404908,"views":127,"formatid":"gen3ou","rating":null,"private":1,"password":null}
</script>

<script defer src="js/replays.js?9d40a366"></script>
