<!DOCTYPE html>
<meta charset="utf-8" />
<meta name="viewport" content="width=device-width" />

<title>[Gen 3] OU: Catmode vs. basilberry - Replays - Pok&eacute;mon Showdown!</title>

<meta name="description" content="Watch a replay of a Pok&eacute;mon battle between Catmode and basilberry! Format: [Gen 3] OU; Date: Oct 9, 2024" />
<!--

Hey, you! Looking in the source for the replay log?

You can find them in JSON format, just add `.json` at the end of a replay URL.

https://replay.pokemonshowdown.com/gen7randomdoublesbattle-865046831.json

Or, if you only need the log itself, add `.log` instead:

https://replay.pokemonshowdown.com/gen7randomdoublesbattle-865046831.log

-->

<link rel="stylesheet" href="//pokemonshowdown.com/style/global.css?0.023195364461161105" />
<link rel="stylesheet" href="//play.pokemonshowdown.com/style/font-awesome.css?0.13261647063804238" />
<link rel="stylesheet" href="//play.pokemonshowdown.com/style/battle.css?0.8753245789963631" />
<link rel="stylesheet" href="//play.pokemonshowdown.com/style/utilichart.css?0.8627959624976733" />

<!-- Global site tag (gtag.js) - Google Analytics -->
<script async src="https://www.googletagmanager.com/gtag/js?id=UA-26211653-1"></script>
<script>
  window.dataLayer = window.dataLayer || [];
  function gtag(){dataLayer.push(arguments);}
  gtag('js', new Date());

  gtag('config', 'UA-26211653-1');
</script>
<!-- End Google Analytics -->
<!-- Venatus Ad Manager - Install in <HEAD> of page -->
	<script src="https://hb.vntsm.com/v3/live/ad-manager.min.js" type="text/javascript" data-site-id="642aba63ec9a7b11c3c9c1be" data-mode="scan" async></script>
<!-- / Venatus Ad Manager -->

<style>
	@media (max-width:820px) {
		.battle {
			margin: 0 auto;
		}
		.battle-log {
			margin: 7px auto 0;
			max-width: 640px;
			height: 300px;
			position: static;
		}
	}
	.optgroup {
		display: inline-block;
		line-height: 22px;
		font-size: 10pt;
	}
	.optgroup .button {
		height: 25px;
		padding-top: 0;
		padding-bottom: 0;
	}
	.optgroup button.button {
		padding-left: 12px;
		padding-right: 12px;
	}
	.linklist {
		list-style: none;
		margin: 0.5em 0;
		padding: 0;
	}
	.linklist li {
		padding: 2px 0;
	}
	.sidebar {
		float: left;
		width: 320px;
	}
	.bar-wrapper {
		max-width: 1100px;
		margin: 0 auto;
	}
	.bar-wrapper.has-sidebar {
		max-width: 1430px;
	}
	.mainbar {
		margin: 0;
		padding-right: 1px;
	}
	.mainbar.has-sidebar {
		margin-left: 330px;
	}
	@media (min-width: 1511px) {
		.sidebar {
			width: 400px;
		}
		.bar-wrapper.has-sidebar {
			max-width: 1510px;
		}
		.mainbar.has-sidebar {
			margin-left: 410px;
		}
	}
	.section.first-section {
		margin-top: 9px;
	}
	.blocklink small {
		white-space: normal;
	}
	.button {
		vertical-align: middle;
	}
	.replay-controls {
		padding-top: 10px;
	}
	.replay-controls h1 {
		font-size: 16pt;
		font-weight: normal;
		color: #CCC;
	}
	.pagelink {
		text-align: center;
	}
	.pagelink a {
		width: 150px;
	}
	.textbox, .button {
		font-size: 11pt;
		vertical-align: middle;
	}
	@media (max-width: 450px) {
		.button {
			font-size: 9pt;
		}
	}
</style>

<div>

	<header>
		<div class="nav-wrapper"><ul class="nav">
			<li><a class="button nav-first" href="//pokemonshowdown.com/"><img src="//pokemonshowdown.com/images/pokemonshowdownbeta.png" srcset="//pokemonshowdown.com/images/pokemonshowdownbeta.png 1x, //pokemonshowdown.com/images/pokemonshowdownbeta@2x.png 2x" alt="Pok&eacute;mon Showdown" width="146" height="44" /> Home</a></li>
			<li><a class="button" href="//pokemonshowdown.com/dex/">Pok&eacute;dex</a></li>
			<li><a class="button cur" href="/">Replays</a></li>
			<li><a class="button" href="//pokemonshowdown.com/ladder/">Ladder</a></li>
			<li><a class="button nav-last" href="//pokemonshowdown.com/forums/">Forum</a></li>
			<li><a class="button greenbutton nav-first nav-last" href="//play.pokemonshowdown.com/">Play</a></li>
		</ul></div>
	</header>

	<div class="main" id="main">

		<noscript><section class="section">You need to enable JavaScript to use this page; sorry!</section></noscript>

	</div>

</div>

<script defer nomodule src="//play.pokemonshowdown.com/js/lib/ps-polyfill.js"></script>
<script defer src="//play.pokemonshowdown.com/js/lib/preact.min.js"></script>

<script defer src="//play.pokemonshowdown.com/config/config.js?2bddbc15"></script>
<script defer src="//play.pokemonshowdown.com/js/lib/jquery-1.11.0.min.js"></script>
<script defer src="//play.pokemonshowdown.com/js/lib/html-sanitizer-minified.js"></script>
<script defer src="//play.pokemonshowdown.com/js/battle-sound.js"></script>
<script defer src="//play.pokemonshowdown.com/js/battledata.js?0.7209276989879541"></script>
<script defer src="//play.pokemonshowdown.com/data/pokedex-mini.js?0.6111056340867951"></script>
<script defer src="//play.pokemonshowdown.com/data/pokedex-mini-bw.js?0.3532142036491459"></script>
<script defer src="//play.pokemonshowdown.com/data/graphics.js?0.24223875632456182"></script>
<script defer src="//play.pokemonshowdown.com/data/pokedex.js?0.38839984266356864"></script>
<script defer src="//play.pokemonshowdown.com/data/moves.js?0.21866028504024015"></script>
<script defer src="//play.pokemonshowdown.com/data/abilities.js?0.2005157953846628"></script>
<script defer src="//play.pokemonshowdown.com/data/items.js?0.9894211263848525"></script>
<script defer src="//play.pokemonshowdown.com/data/teambuilder-tables.js?0.6008791140282215"></script>
<script defer src="//play.pokemonshowdown.com/js/battle-tooltips.js?0.7580118955022959"></script>
<script defer src="//play.pokemonshowdown.com/js/battle.js?0.6057722274234274"></script>

<script defer src="js/utils.js?e31f9a17"></script>
<script defer src="js/replays-battle.js?7008c182"></script>

<!-- don't scrape this data! just add .json or .log after the URL!
Full API docs: https://github.com/smogon/pokemon-showdown-client/blob/master/WEB-API.md -->
<script type="text/plain" class="log" id="replaylog-smogtours-gen3ou-796789">
|inactive|Battle timer is ON: inactive players will automatically lose when time's up.
|t:|1728512371
|gametype|singles
|player|p1|Catmode|170|
|player|p2|basilberry|giovanni|
|teamsize|p1|6
|teamsize|p2|6
|gen|3
|tier|[Gen 3] OU
|rule|Sleep Clause Mod: Limit one foe put to sleep
|rule|Switch Priority Clause Mod: Faster Pokémon switch first
|rule|Species Clause: Limit one of each Pokémon
|rule|OHKO Clause: OHKO moves are banned
|rule|Evasion Items Clause: Evasion items are banned
|rule|Evasion Moves Clause: Evasion moves are banned
|rule|Endless Battle Clause: Forcing endless battles is banned
|rule|HP Percentage Mod: HP is shown in percentages
|rule|One Boost Passer Clause: Limit one Baton Passer that has a way to boost its stats
|rule|Freeze Clause Mod: Limit one foe frozen
|
|t:|1728512371
|start
|switch|p1a: Iron Bugulus|Forretress, F, shiny|100/100
|switch|p2a: Zapdos|Zapdos|100/100
|turn|1
|c|☆Catmode|Glhf
|c|☆basilberry|glhf
|inactive|basilberry has 270 seconds left.
|
|t:|1728512416
|switch|p2a: Swampert|Swampert, F|100/100
|move|p1a: Iron Bugulus|Spikes|p2a: Swampert
|-sidestart|p2: basilberry|Spikes
|
|upkeep
|turn|2
|
|t:|1728512445
|move|p2a: Swampert|Surf|p1a: Iron Bugulus
|-damage|p1a: Iron Bugulus|66/100
|move|p1a: Iron Bugulus|Spikes|p2a: Swampert
|-sidestart|p2: basilberry|Spikes
|
|-heal|p1a: Iron Bugulus|72/100|[from] item: Leftovers
|upkeep
|turn|3
|
|t:|1728512453
|switch|p2a: Skarmory|Skarmory, M|100/100
|move|p1a: Iron Bugulus|Spikes|p2a: Skarmory
|-sidestart|p2: basilberry|Spikes
|
|-heal|p1a: Iron Bugulus|78/100|[from] item: Leftovers
|upkeep
|turn|4
|
|t:|1728512461
|move|p1a: Iron Bugulus|Rapid Spin|p2a: Skarmory
|-resisted|p2a: Skarmory
|-damage|p2a: Skarmory|99/100
|move|p2a: Skarmory|Roar|p1a: Iron Bugulus
|drag|p1a: Heraboss|Heracross, M|100/100
|
|-heal|p2a: Skarmory|100/100|[from] item: Leftovers
|upkeep
|turn|5
|
|t:|1728512470
|switch|p1a: Who let the|Houndoom, F|100/100
|move|p2a: Skarmory|Spikes|p1a: Who let the
|-sidestart|p1: Catmode|Spikes
|
|upkeep
|turn|6
|
|t:|1728512473
|move|p2a: Skarmory|Protect|p2a: Skarmory
|-singleturn|p2a: Skarmory|Protect
|move|p1a: Who let the|Will-O-Wisp|p2a: Skarmory
|-activate|p2a: Skarmory|Protect
|
|upkeep
|turn|7
|
|t:|1728512483
|switch|p2a: Swampert|Swampert, F|100/100
|-damage|p2a: Swampert|75/100|[from] Spikes
|move|p1a: Who let the|Fire Blast|p2a: Swampert|[miss]
|-miss|p1a: Who let the|p2a: Swampert
|
|-heal|p2a: Swampert|82/100|[from] item: Leftovers
|upkeep
|turn|8
|
|t:|1728512493
|move|p2a: Swampert|Protect|p2a: Swampert
|-singleturn|p2a: Swampert|Protect
|move|p1a: Who let the|Hidden Power|p2a: Swampert
|-activate|p2a: Swampert|Protect
|
|-heal|p2a: Swampert|88/100|[from] item: Leftovers
|upkeep
|turn|9
|
|t:|1728512516
|switch|p1a: Hyperius|Salamence, M|100/100
|-ability|p1a: Hyperius|Intimidate|boost
|-unboost|p2a: Swampert|atk|1
|switch|p2a: Zapdos|Zapdos|100/100
|
|upkeep
|turn|10
|
|t:|1728512540
|switch|p1a: Iron Bugulus|Forretress, F, shiny|78/100
|-damage|p1a: Iron Bugulus|66/100|[from] Spikes
|move|p2a: Zapdos|Thunderbolt|p1a: Iron Bugulus
|-damage|p1a: Iron Bugulus|15/100
|
|-heal|p1a: Iron Bugulus|21/100|[from] item: Leftovers
|upkeep
|turn|11
|
|t:|1728512556
|switch|p1a: Swampert|Swampert, M|100/100
|-damage|p1a: Swampert|88/100|[from] Spikes
|move|p2a: Zapdos|Thunderbolt|p1a: Swampert
|-immune|p1a: Swampert
|
|-heal|p1a: Swampert|94/100|[from] item: Leftovers
|upkeep
|turn|12
|
|t:|1728512569
|switch|p1a: Who let the|Houndoom, F|100/100
|-damage|p1a: Who let the|88/100|[from] Spikes
|move|p2a: Zapdos|Hidden Power|p1a: Who let the
|-resisted|p1a: Who let the
|-damage|p1a: Who let the|72/100
|
|-heal|p1a: Who let the|78/100|[from] item: Leftovers
|upkeep
|turn|13
|
|t:|1728512581
|move|p1a: Who let the|Will-O-Wisp|p2a: Zapdos
|-status|p2a: Zapdos|brn
|move|p2a: Zapdos|Thunderbolt|p1a: Who let the
|-crit|p1a: Who let the
|-damage|p1a: Who let the|0 fnt
|faint|p1a: Who let the
|inactive|Catmode has 270 seconds left.
|
|t:|1728512598
|switch|p1a: Lil T.|Tyranitar, M, shiny|100/100
|-damage|p1a: Lil T.|88/100|[from] Spikes
|-weather|Sandstorm|[from] ability: Sand Stream|[of] p1a: Lil T.
|
|-weather|Sandstorm|[upkeep]
|-damage|p2a: Zapdos|94/100 brn|[from] Sandstorm
|-heal|p2a: Zapdos|100/100 brn|[from] item: Leftovers
|-damage|p2a: Zapdos|88/100 brn|[from] brn
|upkeep
|turn|14
|
|t:|1728512618
|switch|p2a: Swampert|Swampert, F|88/100
|-damage|p2a: Swampert|63/100|[from] Spikes
|move|p1a: Lil T.|Rock Slide|p2a: Swampert
|-resisted|p2a: Swampert
|-crit|p2a: Swampert
|-damage|p2a: Swampert|24/100
|
|-weather|Sandstorm|[upkeep]
|-heal|p2a: Swampert|30/100|[from] item: Leftovers
|upkeep
|turn|15
|inactive|Catmode has 270 seconds left.
|
|t:|1728512650
|switch|p1a: Hyperius|Salamence, M|100/100
|-ability|p1a: Hyperius|Intimidate|boost
|-unboost|p2a: Swampert|atk|1
|move|p2a: Swampert|Protect||[still]
|-fail|p2a: Swampert
|
|-weather|Sandstorm|[upkeep]
|-damage|p1a: Hyperius|94/100|[from] Sandstorm
|-heal|p1a: Hyperius|100/100|[from] item: Leftovers
|-heal|p2a: Swampert|37/100|[from] item: Leftovers
|upkeep
|turn|16
|
|t:|1728512663
|move|p1a: Hyperius|Hidden Power|p2a: Swampert
|-supereffective|p2a: Swampert
|-damage|p2a: Swampert|0 fnt
|faint|p2a: Swampert
|
|t:|1728512680
|switch|p2a: Zapdos|Zapdos|88/100 brn
|
|-weather|Sandstorm|[upkeep]
|-damage|p1a: Hyperius|94/100|[from] Sandstorm
|-damage|p2a: Zapdos|82/100 brn|[from] Sandstorm
|-heal|p1a: Hyperius|100/100|[from] item: Leftovers
|-heal|p2a: Zapdos|88/100 brn|[from] item: Leftovers
|-damage|p2a: Zapdos|76/100 brn|[from] brn
|upkeep
|turn|17
|
|t:|1728512685
|move|p1a: Hyperius|Dragon Claw|p2a: Zapdos
|-damage|p2a: Zapdos|32/100 brn
|move|p2a: Zapdos|Thunderbolt|p1a: Hyperius
|-damage|p1a: Hyperius|33/100
|
|-weather|Sandstorm|[upkeep]
|-damage|p1a: Hyperius|26/100|[from] Sandstorm
|-damage|p2a: Zapdos|26/100 brn|[from] Sandstorm
|-heal|p1a: Hyperius|33/100|[from] item: Leftovers
|-heal|p2a: Zapdos|32/100 brn|[from] item: Leftovers
|-damage|p2a: Zapdos|20/100 brn|[from] brn
|upkeep
|turn|18
|
|t:|1728512701
|switch|p2a: Skarmory|Skarmory, M|100/100
|move|p1a: Hyperius|Dragon Claw|p2a: Skarmory
|-resisted|p2a: Skarmory
|-damage|p2a: Skarmory|80/100
|
|-weather|Sandstorm|[upkeep]
|-damage|p1a: Hyperius|26/100|[from] Sandstorm
|-heal|p1a: Hyperius|33/100|[from] item: Leftovers
|-heal|p2a: Skarmory|86/100|[from] item: Leftovers
|upkeep
|turn|19
|
|t:|1728512708
|switch|p1a: Iron Bugulus|Forretress, F, shiny|21/100
|-damage|p1a: Iron Bugulus|9/100|[from] Spikes
|move|p2a: Skarmory|Toxic|p1a: Iron Bugulus
|-immune|p1a: Iron Bugulus
|
|-weather|Sandstorm|[upkeep]
|-heal|p2a: Skarmory|92/100|[from] item: Leftovers
|-heal|p1a: Iron Bugulus|15/100|[from] item: Leftovers
|upkeep
|turn|20
|
|t:|1728512714
|move|p1a: Iron Bugulus|Rapid Spin|p2a: Skarmory
|-resisted|p2a: Skarmory
|-damage|p2a: Skarmory|91/100
|-sideend|p1: Catmode|Spikes|[from] move: Rapid Spin|[of] p1a: Iron Bugulus
|move|p2a: Skarmory|Roar|p1a: Iron Bugulus
|drag|p1a: Swampert|Swampert, M|94/100
|
|-weather|Sandstorm|[upkeep]
|-heal|p2a: Skarmory|97/100|[from] item: Leftovers
|-heal|p1a: Swampert|100/100|[from] item: Leftovers
|upkeep
|turn|21
|
|t:|1728512719
|switch|p1a: Iron Bugulus|Forretress, F, shiny|15/100
|move|p2a: Skarmory|Toxic|p1a: Iron Bugulus
|-immune|p1a: Iron Bugulus
|
|-weather|Sandstorm|[upkeep]
|-heal|p2a: Skarmory|100/100|[from] item: Leftovers
|-heal|p1a: Iron Bugulus|21/100|[from] item: Leftovers
|upkeep
|turn|22
|
|t:|1728512732
|move|p2a: Skarmory|Protect|p2a: Skarmory
|-singleturn|p2a: Skarmory|Protect
|move|p1a: Iron Bugulus|Explosion|p2a: Skarmory
|-activate|p2a: Skarmory|Protect
|faint|p1a: Iron Bugulus
|c|☆Catmode|Dang
|
|t:|1728512745
|switch|p1a: Heraboss|Heracross, M|100/100
|
|-weather|Sandstorm|[upkeep]
|-damage|p1a: Heraboss|95/100|[from] Sandstorm
|upkeep
|turn|23
|
|t:|1728512748
|-singleturn|p1a: Heraboss|move: Focus Punch
|move|p2a: Skarmory|Spikes|p1a: Heraboss
|-sidestart|p1: Catmode|Spikes
|move|p1a: Heraboss|Focus Punch|p2a: Skarmory
|-damage|p2a: Skarmory|11/100
|
|-weather|Sandstorm|[upkeep]
|-damage|p1a: Heraboss|89/100|[from] Sandstorm
|-heal|p2a: Skarmory|17/100|[from] item: Leftovers
|upkeep
|turn|24
|
|t:|1728512764
|-singleturn|p1a: Heraboss|move: Focus Punch
|move|p2a: Skarmory|Spikes|p1a: Heraboss
|-sidestart|p1: Catmode|Spikes
|move|p1a: Heraboss|Focus Punch|p2a: Skarmory
|-damage|p2a: Skarmory|0 fnt
|faint|p2a: Skarmory
|inactive|basilberry has 270 seconds left.
|
|t:|1728512791
|switch|p2a: Zapdos|Zapdos|20/100 brn
|
|-weather|Sandstorm|[upkeep]
|-damage|p2a: Zapdos|14/100 brn|[from] Sandstorm
|-damage|p1a: Heraboss|83/100|[from] Sandstorm
|-heal|p2a: Zapdos|20/100 brn|[from] item: Leftovers
|-damage|p2a: Zapdos|7/100 brn|[from] brn
|upkeep
|turn|25
|
|t:|1728512796
|switch|p1a: Hyperius|Salamence, M|33/100
|-ability|p1a: Hyperius|Intimidate|boost
|-unboost|p2a: Zapdos|atk|1
|move|p2a: Zapdos|Thunderbolt|p1a: Hyperius
|-damage|p1a: Hyperius|0 fnt
|faint|p1a: Hyperius
|
|t:|1728512802
|switch|p1a: Heraboss|Heracross, M|83/100
|-damage|p1a: Heraboss|66/100|[from] Spikes
|
|-weather|Sandstorm|[upkeep]
|-damage|p2a: Zapdos|1/100 brn|[from] Sandstorm
|-damage|p1a: Heraboss|60/100|[from] Sandstorm
|-heal|p2a: Zapdos|7/100 brn|[from] item: Leftovers
|-damage|p2a: Zapdos|0 fnt|[from] brn
|faint|p2a: Zapdos
|upkeep
|
|t:|1728512804
|switch|p2a: GEEKED UP|Breloom, F|100/100
|-damage|p2a: GEEKED UP|76/100|[from] Spikes
|turn|26
|
|t:|1728512810
|move|p1a: Heraboss|Brick Break|p2a: GEEKED UP
|-damage|p2a: GEEKED UP|0 fnt
|faint|p2a: GEEKED UP
|
|t:|1728512814
|switch|p2a: ALL DAY|Metagross, shiny|100/100
|-damage|p2a: ALL DAY|76/100|[from] Spikes
|
|-weather|Sandstorm|[upkeep]
|-damage|p1a: Heraboss|54/100|[from] Sandstorm
|upkeep
|turn|27
|
|t:|1728512833
|move|p1a: Heraboss|Brick Break|p2a: ALL DAY
|-damage|p2a: ALL DAY|24/100
|move|p2a: ALL DAY|Meteor Mash|p1a: Heraboss
|-damage|p1a: Heraboss|0 fnt
|faint|p1a: Heraboss
|
|t:|1728512836
|switch|p1a: Lil T.|Tyranitar, M, shiny|88/100
|-damage|p1a: Lil T.|72/100|[from] Spikes
|
|-weather|Sandstorm|[upkeep]
|upkeep
|turn|28
|
|t:|1728512839
|move|p1a: Lil T.|Earthquake|p2a: ALL DAY
|-supereffective|p2a: ALL DAY
|-damage|p2a: ALL DAY|0 fnt
|faint|p2a: ALL DAY
|
|t:|1728512842
|switch|p2a: PLAYIN XBOX|Tyranitar, F|100/100
|-damage|p2a: PLAYIN XBOX|75/100|[from] Spikes
|
|-weather|Sandstorm|[upkeep]
|upkeep
|turn|29
|
|t:|1728512848
|move|p1a: Lil T.|Earthquake|p2a: PLAYIN XBOX
|-supereffective|p2a: PLAYIN XBOX
|-damage|p2a: PLAYIN XBOX|17/100
|move|p2a: PLAYIN XBOX|Dragon Dance|p2a: PLAYIN XBOX
|-boost|p2a: PLAYIN XBOX|atk|1
|-boost|p2a: PLAYIN XBOX|spe|1
|
|-weather|Sandstorm|[upkeep]
|upkeep
|turn|30
|inactive|basilberry has 270 seconds left.
|
|t:|1728512893
|move|p2a: PLAYIN XBOX|Earthquake|p1a: Lil T.
|-supereffective|p1a: Lil T.
|-damage|p1a: Lil T.|0 fnt
|faint|p1a: Lil T.
|
|t:|1728512897
|switch|p1a: Swampert|Swampert, M|100/100
|-damage|p1a: Swampert|84/100|[from] Spikes
|
|-weather|Sandstorm|[upkeep]
|-heal|p1a: Swampert|90/100|[from] item: Leftovers
|upkeep
|turn|31
|inactive|basilberry has 240 seconds left.
|
|t:|1728512934
|move|p2a: PLAYIN XBOX|Rock Slide|p1a: Swampert
|-resisted|p1a: Swampert
|-damage|p1a: Swampert|70/100
|move|p1a: Swampert|Earthquake|p2a: PLAYIN XBOX
|-supereffective|p2a: PLAYIN XBOX
|-damage|p2a: PLAYIN XBOX|0 fnt
|faint|p2a: PLAYIN XBOX
|
|win|Catmode
|c|☆Catmode|Gg
|player|p2|
|player|p2|basilberry|giovanni|

</script>
<script type="application/json" class="data" id="replaydata-smogtours-gen3ou-796789">
{"id":"smogtours-gen3ou-796789","format":"[Gen 3] OU","players":["Catmode","basilberry"],"uploadtime":1728512934,"views":139,"formatid":"gen3ou","rating":null,"private":0,"password":null}
</script>

<script defer src="js/replays.js?9d40a366"></script>
