<!DOCTYPE html>
<meta charset="utf-8" />
<meta name="viewport" content="width=device-width" />

<title>[Gen 3] OU: Milkshook♡ vs. celdanami - Replays - Pok&eacute;mon Showdown!</title>

<meta name="description" content="Watch a replay of a Pok&eacute;mon battle between Milkshook♡ and celdanami! Format: [Gen 3] OU; Date: Oct 3, 2024" />
<!--

Hey, you! Looking in the source for the replay log?

You can find them in JSON format, just add `.json` at the end of a replay URL.

https://replay.pokemonshowdown.com/gen7randomdoublesbattle-865046831.json

Or, if you only need the log itself, add `.log` instead:

https://replay.pokemonshowdown.com/gen7randomdoublesbattle-865046831.log

-->

<link rel="stylesheet" href="//pokemonshowdown.com/style/global.css?0.767286132409787" />
<link rel="stylesheet" href="//play.pokemonshowdown.com/style/font-awesome.css?0.9266228007934947" />
<link rel="stylesheet" href="//play.pokemonshowdown.com/style/battle.css?0.7924700842790926" />
<link rel="stylesheet" href="//play.pokemonshowdown.com/style/utilichart.css?0.8777417872839479" />

<!-- Global site tag (gtag.js) - Google Analytics -->
<script async src="https://www.googletagmanager.com/gtag/js?id=UA-26211653-1"></script>
<script>
  window.dataLayer = window.dataLayer || [];
  function gtag(){dataLayer.push(arguments);}
  gtag('js', new Date());

  gtag('config', 'UA-26211653-1');
</script>
<!-- End Google Analytics -->
<!-- Venatus Ad Manager - Install in <HEAD> of page -->
	<script src="https://hb.vntsm.com/v3/live/ad-manager.min.js" type="text/javascript" data-site-id="642aba63ec9a7b11c3c9c1be" data-mode="scan" async></script>
<!-- / Venatus Ad Manager -->

<style>
	@media (max-width:820px) {
		.battle {
			margin: 0 auto;
		}
		.battle-log {
			margin: 7px auto 0;
			max-width: 640px;
			height: 300px;
			position: static;
		}
	}
	.optgroup {
		display: inline-block;
		line-height: 22px;
		font-size: 10pt;
	}
	.optgroup .button {
		height: 25px;
		padding-top: 0;
		padding-bottom: 0;
	}
	.optgroup button.button {
		padding-left: 12px;
		padding-right: 12px;
	}
	.linklist {
		list-style: none;
		margin: 0.5em 0;
		padding: 0;
	}
	.linklist li {
		padding: 2px 0;
	}
	.sidebar {
		float: left;
		width: 320px;
	}
	.bar-wrapper {
		max-width: 1100px;
		margin: 0 auto;
	}
	.bar-wrapper.has-sidebar {
		max-width: 1430px;
	}
	.mainbar {
		margin: 0;
		padding-right: 1px;
	}
	.mainbar.has-sidebar {
		margin-left: 330px;
	}
	@media (min-width: 1511px) {
		.sidebar {
			width: 400px;
		}
		.bar-wrapper.has-sidebar {
			max-width: 1510px;
		}
		.mainbar.has-sidebar {
			margin-left: 410px;
		}
	}
	.section.first-section {
		margin-top: 9px;
	}
	.blocklink small {
		white-space: normal;
	}
	.button {
		vertical-align: middle;
	}
	.replay-controls {
		padding-top: 10px;
	}
	.replay-controls h1 {
		font-size: 16pt;
		font-weight: normal;
		color: #CCC;
	}
	.pagelink {
		text-align: center;
	}
	.pagelink a {
		width: 150px;
	}
	.textbox, .button {
		font-size: 11pt;
		vertical-align: middle;
	}
	@media (max-width: 450px) {
		.button {
			font-size: 9pt;
		}
	}
</style>

<div>

	<header>
		<div class="nav-wrapper"><ul class="nav">
			<li><a class="button nav-first" href="//pokemonshowdown.com/"><img src="//pokemonshowdown.com/images/pokemonshowdownbeta.png" srcset="//pokemonshowdown.com/images/pokemonshowdownbeta.png 1x, //pokemonshowdown.com/images/pokemonshowdownbeta@2x.png 2x" alt="Pok&eacute;mon Showdown" width="146" height="44" /> Home</a></li>
			<li><a class="button" href="//pokemonshowdown.com/dex/">Pok&eacute;dex</a></li>
			<li><a class="button cur" href="/">Replays</a></li>
			<li><a class="button" href="//pokemonshowdown.com/ladder/">Ladder</a></li>
			<li><a class="button nav-last" href="//pokemonshowdown.com/forums/">Forum</a></li>
			<li><a class="button greenbutton nav-first nav-last" href="//play.pokemonshowdown.com/">Play</a></li>
		</ul></div>
	</header>

	<div class="main" id="main">

		<noscript><section class="section">You need to enable JavaScript to use this page; sorry!</section></noscript>

	</div>

</div>

<script defer nomodule src="//play.pokemonshowdown.com/js/lib/ps-polyfill.js"></script>
<script defer src="//play.pokemonshowdown.com/js/lib/preact.min.js"></script>

<script defer src="//play.pokemonshowdown.com/config/config.js?6dec07f6"></script>
<script defer src="//play.pokemonshowdown.com/js/lib/jquery-1.11.0.min.js"></script>
<script defer src="//play.pokemonshowdown.com/js/lib/html-sanitizer-minified.js"></script>
<script defer src="//play.pokemonshowdown.com/js/battle-sound.js"></script>
<script defer src="//play.pokemonshowdown.com/js/battledata.js?0.6315294753075389"></script>
<script defer src="//play.pokemonshowdown.com/data/pokedex-mini.js?0.7603743185311358"></script>
<script defer src="//play.pokemonshowdown.com/data/pokedex-mini-bw.js?0.030888842834281283"></script>
<script defer src="//play.pokemonshowdown.com/data/graphics.js?0.05593094747507488"></script>
<script defer src="//play.pokemonshowdown.com/data/pokedex.js?0.47064822249611904"></script>
<script defer src="//play.pokemonshowdown.com/data/moves.js?0.8583693120512459"></script>
<script defer src="//play.pokemonshowdown.com/data/abilities.js?0.16017181182386842"></script>
<script defer src="//play.pokemonshowdown.com/data/items.js?0.4163379185673943"></script>
<script defer src="//play.pokemonshowdown.com/data/teambuilder-tables.js?0.31075597372830477"></script>
<script defer src="//play.pokemonshowdown.com/js/battle-tooltips.js?0.6536193500708172"></script>
<script defer src="//play.pokemonshowdown.com/js/battle.js?0.1916591943277901"></script>

<script defer src="js/utils.js?e31f9a17"></script>
<script defer src="js/replays-battle.js?7008c182"></script>

<!-- don't scrape this data! just add .json or .log after the URL!
Full API docs: https://github.com/smogon/pokemon-showdown-client/blob/master/WEB-API.md -->
<script type="text/plain" class="log" id="replaylog-smogtours-gen3ou-794395">
|inactive|Battle timer is ON: inactive players will automatically lose when time's up.
|t:|1727990442
|gametype|singles
|player|p1|Milkshook♡|iris-gen5bw2|
|player|p2|celdanami|1|
|teamsize|p1|6
|teamsize|p2|6
|gen|3
|tier|[Gen 3] OU
|rule|Sleep Clause Mod: Limit one foe put to sleep
|rule|Switch Priority Clause Mod: Faster Pokémon switch first
|rule|Species Clause: Limit one of each Pokémon
|rule|OHKO Clause: OHKO moves are banned
|rule|Evasion Items Clause: Evasion items are banned
|rule|Evasion Moves Clause: Evasion moves are banned
|rule|Endless Battle Clause: Forcing endless battles is banned
|rule|HP Percentage Mod: HP is shown in percentages
|rule|One Boost Passer Clause: Limit one Baton Passer that has a way to boost its stats
|rule|Freeze Clause Mod: Limit one foe frozen
|
|t:|1727990442
|start
|switch|p1a: Tyranitar|Tyranitar, F|100/100
|switch|p2a: Rynatria|Tyranitar, M|100/100
|-weather|Sandstorm|[from] ability: Sand Stream|[of] p2a: Rynatria
|turn|1
|inactive|Milkshook♡ also wants the timer to be on.
|c|☆Milkshook♡|gl hf
|inactive|Milkshook♡ has 270 seconds left.
|
|t:|1727990501
|switch|p2a: Kryomars|Skarmory, F|100/100
|switch|p1a: Skarmory|Skarmory, F|100/100
|
|-weather|Sandstorm|[upkeep]
|upkeep
|turn|2
|
|t:|1727990508
|move|p2a: Kryomars|Taunt|p1a: Skarmory
|-start|p1a: Skarmory|move: Taunt
|cant|p1a: Skarmory|move: Taunt|Spikes
|
|-weather|Sandstorm|[upkeep]
|upkeep
|turn|3
|
|t:|1727990529
|switch|p1a: Jirachi|Jirachi|100/100
|move|p2a: Kryomars|Spikes|p1a: Jirachi
|-sidestart|p1: Milkshook♡|Spikes
|
|-weather|Sandstorm|[upkeep]
|upkeep
|turn|4
|c|☆celdanami|i do like taunt skarm
|
|t:|1727990559
|switch|p2a: Silléby|Blissey, F|100/100
|move|p1a: Jirachi|Fire Punch|p2a: Silléby
|-damage|p2a: Silléby|93/100
|-status|p2a: Silléby|brn
|
|-weather|Sandstorm|[upkeep]
|-damage|p2a: Silléby|87/100 brn|[from] Sandstorm
|-heal|p2a: Silléby|93/100 brn|[from] item: Leftovers
|-damage|p2a: Silléby|81/100 brn|[from] brn
|upkeep
|turn|5
|
|t:|1727990569
|switch|p1a: Skarmory|Skarmory, F|100/100
|-curestatus|p2a: Silléby|brn|[from] ability: Natural Cure
|switch|p2a: Rynatria|Tyranitar, M|100/100
|
|-weather|Sandstorm|[upkeep]
|upkeep
|turn|6
|
|t:|1727990572
|move|p1a: Skarmory|Protect|p1a: Skarmory
|-singleturn|p1a: Skarmory|Protect
|move|p2a: Rynatria|Dragon Dance|p2a: Rynatria
|-boost|p2a: Rynatria|atk|1
|-boost|p2a: Rynatria|spe|1
|
|-weather|Sandstorm|[upkeep]
|upkeep
|turn|7
|
|t:|1727990575
|move|p2a: Rynatria|Rock Slide|p1a: Skarmory
|-damage|p1a: Skarmory|57/100
|cant|p1a: Skarmory|flinch
|
|-weather|Sandstorm|[upkeep]
|-heal|p1a: Skarmory|63/100|[from] item: Leftovers
|upkeep
|turn|8
|
|t:|1727990579
|move|p2a: Rynatria|Rock Slide|p1a: Skarmory|[miss]
|-miss|p2a: Rynatria|p1a: Skarmory
|move|p1a: Skarmory|Roar|p2a: Rynatria
|drag|p2a: Ganger|Gengar, F|100/100
|
|-weather|Sandstorm|[upkeep]
|-damage|p2a: Ganger|94/100|[from] Sandstorm
|-heal|p2a: Ganger|100/100|[from] item: Leftovers
|-heal|p1a: Skarmory|69/100|[from] item: Leftovers
|upkeep
|turn|9
|
|t:|1727990590
|switch|p2a: Kryomars|Skarmory, F|100/100
|switch|p1a: Tyranitar|Tyranitar, F|100/100
|-damage|p1a: Tyranitar|88/100|[from] Spikes
|
|-weather|Sandstorm|[upkeep]
|upkeep
|turn|10
|
|t:|1727990598
|switch|p2a: Tempwas|Swampert, F|100/100
|switch|p1a: Skarmory|Skarmory, F|69/100
|
|-weather|Sandstorm|[upkeep]
|-heal|p1a: Skarmory|75/100|[from] item: Leftovers
|upkeep
|turn|11
|
|t:|1727990604
|switch|p2a: Kryomars|Skarmory, F|100/100
|move|p1a: Skarmory|Spikes|p2a: Kryomars
|-sidestart|p2: celdanami|Spikes
|
|-weather|Sandstorm|[upkeep]
|-heal|p1a: Skarmory|81/100|[from] item: Leftovers
|upkeep
|turn|12
|
|t:|1727990613
|move|p2a: Kryomars|Spikes|p1a: Skarmory
|-sidestart|p1: Milkshook♡|Spikes
|move|p1a: Skarmory|Spikes|p2a: Kryomars
|-sidestart|p2: celdanami|Spikes
|
|-weather|Sandstorm|[upkeep]
|-heal|p1a: Skarmory|87/100|[from] item: Leftovers
|upkeep
|turn|13
|
|t:|1727990618
|move|p2a: Kryomars|Taunt|p1a: Skarmory
|-start|p1a: Skarmory|move: Taunt
|cant|p1a: Skarmory|move: Taunt|Spikes
|
|-weather|Sandstorm|[upkeep]
|-heal|p1a: Skarmory|93/100|[from] item: Leftovers
|upkeep
|turn|14
|
|t:|1727990623
|switch|p1a: Jirachi|Jirachi|100/100
|-damage|p1a: Jirachi|84/100|[from] Spikes
|move|p2a: Kryomars|Spikes|p1a: Jirachi
|-sidestart|p1: Milkshook♡|Spikes
|
|-weather|Sandstorm|[upkeep]
|-heal|p1a: Jirachi|90/100|[from] item: Leftovers
|upkeep
|turn|15
|
|t:|1727990630
|switch|p2a: Silléby|Blissey, F|81/100
|-damage|p2a: Silléby|64/100|[from] Spikes
|move|p1a: Jirachi|Fire Punch|p2a: Silléby
|-damage|p2a: Silléby|57/100
|
|-weather|Sandstorm|[upkeep]
|-damage|p2a: Silléby|50/100|[from] Sandstorm
|-heal|p1a: Jirachi|96/100|[from] item: Leftovers
|-heal|p2a: Silléby|57/100|[from] item: Leftovers
|upkeep
|turn|16
|
|t:|1727990634
|switch|p1a: Skarmory|Skarmory, F|93/100
|move|p2a: Silléby|Soft-Boiled|p2a: Silléby
|-heal|p2a: Silléby|100/100
|
|-weather|Sandstorm|[upkeep]
|-damage|p2a: Silléby|94/100|[from] Sandstorm
|-heal|p1a: Skarmory|99/100|[from] item: Leftovers
|-heal|p2a: Silléby|100/100|[from] item: Leftovers
|upkeep
|turn|17
|
|t:|1727990637
|move|p1a: Skarmory|Spikes|p2a: Silléby
|-sidestart|p2: celdanami|Spikes
|move|p2a: Silléby|Thunderbolt|p1a: Skarmory
|-supereffective|p1a: Skarmory
|-damage|p1a: Skarmory|49/100
|
|-weather|Sandstorm|[upkeep]
|-damage|p2a: Silléby|94/100|[from] Sandstorm
|-heal|p1a: Skarmory|55/100|[from] item: Leftovers
|-heal|p2a: Silléby|100/100|[from] item: Leftovers
|upkeep
|turn|18
|
|t:|1727990640
|move|p1a: Skarmory|Protect|p1a: Skarmory
|-singleturn|p1a: Skarmory|Protect
|move|p2a: Silléby|Calm Mind|p2a: Silléby
|-boost|p2a: Silléby|spa|1
|-boost|p2a: Silléby|spd|1
|
|-weather|Sandstorm|[upkeep]
|-damage|p2a: Silléby|94/100|[from] Sandstorm
|-heal|p1a: Skarmory|61/100|[from] item: Leftovers
|-heal|p2a: Silléby|100/100|[from] item: Leftovers
|upkeep
|turn|19
|
|t:|1727990645
|switch|p1a: Jirachi|Jirachi|96/100
|-damage|p1a: Jirachi|71/100|[from] Spikes
|move|p2a: Silléby|Thunderbolt|p1a: Jirachi
|-damage|p1a: Jirachi|45/100
|
|-weather|Sandstorm|[upkeep]
|-damage|p2a: Silléby|94/100|[from] Sandstorm
|-heal|p1a: Jirachi|51/100|[from] item: Leftovers
|-heal|p2a: Silléby|100/100|[from] item: Leftovers
|upkeep
|turn|20
|
|t:|1727990649
|move|p1a: Jirachi|Toxic|p2a: Silléby|[miss]
|-miss|p1a: Jirachi|p2a: Silléby
|move|p2a: Silléby|Thunderbolt|p1a: Jirachi
|-damage|p1a: Jirachi|26/100
|
|-weather|Sandstorm|[upkeep]
|-damage|p2a: Silléby|94/100|[from] Sandstorm
|-heal|p1a: Jirachi|32/100|[from] item: Leftovers
|-heal|p2a: Silléby|100/100|[from] item: Leftovers
|upkeep
|turn|21
|
|t:|1727990651
|move|p1a: Jirachi|Wish|p1a: Jirachi
|move|p2a: Silléby|Calm Mind|p2a: Silléby
|-boost|p2a: Silléby|spa|1
|-boost|p2a: Silléby|spd|1
|
|-weather|Sandstorm|[upkeep]
|-damage|p2a: Silléby|94/100|[from] Sandstorm
|-heal|p1a: Jirachi|39/100|[from] item: Leftovers
|-heal|p2a: Silléby|100/100|[from] item: Leftovers
|upkeep
|turn|22
|
|t:|1727990668
|move|p1a: Jirachi|Toxic|p2a: Silléby
|-status|p2a: Silléby|tox
|move|p2a: Silléby|Thunderbolt|p1a: Jirachi
|-damage|p1a: Jirachi|5/100
|
|-heal|p1a: Jirachi|55/100|[from] move: Wish|[wisher] Jirachi
|-weather|Sandstorm|[upkeep]
|-damage|p2a: Silléby|94/100 tox|[from] Sandstorm
|-heal|p1a: Jirachi|62/100|[from] item: Leftovers
|-heal|p2a: Silléby|100/100 tox|[from] item: Leftovers
|-damage|p2a: Silléby|94/100 tox|[from] psn
|upkeep
|turn|23
|
|t:|1727990686
|-curestatus|p2a: Silléby|tox|[from] ability: Natural Cure
|switch|p2a: Kryomars|Skarmory, F|100/100
|move|p1a: Jirachi|Wish|p1a: Jirachi
|
|-weather|Sandstorm|[upkeep]
|-heal|p1a: Jirachi|68/100|[from] item: Leftovers
|upkeep
|turn|24
|
|t:|1727990691
|move|p1a: Jirachi|Fire Punch|p2a: Kryomars
|-supereffective|p2a: Kryomars
|-damage|p2a: Kryomars|68/100
|-status|p2a: Kryomars|brn
|move|p2a: Kryomars|Roar|p1a: Jirachi
|drag|p1a: Zapdos|Zapdos|100/100
|
|-weather|Sandstorm|[upkeep]
|-damage|p1a: Zapdos|94/100|[from] Sandstorm
|-heal|p1a: Zapdos|100/100|[from] item: Leftovers
|-heal|p2a: Kryomars|74/100 brn|[from] item: Leftovers
|-damage|p2a: Kryomars|62/100 brn|[from] brn
|upkeep
|turn|25
|
|t:|1727990698
|switch|p2a: Silléby|Blissey, F|94/100
|-damage|p2a: Silléby|69/100|[from] Spikes
|move|p1a: Zapdos|Roar|p2a: Silléby
|drag|p2a: Rynatria|Tyranitar, M|100/100
|-damage|p2a: Rynatria|76/100|[from] Spikes
|
|-weather|Sandstorm|[upkeep]
|-damage|p1a: Zapdos|94/100|[from] Sandstorm
|-heal|p1a: Zapdos|100/100|[from] item: Leftovers
|-heal|p2a: Rynatria|82/100|[from] item: Leftovers
|upkeep
|turn|26
|
|t:|1727990704
|switch|p1a: Flygon|Flygon, F|100/100
|move|p2a: Rynatria|Rock Slide|p1a: Flygon
|-resisted|p1a: Flygon
|-crit|p1a: Flygon
|-damage|p1a: Flygon|67/100
|
|-weather|Sandstorm|[upkeep]
|-heal|p1a: Flygon|73/100|[from] item: Leftovers
|-heal|p2a: Rynatria|88/100|[from] item: Leftovers
|upkeep
|turn|27
|
|t:|1727990711
|switch|p2a: Ganger|Gengar, F|100/100
|move|p1a: Flygon|Rock Slide|p2a: Ganger
|-damage|p2a: Ganger|74/100
|
|-weather|Sandstorm|[upkeep]
|-damage|p2a: Ganger|68/100|[from] Sandstorm
|-heal|p2a: Ganger|74/100|[from] item: Leftovers
|-heal|p1a: Flygon|79/100|[from] item: Leftovers
|upkeep
|turn|28
|
|t:|1727990728
|switch|p2a: Tempwas|Swampert, F|100/100
|-damage|p2a: Tempwas|76/100|[from] Spikes
|move|p1a: Flygon|Protect||[still]
|-fail|p1a: Flygon
|
|-weather|Sandstorm|[upkeep]
|-heal|p1a: Flygon|85/100|[from] item: Leftovers
|-heal|p2a: Tempwas|82/100|[from] item: Leftovers
|upkeep
|turn|29
|
|t:|1727990740
|switch|p1a: Skarmory|Skarmory, F|61/100
|move|p2a: Tempwas|Ice Beam|p1a: Skarmory
|-damage|p1a: Skarmory|41/100
|
|-weather|Sandstorm|[upkeep]
|-heal|p1a: Skarmory|47/100|[from] item: Leftovers
|-heal|p2a: Tempwas|88/100|[from] item: Leftovers
|upkeep
|turn|30
|
|t:|1727990761
|move|p2a: Tempwas|Protect|p2a: Tempwas
|-singleturn|p2a: Tempwas|Protect
|move|p1a: Skarmory|Roar|p2a: Tempwas
|-activate|p2a: Tempwas|Protect
|
|-weather|Sandstorm|[upkeep]
|-heal|p1a: Skarmory|53/100|[from] item: Leftovers
|-heal|p2a: Tempwas|94/100|[from] item: Leftovers
|upkeep
|turn|31
|
|t:|1727990768
|switch|p2a: Kryomars|Skarmory, F|62/100 brn
|move|p1a: Skarmory|Protect||[still]
|-fail|p1a: Skarmory
|
|-weather|Sandstorm|[upkeep]
|-heal|p2a: Kryomars|68/100 brn|[from] item: Leftovers
|-damage|p2a: Kryomars|55/100 brn|[from] brn
|-heal|p1a: Skarmory|59/100|[from] item: Leftovers
|upkeep
|turn|32
|
|t:|1727990779
|move|p1a: Skarmory|Protect|p1a: Skarmory
|-singleturn|p1a: Skarmory|Protect
|move|p2a: Kryomars|Roar|p1a: Skarmory
|-activate|p1a: Skarmory|Protect
|
|-weather|Sandstorm|[upkeep]
|-heal|p2a: Kryomars|62/100 brn|[from] item: Leftovers
|-damage|p2a: Kryomars|49/100 brn|[from] brn
|-heal|p1a: Skarmory|65/100|[from] item: Leftovers
|upkeep
|turn|33
|
|t:|1727990784
|move|p1a: Skarmory|Drill Peck|p2a: Kryomars
|-resisted|p2a: Kryomars
|-damage|p2a: Kryomars|41/100 brn
|move|p2a: Kryomars|Roar|p1a: Skarmory
|drag|p1a: Jirachi|Jirachi|68/100
|-damage|p1a: Jirachi|43/100|[from] Spikes
|
|-weather|Sandstorm|[upkeep]
|-heal|p1a: Jirachi|49/100|[from] item: Leftovers
|-heal|p2a: Kryomars|47/100 brn|[from] item: Leftovers
|-damage|p2a: Kryomars|35/100 brn|[from] brn
|upkeep
|turn|34
|inactive|celdanami has 270 seconds left.
|
|t:|1727990817
|move|p1a: Jirachi|Protect|p1a: Jirachi
|-singleturn|p1a: Jirachi|Protect
|move|p2a: Kryomars|Roar|p1a: Jirachi
|-activate|p1a: Jirachi|Protect
|
|-weather|Sandstorm|[upkeep]
|-heal|p1a: Jirachi|55/100|[from] item: Leftovers
|-heal|p2a: Kryomars|41/100 brn|[from] item: Leftovers
|-damage|p2a: Kryomars|29/100 brn|[from] brn
|upkeep
|turn|35
|
|t:|1727990823
|move|p1a: Jirachi|Fire Punch|p2a: Kryomars
|-supereffective|p2a: Kryomars
|-damage|p2a: Kryomars|0 fnt
|faint|p2a: Kryomars
|
|t:|1727990827
|switch|p2a: Ganger|Gengar, F|74/100
|
|-weather|Sandstorm|[upkeep]
|-damage|p2a: Ganger|68/100|[from] Sandstorm
|-heal|p2a: Ganger|74/100|[from] item: Leftovers
|-heal|p1a: Jirachi|61/100|[from] item: Leftovers
|upkeep
|turn|36
|
|t:|1727990847
|switch|p1a: Zapdos|Zapdos|100/100
|move|p2a: Ganger|Will-O-Wisp|p1a: Zapdos
|-status|p1a: Zapdos|brn
|
|-weather|Sandstorm|[upkeep]
|-damage|p2a: Ganger|68/100|[from] Sandstorm
|-damage|p1a: Zapdos|94/100 brn|[from] Sandstorm
|-heal|p2a: Ganger|74/100|[from] item: Leftovers
|-heal|p1a: Zapdos|100/100 brn|[from] item: Leftovers
|-damage|p1a: Zapdos|88/100 brn|[from] brn
|upkeep
|turn|37
|
|t:|1727990854
|switch|p2a: Tempwas|Swampert, F|94/100
|-damage|p2a: Tempwas|69/100|[from] Spikes
|move|p1a: Zapdos|Thunderbolt|p2a: Tempwas
|-immune|p2a: Tempwas
|
|-weather|Sandstorm|[upkeep]
|-damage|p1a: Zapdos|82/100 brn|[from] Sandstorm
|-heal|p1a: Zapdos|88/100 brn|[from] item: Leftovers
|-damage|p1a: Zapdos|75/100 brn|[from] brn
|-heal|p2a: Tempwas|76/100|[from] item: Leftovers
|upkeep
|turn|38
|
|t:|1727990879
|move|p2a: Tempwas|Protect|p2a: Tempwas
|-singleturn|p2a: Tempwas|Protect
|move|p1a: Zapdos|Rest|p1a: Zapdos
|-status|p1a: Zapdos|slp|[from] move: Rest
|-heal|p1a: Zapdos|100/100 slp|[silent]
|
|-weather|Sandstorm|[upkeep]
|-damage|p1a: Zapdos|94/100 slp|[from] Sandstorm
|-heal|p1a: Zapdos|100/100 slp|[from] item: Leftovers
|-heal|p2a: Tempwas|82/100|[from] item: Leftovers
|upkeep
|turn|39
|
|t:|1727990889
|switch|p2a: Silléby|Blissey, F|69/100
|-damage|p2a: Silléby|45/100|[from] Spikes
|cant|p1a: Zapdos|slp
|move|p1a: Zapdos|Sleep Talk|p1a: Zapdos
|move|p1a: Zapdos|Roar|p2a: Silléby|[from]Sleep Talk
|drag|p2a: Aerodactyl|Aerodactyl, M|100/100
|
|-weather|Sandstorm|[upkeep]
|-damage|p1a: Zapdos|94/100 slp|[from] Sandstorm
|-heal|p1a: Zapdos|100/100 slp|[from] item: Leftovers
|upkeep
|turn|40
|
|t:|1727990900
|switch|p1a: Skarmory|Skarmory, F|65/100
|move|p2a: Aerodactyl|Rock Slide|p1a: Skarmory
|-damage|p1a: Skarmory|23/100
|
|-weather|Sandstorm|[upkeep]
|-heal|p1a: Skarmory|29/100|[from] item: Leftovers
|upkeep
|turn|41
|
|t:|1727990908
|switch|p1a: Flygon|Flygon, F|85/100
|move|p2a: Aerodactyl|Rock Slide|p1a: Flygon
|-resisted|p1a: Flygon
|-damage|p1a: Flygon|65/100
|
|-weather|Sandstorm|[upkeep]
|-heal|p1a: Flygon|71/100|[from] item: Leftovers
|upkeep
|turn|42
|
|t:|1727990916
|switch|p2a: Ganger|Gengar, F|74/100
|move|p1a: Flygon|Rock Slide|p2a: Ganger
|-damage|p2a: Ganger|48/100
|
|-weather|Sandstorm|[upkeep]
|-damage|p2a: Ganger|42/100|[from] Sandstorm
|-heal|p2a: Ganger|48/100|[from] item: Leftovers
|-heal|p1a: Flygon|77/100|[from] item: Leftovers
|upkeep
|turn|43
|
|t:|1727990920
|move|p1a: Flygon|Protect|p1a: Flygon
|-singleturn|p1a: Flygon|Protect
|move|p2a: Ganger|Ice Punch|p1a: Flygon
|-activate|p1a: Flygon|Protect
|
|-weather|Sandstorm|[upkeep]
|-damage|p2a: Ganger|42/100|[from] Sandstorm
|-heal|p2a: Ganger|48/100|[from] item: Leftovers
|-heal|p1a: Flygon|83/100|[from] item: Leftovers
|upkeep
|turn|44
|
|t:|1727990929
|switch|p1a: Skarmory|Skarmory, F|29/100
|move|p2a: Ganger|Will-O-Wisp|p1a: Skarmory
|-status|p1a: Skarmory|brn
|
|-weather|Sandstorm|[upkeep]
|-damage|p2a: Ganger|42/100|[from] Sandstorm
|-heal|p2a: Ganger|48/100|[from] item: Leftovers
|-heal|p1a: Skarmory|35/100 brn|[from] item: Leftovers
|-damage|p1a: Skarmory|23/100 brn|[from] brn
|upkeep
|turn|45
|
|t:|1727990942
|switch|p2a: Aerodactyl|Aerodactyl, M|100/100
|move|p1a: Skarmory|Roar|p2a: Aerodactyl
|drag|p2a: Silléby|Blissey, F|45/100
|-damage|p2a: Silléby|20/100|[from] Spikes
|
|-weather|Sandstorm|[upkeep]
|-damage|p2a: Silléby|14/100|[from] Sandstorm
|-heal|p1a: Skarmory|29/100 brn|[from] item: Leftovers
|-damage|p1a: Skarmory|17/100 brn|[from] brn
|-heal|p2a: Silléby|20/100|[from] item: Leftovers
|upkeep
|turn|46
|
|t:|1727990954
|move|p2a: Silléby|Soft-Boiled|p2a: Silléby
|-heal|p2a: Silléby|70/100
|move|p1a: Skarmory|Roar|p2a: Silléby
|drag|p2a: Aerodactyl|Aerodactyl, M|100/100
|
|-weather|Sandstorm|[upkeep]
|-heal|p1a: Skarmory|23/100 brn|[from] item: Leftovers
|-damage|p1a: Skarmory|10/100 brn|[from] brn
|upkeep
|turn|47
|
|t:|1727990966
|move|p1a: Skarmory|Protect|p1a: Skarmory
|-singleturn|p1a: Skarmory|Protect
|move|p2a: Aerodactyl|Rock Slide|p1a: Skarmory
|-activate|p1a: Skarmory|Protect
|
|-weather|Sandstorm|[upkeep]
|-heal|p1a: Skarmory|16/100 brn|[from] item: Leftovers
|-damage|p1a: Skarmory|4/100 brn|[from] brn
|upkeep
|turn|48
|
|t:|1727990970
|switch|p1a: Flygon|Flygon, F|83/100
|move|p2a: Aerodactyl|Rock Slide|p1a: Flygon
|-resisted|p1a: Flygon
|-damage|p1a: Flygon|62/100
|
|-weather|Sandstorm|[upkeep]
|-heal|p1a: Flygon|68/100|[from] item: Leftovers
|upkeep
|turn|49
|
|t:|1727990978
|switch|p2a: Tempwas|Swampert, F|82/100
|-damage|p2a: Tempwas|57/100|[from] Spikes
|move|p1a: Flygon|Toxic|p2a: Tempwas|[miss]
|-miss|p1a: Flygon|p2a: Tempwas
|
|-weather|Sandstorm|[upkeep]
|-heal|p1a: Flygon|74/100|[from] item: Leftovers
|-heal|p2a: Tempwas|63/100|[from] item: Leftovers
|upkeep
|turn|50
|
|t:|1727990983
|switch|p1a: Zapdos|Zapdos|100/100 slp
|move|p2a: Tempwas|Protect||[still]
|-fail|p2a: Tempwas
|
|-weather|Sandstorm|[upkeep]
|-damage|p1a: Zapdos|94/100 slp|[from] Sandstorm
|-heal|p1a: Zapdos|100/100 slp|[from] item: Leftovers
|-heal|p2a: Tempwas|69/100|[from] item: Leftovers
|upkeep
|turn|51
|
|t:|1727991000
|switch|p2a: Silléby|Blissey, F|70/100
|-damage|p2a: Silléby|45/100|[from] Spikes
|cant|p1a: Zapdos|slp
|move|p1a: Zapdos|Sleep Talk|p1a: Zapdos
|move|p1a: Zapdos|Rest|p1a: Zapdos|[from]Sleep Talk
|
|-weather|Sandstorm|[upkeep]
|-damage|p1a: Zapdos|94/100 slp|[from] Sandstorm
|-damage|p2a: Silléby|39/100|[from] Sandstorm
|-heal|p1a: Zapdos|100/100 slp|[from] item: Leftovers
|-heal|p2a: Silléby|45/100|[from] item: Leftovers
|upkeep
|turn|52
|
|t:|1727991005
|cant|p1a: Zapdos|slp
|move|p1a: Zapdos|Sleep Talk|p1a: Zapdos
|move|p1a: Zapdos|Roar|p2a: Silléby|[from]Sleep Talk
|drag|p2a: Aerodactyl|Aerodactyl, M|100/100
|
|-weather|Sandstorm|[upkeep]
|-damage|p1a: Zapdos|94/100 slp|[from] Sandstorm
|-heal|p1a: Zapdos|100/100 slp|[from] item: Leftovers
|upkeep
|turn|53
|
|t:|1727991011
|switch|p1a: Skarmory|Skarmory, F|4/100 brn
|move|p2a: Aerodactyl|Rock Slide|p1a: Skarmory|[miss]
|-miss|p2a: Aerodactyl|p1a: Skarmory
|
|-weather|Sandstorm|[upkeep]
|-heal|p1a: Skarmory|10/100 brn|[from] item: Leftovers
|-damage|p1a: Skarmory|0 fnt|[from] brn
|faint|p1a: Skarmory
|upkeep
|
|t:|1727991014
|switch|p1a: Flygon|Flygon, F|74/100
|turn|54
|
|t:|1727991030
|switch|p2a: Ganger|Gengar, F|48/100
|move|p1a: Flygon|Rock Slide|p2a: Ganger
|-damage|p2a: Ganger|22/100
|
|-weather|Sandstorm|[upkeep]
|-damage|p2a: Ganger|16/100|[from] Sandstorm
|-heal|p2a: Ganger|22/100|[from] item: Leftovers
|-heal|p1a: Flygon|80/100|[from] item: Leftovers
|upkeep
|turn|55
|
|t:|1727991043
|move|p1a: Flygon|Protect|p1a: Flygon
|-singleturn|p1a: Flygon|Protect
|move|p2a: Ganger|Ice Punch|p1a: Flygon
|-activate|p1a: Flygon|Protect
|
|-weather|Sandstorm|[upkeep]
|-damage|p2a: Ganger|16/100|[from] Sandstorm
|-heal|p2a: Ganger|22/100|[from] item: Leftovers
|-heal|p1a: Flygon|86/100|[from] item: Leftovers
|upkeep
|turn|56
|inactive|Milkshook♡ has 270 seconds left.
|
|t:|1727991090
|switch|p1a: Zapdos|Zapdos|100/100 slp
|move|p2a: Ganger|Ice Punch|p1a: Zapdos
|-supereffective|p1a: Zapdos
|-damage|p1a: Zapdos|71/100 slp
|
|-weather|Sandstorm|[upkeep]
|-damage|p2a: Ganger|16/100|[from] Sandstorm
|-damage|p1a: Zapdos|65/100 slp|[from] Sandstorm
|-heal|p2a: Ganger|22/100|[from] item: Leftovers
|-heal|p1a: Zapdos|71/100 slp|[from] item: Leftovers
|upkeep
|turn|57
|
|t:|1727991103
|move|p2a: Ganger|Taunt|p1a: Zapdos
|-start|p1a: Zapdos|move: Taunt
|cant|p1a: Zapdos|slp
|cant|p1a: Zapdos|move: Taunt|Sleep Talk
|
|-weather|Sandstorm|[upkeep]
|-damage|p2a: Ganger|16/100|[from] Sandstorm
|-damage|p1a: Zapdos|65/100 slp|[from] Sandstorm
|-heal|p2a: Ganger|22/100|[from] item: Leftovers
|-heal|p1a: Zapdos|71/100 slp|[from] item: Leftovers
|upkeep
|turn|58
|
|t:|1727991108
|switch|p2a: Silléby|Blissey, F|45/100
|-damage|p2a: Silléby|20/100|[from] Spikes
|cant|p1a: Zapdos|slp
|
|-weather|Sandstorm|[upkeep]
|-damage|p1a: Zapdos|65/100 slp|[from] Sandstorm
|-damage|p2a: Silléby|14/100|[from] Sandstorm
|-heal|p1a: Zapdos|71/100 slp|[from] item: Leftovers
|-end|p1a: Zapdos|move: Taunt|[silent]
|-heal|p2a: Silléby|20/100|[from] item: Leftovers
|upkeep
|turn|59
|
|t:|1727991112
|move|p2a: Silléby|Soft-Boiled|p2a: Silléby
|-heal|p2a: Silléby|70/100
|-curestatus|p1a: Zapdos|slp|[msg]
|move|p1a: Zapdos|Roar|p2a: Silléby
|drag|p2a: Rynatria|Tyranitar, M|88/100
|-damage|p2a: Rynatria|63/100|[from] Spikes
|
|-weather|Sandstorm|[upkeep]
|-damage|p1a: Zapdos|65/100|[from] Sandstorm
|-heal|p1a: Zapdos|71/100|[from] item: Leftovers
|-heal|p2a: Rynatria|69/100|[from] item: Leftovers
|upkeep
|turn|60
|
|t:|1727991135
|switch|p1a: Flygon|Flygon, F|86/100
|move|p2a: Rynatria|Rock Slide|p1a: Flygon
|-resisted|p1a: Flygon
|-damage|p1a: Flygon|71/100
|
|-weather|Sandstorm|[upkeep]
|-heal|p1a: Flygon|77/100|[from] item: Leftovers
|-heal|p2a: Rynatria|76/100|[from] item: Leftovers
|upkeep
|turn|61
|inactive|celdanami has 270 seconds left.
|inactive|celdanami has 240 seconds left.
|inactive|celdanami has 210 seconds left.
|inactive|celdanami has 180 seconds left.
|
|t:|1727991261
|switch|p2a: Tempwas|Swampert, F|69/100
|-damage|p2a: Tempwas|45/100|[from] Spikes
|move|p1a: Flygon|Earthquake|p2a: Tempwas
|-damage|p2a: Tempwas|21/100
|
|-weather|Sandstorm|[upkeep]
|-heal|p1a: Flygon|83/100|[from] item: Leftovers
|-heal|p2a: Tempwas|27/100|[from] item: Leftovers
|upkeep
|turn|62
|
|t:|1727991268
|switch|p1a: Zapdos|Zapdos|71/100
|move|p2a: Tempwas|Ice Beam|p1a: Zapdos
|-supereffective|p1a: Zapdos
|-damage|p1a: Zapdos|43/100
|
|-weather|Sandstorm|[upkeep]
|-damage|p1a: Zapdos|36/100|[from] Sandstorm
|-heal|p1a: Zapdos|43/100|[from] item: Leftovers
|-heal|p2a: Tempwas|34/100|[from] item: Leftovers
|upkeep
|turn|63
|
|t:|1727991271
|move|p2a: Tempwas|Protect|p2a: Tempwas
|-singleturn|p2a: Tempwas|Protect
|move|p1a: Zapdos|Roar|p2a: Tempwas
|-activate|p2a: Tempwas|Protect
|
|-weather|Sandstorm|[upkeep]
|-damage|p1a: Zapdos|36/100|[from] Sandstorm
|-heal|p1a: Zapdos|43/100|[from] item: Leftovers
|-heal|p2a: Tempwas|40/100|[from] item: Leftovers
|upkeep
|turn|64
|
|t:|1727991274
|move|p2a: Tempwas|Ice Beam|p1a: Zapdos
|-supereffective|p1a: Zapdos
|-damage|p1a: Zapdos|17/100
|move|p1a: Zapdos|Roar|p2a: Tempwas
|drag|p2a: Aerodactyl|Aerodactyl, M|100/100
|
|-weather|Sandstorm|[upkeep]
|-damage|p1a: Zapdos|11/100|[from] Sandstorm
|-heal|p1a: Zapdos|17/100|[from] item: Leftovers
|upkeep
|turn|65
|inactive|Milkshook♡ has 270 seconds left.
|inactive|Milkshook♡ has 240 seconds left.
|
|t:|1727991339
|switch|p1a: Jirachi|Jirachi|61/100
|-damage|p1a: Jirachi|36/100|[from] Spikes
|move|p2a: Aerodactyl|Double-Edge|p1a: Jirachi
|-resisted|p1a: Jirachi
|-damage|p1a: Jirachi|15/100
|
|-weather|Sandstorm|[upkeep]
|-heal|p1a: Jirachi|21/100|[from] item: Leftovers
|upkeep
|turn|66
|inactive|Milkshook♡ has 240 seconds left.
|
|t:|1727991352
|move|p2a: Aerodactyl|Double-Edge|p1a: Jirachi
|-resisted|p1a: Jirachi
|-damage|p1a: Jirachi|0 fnt
|faint|p1a: Jirachi
|
|t:|1727991354
|switch|p1a: Gyarados|Gyarados, F|100/100
|-ability|p1a: Gyarados|Intimidate|boost
|-unboost|p2a: Aerodactyl|atk|1
|
|-weather|Sandstorm|[upkeep]
|-damage|p1a: Gyarados|94/100|[from] Sandstorm
|-heal|p1a: Gyarados|100/100|[from] item: Leftovers
|upkeep
|turn|67
|inactive|celdanami has 210 seconds left.
|c|☆celdanami|this team feels oddly familiar
|inactive|celdanami has 180 seconds left.
|inactive|celdanami has 150 seconds left.
|
|t:|1727991448
|move|p2a: Aerodactyl|Double-Edge|p1a: Gyarados
|-damage|p1a: Gyarados|62/100
|move|p1a: Gyarados|Dragon Dance|p1a: Gyarados
|-boost|p1a: Gyarados|atk|1
|-boost|p1a: Gyarados|spe|1
|
|-weather|Sandstorm|[upkeep]
|-damage|p1a: Gyarados|55/100|[from] Sandstorm
|-heal|p1a: Gyarados|62/100|[from] item: Leftovers
|upkeep
|turn|68
|
|t:|1727991461
|move|p1a: Gyarados|Hidden Power|p2a: Aerodactyl
|-supereffective|p2a: Aerodactyl
|-damage|p2a: Aerodactyl|0 fnt
|faint|p2a: Aerodactyl
|
|t:|1727991470
|switch|p2a: Silléby|Blissey, F|70/100
|-damage|p2a: Silléby|45/100|[from] Spikes
|
|-weather|Sandstorm|[upkeep]
|-damage|p1a: Gyarados|55/100|[from] Sandstorm
|-damage|p2a: Silléby|39/100|[from] Sandstorm
|-heal|p1a: Gyarados|62/100|[from] item: Leftovers
|-heal|p2a: Silléby|45/100|[from] item: Leftovers
|upkeep
|turn|69
|inactive|celdanami has 120 seconds left.
|
|t:|1727991499
|move|p1a: Gyarados|Earthquake|p2a: Silléby
|-damage|p2a: Silléby|0 fnt
|faint|p2a: Silléby
|c|☆celdanami|gg
|
|t:|1727991504
|switch|p2a: Rynatria|Tyranitar, M|76/100
|-damage|p2a: Rynatria|51/100|[from] Spikes
|
|-weather|Sandstorm|[upkeep]
|-damage|p1a: Gyarados|55/100|[from] Sandstorm
|-heal|p1a: Gyarados|62/100|[from] item: Leftovers
|-heal|p2a: Rynatria|57/100|[from] item: Leftovers
|upkeep
|turn|70
|
|t:|1727991509
|move|p1a: Gyarados|Earthquake|p2a: Rynatria
|-supereffective|p2a: Rynatria
|-damage|p2a: Rynatria|0 fnt
|faint|p2a: Rynatria
|-message|celdanami forfeited.
|
|win|Milkshook♡
|c|☆Milkshook♡|gg

</script>
<script type="application/json" class="data" id="replaydata-smogtours-gen3ou-794395">
{"id":"smogtours-gen3ou-794395","format":"[Gen 3] OU","players":["Milkshook\u2661","celdanami"],"uploadtime":1727991518,"views":142,"formatid":"gen3ou","rating":null,"private":0,"password":null}
</script>

<script defer src="js/replays.js?9d40a366"></script>
