<!DOCTYPE html>
<meta charset="utf-8" />
<meta name="viewport" content="width=device-width" />

<title>[Gen 3] OU: Glick666 vs. woeishuen - Replays - Pok&eacute;mon Showdown!</title>

<meta name="description" content="Watch a replay of a Pok&eacute;mon battle between Glick666 and woeishuen! Format: [Gen 3] OU; Date: Oct 29, 2024" />
<!--

Hey, you! Looking in the source for the replay log?

You can find them in JSON format, just add `.json` at the end of a replay URL.

https://replay.pokemonshowdown.com/gen7randomdoublesbattle-865046831.json

Or, if you only need the log itself, add `.log` instead:

https://replay.pokemonshowdown.com/gen7randomdoublesbattle-865046831.log

-->

<link rel="stylesheet" href="//pokemonshowdown.com/style/global.css?0.023195364461161105" />
<link rel="stylesheet" href="//play.pokemonshowdown.com/style/font-awesome.css?0.13261647063804238" />
<link rel="stylesheet" href="//play.pokemonshowdown.com/style/battle.css?0.8753245789963631" />
<link rel="stylesheet" href="//play.pokemonshowdown.com/style/utilichart.css?0.8627959624976733" />

<!-- Global site tag (gtag.js) - Google Analytics -->
<script async src="https://www.googletagmanager.com/gtag/js?id=UA-26211653-1"></script>
<script>
  window.dataLayer = window.dataLayer || [];
  function gtag(){dataLayer.push(arguments);}
  gtag('js', new Date());

  gtag('config', 'UA-26211653-1');
</script>
<!-- End Google Analytics -->
<!-- Venatus Ad Manager - Install in <HEAD> of page -->
	<script src="https://hb.vntsm.com/v3/live/ad-manager.min.js" type="text/javascript" data-site-id="642aba63ec9a7b11c3c9c1be" data-mode="scan" async></script>
<!-- / Venatus Ad Manager -->

<style>
	@media (max-width:820px) {
		.battle {
			margin: 0 auto;
		}
		.battle-log {
			margin: 7px auto 0;
			max-width: 640px;
			height: 300px;
			position: static;
		}
	}
	.optgroup {
		display: inline-block;
		line-height: 22px;
		font-size: 10pt;
	}
	.optgroup .button {
		height: 25px;
		padding-top: 0;
		padding-bottom: 0;
	}
	.optgroup button.button {
		padding-left: 12px;
		padding-right: 12px;
	}
	.linklist {
		list-style: none;
		margin: 0.5em 0;
		padding: 0;
	}
	.linklist li {
		padding: 2px 0;
	}
	.sidebar {
		float: left;
		width: 320px;
	}
	.bar-wrapper {
		max-width: 1100px;
		margin: 0 auto;
	}
	.bar-wrapper.has-sidebar {
		max-width: 1430px;
	}
	.mainbar {
		margin: 0;
		padding-right: 1px;
	}
	.mainbar.has-sidebar {
		margin-left: 330px;
	}
	@media (min-width: 1511px) {
		.sidebar {
			width: 400px;
		}
		.bar-wrapper.has-sidebar {
			max-width: 1510px;
		}
		.mainbar.has-sidebar {
			margin-left: 410px;
		}
	}
	.section.first-section {
		margin-top: 9px;
	}
	.blocklink small {
		white-space: normal;
	}
	.button {
		vertical-align: middle;
	}
	.replay-controls {
		padding-top: 10px;
	}
	.replay-controls h1 {
		font-size: 16pt;
		font-weight: normal;
		color: #CCC;
	}
	.pagelink {
		text-align: center;
	}
	.pagelink a {
		width: 150px;
	}
	.textbox, .button {
		font-size: 11pt;
		vertical-align: middle;
	}
	@media (max-width: 450px) {
		.button {
			font-size: 9pt;
		}
	}
</style>

<div>

	<header>
		<div class="nav-wrapper"><ul class="nav">
			<li><a class="button nav-first" href="//pokemonshowdown.com/"><img src="//pokemonshowdown.com/images/pokemonshowdownbeta.png" srcset="//pokemonshowdown.com/images/pokemonshowdownbeta.png 1x, //pokemonshowdown.com/images/pokemonshowdownbeta@2x.png 2x" alt="Pok&eacute;mon Showdown" width="146" height="44" /> Home</a></li>
			<li><a class="button" href="//pokemonshowdown.com/dex/">Pok&eacute;dex</a></li>
			<li><a class="button cur" href="/">Replays</a></li>
			<li><a class="button" href="//pokemonshowdown.com/ladder/">Ladder</a></li>
			<li><a class="button nav-last" href="//pokemonshowdown.com/forums/">Forum</a></li>
			<li><a class="button greenbutton nav-first nav-last" href="//play.pokemonshowdown.com/">Play</a></li>
		</ul></div>
	</header>

	<div class="main" id="main">

		<noscript><section class="section">You need to enable JavaScript to use this page; sorry!</section></noscript>

	</div>

</div>

<script defer nomodule src="//play.pokemonshowdown.com/js/lib/ps-polyfill.js"></script>
<script defer src="//play.pokemonshowdown.com/js/lib/preact.min.js"></script>

<script defer src="//play.pokemonshowdown.com/config/config.js?2bddbc15"></script>
<script defer src="//play.pokemonshowdown.com/js/lib/jquery-1.11.0.min.js"></script>
<script defer src="//play.pokemonshowdown.com/js/lib/html-sanitizer-minified.js"></script>
<script defer src="//play.pokemonshowdown.com/js/battle-sound.js"></script>
<script defer src="//play.pokemonshowdown.com/js/battledata.js?0.7209276989879541"></script>
<script defer src="//play.pokemonshowdown.com/data/pokedex-mini.js?0.6111056340867951"></script>
<script defer src="//play.pokemonshowdown.com/data/pokedex-mini-bw.js?0.3532142036491459"></script>
<script defer src="//play.pokemonshowdown.com/data/graphics.js?0.24223875632456182"></script>
<script defer src="//play.pokemonshowdown.com/data/pokedex.js?0.38839984266356864"></script>
<script defer src="//play.pokemonshowdown.com/data/moves.js?0.21866028504024015"></script>
<script defer src="//play.pokemonshowdown.com/data/abilities.js?0.2005157953846628"></script>
<script defer src="//play.pokemonshowdown.com/data/items.js?0.9894211263848525"></script>
<script defer src="//play.pokemonshowdown.com/data/teambuilder-tables.js?0.6008791140282215"></script>
<script defer src="//play.pokemonshowdown.com/js/battle-tooltips.js?0.7580118955022959"></script>
<script defer src="//play.pokemonshowdown.com/js/battle.js?0.6057722274234274"></script>

<script defer src="js/utils.js?e31f9a17"></script>
<script defer src="js/replays-battle.js?7008c182"></script>

<!-- don't scrape this data! just add .json or .log after the URL!
Full API docs: https://github.com/smogon/pokemon-showdown-client/blob/master/WEB-API.md -->
<script type="text/plain" class="log" id="replaylog-smogtours-gen3ou-803240">
|inactive|Battle timer is ON: inactive players will automatically lose when time's up.
|t:|1730217232
|gametype|singles
|player|p1|Glick666|swimmer-gen4dp|
|player|p2|woeishuen|falkner|
|teamsize|p1|6
|teamsize|p2|6
|gen|3
|tier|[Gen 3] OU
|rule|Sleep Clause Mod: Limit one foe put to sleep
|rule|Switch Priority Clause Mod: Faster Pokémon switch first
|rule|Species Clause: Limit one of each Pokémon
|rule|OHKO Clause: OHKO moves are banned
|rule|Evasion Items Clause: Evasion items are banned
|rule|Evasion Moves Clause: Evasion moves are banned
|rule|Endless Battle Clause: Forcing endless battles is banned
|rule|HP Percentage Mod: HP is shown in percentages
|rule|One Boost Passer Clause: Limit one Baton Passer that has a way to boost its stats
|rule|Freeze Clause Mod: Limit one foe frozen
|
|t:|1730217232
|start
|switch|p1a: Tyranitar|Tyranitar, F|100/100
|switch|p2a: Birb|Salamence, M|100/100
|-ability|p2a: Birb|Intimidate|boost
|-unboost|p1a: Tyranitar|atk|1
|-weather|Sandstorm|[from] ability: Sand Stream|[of] p1a: Tyranitar
|turn|1
|c|☆woeishuen|glhf!
|c|☆Glick666|u2
|
|t:|1730217261
|switch|p2a: Hariyama|Hariyama, F, shiny|100/100
|switch|p1a: Skarmory|Skarmory, F|100/100
|
|-weather|Sandstorm|[upkeep]
|-damage|p2a: Hariyama|94/100|[from] Sandstorm
|-heal|p2a: Hariyama|100/100|[from] item: Leftovers
|upkeep
|turn|2
|
|t:|1730217273
|move|p1a: Skarmory|Spikes|p2a: Hariyama
|-sidestart|p2: woeishuen|Spikes
|move|p2a: Hariyama|Knock Off|p1a: Skarmory
|-resisted|p1a: Skarmory
|-damage|p1a: Skarmory|99/100
|-enditem|p1a: Skarmory|Leftovers|[from] move: Knock Off|[of] p2a: Hariyama
|-hint|In Gens 3-4, Knock Off only makes the target's item unusable; it cannot obtain a new item.
|
|-weather|Sandstorm|[upkeep]
|-damage|p2a: Hariyama|94/100|[from] Sandstorm
|-heal|p2a: Hariyama|100/100|[from] item: Leftovers
|upkeep
|turn|3
|
|t:|1730217285
|-singleturn|p2a: Hariyama|move: Focus Punch
|move|p1a: Skarmory|Drill Peck|p2a: Hariyama
|-supereffective|p2a: Hariyama
|-damage|p2a: Hariyama|63/100
|move|p2a: Hariyama|Focus Punch||[still]
|cant|p2a: Hariyama|Focus Punch|Focus Punch
|
|-weather|Sandstorm|[upkeep]
|-damage|p2a: Hariyama|57/100|[from] Sandstorm
|-heal|p2a: Hariyama|63/100|[from] item: Leftovers
|upkeep
|turn|4
|
|t:|1730217298
|switch|p2a: Claydol|Claydol|100/100
|move|p1a: Skarmory|Spikes|p2a: Claydol
|-sidestart|p2: woeishuen|Spikes
|
|-weather|Sandstorm|[upkeep]
|upkeep
|turn|5
|
|t:|1730217305
|move|p1a: Skarmory|Protect|p1a: Skarmory
|-singleturn|p1a: Skarmory|Protect
|move|p2a: Claydol|Shadow Ball|p1a: Skarmory
|-activate|p1a: Skarmory|Protect
|
|-weather|Sandstorm|[upkeep]
|upkeep
|turn|6
|inactive|Glick666 has 270 seconds left.
|
|t:|1730217339
|move|p2a: Claydol|Rapid Spin|p1a: Skarmory
|-resisted|p1a: Skarmory
|-damage|p1a: Skarmory|98/100
|-sideend|p2: woeishuen|Spikes|[from] move: Rapid Spin|[of] p2a: Claydol
|move|p1a: Skarmory|Spikes|p2a: Claydol
|-sidestart|p2: woeishuen|Spikes
|
|-weather|Sandstorm|[upkeep]
|upkeep
|turn|7
|
|t:|1730217352
|switch|p1a: Gengar|Gengar, M|100/100
|move|p2a: Claydol|Shadow Ball|p1a: Gengar
|-supereffective|p1a: Gengar
|-damage|p1a: Gengar|29/100
|-unboost|p1a: Gengar|spd|1
|
|-weather|Sandstorm|[upkeep]
|-damage|p1a: Gengar|23/100|[from] Sandstorm
|-heal|p1a: Gengar|29/100|[from] item: Leftovers
|upkeep
|turn|8
|
|t:|1730217369
|move|p1a: Gengar|Will-O-Wisp|p2a: Claydol
|-status|p2a: Claydol|brn
|move|p2a: Claydol|Shadow Ball|p1a: Gengar
|-supereffective|p1a: Gengar
|-damage|p1a: Gengar|0 fnt
|faint|p1a: Gengar
|
|t:|1730217376
|switch|p1a: Swampert|Swampert, F|100/100
|
|-weather|Sandstorm|[upkeep]
|-damage|p2a: Claydol|88/100 brn|[from] brn
|upkeep
|turn|9
|
|t:|1730217385
|switch|p2a: Blissey|Blissey, F|100/100
|-damage|p2a: Blissey|88/100|[from] Spikes
|move|p1a: Swampert|Surf|p2a: Blissey
|-damage|p2a: Blissey|77/100
|
|-weather|Sandstorm|[upkeep]
|-damage|p2a: Blissey|71/100|[from] Sandstorm
|-heal|p2a: Blissey|77/100|[from] item: Leftovers
|upkeep
|turn|10
|
|t:|1730217393
|move|p1a: Swampert|Toxic|p2a: Blissey
|-status|p2a: Blissey|tox
|move|p2a: Blissey|Aromatherapy|p2a: Blissey
|-cureteam|p2a: Blissey|[from] move: Aromatherapy
|
|-weather|Sandstorm|[upkeep]
|-damage|p2a: Blissey|71/100|[from] Sandstorm
|-heal|p2a: Blissey|77/100|[from] item: Leftovers
|upkeep
|turn|11
|
|t:|1730217407
|switch|p1a: Skarmory|Skarmory, F|98/100
|switch|p2a: Jirachi|Jirachi|100/100
|-damage|p2a: Jirachi|88/100|[from] Spikes
|
|-weather|Sandstorm|[upkeep]
|-heal|p2a: Jirachi|94/100|[from] item: Leftovers
|upkeep
|turn|12
|
|t:|1730217415
|move|p2a: Jirachi|Fire Punch|p1a: Skarmory
|-supereffective|p1a: Skarmory
|-damage|p1a: Skarmory|63/100
|move|p1a: Skarmory|Spikes|p2a: Jirachi
|-sidestart|p2: woeishuen|Spikes
|
|-weather|Sandstorm|[upkeep]
|-heal|p2a: Jirachi|100/100|[from] item: Leftovers
|upkeep
|turn|13
|
|t:|1730217422
|move|p2a: Jirachi|Fire Punch|p1a: Skarmory
|-supereffective|p1a: Skarmory
|-damage|p1a: Skarmory|28/100
|move|p1a: Skarmory|Spikes|p2a: Jirachi
|-sidestart|p2: woeishuen|Spikes
|
|-weather|Sandstorm|[upkeep]
|upkeep
|turn|14
|
|t:|1730217432
|switch|p1a: Tyranitar|Tyranitar, F|100/100
|move|p2a: Jirachi|Toxic|p1a: Tyranitar|[miss]
|-miss|p2a: Jirachi|p1a: Tyranitar
|
|-weather|Sandstorm|[upkeep]
|upkeep
|turn|15
|c|☆woeishuen|aw
|
|t:|1730217443
|move|p2a: Jirachi|Toxic|p1a: Tyranitar
|-status|p1a: Tyranitar|tox
|move|p1a: Tyranitar|Dragon Dance|p1a: Tyranitar
|-boost|p1a: Tyranitar|atk|1
|-boost|p1a: Tyranitar|spe|1
|
|-weather|Sandstorm|[upkeep]
|-damage|p1a: Tyranitar|94/100 tox|[from] psn
|upkeep
|turn|16
|
|t:|1730217454
|switch|p2a: Hariyama|Hariyama, F, shiny|63/100
|-damage|p2a: Hariyama|38/100|[from] Spikes
|move|p1a: Tyranitar|Dragon Dance|p1a: Tyranitar
|-boost|p1a: Tyranitar|atk|1
|-boost|p1a: Tyranitar|spe|1
|
|-weather|Sandstorm|[upkeep]
|-damage|p2a: Hariyama|32/100|[from] Sandstorm
|-heal|p1a: Tyranitar|100/100 tox|[from] item: Leftovers
|-damage|p1a: Tyranitar|88/100 tox|[from] psn
|-heal|p2a: Hariyama|38/100|[from] item: Leftovers
|upkeep
|turn|17
|
|t:|1730217465
|move|p1a: Tyranitar|Earthquake|p2a: Hariyama
|-damage|p2a: Hariyama|0 fnt
|faint|p2a: Hariyama
|
|t:|1730217468
|switch|p2a: Doge|Suicune|100/100
|-damage|p2a: Doge|76/100|[from] Spikes
|
|-weather|Sandstorm|[upkeep]
|-damage|p2a: Doge|69/100|[from] Sandstorm
|-heal|p1a: Tyranitar|94/100 tox|[from] item: Leftovers
|-damage|p1a: Tyranitar|76/100 tox|[from] psn
|-heal|p2a: Doge|76/100|[from] item: Leftovers
|upkeep
|turn|18
|
|t:|1730217477
|move|p1a: Tyranitar|Rock Slide|p2a: Doge|[miss]
|-miss|p1a: Tyranitar|p2a: Doge
|move|p2a: Doge|Surf|p1a: Tyranitar
|-supereffective|p1a: Tyranitar
|-damage|p1a: Tyranitar|20/100 tox
|
|-weather|Sandstorm|[upkeep]
|-damage|p2a: Doge|69/100|[from] Sandstorm
|-heal|p1a: Tyranitar|26/100 tox|[from] item: Leftovers
|-damage|p1a: Tyranitar|2/100 tox|[from] psn
|-heal|p2a: Doge|76/100|[from] item: Leftovers
|upkeep
|turn|19
|
|t:|1730217488
|switch|p2a: Claydol|Claydol|88/100
|move|p1a: Tyranitar|Rock Slide|p2a: Claydol|[miss]
|-miss|p1a: Tyranitar|p2a: Claydol
|
|-weather|Sandstorm|[upkeep]
|-heal|p1a: Tyranitar|8/100 tox|[from] item: Leftovers
|-damage|p1a: Tyranitar|0 fnt|[from] psn
|faint|p1a: Tyranitar
|-heal|p2a: Claydol|94/100|[from] item: Leftovers
|upkeep
|
|t:|1730217502
|switch|p1a: Zapdos|Zapdos|100/100
|turn|20
|
|t:|1730217505
|move|p1a: Zapdos|Hidden Power|p2a: Claydol
|-supereffective|p2a: Claydol
|-damage|p2a: Claydol|45/100
|move|p2a: Claydol|Rapid Spin|p1a: Zapdos
|-damage|p1a: Zapdos|95/100
|-sideend|p2: woeishuen|Spikes|[from] move: Rapid Spin|[of] p2a: Claydol
|
|-weather|Sandstorm|[upkeep]
|-damage|p1a: Zapdos|89/100|[from] Sandstorm
|-heal|p1a: Zapdos|95/100|[from] item: Leftovers
|-heal|p2a: Claydol|52/100|[from] item: Leftovers
|upkeep
|turn|21
|
|t:|1730217517
|move|p1a: Zapdos|Toxic|p2a: Claydol
|-status|p2a: Claydol|tox
|move|p2a: Claydol|Explosion|p1a: Zapdos
|-damage|p1a: Zapdos|0 fnt
|faint|p2a: Claydol
|faint|p1a: Zapdos
|
|t:|1730217528
|switch|p1a: Skarmory|Skarmory, F|28/100
|switch|p2a: Blissey|Blissey, F|77/100
|
|-weather|Sandstorm|[upkeep]
|-damage|p2a: Blissey|71/100|[from] Sandstorm
|-heal|p2a: Blissey|77/100|[from] item: Leftovers
|upkeep
|turn|22
|
|t:|1730217534
|move|p1a: Skarmory|Spikes|p2a: Blissey
|-sidestart|p2: woeishuen|Spikes
|move|p2a: Blissey|Thunderbolt|p1a: Skarmory
|-supereffective|p1a: Skarmory
|-damage|p1a: Skarmory|0 fnt
|faint|p1a: Skarmory
|
|t:|1730217543
|switch|p1a: Aerodactyl|Aerodactyl, M|100/100
|
|-weather|Sandstorm|[upkeep]
|-damage|p2a: Blissey|71/100|[from] Sandstorm
|-heal|p2a: Blissey|77/100|[from] item: Leftovers
|upkeep
|turn|23
|
|t:|1730217556
|move|p1a: Aerodactyl|Earthquake|p2a: Blissey
|-damage|p2a: Blissey|30/100
|move|p2a: Blissey|Thunderbolt|p1a: Aerodactyl
|-supereffective|p1a: Aerodactyl
|-damage|p1a: Aerodactyl|35/100
|
|-weather|Sandstorm|[upkeep]
|-damage|p2a: Blissey|24/100|[from] Sandstorm
|-heal|p2a: Blissey|30/100|[from] item: Leftovers
|upkeep
|turn|24
|
|t:|1730217564
|switch|p2a: Birb|Salamence, M|100/100
|-ability|p2a: Birb|Intimidate|boost
|-unboost|p1a: Aerodactyl|atk|1
|move|p1a: Aerodactyl|Earthquake|p2a: Birb
|-immune|p2a: Birb
|
|-weather|Sandstorm|[upkeep]
|-damage|p2a: Birb|94/100|[from] Sandstorm
|upkeep
|turn|25
|
|t:|1730217572
|switch|p1a: Swampert|Swampert, F|100/100
|move|p2a: Birb|Hidden Power|p1a: Swampert
|-damage|p1a: Swampert|58/100
|
|-weather|Sandstorm|[upkeep]
|-damage|p2a: Birb|88/100|[from] Sandstorm
|-heal|p1a: Swampert|65/100|[from] item: Leftovers
|upkeep
|turn|26
|
|t:|1730217581
|move|p2a: Birb|Hidden Power|p1a: Swampert
|-damage|p1a: Swampert|22/100
|move|p1a: Swampert|Toxic|p2a: Birb
|-status|p2a: Birb|tox
|
|-weather|Sandstorm|[upkeep]
|-damage|p2a: Birb|82/100 tox|[from] Sandstorm
|-damage|p2a: Birb|76/100 tox|[from] psn
|-heal|p1a: Swampert|28/100|[from] item: Leftovers
|upkeep
|turn|27
|
|t:|1730217591
|move|p1a: Swampert|Protect|p1a: Swampert
|-singleturn|p1a: Swampert|Protect
|move|p2a: Birb|Hidden Power|p1a: Swampert
|-activate|p1a: Swampert|Protect
|
|-weather|Sandstorm|[upkeep]
|-damage|p2a: Birb|70/100 tox|[from] Sandstorm
|-damage|p2a: Birb|58/100 tox|[from] psn
|-heal|p1a: Swampert|34/100|[from] item: Leftovers
|upkeep
|turn|28
|
|t:|1730217600
|move|p2a: Birb|Hidden Power|p1a: Swampert
|-damage|p1a: Swampert|0 fnt
|faint|p1a: Swampert
|
|t:|1730217605
|switch|p1a: Aerodactyl|Aerodactyl, M|35/100
|
|-weather|Sandstorm|[upkeep]
|-damage|p2a: Birb|52/100 tox|[from] Sandstorm
|-damage|p2a: Birb|34/100 tox|[from] psn
|upkeep
|turn|29
|
|t:|1730217614
|move|p1a: Aerodactyl|Rock Slide|p2a: Birb
|-supereffective|p2a: Birb
|-damage|p2a: Birb|0 fnt
|faint|p2a: Birb
|
|t:|1730217620
|switch|p2a: Doge|Suicune|76/100
|-damage|p2a: Doge|63/100|[from] Spikes
|
|-weather|Sandstorm|[upkeep]
|-damage|p2a: Doge|57/100|[from] Sandstorm
|-heal|p2a: Doge|63/100|[from] item: Leftovers
|upkeep
|turn|30
|
|t:|1730217626
|move|p1a: Aerodactyl|Rock Slide|p2a: Doge
|-damage|p2a: Doge|34/100
|cant|p2a: Doge|flinch
|
|-weather|Sandstorm|[upkeep]
|-damage|p2a: Doge|27/100|[from] Sandstorm
|-heal|p2a: Doge|34/100|[from] item: Leftovers
|upkeep
|turn|31
|
|t:|1730217634
|move|p1a: Aerodactyl|Rock Slide|p2a: Doge
|-damage|p2a: Doge|7/100
|move|p2a: Doge|Surf|p1a: Aerodactyl
|-supereffective|p1a: Aerodactyl
|-damage|p1a: Aerodactyl|0 fnt
|faint|p1a: Aerodactyl
|
|win|woeishuen
|c|☆woeishuen|gg

</script>
<script type="application/json" class="data" id="replaydata-smogtours-gen3ou-803240">
{"id":"smogtours-gen3ou-803240","format":"[Gen 3] OU","players":["Glick666","woeishuen"],"uploadtime":1730217634,"views":57,"formatid":"gen3ou","rating":null,"private":0,"password":null}
</script>

<script defer src="js/replays.js?9d40a366"></script>
