<!DOCTYPE html>
<meta charset="utf-8" />
<meta name="viewport" content="width=device-width" />

<title>[Gen 3] OU: jank_city.mp4 vs. Buzzed27 - Replays - Pok&eacute;mon Showdown!</title>

<meta name="description" content="Watch a replay of a Pok&eacute;mon battle between jank_city.mp4 and Buzzed27! Format: [Gen 3] OU; Date: Oct 30, 2024" />
<!--

Hey, you! Looking in the source for the replay log?

You can find them in JSON format, just add `.json` at the end of a replay URL.

https://replay.pokemonshowdown.com/gen7randomdoublesbattle-865046831.json

Or, if you only need the log itself, add `.log` instead:

https://replay.pokemonshowdown.com/gen7randomdoublesbattle-865046831.log

-->

<link rel="stylesheet" href="//pokemonshowdown.com/style/global.css?0.023195364461161105" />
<link rel="stylesheet" href="//play.pokemonshowdown.com/style/font-awesome.css?0.13261647063804238" />
<link rel="stylesheet" href="//play.pokemonshowdown.com/style/battle.css?0.8753245789963631" />
<link rel="stylesheet" href="//play.pokemonshowdown.com/style/utilichart.css?0.8627959624976733" />

<!-- Global site tag (gtag.js) - Google Analytics -->
<script async src="https://www.googletagmanager.com/gtag/js?id=UA-26211653-1"></script>
<script>
  window.dataLayer = window.dataLayer || [];
  function gtag(){dataLayer.push(arguments);}
  gtag('js', new Date());

  gtag('config', 'UA-26211653-1');
</script>
<!-- End Google Analytics -->
<!-- Venatus Ad Manager - Install in <HEAD> of page -->
	<script src="https://hb.vntsm.com/v3/live/ad-manager.min.js" type="text/javascript" data-site-id="642aba63ec9a7b11c3c9c1be" data-mode="scan" async></script>
<!-- / Venatus Ad Manager -->

<style>
	@media (max-width:820px) {
		.battle {
			margin: 0 auto;
		}
		.battle-log {
			margin: 7px auto 0;
			max-width: 640px;
			height: 300px;
			position: static;
		}
	}
	.optgroup {
		display: inline-block;
		line-height: 22px;
		font-size: 10pt;
	}
	.optgroup .button {
		height: 25px;
		padding-top: 0;
		padding-bottom: 0;
	}
	.optgroup button.button {
		padding-left: 12px;
		padding-right: 12px;
	}
	.linklist {
		list-style: none;
		margin: 0.5em 0;
		padding: 0;
	}
	.linklist li {
		padding: 2px 0;
	}
	.sidebar {
		float: left;
		width: 320px;
	}
	.bar-wrapper {
		max-width: 1100px;
		margin: 0 auto;
	}
	.bar-wrapper.has-sidebar {
		max-width: 1430px;
	}
	.mainbar {
		margin: 0;
		padding-right: 1px;
	}
	.mainbar.has-sidebar {
		margin-left: 330px;
	}
	@media (min-width: 1511px) {
		.sidebar {
			width: 400px;
		}
		.bar-wrapper.has-sidebar {
			max-width: 1510px;
		}
		.mainbar.has-sidebar {
			margin-left: 410px;
		}
	}
	.section.first-section {
		margin-top: 9px;
	}
	.blocklink small {
		white-space: normal;
	}
	.button {
		vertical-align: middle;
	}
	.replay-controls {
		padding-top: 10px;
	}
	.replay-controls h1 {
		font-size: 16pt;
		font-weight: normal;
		color: #CCC;
	}
	.pagelink {
		text-align: center;
	}
	.pagelink a {
		width: 150px;
	}
	.textbox, .button {
		font-size: 11pt;
		vertical-align: middle;
	}
	@media (max-width: 450px) {
		.button {
			font-size: 9pt;
		}
	}
</style>

<div>

	<header>
		<div class="nav-wrapper"><ul class="nav">
			<li><a class="button nav-first" href="//pokemonshowdown.com/"><img src="//pokemonshowdown.com/images/pokemonshowdownbeta.png" srcset="//pokemonshowdown.com/images/pokemonshowdownbeta.png 1x, //pokemonshowdown.com/images/pokemonshowdownbeta@2x.png 2x" alt="Pok&eacute;mon Showdown" width="146" height="44" /> Home</a></li>
			<li><a class="button" href="//pokemonshowdown.com/dex/">Pok&eacute;dex</a></li>
			<li><a class="button cur" href="/">Replays</a></li>
			<li><a class="button" href="//pokemonshowdown.com/ladder/">Ladder</a></li>
			<li><a class="button nav-last" href="//pokemonshowdown.com/forums/">Forum</a></li>
			<li><a class="button greenbutton nav-first nav-last" href="//play.pokemonshowdown.com/">Play</a></li>
		</ul></div>
	</header>

	<div class="main" id="main">

		<noscript><section class="section">You need to enable JavaScript to use this page; sorry!</section></noscript>

	</div>

</div>

<script defer nomodule src="//play.pokemonshowdown.com/js/lib/ps-polyfill.js"></script>
<script defer src="//play.pokemonshowdown.com/js/lib/preact.min.js"></script>

<script defer src="//play.pokemonshowdown.com/config/config.js?2bddbc15"></script>
<script defer src="//play.pokemonshowdown.com/js/lib/jquery-1.11.0.min.js"></script>
<script defer src="//play.pokemonshowdown.com/js/lib/html-sanitizer-minified.js"></script>
<script defer src="//play.pokemonshowdown.com/js/battle-sound.js"></script>
<script defer src="//play.pokemonshowdown.com/js/battledata.js?0.7209276989879541"></script>
<script defer src="//play.pokemonshowdown.com/data/pokedex-mini.js?0.6111056340867951"></script>
<script defer src="//play.pokemonshowdown.com/data/pokedex-mini-bw.js?0.3532142036491459"></script>
<script defer src="//play.pokemonshowdown.com/data/graphics.js?0.24223875632456182"></script>
<script defer src="//play.pokemonshowdown.com/data/pokedex.js?0.38839984266356864"></script>
<script defer src="//play.pokemonshowdown.com/data/moves.js?0.21866028504024015"></script>
<script defer src="//play.pokemonshowdown.com/data/abilities.js?0.2005157953846628"></script>
<script defer src="//play.pokemonshowdown.com/data/items.js?0.9894211263848525"></script>
<script defer src="//play.pokemonshowdown.com/data/teambuilder-tables.js?0.6008791140282215"></script>
<script defer src="//play.pokemonshowdown.com/js/battle-tooltips.js?0.7580118955022959"></script>
<script defer src="//play.pokemonshowdown.com/js/battle.js?0.6057722274234274"></script>

<script defer src="js/utils.js?e31f9a17"></script>
<script defer src="js/replays-battle.js?7008c182"></script>

<!-- don't scrape this data! just add .json or .log after the URL!
Full API docs: https://github.com/smogon/pokemon-showdown-client/blob/master/WEB-API.md -->
<script type="text/plain" class="log" id="replaylog-smogtours-gen3ou-803398">
|inactive|Battle timer is ON: inactive players will automatically lose when time's up.
|t:|1730250272
|gametype|singles
|player|p1|jank_city.mp4|workerice|
|player|p2|Buzzed27|clay|
|teamsize|p1|6
|teamsize|p2|6
|gen|3
|tier|[Gen 3] OU
|rule|Sleep Clause Mod: Limit one foe put to sleep
|rule|Switch Priority Clause Mod: Faster Pokémon switch first
|rule|Species Clause: Limit one of each Pokémon
|rule|OHKO Clause: OHKO moves are banned
|rule|Evasion Items Clause: Evasion items are banned
|rule|Evasion Moves Clause: Evasion moves are banned
|rule|Endless Battle Clause: Forcing endless battles is banned
|rule|HP Percentage Mod: HP is shown in percentages
|rule|One Boost Passer Clause: Limit one Baton Passer that has a way to boost its stats
|rule|Freeze Clause Mod: Limit one foe frozen
|
|t:|1730250272
|start
|switch|p1a: Iron Leg|Metagross|100/100
|switch|p2a: Zapdos|Zapdos|100/100
|turn|1
|inactive|jank_city.mp4 has 270 seconds left.
|inactive|Buzzed27 has 270 seconds left.
|
|t:|1730250316
|switch|p2a: Gengar|Gengar, F|100/100
|move|p1a: Iron Leg|Meteor Mash|p2a: Gengar
|-damage|p2a: Gengar|11/100
|
|-heal|p2a: Gengar|17/100|[from] item: Leftovers
|upkeep
|turn|2
|
|t:|1730250344
|switch|p2a: Zapdos|Zapdos|100/100
|move|p1a: Iron Leg|Protect||[still]
|-fail|p1a: Iron Leg
|
|upkeep
|turn|3
|
|t:|1730250351
|switch|p1a: Sleeping|Snorlax, M|100/100
|move|p2a: Zapdos|Thunderbolt|p1a: Sleeping
|-damage|p1a: Sleeping|77/100
|
|-heal|p1a: Sleeping|83/100|[from] item: Leftovers
|upkeep
|turn|4
|
|t:|1730250357
|switch|p2a: Skarmory|Skarmory, M|100/100
|move|p1a: Sleeping|Shadow Ball|p2a: Skarmory
|-resisted|p2a: Skarmory
|-damage|p2a: Skarmory|91/100
|-unboost|p2a: Skarmory|spd|1
|
|-heal|p2a: Skarmory|97/100|[from] item: Leftovers
|-heal|p1a: Sleeping|89/100|[from] item: Leftovers
|upkeep
|turn|5
|
|t:|1730250359
|switch|p1a: Magnet|Magneton|100/100
|move|p2a: Skarmory|Spikes|p1a: Magnet
|-sidestart|p1: jank_city.mp4|Spikes
|
|-heal|p2a: Skarmory|100/100|[from] item: Leftovers
|upkeep
|turn|6
|
|t:|1730250363
|move|p2a: Skarmory|Protect|p2a: Skarmory
|-singleturn|p2a: Skarmory|Protect
|move|p1a: Magnet|Thunderbolt|p2a: Skarmory
|-activate|p2a: Skarmory|Protect
|
|upkeep
|turn|7
|
|t:|1730250365
|move|p1a: Magnet|Thunderbolt|p2a: Skarmory
|-supereffective|p2a: Skarmory
|-damage|p2a: Skarmory|0 fnt
|faint|p2a: Skarmory
|
|t:|1730250392
|switch|p2a: Gengar|Gengar, F|17/100
|
|-heal|p2a: Gengar|23/100|[from] item: Leftovers
|upkeep
|turn|8
|
|t:|1730250402
|switch|p2a: Flygon|Flygon, M|100/100
|move|p1a: Magnet|Thunderbolt|p2a: Flygon
|-immune|p2a: Flygon
|
|upkeep
|turn|9
|
|t:|1730250426
|switch|p1a: Time Travel|Celebi|100/100
|-damage|p1a: Time Travel|88/100|[from] Spikes
|move|p2a: Flygon|Toxic|p1a: Time Travel
|-status|p1a: Time Travel|tox
|
|-heal|p1a: Time Travel|94/100 tox|[from] item: Leftovers
|-damage|p1a: Time Travel|88/100 tox|[from] psn
|upkeep
|turn|10
|
|t:|1730250440
|move|p1a: Time Travel|Leech Seed|p2a: Flygon
|-start|p2a: Flygon|move: Leech Seed
|move|p2a: Flygon|Rock Slide|p1a: Time Travel
|-damage|p1a: Time Travel|70/100 tox
|
|-heal|p1a: Time Travel|76/100 tox|[from] item: Leftovers
|-damage|p1a: Time Travel|64/100 tox|[from] psn
|-damage|p2a: Flygon|88/100|[from] Leech Seed|[of] p1a: Time Travel
|-heal|p1a: Time Travel|77/100 tox|[silent]
|upkeep
|turn|11
|
|t:|1730250451
|-curestatus|p1a: Time Travel|tox|[from] ability: Natural Cure
|switch|p1a: Sleeping|Snorlax, M|89/100
|-damage|p1a: Sleeping|77/100|[from] Spikes
|switch|p2a: Zapdos|Zapdos|100/100
|
|-heal|p1a: Sleeping|83/100|[from] item: Leftovers
|upkeep
|turn|12
|
|t:|1730250464
|switch|p2a: Gengar|Gengar, F|23/100
|move|p1a: Sleeping|Body Slam|p2a: Gengar
|-immune|p2a: Gengar
|
|-heal|p2a: Gengar|30/100|[from] item: Leftovers
|-heal|p1a: Sleeping|89/100|[from] item: Leftovers
|upkeep
|turn|13
|
|t:|1730250475
|switch|p2a: Flygon|Flygon, M|88/100
|move|p1a: Sleeping|Shadow Ball|p2a: Flygon
|-damage|p2a: Flygon|69/100
|
|-heal|p2a: Flygon|75/100|[from] item: Leftovers
|-heal|p1a: Sleeping|95/100|[from] item: Leftovers
|upkeep
|turn|14
|
|t:|1730250482
|move|p2a: Flygon|Protect|p2a: Flygon
|-singleturn|p2a: Flygon|Protect
|move|p1a: Sleeping|Body Slam|p2a: Flygon
|-activate|p2a: Flygon|Protect
|
|-heal|p2a: Flygon|81/100|[from] item: Leftovers
|-heal|p1a: Sleeping|100/100|[from] item: Leftovers
|upkeep
|turn|15
|
|t:|1730250495
|move|p2a: Flygon|Earthquake|p1a: Sleeping
|-damage|p1a: Sleeping|67/100
|move|p1a: Sleeping|Shadow Ball|p2a: Flygon
|-damage|p2a: Flygon|59/100
|
|-heal|p2a: Flygon|65/100|[from] item: Leftovers
|-heal|p1a: Sleeping|73/100|[from] item: Leftovers
|upkeep
|turn|16
|
|t:|1730250507
|switch|p1a: Time Travel|Celebi|77/100
|-damage|p1a: Time Travel|65/100|[from] Spikes
|move|p2a: Flygon|Protect||[still]
|-fail|p2a: Flygon
|
|-heal|p1a: Time Travel|71/100|[from] item: Leftovers
|-heal|p2a: Flygon|71/100|[from] item: Leftovers
|upkeep
|turn|17
|
|t:|1730250522
|move|p1a: Time Travel|Leech Seed|p2a: Flygon
|-start|p2a: Flygon|move: Leech Seed
|move|p2a: Flygon|Toxic|p1a: Time Travel
|-status|p1a: Time Travel|tox
|
|-heal|p1a: Time Travel|77/100 tox|[from] item: Leftovers
|-damage|p1a: Time Travel|71/100 tox|[from] psn
|-heal|p2a: Flygon|77/100|[from] item: Leftovers
|-damage|p2a: Flygon|65/100|[from] Leech Seed|[of] p1a: Time Travel
|-heal|p1a: Time Travel|84/100 tox|[silent]
|upkeep
|turn|18
|
|t:|1730250532
|switch|p2a: Jirachi|Jirachi|100/100
|move|p1a: Time Travel|Psychic|p2a: Jirachi
|-resisted|p2a: Jirachi
|-damage|p2a: Jirachi|94/100
|
|-heal|p1a: Time Travel|91/100 tox|[from] item: Leftovers
|-damage|p1a: Time Travel|78/100 tox|[from] psn
|-heal|p2a: Jirachi|100/100|[from] item: Leftovers
|upkeep
|turn|19
|
|t:|1730250550
|-curestatus|p1a: Time Travel|tox|[from] ability: Natural Cure
|switch|p1a: Iron Leg|Metagross|100/100
|-damage|p1a: Iron Leg|88/100|[from] Spikes
|move|p2a: Jirachi|Fire Punch|p1a: Iron Leg
|-supereffective|p1a: Iron Leg
|-damage|p1a: Iron Leg|50/100
|
|-heal|p1a: Iron Leg|56/100|[from] item: Leftovers
|upkeep
|turn|20
|
|t:|1730250564
|move|p1a: Iron Leg|Protect|p1a: Iron Leg
|-singleturn|p1a: Iron Leg|Protect
|move|p2a: Jirachi|Fire Punch|p1a: Iron Leg
|-activate|p1a: Iron Leg|Protect
|
|-heal|p1a: Iron Leg|62/100|[from] item: Leftovers
|upkeep
|turn|21
|
|t:|1730250579
|move|p2a: Jirachi|Toxic|p1a: Iron Leg
|-immune|p1a: Iron Leg
|move|p1a: Iron Leg|Earthquake|p2a: Jirachi
|-supereffective|p2a: Jirachi
|-damage|p2a: Jirachi|41/100
|
|-heal|p2a: Jirachi|47/100|[from] item: Leftovers
|-heal|p1a: Iron Leg|68/100|[from] item: Leftovers
|upkeep
|turn|22
|
|t:|1730250589
|move|p2a: Jirachi|Protect|p2a: Jirachi
|-singleturn|p2a: Jirachi|Protect
|move|p1a: Iron Leg|Meteor Mash|p2a: Jirachi
|-activate|p2a: Jirachi|Protect
|
|-heal|p2a: Jirachi|53/100|[from] item: Leftovers
|-heal|p1a: Iron Leg|74/100|[from] item: Leftovers
|upkeep
|turn|23
|
|t:|1730250597
|switch|p2a: Zapdos|Zapdos|100/100
|move|p1a: Iron Leg|Earthquake|p2a: Zapdos
|-immune|p2a: Zapdos
|
|-heal|p1a: Iron Leg|80/100|[from] item: Leftovers
|upkeep
|turn|24
|
|t:|1730250602
|move|p1a: Iron Leg|Protect|p1a: Iron Leg
|-singleturn|p1a: Iron Leg|Protect
|move|p2a: Zapdos|Thunderbolt|p1a: Iron Leg
|-activate|p1a: Iron Leg|Protect
|
|-heal|p1a: Iron Leg|86/100|[from] item: Leftovers
|upkeep
|turn|25
|
|t:|1730250608
|switch|p1a: Time Travel|Celebi|78/100
|-damage|p1a: Time Travel|66/100|[from] Spikes
|move|p2a: Zapdos|Roar|p1a: Time Travel
|drag|p1a: Magnet|Magneton|100/100
|-damage|p1a: Magnet|88/100|[from] Spikes
|
|upkeep
|turn|26
|
|t:|1730250615
|move|p1a: Magnet|Toxic|p2a: Zapdos
|-status|p2a: Zapdos|tox
|move|p2a: Zapdos|Thunderbolt|p1a: Magnet
|-resisted|p1a: Magnet
|-damage|p1a: Magnet|49/100
|
|-damage|p2a: Zapdos|94/100 tox|[from] psn
|upkeep
|turn|27
|
|t:|1730250635
|switch|p1a: Sleeping|Snorlax, M|73/100
|-damage|p1a: Sleeping|61/100|[from] Spikes
|move|p2a: Zapdos|Thunderbolt|p1a: Sleeping
|-damage|p1a: Sleeping|41/100
|
|-heal|p2a: Zapdos|100/100 tox|[from] item: Leftovers
|-damage|p2a: Zapdos|88/100 tox|[from] psn
|-heal|p1a: Sleeping|47/100|[from] item: Leftovers
|upkeep
|turn|28
|
|t:|1730250647
|switch|p2a: Gengar|Gengar, F|30/100
|move|p1a: Sleeping|Body Slam|p2a: Gengar
|-immune|p2a: Gengar
|
|-heal|p2a: Gengar|36/100|[from] item: Leftovers
|-heal|p1a: Sleeping|53/100|[from] item: Leftovers
|upkeep
|turn|29
|
|t:|1730250657
|switch|p2a: Jirachi|Jirachi|53/100
|move|p1a: Sleeping|Shadow Ball|p2a: Jirachi
|-damage|p2a: Jirachi|32/100
|
|-heal|p2a: Jirachi|38/100|[from] item: Leftovers
|-heal|p1a: Sleeping|59/100|[from] item: Leftovers
|upkeep
|turn|30
|
|t:|1730250663
|move|p2a: Jirachi|Wish|p2a: Jirachi
|move|p1a: Sleeping|Body Slam|p2a: Jirachi
|-resisted|p2a: Jirachi
|-damage|p2a: Jirachi|23/100
|-status|p2a: Jirachi|par
|
|-heal|p1a: Sleeping|65/100|[from] item: Leftovers
|-heal|p2a: Jirachi|29/100 par|[from] item: Leftovers
|upkeep
|turn|31
|
|t:|1730250667
|cant|p2a: Jirachi|par
|move|p1a: Sleeping|Shadow Ball|p2a: Jirachi
|-damage|p2a: Jirachi|8/100 par
|
|-heal|p2a: Jirachi|58/100 par|[from] move: Wish|[wisher] Jirachi
|-heal|p1a: Sleeping|71/100|[from] item: Leftovers
|-heal|p2a: Jirachi|65/100 par|[from] item: Leftovers
|upkeep
|turn|32
|
|t:|1730250670
|move|p1a: Sleeping|Earthquake|p2a: Jirachi
|-supereffective|p2a: Jirachi
|-crit|p2a: Jirachi
|-damage|p2a: Jirachi|0 fnt
|faint|p2a: Jirachi
|
|t:|1730250685
|switch|p2a: Gengar|Gengar, F|36/100
|
|-heal|p2a: Gengar|42/100|[from] item: Leftovers
|-heal|p1a: Sleeping|77/100|[from] item: Leftovers
|upkeep
|turn|33
|
|t:|1730250704
|move|p2a: Gengar|Will-O-Wisp|p1a: Sleeping|[miss]
|-miss|p2a: Gengar|p1a: Sleeping
|move|p1a: Sleeping|Shadow Ball|p2a: Gengar
|-supereffective|p2a: Gengar
|-crit|p2a: Gengar
|-damage|p2a: Gengar|0 fnt
|faint|p2a: Gengar
|c|☆jank_city.mp4|Lucky
|c|☆jank_city.mp4|it was a good strategy
|c|☆Buzzed27|para into shadowball chip into EQ crit was tough too
|inactive|Buzzed27 has 270 seconds left.
|c|☆jank_city.mp4|yeah
|c|☆Buzzed27|Pretty sure I'm out of steam here.
|c|☆Buzzed27|You've gotta have like Cune in the back too.
|inactive|Buzzed27 has 240 seconds left.
|c|☆jank_city.mp4|Nooooo...
|c|☆Buzzed27|Cune Mence or some shit.
|
|t:|1730250772
|switch|p2a: Zapdos|Zapdos|88/100 tox
|
|-heal|p2a: Zapdos|94/100 tox|[from] item: Leftovers
|-damage|p2a: Zapdos|88/100 tox|[from] psn
|-heal|p1a: Sleeping|83/100|[from] item: Leftovers
|upkeep
|turn|34
|
|t:|1730250777
|move|p2a: Zapdos|Thunderbolt|p1a: Sleeping
|-damage|p1a: Sleeping|60/100
|move|p1a: Sleeping|Body Slam|p2a: Zapdos
|-damage|p2a: Zapdos|46/100 tox
|
|-heal|p2a: Zapdos|52/100 tox|[from] item: Leftovers
|-damage|p2a: Zapdos|40/100 tox|[from] psn
|-heal|p1a: Sleeping|66/100|[from] item: Leftovers
|upkeep
|turn|35
|
|t:|1730250780
|move|p2a: Zapdos|Thunderbolt|p1a: Sleeping
|-crit|p1a: Sleeping
|-damage|p1a: Sleeping|19/100
|move|p1a: Sleeping|Body Slam|p2a: Zapdos
|-damage|p2a: Zapdos|0 fnt
|faint|p2a: Zapdos
|
|t:|1730250789
|switch|p2a: Flygon|Flygon, M|65/100
|
|-heal|p2a: Flygon|71/100|[from] item: Leftovers
|-heal|p1a: Sleeping|25/100|[from] item: Leftovers
|upkeep
|turn|36
|
|t:|1730250796
|move|p2a: Flygon|Protect|p2a: Flygon
|-singleturn|p2a: Flygon|Protect
|move|p1a: Sleeping|Self-Destruct|p2a: Flygon
|-activate|p2a: Flygon|Protect
|faint|p1a: Sleeping
|
|t:|1730250804
|switch|p1a: Time Travel|Celebi|66/100
|-damage|p1a: Time Travel|54/100|[from] Spikes
|
|-heal|p1a: Time Travel|60/100|[from] item: Leftovers
|-heal|p2a: Flygon|77/100|[from] item: Leftovers
|upkeep
|turn|37
|
|t:|1730250808
|move|p1a: Time Travel|Leech Seed|p2a: Flygon|[miss]
|-miss|p1a: Time Travel|p2a: Flygon
|move|p2a: Flygon|Toxic|p1a: Time Travel
|-status|p1a: Time Travel|tox
|
|-heal|p1a: Time Travel|66/100 tox|[from] item: Leftovers
|-damage|p1a: Time Travel|60/100 tox|[from] psn
|-heal|p2a: Flygon|83/100|[from] item: Leftovers
|upkeep
|turn|38
|inactive|Buzzed27 has 270 seconds left.
|
|t:|1730250829
|move|p1a: Time Travel|Giga Drain|p2a: Flygon
|-crit|p2a: Flygon
|-damage|p2a: Flygon|26/100
|-heal|p1a: Time Travel|90/100 tox|[from] drain|[of] p2a: Flygon
|move|p2a: Flygon|Toxic|p1a: Time Travel
|-fail|p1a: Time Travel|tox
|
|-heal|p1a: Time Travel|96/100 tox|[from] item: Leftovers
|-damage|p1a: Time Travel|84/100 tox|[from] psn
|-heal|p2a: Flygon|32/100|[from] item: Leftovers
|upkeep
|turn|39
|
|t:|1730250834
|move|p2a: Flygon|Protect|p2a: Flygon
|-singleturn|p2a: Flygon|Protect
|move|p1a: Time Travel|Calm Mind|p1a: Time Travel
|-boost|p1a: Time Travel|spa|1
|-boost|p1a: Time Travel|spd|1
|
|-heal|p1a: Time Travel|90/100 tox|[from] item: Leftovers
|-damage|p1a: Time Travel|71/100 tox|[from] psn
|-heal|p2a: Flygon|38/100|[from] item: Leftovers
|upkeep
|turn|40
|
|t:|1730250839
|move|p1a: Time Travel|Giga Drain|p2a: Flygon
|-damage|p2a: Flygon|0 fnt
|-heal|p1a: Time Travel|92/100 tox|[from] drain|[of] p2a: Flygon
|faint|p2a: Flygon
|
|t:|1730250841
|switch|p2a: Aerodactyl|Aerodactyl, M|100/100
|
|-heal|p1a: Time Travel|98/100 tox|[from] item: Leftovers
|-damage|p1a: Time Travel|73/100 tox|[from] psn
|upkeep
|turn|41
|
|t:|1730250845
|move|p2a: Aerodactyl|Substitute|p2a: Aerodactyl
|-start|p2a: Aerodactyl|Substitute
|-damage|p2a: Aerodactyl|75/100
|move|p1a: Time Travel|Psychic|p2a: Aerodactyl
|-end|p2a: Aerodactyl|Substitute
|
|-heal|p1a: Time Travel|79/100 tox|[from] item: Leftovers
|-damage|p1a: Time Travel|49/100 tox|[from] psn
|upkeep
|turn|42
|
|t:|1730250850
|move|p2a: Aerodactyl|Substitute|p2a: Aerodactyl
|-start|p2a: Aerodactyl|Substitute
|-damage|p2a: Aerodactyl|50/100
|move|p1a: Time Travel|Psychic|p2a: Aerodactyl
|-end|p2a: Aerodactyl|Substitute
|
|-heal|p1a: Time Travel|55/100 tox|[from] item: Leftovers
|-damage|p1a: Time Travel|18/100 tox|[from] psn
|upkeep
|turn|43
|
|t:|1730250872
|move|p2a: Aerodactyl|Rock Slide|p1a: Time Travel
|-damage|p1a: Time Travel|0 fnt
|faint|p1a: Time Travel
|
|t:|1730250878
|switch|p1a: Aurora|Suicune|100/100
|-damage|p1a: Aurora|88/100|[from] Spikes
|
|-heal|p1a: Aurora|94/100|[from] item: Leftovers
|upkeep
|turn|44
|c|☆Buzzed27|LOL
|c|☆jank_city.mp4|yeah it was suicune and mence last
|
|t:|1730250888
|move|p2a: Aerodactyl|Substitute|p2a: Aerodactyl
|-start|p2a: Aerodactyl|Substitute
|-damage|p2a: Aerodactyl|25/100
|move|p1a: Aurora|Surf|p2a: Aerodactyl
|-supereffective|p2a: Aerodactyl
|-end|p2a: Aerodactyl|Substitute
|
|-enditem|p2a: Aerodactyl|Liechi Berry|[eat]
|-boost|p2a: Aerodactyl|atk|1|[from] item: Liechi Berry
|-heal|p1a: Aurora|100/100|[from] item: Leftovers
|upkeep
|turn|45
|c|☆Buzzed27|Damn
|
|t:|1730250893
|move|p2a: Aerodactyl|Rock Slide|p1a: Aurora
|-damage|p1a: Aurora|73/100
|cant|p1a: Aurora|flinch
|
|-heal|p1a: Aurora|79/100|[from] item: Leftovers
|upkeep
|turn|46
|
|t:|1730250901
|switch|p1a: Dragon|Salamence, F|100/100
|-ability|p1a: Dragon|Intimidate|boost
|-unboost|p2a: Aerodactyl|atk|1
|move|p2a: Aerodactyl|Rock Slide|p1a: Dragon
|-supereffective|p1a: Dragon
|-damage|p1a: Dragon|29/100
|
|upkeep
|turn|47
|
|t:|1730250909
|switch|p1a: Magnet|Magneton|49/100
|-damage|p1a: Magnet|36/100|[from] Spikes
|move|p2a: Aerodactyl|Rock Slide|p1a: Magnet
|-resisted|p1a: Magnet
|-damage|p1a: Magnet|10/100
|
|upkeep
|turn|48
|
|t:|1730250918
|move|p2a: Aerodactyl|Rock Slide|p1a: Magnet
|-resisted|p1a: Magnet
|-damage|p1a: Magnet|0 fnt
|faint|p1a: Magnet
|
|t:|1730250919
|switch|p1a: Dragon|Salamence, F|29/100
|-ability|p1a: Dragon|Intimidate|boost
|-unboost|p2a: Aerodactyl|atk|1
|
|upkeep
|turn|49
|
|t:|1730250921
|move|p2a: Aerodactyl|Rock Slide|p1a: Dragon
|-supereffective|p1a: Dragon
|-damage|p1a: Dragon|0 fnt
|faint|p1a: Dragon
|
|t:|1730250923
|switch|p1a: Aurora|Suicune|79/100
|-damage|p1a: Aurora|67/100|[from] Spikes
|
|-heal|p1a: Aurora|73/100|[from] item: Leftovers
|upkeep
|turn|50
|
|t:|1730250928
|move|p2a: Aerodactyl|Rock Slide|p1a: Aurora
|-damage|p1a: Aurora|61/100
|move|p1a: Aurora|Surf|p2a: Aerodactyl
|-supereffective|p2a: Aerodactyl
|-damage|p2a: Aerodactyl|0 fnt
|faint|p2a: Aerodactyl
|
|win|jank_city.mp4
|c|☆jank_city.mp4|gg
|c|☆Buzzed27|GG

</script>
<script type="application/json" class="data" id="replaydata-smogtours-gen3ou-803398">
{"id":"smogtours-gen3ou-803398","format":"[Gen 3] OU","players":["jank_city.mp4","Buzzed27"],"uploadtime":1730250928,"views":57,"formatid":"gen3ou","rating":null,"private":0,"password":null}
</script>

<script defer src="js/replays.js?9d40a366"></script>
