<!DOCTYPE html>
<meta charset="utf-8" />
<meta name="viewport" content="width=device-width" />

<title>[Gen 3] OU: reptikrook vs. CostcoCustomer - Replays - Pok&eacute;mon Showdown!</title>

<meta name="description" content="Watch a replay of a Pok&eacute;mon battle between reptikrook and CostcoCustomer! Format: [Gen 3] OU; Date: Oct 15, 2024" />
<!--

Hey, you! Looking in the source for the replay log?

You can find them in JSON format, just add `.json` at the end of a replay URL.

https://replay.pokemonshowdown.com/gen7randomdoublesbattle-865046831.json

Or, if you only need the log itself, add `.log` instead:

https://replay.pokemonshowdown.com/gen7randomdoublesbattle-865046831.log

-->

<link rel="stylesheet" href="//pokemonshowdown.com/style/global.css?0.023195364461161105" />
<link rel="stylesheet" href="//play.pokemonshowdown.com/style/font-awesome.css?0.13261647063804238" />
<link rel="stylesheet" href="//play.pokemonshowdown.com/style/battle.css?0.8753245789963631" />
<link rel="stylesheet" href="//play.pokemonshowdown.com/style/utilichart.css?0.8627959624976733" />

<!-- Global site tag (gtag.js) - Google Analytics -->
<script async src="https://www.googletagmanager.com/gtag/js?id=UA-26211653-1"></script>
<script>
  window.dataLayer = window.dataLayer || [];
  function gtag(){dataLayer.push(arguments);}
  gtag('js', new Date());

  gtag('config', 'UA-26211653-1');
</script>
<!-- End Google Analytics -->
<!-- Venatus Ad Manager - Install in <HEAD> of page -->
	<script src="https://hb.vntsm.com/v3/live/ad-manager.min.js" type="text/javascript" data-site-id="642aba63ec9a7b11c3c9c1be" data-mode="scan" async></script>
<!-- / Venatus Ad Manager -->

<style>
	@media (max-width:820px) {
		.battle {
			margin: 0 auto;
		}
		.battle-log {
			margin: 7px auto 0;
			max-width: 640px;
			height: 300px;
			position: static;
		}
	}
	.optgroup {
		display: inline-block;
		line-height: 22px;
		font-size: 10pt;
	}
	.optgroup .button {
		height: 25px;
		padding-top: 0;
		padding-bottom: 0;
	}
	.optgroup button.button {
		padding-left: 12px;
		padding-right: 12px;
	}
	.linklist {
		list-style: none;
		margin: 0.5em 0;
		padding: 0;
	}
	.linklist li {
		padding: 2px 0;
	}
	.sidebar {
		float: left;
		width: 320px;
	}
	.bar-wrapper {
		max-width: 1100px;
		margin: 0 auto;
	}
	.bar-wrapper.has-sidebar {
		max-width: 1430px;
	}
	.mainbar {
		margin: 0;
		padding-right: 1px;
	}
	.mainbar.has-sidebar {
		margin-left: 330px;
	}
	@media (min-width: 1511px) {
		.sidebar {
			width: 400px;
		}
		.bar-wrapper.has-sidebar {
			max-width: 1510px;
		}
		.mainbar.has-sidebar {
			margin-left: 410px;
		}
	}
	.section.first-section {
		margin-top: 9px;
	}
	.blocklink small {
		white-space: normal;
	}
	.button {
		vertical-align: middle;
	}
	.replay-controls {
		padding-top: 10px;
	}
	.replay-controls h1 {
		font-size: 16pt;
		font-weight: normal;
		color: #CCC;
	}
	.pagelink {
		text-align: center;
	}
	.pagelink a {
		width: 150px;
	}
	.textbox, .button {
		font-size: 11pt;
		vertical-align: middle;
	}
	@media (max-width: 450px) {
		.button {
			font-size: 9pt;
		}
	}
</style>

<div>

	<header>
		<div class="nav-wrapper"><ul class="nav">
			<li><a class="button nav-first" href="//pokemonshowdown.com/"><img src="//pokemonshowdown.com/images/pokemonshowdownbeta.png" srcset="//pokemonshowdown.com/images/pokemonshowdownbeta.png 1x, //pokemonshowdown.com/images/pokemonshowdownbeta@2x.png 2x" alt="Pok&eacute;mon Showdown" width="146" height="44" /> Home</a></li>
			<li><a class="button" href="//pokemonshowdown.com/dex/">Pok&eacute;dex</a></li>
			<li><a class="button cur" href="/">Replays</a></li>
			<li><a class="button" href="//pokemonshowdown.com/ladder/">Ladder</a></li>
			<li><a class="button nav-last" href="//pokemonshowdown.com/forums/">Forum</a></li>
			<li><a class="button greenbutton nav-first nav-last" href="//play.pokemonshowdown.com/">Play</a></li>
		</ul></div>
	</header>

	<div class="main" id="main">

		<noscript><section class="section">You need to enable JavaScript to use this page; sorry!</section></noscript>

	</div>

</div>

<script defer nomodule src="//play.pokemonshowdown.com/js/lib/ps-polyfill.js"></script>
<script defer src="//play.pokemonshowdown.com/js/lib/preact.min.js"></script>

<script defer src="//play.pokemonshowdown.com/config/config.js?2bddbc15"></script>
<script defer src="//play.pokemonshowdown.com/js/lib/jquery-1.11.0.min.js"></script>
<script defer src="//play.pokemonshowdown.com/js/lib/html-sanitizer-minified.js"></script>
<script defer src="//play.pokemonshowdown.com/js/battle-sound.js"></script>
<script defer src="//play.pokemonshowdown.com/js/battledata.js?0.7209276989879541"></script>
<script defer src="//play.pokemonshowdown.com/data/pokedex-mini.js?0.6111056340867951"></script>
<script defer src="//play.pokemonshowdown.com/data/pokedex-mini-bw.js?0.3532142036491459"></script>
<script defer src="//play.pokemonshowdown.com/data/graphics.js?0.24223875632456182"></script>
<script defer src="//play.pokemonshowdown.com/data/pokedex.js?0.38839984266356864"></script>
<script defer src="//play.pokemonshowdown.com/data/moves.js?0.21866028504024015"></script>
<script defer src="//play.pokemonshowdown.com/data/abilities.js?0.2005157953846628"></script>
<script defer src="//play.pokemonshowdown.com/data/items.js?0.9894211263848525"></script>
<script defer src="//play.pokemonshowdown.com/data/teambuilder-tables.js?0.6008791140282215"></script>
<script defer src="//play.pokemonshowdown.com/js/battle-tooltips.js?0.7580118955022959"></script>
<script defer src="//play.pokemonshowdown.com/js/battle.js?0.6057722274234274"></script>

<script defer src="js/utils.js?e31f9a17"></script>
<script defer src="js/replays-battle.js?7008c182"></script>

<!-- don't scrape this data! just add .json or .log after the URL!
Full API docs: https://github.com/smogon/pokemon-showdown-client/blob/master/WEB-API.md -->
<script type="text/plain" class="log" id="replaylog-smogtours-gen3ou-798900">
|inactive|Battle timer is ON: inactive players will automatically lose when time's up.
|t:|1729000318
|gametype|singles
|player|p1|reptikrook|102|
|player|p2|CostcoCustomer|mina|
|teamsize|p1|6
|teamsize|p2|6
|gen|3
|tier|[Gen 3] OU
|rule|Sleep Clause Mod: Limit one foe put to sleep
|rule|Switch Priority Clause Mod: Faster Pokémon switch first
|rule|Species Clause: Limit one of each Pokémon
|rule|OHKO Clause: OHKO moves are banned
|rule|Evasion Items Clause: Evasion items are banned
|rule|Evasion Moves Clause: Evasion moves are banned
|rule|Endless Battle Clause: Forcing endless battles is banned
|rule|HP Percentage Mod: HP is shown in percentages
|rule|One Boost Passer Clause: Limit one Baton Passer that has a way to boost its stats
|rule|Freeze Clause Mod: Limit one foe frozen
|
|t:|1729000318
|start
|switch|p1a: Cold Stone|Regice, shiny|100/100
|switch|p2a: Tyranitar|Tyranitar, M, shiny|100/100
|-weather|Sandstorm|[from] ability: Sand Stream|[of] p2a: Tyranitar
|turn|1
|c|☆CostcoCustomer|lemme set up link
|inactive|CostcoCustomer has 270 seconds left.
|c|☆CostcoCustomer|can u timer off for a bit
|inactive|reptikrook has 270 seconds left.
|inactive|CostcoCustomer has 240 seconds left.
|c|☆reptikrook|I clicked stop
|c|☆CostcoCustomer|oh nvm
|c|☆CostcoCustomer|alright good to go
|c|☆CostcoCustomer|gl hf
|
|t:|1729000396
|switch|p2a: Jrachi|Jirachi|100/100
|switch|p1a: Musketeers|Dugtrio, F|100/100
|
|-weather|Sandstorm|[upkeep]
|upkeep
|turn|2
|
|t:|1729000407
|move|p1a: Musketeers|Earthquake|p2a: Jrachi
|-supereffective|p2a: Jrachi
|-damage|p2a: Jrachi|14/100
|move|p2a: Jrachi|Body Slam|p1a: Musketeers
|-damage|p1a: Musketeers|47/100
|
|-weather|Sandstorm|[upkeep]
|-heal|p2a: Jrachi|20/100|[from] item: Leftovers
|upkeep
|turn|3
|
|t:|1729000414
|move|p2a: Jrachi|Protect|p2a: Jrachi
|-singleturn|p2a: Jrachi|Protect
|move|p1a: Musketeers|Earthquake|p2a: Jrachi
|-activate|p2a: Jrachi|Protect
|
|-weather|Sandstorm|[upkeep]
|-heal|p2a: Jrachi|26/100|[from] item: Leftovers
|upkeep
|turn|4
|
|t:|1729000421
|move|p1a: Musketeers|Earthquake|p2a: Jrachi
|-supereffective|p2a: Jrachi
|-damage|p2a: Jrachi|0 fnt
|faint|p2a: Jrachi
|
|t:|1729000424
|switch|p2a: Skarmory|Skarmory, M, shiny|100/100
|
|-weather|Sandstorm|[upkeep]
|upkeep
|turn|5
|
|t:|1729000428
|switch|p1a: Magnus Carlmon|Magneton|100/100
|move|p2a: Skarmory|Spikes|p1a: Magnus Carlmon
|-sidestart|p1: reptikrook|Spikes
|
|-weather|Sandstorm|[upkeep]
|upkeep
|turn|6
|
|t:|1729000434
|move|p1a: Magnus Carlmon|Thunderbolt|p2a: Skarmory
|-supereffective|p2a: Skarmory
|-damage|p2a: Skarmory|21/100
|move|p2a: Skarmory|Roar|p1a: Magnus Carlmon
|drag|p1a: Khamsin|Tyranitar, M|100/100
|-damage|p1a: Khamsin|88/100|[from] Spikes
|
|-weather|Sandstorm|[upkeep]
|-heal|p2a: Skarmory|27/100|[from] item: Leftovers
|upkeep
|turn|7
|
|t:|1729000445
|move|p1a: Khamsin|Rock Slide|p2a: Skarmory
|-damage|p2a: Skarmory|0 fnt
|faint|p2a: Skarmory
|
|t:|1729000451
|switch|p2a: Gengar|Gengar, M|100/100
|
|-weather|Sandstorm|[upkeep]
|-damage|p2a: Gengar|94/100|[from] Sandstorm
|-heal|p2a: Gengar|100/100|[from] item: Leftovers
|upkeep
|turn|8
|
|t:|1729000459
|move|p2a: Gengar|Will-O-Wisp|p1a: Khamsin
|-status|p1a: Khamsin|brn
|-enditem|p1a: Khamsin|Lum Berry|[eat]
|-curestatus|p1a: Khamsin|brn|[msg]
|move|p1a: Khamsin|Rock Slide|p2a: Gengar
|-damage|p2a: Gengar|33/100
|
|-weather|Sandstorm|[upkeep]
|-damage|p2a: Gengar|27/100|[from] Sandstorm
|-heal|p2a: Gengar|33/100|[from] item: Leftovers
|upkeep
|turn|9
|
|t:|1729000471
|switch|p1a: Cold Stone|Regice, shiny|100/100
|-damage|p1a: Cold Stone|88/100|[from] Spikes
|move|p2a: Gengar|Giga Drain|p1a: Cold Stone
|-damage|p1a: Cold Stone|79/100
|-heal|p2a: Gengar|38/100|[from] drain|[of] p1a: Cold Stone
|
|-weather|Sandstorm|[upkeep]
|-damage|p2a: Gengar|31/100|[from] Sandstorm
|-damage|p1a: Cold Stone|73/100|[from] Sandstorm
|-heal|p2a: Gengar|38/100|[from] item: Leftovers
|-heal|p1a: Cold Stone|79/100|[from] item: Leftovers
|upkeep
|turn|10
|
|t:|1729000482
|move|p2a: Gengar|Will-O-Wisp|p1a: Cold Stone
|-status|p1a: Cold Stone|brn
|move|p1a: Cold Stone|Ice Beam|p2a: Gengar
|-damage|p2a: Gengar|0 fnt
|faint|p2a: Gengar
|
|t:|1729000485
|switch|p2a: Tyranitar|Tyranitar, M, shiny|100/100
|
|-weather|Sandstorm|[upkeep]
|-damage|p1a: Cold Stone|73/100 brn|[from] Sandstorm
|-heal|p1a: Cold Stone|79/100 brn|[from] item: Leftovers
|-damage|p1a: Cold Stone|67/100 brn|[from] brn
|upkeep
|turn|11
|
|t:|1729000495
|move|p2a: Tyranitar|Dragon Dance|p2a: Tyranitar
|-boost|p2a: Tyranitar|atk|1
|-boost|p2a: Tyranitar|spe|1
|move|p1a: Cold Stone|Explosion|p2a: Tyranitar
|-resisted|p2a: Tyranitar
|-damage|p2a: Tyranitar|87/100
|faint|p1a: Cold Stone
|
|t:|1729000502
|switch|p1a: Musketeers|Dugtrio, F|47/100
|-damage|p1a: Musketeers|35/100|[from] Spikes
|
|-weather|Sandstorm|[upkeep]
|-heal|p2a: Tyranitar|94/100|[from] item: Leftovers
|upkeep
|turn|12
|
|t:|1729000508
|move|p1a: Musketeers|Earthquake|p2a: Tyranitar
|-supereffective|p2a: Tyranitar
|-damage|p2a: Tyranitar|7/100
|move|p2a: Tyranitar|Dragon Dance|p2a: Tyranitar
|-boost|p2a: Tyranitar|atk|1
|-boost|p2a: Tyranitar|spe|1
|
|-weather|Sandstorm|[upkeep]
|-heal|p2a: Tyranitar|13/100|[from] item: Leftovers
|upkeep
|turn|13
|
|t:|1729000523
|move|p2a: Tyranitar|Earthquake|p1a: Musketeers
|-crit|p1a: Musketeers
|-damage|p1a: Musketeers|0 fnt
|faint|p1a: Musketeers
|
|t:|1729000527
|switch|p1a: Shrike|Skarmory, F|100/100
|
|-weather|Sandstorm|[upkeep]
|-heal|p2a: Tyranitar|19/100|[from] item: Leftovers
|upkeep
|turn|14
|
|t:|1729000531
|move|p2a: Tyranitar|Rock Slide|p1a: Shrike
|-damage|p1a: Shrike|54/100
|move|p1a: Shrike|Roar|p2a: Tyranitar
|drag|p2a: Zapdos|Zapdos, shiny|100/100
|
|-weather|Sandstorm|[upkeep]
|-damage|p2a: Zapdos|94/100|[from] Sandstorm
|-heal|p2a: Zapdos|100/100|[from] item: Leftovers
|-heal|p1a: Shrike|60/100|[from] item: Leftovers
|upkeep
|turn|15
|
|t:|1729000542
|switch|p1a: Magnus Carlmon|Magneton|100/100
|-damage|p1a: Magnus Carlmon|88/100|[from] Spikes
|move|p2a: Zapdos|Thunderbolt|p1a: Magnus Carlmon
|-resisted|p1a: Magnus Carlmon
|-damage|p1a: Magnus Carlmon|48/100
|
|-weather|Sandstorm|[upkeep]
|-damage|p2a: Zapdos|94/100|[from] Sandstorm
|-heal|p1a: Magnus Carlmon|55/100|[from] item: Leftovers
|-heal|p2a: Zapdos|100/100|[from] item: Leftovers
|upkeep
|turn|16
|
|t:|1729000552
|move|p1a: Magnus Carlmon|Thunderbolt|p2a: Zapdos
|-damage|p2a: Zapdos|69/100
|move|p2a: Zapdos|Roar|p1a: Magnus Carlmon
|drag|p1a: Shrike|Skarmory, F|60/100
|
|-weather|Sandstorm|[upkeep]
|-damage|p2a: Zapdos|63/100|[from] Sandstorm
|-heal|p2a: Zapdos|69/100|[from] item: Leftovers
|-heal|p1a: Shrike|66/100|[from] item: Leftovers
|upkeep
|turn|17
|
|t:|1729000562
|move|p1a: Shrike|Spikes|p2a: Zapdos
|-sidestart|p2: CostcoCustomer|Spikes
|move|p2a: Zapdos|Roar|p1a: Shrike
|drag|p1a: Magnus Carlmon|Magneton|55/100
|-damage|p1a: Magnus Carlmon|42/100|[from] Spikes
|
|-weather|Sandstorm|[upkeep]
|-damage|p2a: Zapdos|63/100|[from] Sandstorm
|-heal|p1a: Magnus Carlmon|48/100|[from] item: Leftovers
|-heal|p2a: Zapdos|69/100|[from] item: Leftovers
|upkeep
|turn|18
|
|t:|1729000571
|move|p1a: Magnus Carlmon|Thunderbolt|p2a: Zapdos
|-damage|p2a: Zapdos|40/100
|move|p2a: Zapdos|Rest|p2a: Zapdos
|-status|p2a: Zapdos|slp|[from] move: Rest
|-heal|p2a: Zapdos|100/100 slp|[silent]
|
|-weather|Sandstorm|[upkeep]
|-damage|p2a: Zapdos|94/100 slp|[from] Sandstorm
|-heal|p1a: Magnus Carlmon|55/100|[from] item: Leftovers
|-heal|p2a: Zapdos|100/100 slp|[from] item: Leftovers
|upkeep
|turn|19
|
|t:|1729000584
|move|p1a: Magnus Carlmon|Substitute|p1a: Magnus Carlmon
|-start|p1a: Magnus Carlmon|Substitute
|-damage|p1a: Magnus Carlmon|30/100
|cant|p2a: Zapdos|slp
|move|p2a: Zapdos|Sleep Talk|p2a: Zapdos
|move|p2a: Zapdos|Rest|p2a: Zapdos|[from]Sleep Talk
|
|-weather|Sandstorm|[upkeep]
|-damage|p2a: Zapdos|94/100 slp|[from] Sandstorm
|-heal|p1a: Magnus Carlmon|36/100|[from] item: Leftovers
|-heal|p2a: Zapdos|100/100 slp|[from] item: Leftovers
|upkeep
|turn|20
|
|t:|1729000595
|move|p1a: Magnus Carlmon|Thunderbolt|p2a: Zapdos
|-damage|p2a: Zapdos|68/100 slp
|cant|p2a: Zapdos|slp
|move|p2a: Zapdos|Sleep Talk|p2a: Zapdos
|move|p2a: Zapdos|Roar|p1a: Magnus Carlmon|[from]Sleep Talk
|drag|p1a: Khamsin|Tyranitar, M|88/100
|-damage|p1a: Khamsin|76/100|[from] Spikes
|
|-weather|Sandstorm|[upkeep]
|-damage|p2a: Zapdos|62/100 slp|[from] Sandstorm
|-heal|p2a: Zapdos|68/100 slp|[from] item: Leftovers
|upkeep
|turn|21
|
|t:|1729000610
|-curestatus|p2a: Zapdos|slp|[msg]
|move|p2a: Zapdos|Thunderbolt|p1a: Khamsin
|-damage|p1a: Khamsin|38/100
|move|p1a: Khamsin|Rock Slide|p2a: Zapdos
|-supereffective|p2a: Zapdos
|-damage|p2a: Zapdos|0 fnt
|faint|p2a: Zapdos
|
|t:|1729000616
|switch|p2a: Aerodactyl|Aerodactyl, M, shiny|100/100
|
|-weather|Sandstorm|[upkeep]
|upkeep
|turn|22
|
|t:|1729000622
|move|p2a: Aerodactyl|Rock Slide|p1a: Khamsin
|-crit|p1a: Khamsin
|-damage|p1a: Khamsin|0 fnt
|faint|p1a: Khamsin
|
|t:|1729000628
|switch|p1a: Shrike|Skarmory, F|66/100
|
|-weather|Sandstorm|[upkeep]
|-heal|p1a: Shrike|72/100|[from] item: Leftovers
|upkeep
|turn|23
|
|t:|1729000633
|move|p2a: Aerodactyl|Rock Slide|p1a: Shrike
|-damage|p1a: Shrike|43/100
|move|p1a: Shrike|Toxic|p2a: Aerodactyl
|-status|p2a: Aerodactyl|tox
|
|-weather|Sandstorm|[upkeep]
|-damage|p2a: Aerodactyl|95/100 tox|[from] psn
|-heal|p1a: Shrike|49/100|[from] item: Leftovers
|upkeep
|turn|24
|
|t:|1729000659
|move|p2a: Aerodactyl|Rock Slide|p1a: Shrike
|-damage|p1a: Shrike|21/100
|move|p1a: Shrike|Spikes|p2a: Aerodactyl
|-sidestart|p2: CostcoCustomer|Spikes
|
|-weather|Sandstorm|[upkeep]
|-damage|p2a: Aerodactyl|83/100 tox|[from] psn
|-heal|p1a: Shrike|27/100|[from] item: Leftovers
|upkeep
|turn|25
|
|t:|1729000667
|switch|p1a: Magnus Carlmon|Magneton|36/100
|-damage|p1a: Magnus Carlmon|24/100|[from] Spikes
|move|p2a: Aerodactyl|Rock Slide|p1a: Magnus Carlmon
|-resisted|p1a: Magnus Carlmon
|-damage|p1a: Magnus Carlmon|0 fnt
|faint|p1a: Magnus Carlmon
|
|t:|1729000674
|switch|p1a: Shrike|Skarmory, F|27/100
|
|-weather|Sandstorm|[upkeep]
|-damage|p2a: Aerodactyl|65/100 tox|[from] psn
|-heal|p1a: Shrike|33/100|[from] item: Leftovers
|upkeep
|turn|26
|
|t:|1729000680
|move|p2a: Aerodactyl|Rock Slide|p1a: Shrike
|-damage|p1a: Shrike|4/100
|move|p1a: Shrike|Rest|p1a: Shrike
|-status|p1a: Shrike|slp|[from] move: Rest
|-heal|p1a: Shrike|100/100 slp|[silent]
|
|-weather|Sandstorm|[upkeep]
|-damage|p2a: Aerodactyl|41/100 tox|[from] psn
|upkeep
|turn|27
|
|t:|1729000697
|switch|p2a: Tyranitar|Tyranitar, M, shiny|19/100
|-damage|p2a: Tyranitar|3/100|[from] Spikes
|cant|p1a: Shrike|slp
|
|-weather|Sandstorm|[upkeep]
|-heal|p2a: Tyranitar|9/100|[from] item: Leftovers
|upkeep
|turn|28
|
|t:|1729000706
|switch|p1a: Kalamet|Aerodactyl, F|100/100
|move|p2a: Tyranitar|Dragon Dance|p2a: Tyranitar
|-boost|p2a: Tyranitar|atk|1
|-boost|p2a: Tyranitar|spe|1
|
|-weather|Sandstorm|[upkeep]
|-heal|p2a: Tyranitar|15/100|[from] item: Leftovers
|upkeep
|turn|29
|
|t:|1729000715
|move|p1a: Kalamet|Earthquake|p2a: Tyranitar
|-supereffective|p2a: Tyranitar
|-damage|p2a: Tyranitar|0 fnt
|faint|p2a: Tyranitar
|
|t:|1729000716
|switch|p2a: Aerodactyl|Aerodactyl, M, shiny|41/100 tox
|
|-weather|Sandstorm|[upkeep]
|-damage|p2a: Aerodactyl|35/100 tox|[from] psn
|upkeep
|turn|30
|
|t:|1729000722
|move|p2a: Aerodactyl|Rock Slide|p1a: Kalamet
|-supereffective|p1a: Kalamet
|-damage|p1a: Kalamet|0 fnt
|faint|p1a: Kalamet
|
|t:|1729000726
|switch|p1a: Shrike|Skarmory, F|100/100 slp
|
|-weather|Sandstorm|[upkeep]
|-damage|p2a: Aerodactyl|23/100 tox|[from] psn
|upkeep
|turn|31
|
|t:|1729000731
|move|p2a: Aerodactyl|Rock Slide|p1a: Shrike
|-damage|p1a: Shrike|69/100 slp
|cant|p1a: Shrike|slp
|
|-weather|Sandstorm|[upkeep]
|-damage|p2a: Aerodactyl|5/100 tox|[from] psn
|-heal|p1a: Shrike|75/100 slp|[from] item: Leftovers
|upkeep
|turn|32
|c|☆CostcoCustomer|gg
|
|t:|1729000739
|move|p2a: Aerodactyl|Rock Slide|p1a: Shrike
|-damage|p1a: Shrike|43/100 slp
|-curestatus|p1a: Shrike|slp|[msg]
|move|p1a: Shrike|Rest|p1a: Shrike
|-status|p1a: Shrike|slp|[from] move: Rest
|-heal|p1a: Shrike|100/100 slp|[silent]
|
|-weather|Sandstorm|[upkeep]
|-damage|p2a: Aerodactyl|0 fnt|[from] psn
|faint|p2a: Aerodactyl
|
|win|reptikrook
|upkeep
|c|☆reptikrook|gg
|player|p2|
|player|p2|CostcoCustomer|mina|
|player|p2|
|player|p2|CostcoCustomer|mina|

</script>
<script type="application/json" class="data" id="replaydata-smogtours-gen3ou-798900">
{"id":"smogtours-gen3ou-798900","format":"[Gen 3] OU","players":["reptikrook","CostcoCustomer"],"uploadtime":1729000739,"views":99,"formatid":"gen3ou","rating":null,"private":0,"password":null}
</script>

<script defer src="js/replays.js?9d40a366"></script>
