<!DOCTYPE html>
<meta charset="utf-8" />
<meta name="viewport" content="width=device-width" />

<title>[Gen 3] OU: Levy&#039;s Chair vs. mobjamin - Replays - Pok&eacute;mon Showdown!</title>

<meta name="description" content="Watch a replay of a Pok&eacute;mon battle between Levy&#039;s Chair and mobjamin! Format: [Gen 3] OU; Date: Oct 22, 2024" />
<!--

Hey, you! Looking in the source for the replay log?

You can find them in JSON format, just add `.json` at the end of a replay URL.

https://replay.pokemonshowdown.com/gen7randomdoublesbattle-865046831.json

Or, if you only need the log itself, add `.log` instead:

https://replay.pokemonshowdown.com/gen7randomdoublesbattle-865046831.log

-->

<link rel="stylesheet" href="//pokemonshowdown.com/style/global.css?0.767286132409787" />
<link rel="stylesheet" href="//play.pokemonshowdown.com/style/font-awesome.css?0.9266228007934947" />
<link rel="stylesheet" href="//play.pokemonshowdown.com/style/battle.css?0.7924700842790926" />
<link rel="stylesheet" href="//play.pokemonshowdown.com/style/utilichart.css?0.8777417872839479" />

<!-- Global site tag (gtag.js) - Google Analytics -->
<script async src="https://www.googletagmanager.com/gtag/js?id=UA-26211653-1"></script>
<script>
  window.dataLayer = window.dataLayer || [];
  function gtag(){dataLayer.push(arguments);}
  gtag('js', new Date());

  gtag('config', 'UA-26211653-1');
</script>
<!-- End Google Analytics -->
<!-- Venatus Ad Manager - Install in <HEAD> of page -->
	<script src="https://hb.vntsm.com/v3/live/ad-manager.min.js" type="text/javascript" data-site-id="642aba63ec9a7b11c3c9c1be" data-mode="scan" async></script>
<!-- / Venatus Ad Manager -->

<style>
	@media (max-width:820px) {
		.battle {
			margin: 0 auto;
		}
		.battle-log {
			margin: 7px auto 0;
			max-width: 640px;
			height: 300px;
			position: static;
		}
	}
	.optgroup {
		display: inline-block;
		line-height: 22px;
		font-size: 10pt;
	}
	.optgroup .button {
		height: 25px;
		padding-top: 0;
		padding-bottom: 0;
	}
	.optgroup button.button {
		padding-left: 12px;
		padding-right: 12px;
	}
	.linklist {
		list-style: none;
		margin: 0.5em 0;
		padding: 0;
	}
	.linklist li {
		padding: 2px 0;
	}
	.sidebar {
		float: left;
		width: 320px;
	}
	.bar-wrapper {
		max-width: 1100px;
		margin: 0 auto;
	}
	.bar-wrapper.has-sidebar {
		max-width: 1430px;
	}
	.mainbar {
		margin: 0;
		padding-right: 1px;
	}
	.mainbar.has-sidebar {
		margin-left: 330px;
	}
	@media (min-width: 1511px) {
		.sidebar {
			width: 400px;
		}
		.bar-wrapper.has-sidebar {
			max-width: 1510px;
		}
		.mainbar.has-sidebar {
			margin-left: 410px;
		}
	}
	.section.first-section {
		margin-top: 9px;
	}
	.blocklink small {
		white-space: normal;
	}
	.button {
		vertical-align: middle;
	}
	.replay-controls {
		padding-top: 10px;
	}
	.replay-controls h1 {
		font-size: 16pt;
		font-weight: normal;
		color: #CCC;
	}
	.pagelink {
		text-align: center;
	}
	.pagelink a {
		width: 150px;
	}
	.textbox, .button {
		font-size: 11pt;
		vertical-align: middle;
	}
	@media (max-width: 450px) {
		.button {
			font-size: 9pt;
		}
	}
</style>

<div>

	<header>
		<div class="nav-wrapper"><ul class="nav">
			<li><a class="button nav-first" href="//pokemonshowdown.com/"><img src="//pokemonshowdown.com/images/pokemonshowdownbeta.png" srcset="//pokemonshowdown.com/images/pokemonshowdownbeta.png 1x, //pokemonshowdown.com/images/pokemonshowdownbeta@2x.png 2x" alt="Pok&eacute;mon Showdown" width="146" height="44" /> Home</a></li>
			<li><a class="button" href="//pokemonshowdown.com/dex/">Pok&eacute;dex</a></li>
			<li><a class="button cur" href="/">Replays</a></li>
			<li><a class="button" href="//pokemonshowdown.com/ladder/">Ladder</a></li>
			<li><a class="button nav-last" href="//pokemonshowdown.com/forums/">Forum</a></li>
			<li><a class="button greenbutton nav-first nav-last" href="//play.pokemonshowdown.com/">Play</a></li>
		</ul></div>
	</header>

	<div class="main" id="main">

		<noscript><section class="section">You need to enable JavaScript to use this page; sorry!</section></noscript>

	</div>

</div>

<script defer nomodule src="//play.pokemonshowdown.com/js/lib/ps-polyfill.js"></script>
<script defer src="//play.pokemonshowdown.com/js/lib/preact.min.js"></script>

<script defer src="//play.pokemonshowdown.com/config/config.js?6dec07f6"></script>
<script defer src="//play.pokemonshowdown.com/js/lib/jquery-1.11.0.min.js"></script>
<script defer src="//play.pokemonshowdown.com/js/lib/html-sanitizer-minified.js"></script>
<script defer src="//play.pokemonshowdown.com/js/battle-sound.js"></script>
<script defer src="//play.pokemonshowdown.com/js/battledata.js?0.6315294753075389"></script>
<script defer src="//play.pokemonshowdown.com/data/pokedex-mini.js?0.7603743185311358"></script>
<script defer src="//play.pokemonshowdown.com/data/pokedex-mini-bw.js?0.030888842834281283"></script>
<script defer src="//play.pokemonshowdown.com/data/graphics.js?0.05593094747507488"></script>
<script defer src="//play.pokemonshowdown.com/data/pokedex.js?0.47064822249611904"></script>
<script defer src="//play.pokemonshowdown.com/data/moves.js?0.8583693120512459"></script>
<script defer src="//play.pokemonshowdown.com/data/abilities.js?0.16017181182386842"></script>
<script defer src="//play.pokemonshowdown.com/data/items.js?0.4163379185673943"></script>
<script defer src="//play.pokemonshowdown.com/data/teambuilder-tables.js?0.31075597372830477"></script>
<script defer src="//play.pokemonshowdown.com/js/battle-tooltips.js?0.6536193500708172"></script>
<script defer src="//play.pokemonshowdown.com/js/battle.js?0.1916591943277901"></script>

<script defer src="js/utils.js?e31f9a17"></script>
<script defer src="js/replays-battle.js?7008c182"></script>

<!-- don't scrape this data! just add .json or .log after the URL!
Full API docs: https://github.com/smogon/pokemon-showdown-client/blob/master/WEB-API.md -->
<script type="text/plain" class="log" id="replaylog-smogtours-gen3ou-801275">
|inactive|Battle timer is ON: inactive players will automatically lose when time's up.
|t:|1729632991
|gametype|singles
|player|p1|Levy's Chair|1|
|player|p2|mobjamin|265|
|teamsize|p1|6
|teamsize|p2|6
|gen|3
|tier|[Gen 3] OU
|rule|Sleep Clause Mod: Limit one foe put to sleep
|rule|Switch Priority Clause Mod: Faster Pokémon switch first
|rule|Species Clause: Limit one of each Pokémon
|rule|OHKO Clause: OHKO moves are banned
|rule|Evasion Items Clause: Evasion items are banned
|rule|Evasion Moves Clause: Evasion moves are banned
|rule|Endless Battle Clause: Forcing endless battles is banned
|rule|HP Percentage Mod: HP is shown in percentages
|rule|One Boost Passer Clause: Limit one Baton Passer that has a way to boost its stats
|rule|Freeze Clause Mod: Limit one foe frozen
|
|t:|1729632991
|start
|switch|p1a: Jynx|Jynx, F|100/100
|switch|p2a: Tyranitar|Tyranitar, F|100/100
|-weather|Sandstorm|[from] ability: Sand Stream|[of] p2a: Tyranitar
|turn|1
|
|t:|1729633005
|move|p1a: Jynx|Lovely Kiss|p2a: Tyranitar
|-status|p2a: Tyranitar|slp|[from] move: Lovely Kiss
|cant|p2a: Tyranitar|slp
|
|-weather|Sandstorm|[upkeep]
|-damage|p1a: Jynx|95/100|[from] Sandstorm
|-heal|p1a: Jynx|100/100|[from] item: Leftovers
|upkeep
|turn|2
|
|t:|1729633011
|switch|p2a: Skarmory|Skarmory, M|100/100
|move|p1a: Jynx|Ice Beam|p2a: Skarmory
|-damage|p2a: Skarmory|61/100
|
|-weather|Sandstorm|[upkeep]
|-damage|p1a: Jynx|95/100|[from] Sandstorm
|-heal|p1a: Jynx|100/100|[from] item: Leftovers
|-heal|p2a: Skarmory|67/100|[from] item: Leftovers
|upkeep
|turn|3
|
|t:|1729633020
|move|p1a: Jynx|Ice Beam|p2a: Skarmory
|-damage|p2a: Skarmory|26/100
|move|p2a: Skarmory|Roar|p1a: Jynx
|drag|p1a: Suicune|Suicune|100/100
|
|-weather|Sandstorm|[upkeep]
|-damage|p1a: Suicune|94/100|[from] Sandstorm
|-heal|p1a: Suicune|100/100|[from] item: Leftovers
|-heal|p2a: Skarmory|32/100|[from] item: Leftovers
|upkeep
|turn|4
|
|t:|1729633027
|move|p1a: Suicune|Hydro Pump|p2a: Skarmory
|-damage|p2a: Skarmory|0 fnt
|faint|p2a: Skarmory
|
|t:|1729633032
|switch|p2a: Zapdos|Zapdos|100/100
|
|-weather|Sandstorm|[upkeep]
|-damage|p2a: Zapdos|94/100|[from] Sandstorm
|-damage|p1a: Suicune|94/100|[from] Sandstorm
|-heal|p2a: Zapdos|100/100|[from] item: Leftovers
|-heal|p1a: Suicune|100/100|[from] item: Leftovers
|upkeep
|turn|5
|
|t:|1729633053
|switch|p1a: Dugtrio|Dugtrio, M|100/100
|move|p2a: Zapdos|Toxic|p1a: Dugtrio
|-status|p1a: Dugtrio|tox
|
|-weather|Sandstorm|[upkeep]
|-damage|p2a: Zapdos|94/100|[from] Sandstorm
|-damage|p1a: Dugtrio|94/100 tox|[from] psn
|-heal|p2a: Zapdos|100/100|[from] item: Leftovers
|upkeep
|turn|6
|
|t:|1729633060
|switch|p1a: Moltres|Moltres|100/100
|move|p2a: Zapdos|Protect||[still]
|-fail|p2a: Zapdos
|
|-weather|Sandstorm|[upkeep]
|-damage|p2a: Zapdos|94/100|[from] Sandstorm
|-damage|p1a: Moltres|94/100|[from] Sandstorm
|-heal|p2a: Zapdos|100/100|[from] item: Leftovers
|-heal|p1a: Moltres|100/100|[from] item: Leftovers
|upkeep
|turn|7
|
|t:|1729633070
|move|p2a: Zapdos|Hidden Power|p1a: Moltres
|-damage|p1a: Moltres|73/100
|move|p1a: Moltres|Overheat|p2a: Zapdos
|-damage|p2a: Zapdos|19/100
|-unboost|p1a: Moltres|spa|2
|
|-weather|Sandstorm|[upkeep]
|-damage|p2a: Zapdos|13/100|[from] Sandstorm
|-damage|p1a: Moltres|67/100|[from] Sandstorm
|-heal|p2a: Zapdos|19/100|[from] item: Leftovers
|-heal|p1a: Moltres|73/100|[from] item: Leftovers
|upkeep
|turn|8
|
|t:|1729633080
|switch|p1a: Jynx|Jynx, F|100/100
|move|p2a: Zapdos|Thunderbolt|p1a: Jynx
|-damage|p1a: Jynx|39/100
|
|-weather|Sandstorm|[upkeep]
|-damage|p1a: Jynx|33/100|[from] Sandstorm
|-damage|p2a: Zapdos|13/100|[from] Sandstorm
|-heal|p1a: Jynx|39/100|[from] item: Leftovers
|-heal|p2a: Zapdos|19/100|[from] item: Leftovers
|upkeep
|turn|9
|
|t:|1729633089
|move|p1a: Jynx|Ice Beam|p2a: Zapdos
|-supereffective|p2a: Zapdos
|-damage|p2a: Zapdos|0 fnt
|faint|p2a: Zapdos
|
|t:|1729633093
|switch|p2a: Aerodactyl|Aerodactyl, F|100/100
|
|-weather|Sandstorm|[upkeep]
|-damage|p1a: Jynx|33/100|[from] Sandstorm
|-heal|p1a: Jynx|39/100|[from] item: Leftovers
|upkeep
|turn|10
|
|t:|1729633103
|move|p2a: Aerodactyl|Earthquake|p1a: Jynx
|-damage|p1a: Jynx|0 fnt
|faint|p1a: Jynx
|
|t:|1729633112
|switch|p1a: Moltres|Moltres|73/100
|
|-weather|Sandstorm|[upkeep]
|-damage|p1a: Moltres|67/100|[from] Sandstorm
|-heal|p1a: Moltres|73/100|[from] item: Leftovers
|upkeep
|turn|11
|
|t:|1729633117
|switch|p2a: Swampert|Swampert, F|100/100
|move|p1a: Moltres|Will-O-Wisp|p2a: Swampert
|-status|p2a: Swampert|brn
|
|-weather|Sandstorm|[upkeep]
|-damage|p1a: Moltres|67/100|[from] Sandstorm
|-heal|p1a: Moltres|73/100|[from] item: Leftovers
|-damage|p2a: Swampert|88/100 brn|[from] brn
|upkeep
|turn|12
|
|t:|1729633130
|switch|p2a: Tyranitar|Tyranitar, F|100/100 slp
|move|p1a: Moltres|Hidden Power|p2a: Tyranitar
|-supereffective|p2a: Tyranitar
|-damage|p2a: Tyranitar|56/100 slp
|
|-weather|Sandstorm|[upkeep]
|-damage|p1a: Moltres|67/100|[from] Sandstorm
|-heal|p1a: Moltres|73/100|[from] item: Leftovers
|-heal|p2a: Tyranitar|62/100 slp|[from] item: Leftovers
|upkeep
|turn|13
|
|t:|1729633138
|move|p1a: Moltres|Hidden Power|p2a: Tyranitar
|-supereffective|p2a: Tyranitar
|-damage|p2a: Tyranitar|19/100 slp
|cant|p2a: Tyranitar|slp
|
|-weather|Sandstorm|[upkeep]
|-damage|p1a: Moltres|67/100|[from] Sandstorm
|-heal|p1a: Moltres|73/100|[from] item: Leftovers
|-heal|p2a: Tyranitar|25/100 slp|[from] item: Leftovers
|upkeep
|turn|14
|
|t:|1729633143
|switch|p2a: Gengar|Gengar, M|100/100
|move|p1a: Moltres|Hidden Power|p2a: Gengar
|-resisted|p2a: Gengar
|-damage|p2a: Gengar|85/100
|
|-weather|Sandstorm|[upkeep]
|-damage|p2a: Gengar|79/100|[from] Sandstorm
|-damage|p1a: Moltres|67/100|[from] Sandstorm
|-heal|p2a: Gengar|85/100|[from] item: Leftovers
|-heal|p1a: Moltres|73/100|[from] item: Leftovers
|upkeep
|turn|15
|
|t:|1729633172
|switch|p2a: Tyranitar|Tyranitar, F|25/100 slp
|switch|p1a: Jirachi|Jirachi|100/100
|
|-weather|Sandstorm|[upkeep]
|-heal|p2a: Tyranitar|31/100 slp|[from] item: Leftovers
|upkeep
|turn|16
|
|t:|1729633182
|switch|p1a: Dugtrio|Dugtrio, M|94/100 tox
|-curestatus|p2a: Tyranitar|slp|[msg]
|move|p2a: Tyranitar|Earthquake|p1a: Dugtrio
|-damage|p1a: Dugtrio|0 fnt
|faint|p1a: Dugtrio
|
|t:|1729633193
|switch|p1a: Moltres|Moltres|73/100
|
|-weather|Sandstorm|[upkeep]
|-damage|p1a: Moltres|67/100|[from] Sandstorm
|-heal|p1a: Moltres|73/100|[from] item: Leftovers
|-heal|p2a: Tyranitar|38/100|[from] item: Leftovers
|upkeep
|turn|17
|
|t:|1729633201
|switch|p2a: Gengar|Gengar, M|85/100
|move|p1a: Moltres|Will-O-Wisp|p2a: Gengar
|-status|p2a: Gengar|brn
|
|-weather|Sandstorm|[upkeep]
|-damage|p2a: Gengar|79/100 brn|[from] Sandstorm
|-damage|p1a: Moltres|67/100|[from] Sandstorm
|-heal|p2a: Gengar|85/100 brn|[from] item: Leftovers
|-damage|p2a: Gengar|73/100 brn|[from] brn
|-heal|p1a: Moltres|73/100|[from] item: Leftovers
|upkeep
|turn|18
|
|t:|1729633211
|switch|p1a: Jirachi|Jirachi|100/100
|move|p2a: Gengar|Thunderbolt|p1a: Jirachi
|-damage|p1a: Jirachi|73/100
|
|-weather|Sandstorm|[upkeep]
|-damage|p2a: Gengar|67/100 brn|[from] Sandstorm
|-heal|p2a: Gengar|73/100 brn|[from] item: Leftovers
|-damage|p2a: Gengar|60/100 brn|[from] brn
|-heal|p1a: Jirachi|80/100|[from] item: Leftovers
|upkeep
|turn|19
|
|t:|1729633221
|move|p2a: Gengar|Will-O-Wisp|p1a: Jirachi
|-status|p1a: Jirachi|brn
|move|p1a: Jirachi|Thunderbolt|p2a: Gengar
|-damage|p2a: Gengar|36/100 brn
|
|-weather|Sandstorm|[upkeep]
|-damage|p2a: Gengar|30/100 brn|[from] Sandstorm
|-heal|p2a: Gengar|36/100 brn|[from] item: Leftovers
|-damage|p2a: Gengar|24/100 brn|[from] brn
|-heal|p1a: Jirachi|86/100 brn|[from] item: Leftovers
|-damage|p1a: Jirachi|73/100 brn|[from] brn
|upkeep
|turn|20
|
|t:|1729633230
|switch|p1a: Moltres|Moltres|73/100
|move|p2a: Gengar|Thunderbolt|p1a: Moltres
|-supereffective|p1a: Moltres
|-damage|p1a: Moltres|1/100
|
|-weather|Sandstorm|[upkeep]
|-damage|p2a: Gengar|18/100 brn|[from] Sandstorm
|-damage|p1a: Moltres|0 fnt|[from] Sandstorm
|faint|p1a: Moltres
|-heal|p2a: Gengar|24/100 brn|[from] item: Leftovers
|-damage|p2a: Gengar|11/100 brn|[from] brn
|upkeep
|
|t:|1729633237
|switch|p1a: Gengar|Gengar, F|100/100
|turn|21
|
|t:|1729633243
|move|p1a: Gengar|Thunderbolt|p2a: Gengar
|-damage|p2a: Gengar|0 fnt
|faint|p2a: Gengar
|
|t:|1729633261
|switch|p2a: Tyranitar|Tyranitar, F|38/100
|
|-weather|Sandstorm|[upkeep]
|-damage|p1a: Gengar|94/100|[from] Sandstorm
|-heal|p1a: Gengar|100/100|[from] item: Leftovers
|-heal|p2a: Tyranitar|44/100|[from] item: Leftovers
|upkeep
|turn|22
|
|t:|1729633279
|switch|p2a: Swampert|Swampert, F|88/100 brn
|move|p1a: Gengar|Hidden Power|p2a: Swampert
|-supereffective|p2a: Swampert
|-damage|p2a: Swampert|10/100 brn
|
|-weather|Sandstorm|[upkeep]
|-damage|p1a: Gengar|94/100|[from] Sandstorm
|-heal|p1a: Gengar|100/100|[from] item: Leftovers
|-heal|p2a: Swampert|16/100 brn|[from] item: Leftovers
|-damage|p2a: Swampert|4/100 brn|[from] brn
|upkeep
|turn|23
|
|t:|1729633289
|move|p1a: Gengar|Ice Punch|p2a: Swampert
|-damage|p2a: Swampert|0 fnt
|faint|p2a: Swampert
|
|t:|1729633294
|switch|p2a: Aerodactyl|Aerodactyl, F|100/100
|
|-weather|Sandstorm|[upkeep]
|-damage|p1a: Gengar|94/100|[from] Sandstorm
|-heal|p1a: Gengar|100/100|[from] item: Leftovers
|upkeep
|turn|24
|
|t:|1729633301
|switch|p1a: Jirachi|Jirachi|73/100 brn
|move|p2a: Aerodactyl|Rock Slide|p1a: Jirachi
|-resisted|p1a: Jirachi
|-damage|p1a: Jirachi|59/100 brn
|
|-weather|Sandstorm|[upkeep]
|-heal|p1a: Jirachi|65/100 brn|[from] item: Leftovers
|-damage|p1a: Jirachi|53/100 brn|[from] brn
|upkeep
|turn|25
|
|t:|1729633314
|move|p2a: Aerodactyl|Rock Slide|p1a: Jirachi
|-resisted|p1a: Jirachi
|-damage|p1a: Jirachi|39/100 brn
|move|p1a: Jirachi|Thunderbolt|p2a: Aerodactyl
|-supereffective|p2a: Aerodactyl
|-damage|p2a: Aerodactyl|43/100
|
|-weather|Sandstorm|[upkeep]
|-heal|p1a: Jirachi|45/100 brn|[from] item: Leftovers
|-damage|p1a: Jirachi|33/100 brn|[from] brn
|upkeep
|turn|26
|
|t:|1729633330
|switch|p2a: Tyranitar|Tyranitar, F|44/100
|switch|p1a: Suicune|Suicune|100/100
|
|-weather|Sandstorm|[upkeep]
|-damage|p1a: Suicune|94/100|[from] Sandstorm
|-heal|p1a: Suicune|100/100|[from] item: Leftovers
|-heal|p2a: Tyranitar|50/100|[from] item: Leftovers
|upkeep
|turn|27
|
|t:|1729633334
|move|p1a: Suicune|Hydro Pump|p2a: Tyranitar
|-supereffective|p2a: Tyranitar
|-damage|p2a: Tyranitar|0 fnt
|faint|p2a: Tyranitar
|
|t:|1729633337
|switch|p2a: Aerodactyl|Aerodactyl, F|43/100
|
|-weather|Sandstorm|[upkeep]
|-damage|p1a: Suicune|94/100|[from] Sandstorm
|-heal|p1a: Suicune|100/100|[from] item: Leftovers
|upkeep
|turn|28
|
|t:|1729633340
|move|p2a: Aerodactyl|Rock Slide|p1a: Suicune
|-damage|p1a: Suicune|55/100
|cant|p1a: Suicune|flinch
|
|-weather|Sandstorm|[upkeep]
|-damage|p1a: Suicune|49/100|[from] Sandstorm
|-heal|p1a: Suicune|55/100|[from] item: Leftovers
|upkeep
|turn|29
|
|t:|1729633350
|move|p2a: Aerodactyl|Rock Slide|p1a: Suicune
|-damage|p1a: Suicune|14/100
|move|p1a: Suicune|Ice Beam|p2a: Aerodactyl
|-supereffective|p2a: Aerodactyl
|-damage|p2a: Aerodactyl|0 fnt
|faint|p2a: Aerodactyl
|
|win|Levy's Chair
|c|☆Levy's Chair|gg
|c|☆mobjamin|Gg

</script>
<script type="application/json" class="data" id="replaydata-smogtours-gen3ou-801275">
{"id":"smogtours-gen3ou-801275","format":"[Gen 3] OU","players":["Levy's Chair","mobjamin"],"uploadtime":1729633350,"views":87,"formatid":"gen3ou","rating":null,"private":0,"password":null}
</script>

<script defer src="js/replays.js?9d40a366"></script>
