<!DOCTYPE html>
<meta charset="utf-8" />
<meta name="viewport" content="width=device-width" />

<title>[Gen 3] OU: Mister Tim vs. bluesenergy00 - Replays - Pok&eacute;mon Showdown!</title>

<meta name="description" content="Watch a replay of a Pok&eacute;mon battle between Mister Tim and bluesenergy00! Format: [Gen 3] OU; Date: Oct 30, 2024" />
<!--

Hey, you! Looking in the source for the replay log?

You can find them in JSON format, just add `.json` at the end of a replay URL.

https://replay.pokemonshowdown.com/gen7randomdoublesbattle-865046831.json

Or, if you only need the log itself, add `.log` instead:

https://replay.pokemonshowdown.com/gen7randomdoublesbattle-865046831.log

-->

<link rel="stylesheet" href="//pokemonshowdown.com/style/global.css?0.023195364461161105" />
<link rel="stylesheet" href="//play.pokemonshowdown.com/style/font-awesome.css?0.13261647063804238" />
<link rel="stylesheet" href="//play.pokemonshowdown.com/style/battle.css?0.8753245789963631" />
<link rel="stylesheet" href="//play.pokemonshowdown.com/style/utilichart.css?0.8627959624976733" />

<!-- Global site tag (gtag.js) - Google Analytics -->
<script async src="https://www.googletagmanager.com/gtag/js?id=UA-26211653-1"></script>
<script>
  window.dataLayer = window.dataLayer || [];
  function gtag(){dataLayer.push(arguments);}
  gtag('js', new Date());

  gtag('config', 'UA-26211653-1');
</script>
<!-- End Google Analytics -->
<!-- Venatus Ad Manager - Install in <HEAD> of page -->
	<script src="https://hb.vntsm.com/v3/live/ad-manager.min.js" type="text/javascript" data-site-id="642aba63ec9a7b11c3c9c1be" data-mode="scan" async></script>
<!-- / Venatus Ad Manager -->

<style>
	@media (max-width:820px) {
		.battle {
			margin: 0 auto;
		}
		.battle-log {
			margin: 7px auto 0;
			max-width: 640px;
			height: 300px;
			position: static;
		}
	}
	.optgroup {
		display: inline-block;
		line-height: 22px;
		font-size: 10pt;
	}
	.optgroup .button {
		height: 25px;
		padding-top: 0;
		padding-bottom: 0;
	}
	.optgroup button.button {
		padding-left: 12px;
		padding-right: 12px;
	}
	.linklist {
		list-style: none;
		margin: 0.5em 0;
		padding: 0;
	}
	.linklist li {
		padding: 2px 0;
	}
	.sidebar {
		float: left;
		width: 320px;
	}
	.bar-wrapper {
		max-width: 1100px;
		margin: 0 auto;
	}
	.bar-wrapper.has-sidebar {
		max-width: 1430px;
	}
	.mainbar {
		margin: 0;
		padding-right: 1px;
	}
	.mainbar.has-sidebar {
		margin-left: 330px;
	}
	@media (min-width: 1511px) {
		.sidebar {
			width: 400px;
		}
		.bar-wrapper.has-sidebar {
			max-width: 1510px;
		}
		.mainbar.has-sidebar {
			margin-left: 410px;
		}
	}
	.section.first-section {
		margin-top: 9px;
	}
	.blocklink small {
		white-space: normal;
	}
	.button {
		vertical-align: middle;
	}
	.replay-controls {
		padding-top: 10px;
	}
	.replay-controls h1 {
		font-size: 16pt;
		font-weight: normal;
		color: #CCC;
	}
	.pagelink {
		text-align: center;
	}
	.pagelink a {
		width: 150px;
	}
	.textbox, .button {
		font-size: 11pt;
		vertical-align: middle;
	}
	@media (max-width: 450px) {
		.button {
			font-size: 9pt;
		}
	}
</style>

<div>

	<header>
		<div class="nav-wrapper"><ul class="nav">
			<li><a class="button nav-first" href="//pokemonshowdown.com/"><img src="//pokemonshowdown.com/images/pokemonshowdownbeta.png" srcset="//pokemonshowdown.com/images/pokemonshowdownbeta.png 1x, //pokemonshowdown.com/images/pokemonshowdownbeta@2x.png 2x" alt="Pok&eacute;mon Showdown" width="146" height="44" /> Home</a></li>
			<li><a class="button" href="//pokemonshowdown.com/dex/">Pok&eacute;dex</a></li>
			<li><a class="button cur" href="/">Replays</a></li>
			<li><a class="button" href="//pokemonshowdown.com/ladder/">Ladder</a></li>
			<li><a class="button nav-last" href="//pokemonshowdown.com/forums/">Forum</a></li>
			<li><a class="button greenbutton nav-first nav-last" href="//play.pokemonshowdown.com/">Play</a></li>
		</ul></div>
	</header>

	<div class="main" id="main">

		<noscript><section class="section">You need to enable JavaScript to use this page; sorry!</section></noscript>

	</div>

</div>

<script defer nomodule src="//play.pokemonshowdown.com/js/lib/ps-polyfill.js"></script>
<script defer src="//play.pokemonshowdown.com/js/lib/preact.min.js"></script>

<script defer src="//play.pokemonshowdown.com/config/config.js?2bddbc15"></script>
<script defer src="//play.pokemonshowdown.com/js/lib/jquery-1.11.0.min.js"></script>
<script defer src="//play.pokemonshowdown.com/js/lib/html-sanitizer-minified.js"></script>
<script defer src="//play.pokemonshowdown.com/js/battle-sound.js"></script>
<script defer src="//play.pokemonshowdown.com/js/battledata.js?0.7209276989879541"></script>
<script defer src="//play.pokemonshowdown.com/data/pokedex-mini.js?0.6111056340867951"></script>
<script defer src="//play.pokemonshowdown.com/data/pokedex-mini-bw.js?0.3532142036491459"></script>
<script defer src="//play.pokemonshowdown.com/data/graphics.js?0.24223875632456182"></script>
<script defer src="//play.pokemonshowdown.com/data/pokedex.js?0.38839984266356864"></script>
<script defer src="//play.pokemonshowdown.com/data/moves.js?0.21866028504024015"></script>
<script defer src="//play.pokemonshowdown.com/data/abilities.js?0.2005157953846628"></script>
<script defer src="//play.pokemonshowdown.com/data/items.js?0.9894211263848525"></script>
<script defer src="//play.pokemonshowdown.com/data/teambuilder-tables.js?0.6008791140282215"></script>
<script defer src="//play.pokemonshowdown.com/js/battle-tooltips.js?0.7580118955022959"></script>
<script defer src="//play.pokemonshowdown.com/js/battle.js?0.6057722274234274"></script>

<script defer src="js/utils.js?e31f9a17"></script>
<script defer src="js/replays-battle.js?7008c182"></script>

<!-- don't scrape this data! just add .json or .log after the URL!
Full API docs: https://github.com/smogon/pokemon-showdown-client/blob/master/WEB-API.md -->
<script type="text/plain" class="log" id="replaylog-smogtours-gen3ou-803418">
|inactive|Battle timer is ON: inactive players will automatically lose when time's up.
|t:|1730293400
|gametype|singles
|player|p1|Mister Tim|101|
|player|p2|bluesenergy00|red|
|teamsize|p1|6
|teamsize|p2|6
|gen|3
|tier|[Gen 3] OU
|rule|Sleep Clause Mod: Limit one foe put to sleep
|rule|Switch Priority Clause Mod: Faster Pokémon switch first
|rule|Species Clause: Limit one of each Pokémon
|rule|OHKO Clause: OHKO moves are banned
|rule|Evasion Items Clause: Evasion items are banned
|rule|Evasion Moves Clause: Evasion moves are banned
|rule|Endless Battle Clause: Forcing endless battles is banned
|rule|HP Percentage Mod: HP is shown in percentages
|rule|One Boost Passer Clause: Limit one Baton Passer that has a way to boost its stats
|rule|Freeze Clause Mod: Limit one foe frozen
|
|t:|1730293400
|start
|switch|p1a: Metagross|Metagross|100/100
|switch|p2a: Tyranitar|Tyranitar, M|100/100
|-weather|Sandstorm|[from] ability: Sand Stream|[of] p2a: Tyranitar
|turn|1
|c|☆Mister Tim|hf
|c|☆bluesenergy00|hf
|
|t:|1730293413
|switch|p2a: Jirachi|Jirachi|100/100
|move|p1a: Metagross|Meteor Mash|p2a: Jirachi
|-resisted|p2a: Jirachi
|-damage|p2a: Jirachi|80/100
|
|-weather|Sandstorm|[upkeep]
|-heal|p2a: Jirachi|86/100|[from] item: Leftovers
|upkeep
|turn|2
|
|t:|1730293435
|switch|p1a: Blissey|Blissey, F|100/100
|move|p2a: Jirachi|Wish|p2a: Jirachi
|
|-weather|Sandstorm|[upkeep]
|-damage|p1a: Blissey|94/100|[from] Sandstorm
|-heal|p2a: Jirachi|93/100|[from] item: Leftovers
|-heal|p1a: Blissey|100/100|[from] item: Leftovers
|upkeep
|turn|3
|inactive|Mister Tim has 270 seconds left.
|
|t:|1730293479
|switch|p2a: Tyranitar|Tyranitar, M|100/100
|move|p1a: Blissey|Calm Mind|p1a: Blissey
|-boost|p1a: Blissey|spa|1
|-boost|p1a: Blissey|spd|1
|
|-weather|Sandstorm|[upkeep]
|-damage|p1a: Blissey|94/100|[from] Sandstorm
|-heal|p1a: Blissey|100/100|[from] item: Leftovers
|upkeep
|turn|4
|inactive|bluesenergy00 has 270 seconds left.
|
|t:|1730293510
|-singleturn|p2a: Tyranitar|move: Focus Punch
|move|p1a: Blissey|Thunderbolt|p2a: Tyranitar
|-damage|p2a: Tyranitar|66/100
|-status|p2a: Tyranitar|par
|-enditem|p2a: Tyranitar|Lum Berry|[eat]
|-curestatus|p2a: Tyranitar|par|[msg]
|move|p2a: Tyranitar|Focus Punch||[still]
|cant|p2a: Tyranitar|Focus Punch|Focus Punch
|
|-weather|Sandstorm|[upkeep]
|-damage|p1a: Blissey|94/100|[from] Sandstorm
|-heal|p1a: Blissey|100/100|[from] item: Leftovers
|upkeep
|turn|5
|inactive|bluesenergy00 has 270 seconds left.
|
|t:|1730293516
|move|p2a: Tyranitar|Rock Slide|p1a: Blissey
|-damage|p1a: Blissey|59/100
|move|p1a: Blissey|Thunderbolt|p2a: Tyranitar
|-damage|p2a: Tyranitar|31/100
|
|-weather|Sandstorm|[upkeep]
|-damage|p1a: Blissey|53/100|[from] Sandstorm
|-heal|p1a: Blissey|59/100|[from] item: Leftovers
|upkeep
|turn|6
|
|t:|1730293523
|switch|p1a: Skarmory|Skarmory, F|100/100
|move|p2a: Tyranitar|Earthquake|p1a: Skarmory
|-immune|p1a: Skarmory
|
|-weather|Sandstorm|[upkeep]
|upkeep
|turn|7
|
|t:|1730293529
|-singleturn|p2a: Tyranitar|move: Focus Punch
|move|p1a: Skarmory|Toxic|p2a: Tyranitar
|-status|p2a: Tyranitar|tox
|move|p2a: Tyranitar|Focus Punch|p1a: Skarmory
|-damage|p1a: Skarmory|61/100
|
|-weather|Sandstorm|[upkeep]
|-damage|p2a: Tyranitar|25/100 tox|[from] psn
|-heal|p1a: Skarmory|67/100|[from] item: Leftovers
|upkeep
|turn|8
|
|t:|1730293543
|switch|p2a: Starmie|Starmie|100/100
|move|p1a: Skarmory|Spikes|p2a: Starmie
|-sidestart|p2: bluesenergy00|Spikes
|
|-weather|Sandstorm|[upkeep]
|-damage|p2a: Starmie|94/100|[from] Sandstorm
|-heal|p2a: Starmie|100/100|[from] item: Leftovers
|-heal|p1a: Skarmory|73/100|[from] item: Leftovers
|upkeep
|turn|9
|
|t:|1730293551
|switch|p1a: Blissey|Blissey, F|59/100
|move|p2a: Starmie|Surf|p1a: Blissey
|-damage|p1a: Blissey|44/100
|
|-weather|Sandstorm|[upkeep]
|-damage|p2a: Starmie|94/100|[from] Sandstorm
|-damage|p1a: Blissey|38/100|[from] Sandstorm
|-heal|p2a: Starmie|100/100|[from] item: Leftovers
|-heal|p1a: Blissey|44/100|[from] item: Leftovers
|upkeep
|turn|10
|
|t:|1730293558
|move|p2a: Starmie|Rapid Spin|p1a: Blissey
|-damage|p1a: Blissey|41/100
|-sideend|p2: bluesenergy00|Spikes|[from] move: Rapid Spin|[of] p2a: Starmie
|move|p1a: Blissey|Soft-Boiled|p1a: Blissey
|-heal|p1a: Blissey|91/100
|
|-weather|Sandstorm|[upkeep]
|-damage|p2a: Starmie|94/100|[from] Sandstorm
|-damage|p1a: Blissey|84/100|[from] Sandstorm
|-heal|p2a: Starmie|100/100|[from] item: Leftovers
|-heal|p1a: Blissey|91/100|[from] item: Leftovers
|upkeep
|turn|11
|
|t:|1730293562
|switch|p2a: Swampert|Swampert, M|100/100
|move|p1a: Blissey|Thunderbolt|p2a: Swampert
|-immune|p2a: Swampert
|
|-weather|Sandstorm|[upkeep]
|-damage|p1a: Blissey|84/100|[from] Sandstorm
|-heal|p1a: Blissey|91/100|[from] item: Leftovers
|upkeep
|turn|12
|
|t:|1730293571
|switch|p1a: Celebi|Celebi|100/100
|move|p2a: Swampert|Hydro Pump|p1a: Celebi
|-resisted|p1a: Celebi
|-damage|p1a: Celebi|78/100
|
|-weather|Sandstorm|[upkeep]
|-damage|p1a: Celebi|71/100|[from] Sandstorm
|-heal|p1a: Celebi|78/100|[from] item: Leftovers
|upkeep
|turn|13
|
|t:|1730293584
|switch|p2a: Heracross|Heracross, M|100/100
|move|p1a: Celebi|Leech Seed|p2a: Heracross
|-start|p2a: Heracross|move: Leech Seed
|
|-weather|Sandstorm|[upkeep]
|-damage|p2a: Heracross|95/100|[from] Sandstorm
|-damage|p1a: Celebi|71/100|[from] Sandstorm
|-heal|p2a: Heracross|100/100|[from] item: Leftovers
|-damage|p2a: Heracross|88/100|[from] Leech Seed|[of] p1a: Celebi
|-heal|p1a: Celebi|81/100|[silent]
|-heal|p1a: Celebi|87/100|[from] item: Leftovers
|upkeep
|turn|14
|
|t:|1730293595
|switch|p2a: Zapdos|Zapdos|100/100
|switch|p1a: Skarmory|Skarmory, F|73/100
|
|-weather|Sandstorm|[upkeep]
|-damage|p2a: Zapdos|94/100|[from] Sandstorm
|-heal|p2a: Zapdos|100/100|[from] item: Leftovers
|-heal|p1a: Skarmory|79/100|[from] item: Leftovers
|upkeep
|turn|15
|
|t:|1730293603
|switch|p1a: Blissey|Blissey, F|91/100
|move|p2a: Zapdos|Baton Pass|p2a: Zapdos
|
|t:|1730293610
|switch|p2a: Heracross|Heracross, M|88/100|[from] Baton Pass
|
|-weather|Sandstorm|[upkeep]
|-damage|p2a: Heracross|82/100|[from] Sandstorm
|-damage|p1a: Blissey|84/100|[from] Sandstorm
|-heal|p2a: Heracross|88/100|[from] item: Leftovers
|-heal|p1a: Blissey|91/100|[from] item: Leftovers
|upkeep
|turn|16
|
|t:|1730293614
|switch|p1a: Skarmory|Skarmory, F|79/100
|move|p2a: Heracross|Substitute|p2a: Heracross
|-start|p2a: Heracross|Substitute
|-damage|p2a: Heracross|63/100
|
|-weather|Sandstorm|[upkeep]
|-damage|p2a: Heracross|57/100|[from] Sandstorm
|-heal|p2a: Heracross|63/100|[from] item: Leftovers
|-heal|p1a: Skarmory|85/100|[from] item: Leftovers
|upkeep
|turn|17
|
|t:|1730293617
|-singleturn|p2a: Heracross|move: Focus Punch
|move|p1a: Skarmory|Drill Peck|p2a: Heracross
|-supereffective|p2a: Heracross
|-end|p2a: Heracross|Substitute
|move|p2a: Heracross|Focus Punch|p1a: Skarmory
|-damage|p1a: Skarmory|17/100
|
|-weather|Sandstorm|[upkeep]
|-damage|p2a: Heracross|57/100|[from] Sandstorm
|-heal|p2a: Heracross|63/100|[from] item: Leftovers
|-heal|p1a: Skarmory|23/100|[from] item: Leftovers
|upkeep
|turn|18
|
|t:|1730293629
|move|p2a: Heracross|Rock Slide|p1a: Skarmory
|-damage|p1a: Skarmory|1/100
|move|p1a: Skarmory|Drill Peck|p2a: Heracross
|-supereffective|p2a: Heracross
|-damage|p2a: Heracross|0 fnt
|faint|p2a: Heracross
|inactive|bluesenergy00 has 270 seconds left.
|
|t:|1730293677
|switch|p2a: Jirachi|Jirachi|93/100
|
|-weather|Sandstorm|[upkeep]
|-heal|p2a: Jirachi|99/100|[from] item: Leftovers
|-heal|p1a: Skarmory|7/100|[from] item: Leftovers
|upkeep
|turn|19
|
|t:|1730293687
|switch|p1a: Celebi|Celebi|87/100
|move|p2a: Jirachi|Body Slam|p1a: Celebi
|-damage|p1a: Celebi|69/100
|-status|p1a: Celebi|par
|
|-weather|Sandstorm|[upkeep]
|-damage|p1a: Celebi|63/100 par|[from] Sandstorm
|-heal|p2a: Jirachi|100/100|[from] item: Leftovers
|-heal|p1a: Celebi|69/100 par|[from] item: Leftovers
|upkeep
|turn|20
|
|t:|1730293691
|move|p2a: Jirachi|Fire Punch|p1a: Celebi
|-supereffective|p1a: Celebi
|-damage|p1a: Celebi|36/100 par
|move|p1a: Celebi|Leech Seed|p2a: Jirachi|[miss]
|-miss|p1a: Celebi|p2a: Jirachi
|
|-weather|Sandstorm|[upkeep]
|-damage|p1a: Celebi|30/100 par|[from] Sandstorm
|-heal|p1a: Celebi|36/100 par|[from] item: Leftovers
|upkeep
|turn|21
|
|t:|1730293696
|-curestatus|p1a: Celebi|par|[from] ability: Natural Cure
|switch|p1a: Blissey|Blissey, F|91/100
|move|p2a: Jirachi|Body Slam|p1a: Blissey
|-damage|p1a: Blissey|71/100
|-status|p1a: Blissey|par
|
|-weather|Sandstorm|[upkeep]
|-damage|p1a: Blissey|65/100 par|[from] Sandstorm
|-heal|p1a: Blissey|71/100 par|[from] item: Leftovers
|upkeep
|turn|22
|
|t:|1730293701
|switch|p2a: Swampert|Swampert, M|100/100
|cant|p1a: Blissey|par
|
|-weather|Sandstorm|[upkeep]
|-damage|p1a: Blissey|65/100 par|[from] Sandstorm
|-heal|p1a: Blissey|71/100 par|[from] item: Leftovers
|upkeep
|turn|23
|
|t:|1730293715
|move|p2a: Swampert|Ice Beam|p1a: Blissey
|-damage|p1a: Blissey|60/100 par
|move|p1a: Blissey|Soft-Boiled|p1a: Blissey
|-heal|p1a: Blissey|100/100 par
|
|-weather|Sandstorm|[upkeep]
|-damage|p1a: Blissey|94/100 par|[from] Sandstorm
|-heal|p1a: Blissey|100/100 par|[from] item: Leftovers
|upkeep
|turn|24
|
|t:|1730293727
|-curestatus|p1a: Blissey|par|[from] ability: Natural Cure
|switch|p1a: Gyarados|Gyarados, F|100/100
|-ability|p1a: Gyarados|Intimidate|boost
|-unboost|p2a: Swampert|atk|1
|move|p2a: Swampert|Ice Beam|p1a: Gyarados
|-damage|p1a: Gyarados|70/100
|
|-weather|Sandstorm|[upkeep]
|-damage|p1a: Gyarados|64/100|[from] Sandstorm
|-heal|p1a: Gyarados|70/100|[from] item: Leftovers
|upkeep
|turn|25
|
|t:|1730293736
|move|p1a: Gyarados|Double-Edge|p2a: Swampert
|-damage|p2a: Swampert|66/100
|-damage|p1a: Gyarados|56/100|[from] Recoil|[of] p2a: Swampert
|move|p2a: Swampert|Ice Beam|p1a: Gyarados
|-damage|p1a: Gyarados|26/100
|
|-weather|Sandstorm|[upkeep]
|-damage|p1a: Gyarados|20/100|[from] Sandstorm
|-heal|p1a: Gyarados|26/100|[from] item: Leftovers
|-heal|p2a: Swampert|72/100|[from] item: Leftovers
|upkeep
|turn|26
|
|t:|1730293748
|switch|p1a: Blissey|Blissey, F|100/100
|move|p2a: Swampert|Ice Beam|p1a: Blissey
|-damage|p1a: Blissey|89/100
|
|-weather|Sandstorm|[upkeep]
|-damage|p1a: Blissey|83/100|[from] Sandstorm
|-heal|p1a: Blissey|89/100|[from] item: Leftovers
|-heal|p2a: Swampert|78/100|[from] item: Leftovers
|upkeep
|turn|27
|
|t:|1730293758
|switch|p2a: Tyranitar|Tyranitar, M|25/100 tox
|move|p1a: Blissey|Ice Beam|p2a: Tyranitar
|-damage|p2a: Tyranitar|4/100 tox
|
|-weather|Sandstorm|[upkeep]
|-damage|p1a: Blissey|83/100|[from] Sandstorm
|-damage|p2a: Tyranitar|0 fnt|[from] psn
|faint|p2a: Tyranitar
|-heal|p1a: Blissey|89/100|[from] item: Leftovers
|upkeep
|
|t:|1730293761
|switch|p2a: Swampert|Swampert, M|78/100
|turn|28
|
|t:|1730293769
|move|p1a: Blissey|Soft-Boiled|p1a: Blissey
|-heal|p1a: Blissey|100/100
|move|p2a: Swampert|Curse|p2a: Swampert
|-unboost|p2a: Swampert|spe|1
|-boost|p2a: Swampert|atk|1
|-boost|p2a: Swampert|def|1
|
|-weather|Sandstorm|[upkeep]
|-damage|p1a: Blissey|94/100|[from] Sandstorm
|-heal|p1a: Blissey|100/100|[from] item: Leftovers
|-heal|p2a: Swampert|84/100|[from] item: Leftovers
|upkeep
|turn|29
|
|t:|1730293772
|move|p1a: Blissey|Ice Beam|p2a: Swampert
|-damage|p2a: Swampert|60/100
|move|p2a: Swampert|Ice Beam|p1a: Blissey
|-damage|p1a: Blissey|90/100
|-status|p1a: Blissey|frz
|
|-weather|Sandstorm|[upkeep]
|-damage|p1a: Blissey|84/100 frz|[from] Sandstorm
|-heal|p1a: Blissey|90/100 frz|[from] item: Leftovers
|-heal|p2a: Swampert|66/100|[from] item: Leftovers
|upkeep
|turn|30
|
|t:|1730293778
|-curestatus|p1a: Blissey|frz|[from] ability: Natural Cure
|switch|p1a: Gyarados|Gyarados, F|26/100
|-ability|p1a: Gyarados|Intimidate|boost
|-unboost|p2a: Swampert|atk|1
|move|p2a: Swampert|Ice Beam|p1a: Gyarados
|-damage|p1a: Gyarados|0 fnt
|faint|p1a: Gyarados
|
|t:|1730293781
|switch|p1a: Celebi|Celebi|36/100
|
|-weather|Sandstorm|[upkeep]
|-damage|p1a: Celebi|30/100|[from] Sandstorm
|-heal|p1a: Celebi|36/100|[from] item: Leftovers
|-heal|p2a: Swampert|72/100|[from] item: Leftovers
|upkeep
|turn|31
|
|t:|1730293784
|switch|p2a: Jirachi|Jirachi|100/100
|move|p1a: Celebi|Giga Drain|p2a: Jirachi
|-resisted|p2a: Jirachi
|-damage|p2a: Jirachi|90/100
|-heal|p1a: Celebi|41/100|[from] drain|[of] p2a: Jirachi
|
|-weather|Sandstorm|[upkeep]
|-damage|p1a: Celebi|35/100|[from] Sandstorm
|-heal|p1a: Celebi|41/100|[from] item: Leftovers
|-heal|p2a: Jirachi|96/100|[from] item: Leftovers
|upkeep
|turn|32
|
|t:|1730293791
|switch|p1a: Blissey|Blissey, F|90/100
|move|p2a: Jirachi|Fire Punch|p1a: Blissey
|-damage|p1a: Blissey|83/100
|
|-weather|Sandstorm|[upkeep]
|-damage|p1a: Blissey|77/100|[from] Sandstorm
|-heal|p2a: Jirachi|100/100|[from] item: Leftovers
|-heal|p1a: Blissey|83/100|[from] item: Leftovers
|upkeep
|turn|33
|
|t:|1730293796
|move|p2a: Jirachi|Body Slam|p1a: Blissey
|-damage|p1a: Blissey|63/100
|-status|p1a: Blissey|par
|move|p1a: Blissey|Calm Mind|p1a: Blissey
|-boost|p1a: Blissey|spa|1
|-boost|p1a: Blissey|spd|1
|
|-weather|Sandstorm|[upkeep]
|-damage|p1a: Blissey|57/100 par|[from] Sandstorm
|-heal|p1a: Blissey|63/100 par|[from] item: Leftovers
|upkeep
|turn|34
|
|t:|1730293800
|switch|p2a: Swampert|Swampert, M|72/100
|move|p1a: Blissey|Ice Beam|p2a: Swampert
|-damage|p2a: Swampert|40/100
|
|-weather|Sandstorm|[upkeep]
|-damage|p1a: Blissey|57/100 par|[from] Sandstorm
|-heal|p2a: Swampert|46/100|[from] item: Leftovers
|-heal|p1a: Blissey|63/100 par|[from] item: Leftovers
|upkeep
|turn|35
|
|t:|1730293810
|-curestatus|p1a: Blissey|par|[from] ability: Natural Cure
|switch|p1a: Celebi|Celebi|41/100
|move|p2a: Swampert|Ice Beam|p1a: Celebi
|-supereffective|p1a: Celebi
|-damage|p1a: Celebi|0 fnt
|faint|p1a: Celebi
|inactive|Mister Tim has 270 seconds left.
|
|t:|1730293861
|switch|p1a: Claydol|Claydol|100/100
|
|-weather|Sandstorm|[upkeep]
|-heal|p2a: Swampert|53/100|[from] item: Leftovers
|upkeep
|turn|36
|
|t:|1730293874
|switch|p2a: Starmie|Starmie|100/100
|move|p1a: Claydol|Earthquake|p2a: Starmie
|-damage|p2a: Starmie|57/100
|
|-weather|Sandstorm|[upkeep]
|-damage|p2a: Starmie|50/100|[from] Sandstorm
|-heal|p2a: Starmie|57/100|[from] item: Leftovers
|upkeep
|turn|37
|
|t:|1730293888
|move|p2a: Starmie|Thunder Wave|p1a: Claydol
|-immune|p1a: Claydol
|move|p1a: Claydol|Shadow Ball|p2a: Starmie
|-supereffective|p2a: Starmie
|-damage|p2a: Starmie|7/100
|
|-weather|Sandstorm|[upkeep]
|-damage|p2a: Starmie|1/100|[from] Sandstorm
|-heal|p2a: Starmie|7/100|[from] item: Leftovers
|upkeep
|turn|38
|
|t:|1730293900
|move|p2a: Starmie|Recover|p2a: Starmie
|-heal|p2a: Starmie|57/100
|move|p1a: Claydol|Earthquake|p2a: Starmie
|-damage|p2a: Starmie|9/100
|
|-weather|Sandstorm|[upkeep]
|-damage|p2a: Starmie|3/100|[from] Sandstorm
|-heal|p2a: Starmie|9/100|[from] item: Leftovers
|upkeep
|turn|39
|
|t:|1730293906
|move|p2a: Starmie|Recover|p2a: Starmie
|-heal|p2a: Starmie|59/100
|move|p1a: Claydol|Shadow Ball|p2a: Starmie
|-supereffective|p2a: Starmie
|-damage|p2a: Starmie|10/100
|
|-weather|Sandstorm|[upkeep]
|-damage|p2a: Starmie|4/100|[from] Sandstorm
|-heal|p2a: Starmie|10/100|[from] item: Leftovers
|upkeep
|turn|40
|
|t:|1730293921
|move|p2a: Starmie|Recover|p2a: Starmie
|-heal|p2a: Starmie|60/100
|move|p1a: Claydol|Shadow Ball|p2a: Starmie
|-supereffective|p2a: Starmie
|-damage|p2a: Starmie|7/100
|-unboost|p2a: Starmie|spd|1
|
|-weather|Sandstorm|[upkeep]
|-damage|p2a: Starmie|1/100|[from] Sandstorm
|-heal|p2a: Starmie|7/100|[from] item: Leftovers
|upkeep
|turn|41
|
|t:|1730293928
|switch|p2a: Jirachi|Jirachi|100/100
|move|p1a: Claydol|Shadow Ball|p2a: Jirachi
|-damage|p2a: Jirachi|88/100
|-unboost|p2a: Jirachi|spd|1
|
|-weather|Sandstorm|[upkeep]
|-heal|p2a: Jirachi|95/100|[from] item: Leftovers
|upkeep
|turn|42
|
|t:|1730293939
|switch|p1a: Blissey|Blissey, F|63/100
|move|p2a: Jirachi|Protect||[still]
|-fail|p2a: Jirachi
|
|-weather|Sandstorm|[upkeep]
|-damage|p1a: Blissey|57/100|[from] Sandstorm
|-heal|p2a: Jirachi|100/100|[from] item: Leftovers
|-heal|p1a: Blissey|63/100|[from] item: Leftovers
|upkeep
|turn|43
|
|t:|1730293945
|move|p2a: Jirachi|Body Slam|p1a: Blissey
|-damage|p1a: Blissey|42/100
|-status|p1a: Blissey|par
|move|p1a: Blissey|Calm Mind|p1a: Blissey
|-boost|p1a: Blissey|spa|1
|-boost|p1a: Blissey|spd|1
|
|-weather|Sandstorm|[upkeep]
|-damage|p1a: Blissey|36/100 par|[from] Sandstorm
|-heal|p1a: Blissey|42/100 par|[from] item: Leftovers
|upkeep
|turn|44
|
|t:|1730293952
|move|p2a: Jirachi|Body Slam|p1a: Blissey
|-damage|p1a: Blissey|22/100 par
|cant|p1a: Blissey|par
|
|-weather|Sandstorm|[upkeep]
|-damage|p1a: Blissey|16/100 par|[from] Sandstorm
|-heal|p1a: Blissey|22/100 par|[from] item: Leftovers
|upkeep
|turn|45
|
|t:|1730293956
|move|p2a: Jirachi|Body Slam|p1a: Blissey
|-damage|p1a: Blissey|2/100 par
|move|p1a: Blissey|Soft-Boiled|p1a: Blissey
|-heal|p1a: Blissey|52/100 par
|
|-weather|Sandstorm|[upkeep]
|-damage|p1a: Blissey|45/100 par|[from] Sandstorm
|-heal|p1a: Blissey|52/100 par|[from] item: Leftovers
|upkeep
|turn|46
|
|t:|1730293962
|move|p2a: Jirachi|Body Slam|p1a: Blissey
|-damage|p1a: Blissey|31/100 par
|cant|p1a: Blissey|par
|
|-weather|Sandstorm|[upkeep]
|-damage|p1a: Blissey|25/100 par|[from] Sandstorm
|-heal|p1a: Blissey|31/100 par|[from] item: Leftovers
|upkeep
|turn|47
|
|t:|1730293970
|switch|p2a: Swampert|Swampert, M|53/100
|move|p1a: Blissey|Soft-Boiled|p1a: Blissey
|-heal|p1a: Blissey|81/100 par
|
|-weather|Sandstorm|[upkeep]
|-damage|p1a: Blissey|75/100 par|[from] Sandstorm
|-heal|p2a: Swampert|59/100|[from] item: Leftovers
|-heal|p1a: Blissey|81/100 par|[from] item: Leftovers
|upkeep
|turn|48
|
|t:|1730293985
|move|p2a: Swampert|Earthquake|p1a: Blissey
|-damage|p1a: Blissey|45/100 par
|cant|p1a: Blissey|par
|
|-weather|Sandstorm|[upkeep]
|-damage|p1a: Blissey|38/100 par|[from] Sandstorm
|-heal|p2a: Swampert|65/100|[from] item: Leftovers
|-heal|p1a: Blissey|45/100 par|[from] item: Leftovers
|upkeep
|turn|49
|
|t:|1730293999
|-curestatus|p1a: Blissey|par|[from] ability: Natural Cure
|switch|p1a: Skarmory|Skarmory, F|7/100
|move|p2a: Swampert|Earthquake|p1a: Skarmory
|-immune|p1a: Skarmory
|
|-weather|Sandstorm|[upkeep]
|-heal|p1a: Skarmory|13/100|[from] item: Leftovers
|-heal|p2a: Swampert|71/100|[from] item: Leftovers
|upkeep
|turn|50
|
|t:|1730294019
|switch|p2a: Jirachi|Jirachi|100/100
|move|p1a: Skarmory|Toxic|p2a: Jirachi
|-immune|p2a: Jirachi
|
|-weather|Sandstorm|[upkeep]
|-heal|p1a: Skarmory|19/100|[from] item: Leftovers
|upkeep
|turn|51
|
|t:|1730294030
|move|p2a: Jirachi|Fire Punch|p1a: Skarmory
|-supereffective|p1a: Skarmory
|-damage|p1a: Skarmory|0 fnt
|faint|p1a: Skarmory
|
|t:|1730294032
|switch|p1a: Blissey|Blissey, F|45/100
|
|-weather|Sandstorm|[upkeep]
|-damage|p1a: Blissey|38/100|[from] Sandstorm
|-heal|p1a: Blissey|45/100|[from] item: Leftovers
|upkeep
|turn|52
|
|t:|1730294035
|move|p2a: Jirachi|Body Slam|p1a: Blissey
|-damage|p1a: Blissey|25/100
|move|p1a: Blissey|Soft-Boiled|p1a: Blissey
|-heal|p1a: Blissey|75/100
|
|-weather|Sandstorm|[upkeep]
|-damage|p1a: Blissey|69/100|[from] Sandstorm
|-heal|p1a: Blissey|75/100|[from] item: Leftovers
|upkeep
|turn|53
|
|t:|1730294040
|move|p2a: Jirachi|Body Slam|p1a: Blissey
|-damage|p1a: Blissey|55/100
|move|p1a: Blissey|Soft-Boiled|p1a: Blissey
|-heal|p1a: Blissey|100/100
|
|-weather|Sandstorm|[upkeep]
|-damage|p1a: Blissey|94/100|[from] Sandstorm
|-heal|p1a: Blissey|100/100|[from] item: Leftovers
|upkeep
|turn|54
|
|t:|1730294044
|move|p2a: Jirachi|Body Slam|p1a: Blissey
|-damage|p1a: Blissey|82/100
|move|p1a: Blissey|Calm Mind|p1a: Blissey
|-boost|p1a: Blissey|spa|1
|-boost|p1a: Blissey|spd|1
|
|-weather|Sandstorm|[upkeep]
|-damage|p1a: Blissey|76/100|[from] Sandstorm
|-heal|p1a: Blissey|82/100|[from] item: Leftovers
|upkeep
|turn|55
|
|t:|1730294048
|move|p2a: Jirachi|Body Slam|p1a: Blissey
|-damage|p1a: Blissey|63/100
|-status|p1a: Blissey|par
|cant|p1a: Blissey|par
|
|-weather|Sandstorm|[upkeep]
|-damage|p1a: Blissey|57/100 par|[from] Sandstorm
|-heal|p1a: Blissey|63/100 par|[from] item: Leftovers
|upkeep
|turn|56
|
|t:|1730294051
|switch|p2a: Swampert|Swampert, M|71/100
|move|p1a: Blissey|Soft-Boiled|p1a: Blissey
|-heal|p1a: Blissey|100/100 par
|
|-weather|Sandstorm|[upkeep]
|-damage|p1a: Blissey|94/100 par|[from] Sandstorm
|-heal|p2a: Swampert|77/100|[from] item: Leftovers
|-heal|p1a: Blissey|100/100 par|[from] item: Leftovers
|upkeep
|turn|57
|
|t:|1730294062
|move|p2a: Swampert|Earthquake|p1a: Blissey
|-damage|p1a: Blissey|60/100 par
|move|p1a: Blissey|Ice Beam|p2a: Swampert
|-damage|p2a: Swampert|40/100
|
|-weather|Sandstorm|[upkeep]
|-damage|p1a: Blissey|54/100 par|[from] Sandstorm
|-heal|p2a: Swampert|47/100|[from] item: Leftovers
|-heal|p1a: Blissey|60/100 par|[from] item: Leftovers
|upkeep
|turn|58
|
|t:|1730294070
|-curestatus|p1a: Blissey|par|[from] ability: Natural Cure
|switch|p1a: Claydol|Claydol|100/100
|move|p2a: Swampert|Hydro Pump|p1a: Claydol|[miss]
|-miss|p2a: Swampert|p1a: Claydol
|
|-weather|Sandstorm|[upkeep]
|-heal|p2a: Swampert|53/100|[from] item: Leftovers
|upkeep
|turn|59
|
|t:|1730294087
|switch|p2a: Zapdos|Zapdos|100/100
|move|p1a: Claydol|Earthquake|p2a: Zapdos
|-immune|p2a: Zapdos
|
|-weather|Sandstorm|[upkeep]
|-damage|p2a: Zapdos|94/100|[from] Sandstorm
|-heal|p2a: Zapdos|100/100|[from] item: Leftovers
|upkeep
|turn|60
|
|t:|1730294091
|switch|p1a: Blissey|Blissey, F|60/100
|move|p2a: Zapdos|Baton Pass|p2a: Zapdos
|
|t:|1730294095
|switch|p2a: Swampert|Swampert, M|53/100|[from] Baton Pass
|
|-weather|Sandstorm|[upkeep]
|-damage|p1a: Blissey|54/100|[from] Sandstorm
|-heal|p1a: Blissey|60/100|[from] item: Leftovers
|-heal|p2a: Swampert|59/100|[from] item: Leftovers
|upkeep
|turn|61
|
|t:|1730294098
|move|p1a: Blissey|Ice Beam|p2a: Swampert
|-damage|p2a: Swampert|35/100
|move|p2a: Swampert|Earthquake|p1a: Blissey
|-damage|p1a: Blissey|24/100
|
|-weather|Sandstorm|[upkeep]
|-damage|p1a: Blissey|18/100|[from] Sandstorm
|-heal|p1a: Blissey|24/100|[from] item: Leftovers
|-heal|p2a: Swampert|42/100|[from] item: Leftovers
|upkeep
|turn|62
|
|t:|1730294108
|move|p1a: Blissey|Ice Beam|p2a: Swampert
|-damage|p2a: Swampert|18/100
|move|p2a: Swampert|Earthquake|p1a: Blissey
|-damage|p1a: Blissey|0 fnt
|faint|p1a: Blissey
|
|t:|1730294114
|switch|p1a: Metagross|Metagross|100/100
|
|-weather|Sandstorm|[upkeep]
|-heal|p2a: Swampert|24/100|[from] item: Leftovers
|upkeep
|turn|63
|
|t:|1730294120
|switch|p2a: Zapdos|Zapdos|100/100
|move|p1a: Metagross|Agility|p1a: Metagross
|-boost|p1a: Metagross|spe|2
|
|-weather|Sandstorm|[upkeep]
|-damage|p2a: Zapdos|94/100|[from] Sandstorm
|-heal|p2a: Zapdos|100/100|[from] item: Leftovers
|upkeep
|turn|64
|
|t:|1730294124
|switch|p2a: Jirachi|Jirachi|100/100
|move|p1a: Metagross|Rock Slide|p2a: Jirachi
|-resisted|p2a: Jirachi
|-damage|p2a: Jirachi|91/100
|
|-weather|Sandstorm|[upkeep]
|-heal|p2a: Jirachi|98/100|[from] item: Leftovers
|upkeep
|turn|65
|
|t:|1730294134
|move|p1a: Metagross|Earthquake|p2a: Jirachi
|-supereffective|p2a: Jirachi
|-damage|p2a: Jirachi|48/100
|move|p2a: Jirachi|Wish|p2a: Jirachi
|
|-weather|Sandstorm|[upkeep]
|-heal|p2a: Jirachi|54/100|[from] item: Leftovers
|upkeep
|turn|66
|
|t:|1730294147
|move|p1a: Metagross|Earthquake|p2a: Jirachi
|-supereffective|p2a: Jirachi
|-damage|p2a: Jirachi|7/100
|move|p2a: Jirachi|Fire Punch|p1a: Metagross
|-supereffective|p1a: Metagross
|-damage|p1a: Metagross|66/100
|
|-heal|p2a: Jirachi|57/100|[from] move: Wish|[wisher] Jirachi
|-weather|Sandstorm|[upkeep]
|-heal|p1a: Metagross|72/100|[from] item: Leftovers
|-heal|p2a: Jirachi|63/100|[from] item: Leftovers
|upkeep
|turn|67
|
|t:|1730294152
|move|p2a: Jirachi|Protect|p2a: Jirachi
|-singleturn|p2a: Jirachi|Protect
|move|p1a: Metagross|Earthquake|p2a: Jirachi
|-activate|p2a: Jirachi|Protect
|
|-weather|Sandstorm|[upkeep]
|-heal|p1a: Metagross|78/100|[from] item: Leftovers
|-heal|p2a: Jirachi|69/100|[from] item: Leftovers
|upkeep
|turn|68
|
|t:|1730294156
|switch|p2a: Zapdos|Zapdos|100/100
|move|p1a: Metagross|Earthquake|p2a: Zapdos
|-immune|p2a: Zapdos
|
|-weather|Sandstorm|[upkeep]
|-damage|p2a: Zapdos|94/100|[from] Sandstorm
|-heal|p1a: Metagross|84/100|[from] item: Leftovers
|-heal|p2a: Zapdos|100/100|[from] item: Leftovers
|upkeep
|turn|69
|
|t:|1730294159
|move|p1a: Metagross|Rock Slide|p2a: Zapdos
|-supereffective|p2a: Zapdos
|-damage|p2a: Zapdos|42/100
|move|p2a: Zapdos|Thunder Wave|p1a: Metagross
|-status|p1a: Metagross|par
|
|-weather|Sandstorm|[upkeep]
|-damage|p2a: Zapdos|36/100|[from] Sandstorm
|-heal|p2a: Zapdos|42/100|[from] item: Leftovers
|-heal|p1a: Metagross|90/100 par|[from] item: Leftovers
|upkeep
|turn|70
|
|t:|1730294175
|move|p2a: Zapdos|Thunderbolt|p1a: Metagross
|-damage|p1a: Metagross|48/100 par
|move|p1a: Metagross|Rock Slide|p2a: Zapdos
|-supereffective|p2a: Zapdos
|-damage|p2a: Zapdos|0 fnt
|faint|p2a: Zapdos
|inactive|bluesenergy00 has 270 seconds left.
|
|t:|1730294201
|switch|p2a: Swampert|Swampert, M|24/100
|
|-weather|Sandstorm|[upkeep]
|-heal|p2a: Swampert|30/100|[from] item: Leftovers
|-heal|p1a: Metagross|54/100 par|[from] item: Leftovers
|upkeep
|turn|71
|inactive|bluesenergy00 has 270 seconds left.
|inactive|Mister Tim has 270 seconds left.
|
|t:|1730294240
|move|p2a: Swampert|Hydro Pump|p1a: Metagross
|-damage|p1a: Metagross|0 fnt
|faint|p1a: Metagross
|
|t:|1730294243
|switch|p1a: Claydol|Claydol|100/100
|
|-weather|Sandstorm|[upkeep]
|-heal|p2a: Swampert|36/100|[from] item: Leftovers
|upkeep
|turn|72
|inactive|bluesenergy00 has 270 seconds left.
|
|t:|1730294257
|move|p1a: Claydol|Earthquake|p2a: Swampert
|-damage|p2a: Swampert|3/100
|move|p2a: Swampert|Hydro Pump|p1a: Claydol
|-supereffective|p1a: Claydol
|-damage|p1a: Claydol|0 fnt
|faint|p1a: Claydol
|
|win|bluesenergy00
|c|☆Mister Tim|gg
|c|☆bluesenergy00|Gg

</script>
<script type="application/json" class="data" id="replaydata-smogtours-gen3ou-803418">
{"id":"smogtours-gen3ou-803418","format":"[Gen 3] OU","players":["Mister Tim","bluesenergy00"],"uploadtime":1730294257,"views":97,"formatid":"gen3ou","rating":null,"private":0,"password":null}
</script>

<script defer src="js/replays.js?9d40a366"></script>
