<!DOCTYPE html>
<meta charset="utf-8" />
<meta name="viewport" content="width=device-width" />

<title>[Gen 3] OU: CharBoy3000 vs. Aquafier - Replays - Pok&eacute;mon Showdown!</title>

<meta name="description" content="Watch a replay of a Pok&eacute;mon battle between CharBoy3000 and Aquafier! Format: [Gen 3] OU; Date: Oct 11, 2024" />
<!--

Hey, you! Looking in the source for the replay log?

You can find them in JSON format, just add `.json` at the end of a replay URL.

https://replay.pokemonshowdown.com/gen7randomdoublesbattle-865046831.json

Or, if you only need the log itself, add `.log` instead:

https://replay.pokemonshowdown.com/gen7randomdoublesbattle-865046831.log

-->

<link rel="stylesheet" href="//pokemonshowdown.com/style/global.css?0.023195364461161105" />
<link rel="stylesheet" href="//play.pokemonshowdown.com/style/font-awesome.css?0.13261647063804238" />
<link rel="stylesheet" href="//play.pokemonshowdown.com/style/battle.css?0.8753245789963631" />
<link rel="stylesheet" href="//play.pokemonshowdown.com/style/utilichart.css?0.8627959624976733" />

<!-- Global site tag (gtag.js) - Google Analytics -->
<script async src="https://www.googletagmanager.com/gtag/js?id=UA-26211653-1"></script>
<script>
  window.dataLayer = window.dataLayer || [];
  function gtag(){dataLayer.push(arguments);}
  gtag('js', new Date());

  gtag('config', 'UA-26211653-1');
</script>
<!-- End Google Analytics -->
<!-- Venatus Ad Manager - Install in <HEAD> of page -->
	<script src="https://hb.vntsm.com/v3/live/ad-manager.min.js" type="text/javascript" data-site-id="642aba63ec9a7b11c3c9c1be" data-mode="scan" async></script>
<!-- / Venatus Ad Manager -->

<style>
	@media (max-width:820px) {
		.battle {
			margin: 0 auto;
		}
		.battle-log {
			margin: 7px auto 0;
			max-width: 640px;
			height: 300px;
			position: static;
		}
	}
	.optgroup {
		display: inline-block;
		line-height: 22px;
		font-size: 10pt;
	}
	.optgroup .button {
		height: 25px;
		padding-top: 0;
		padding-bottom: 0;
	}
	.optgroup button.button {
		padding-left: 12px;
		padding-right: 12px;
	}
	.linklist {
		list-style: none;
		margin: 0.5em 0;
		padding: 0;
	}
	.linklist li {
		padding: 2px 0;
	}
	.sidebar {
		float: left;
		width: 320px;
	}
	.bar-wrapper {
		max-width: 1100px;
		margin: 0 auto;
	}
	.bar-wrapper.has-sidebar {
		max-width: 1430px;
	}
	.mainbar {
		margin: 0;
		padding-right: 1px;
	}
	.mainbar.has-sidebar {
		margin-left: 330px;
	}
	@media (min-width: 1511px) {
		.sidebar {
			width: 400px;
		}
		.bar-wrapper.has-sidebar {
			max-width: 1510px;
		}
		.mainbar.has-sidebar {
			margin-left: 410px;
		}
	}
	.section.first-section {
		margin-top: 9px;
	}
	.blocklink small {
		white-space: normal;
	}
	.button {
		vertical-align: middle;
	}
	.replay-controls {
		padding-top: 10px;
	}
	.replay-controls h1 {
		font-size: 16pt;
		font-weight: normal;
		color: #CCC;
	}
	.pagelink {
		text-align: center;
	}
	.pagelink a {
		width: 150px;
	}
	.textbox, .button {
		font-size: 11pt;
		vertical-align: middle;
	}
	@media (max-width: 450px) {
		.button {
			font-size: 9pt;
		}
	}
</style>

<div>

	<header>
		<div class="nav-wrapper"><ul class="nav">
			<li><a class="button nav-first" href="//pokemonshowdown.com/"><img src="//pokemonshowdown.com/images/pokemonshowdownbeta.png" srcset="//pokemonshowdown.com/images/pokemonshowdownbeta.png 1x, //pokemonshowdown.com/images/pokemonshowdownbeta@2x.png 2x" alt="Pok&eacute;mon Showdown" width="146" height="44" /> Home</a></li>
			<li><a class="button" href="//pokemonshowdown.com/dex/">Pok&eacute;dex</a></li>
			<li><a class="button cur" href="/">Replays</a></li>
			<li><a class="button" href="//pokemonshowdown.com/ladder/">Ladder</a></li>
			<li><a class="button nav-last" href="//pokemonshowdown.com/forums/">Forum</a></li>
			<li><a class="button greenbutton nav-first nav-last" href="//play.pokemonshowdown.com/">Play</a></li>
		</ul></div>
	</header>

	<div class="main" id="main">

		<noscript><section class="section">You need to enable JavaScript to use this page; sorry!</section></noscript>

	</div>

</div>

<script defer nomodule src="//play.pokemonshowdown.com/js/lib/ps-polyfill.js"></script>
<script defer src="//play.pokemonshowdown.com/js/lib/preact.min.js"></script>

<script defer src="//play.pokemonshowdown.com/config/config.js?2bddbc15"></script>
<script defer src="//play.pokemonshowdown.com/js/lib/jquery-1.11.0.min.js"></script>
<script defer src="//play.pokemonshowdown.com/js/lib/html-sanitizer-minified.js"></script>
<script defer src="//play.pokemonshowdown.com/js/battle-sound.js"></script>
<script defer src="//play.pokemonshowdown.com/js/battledata.js?0.7209276989879541"></script>
<script defer src="//play.pokemonshowdown.com/data/pokedex-mini.js?0.6111056340867951"></script>
<script defer src="//play.pokemonshowdown.com/data/pokedex-mini-bw.js?0.3532142036491459"></script>
<script defer src="//play.pokemonshowdown.com/data/graphics.js?0.24223875632456182"></script>
<script defer src="//play.pokemonshowdown.com/data/pokedex.js?0.38839984266356864"></script>
<script defer src="//play.pokemonshowdown.com/data/moves.js?0.21866028504024015"></script>
<script defer src="//play.pokemonshowdown.com/data/abilities.js?0.2005157953846628"></script>
<script defer src="//play.pokemonshowdown.com/data/items.js?0.9894211263848525"></script>
<script defer src="//play.pokemonshowdown.com/data/teambuilder-tables.js?0.6008791140282215"></script>
<script defer src="//play.pokemonshowdown.com/js/battle-tooltips.js?0.7580118955022959"></script>
<script defer src="//play.pokemonshowdown.com/js/battle.js?0.6057722274234274"></script>

<script defer src="js/utils.js?e31f9a17"></script>
<script defer src="js/replays-battle.js?7008c182"></script>

<!-- don't scrape this data! just add .json or .log after the URL!
Full API docs: https://github.com/smogon/pokemon-showdown-client/blob/master/WEB-API.md -->
<script type="text/plain" class="log" id="replaylog-smogtours-gen3ou-797120">
|inactive|Battle timer is ON: inactive players will automatically lose when time's up.
|t:|1728615195
|gametype|singles
|player|p1|CharBoy3000|blaine|
|player|p2|Aquafier|266|
|teamsize|p1|6
|teamsize|p2|6
|gen|3
|tier|[Gen 3] OU
|rule|Sleep Clause Mod: Limit one foe put to sleep
|rule|Switch Priority Clause Mod: Faster Pokémon switch first
|rule|Species Clause: Limit one of each Pokémon
|rule|OHKO Clause: OHKO moves are banned
|rule|Evasion Items Clause: Evasion items are banned
|rule|Evasion Moves Clause: Evasion moves are banned
|rule|Endless Battle Clause: Forcing endless battles is banned
|rule|HP Percentage Mod: HP is shown in percentages
|rule|One Boost Passer Clause: Limit one Baton Passer that has a way to boost its stats
|rule|Freeze Clause Mod: Limit one foe frozen
|
|t:|1728615195
|start
|switch|p1a: Zapdos|Zapdos|100/100
|switch|p2a: Skarmory|Skarmory, F|100/100
|turn|1
|c|☆CharBoy3000|Hf!
|c|☆Aquafier|glhf
|inactive|Aquafier has 270 seconds left.
|
|t:|1728615226
|switch|p2a: Jolteon|Jolteon, M|100/100
|move|p1a: Zapdos|Baton Pass|p1a: Zapdos
|inactive|CharBoy3000 has 270 seconds left.
|
|t:|1728615278
|switch|p1a: Breloom|Breloom, M|100/100|[from] Baton Pass
|
|upkeep
|turn|2
|
|t:|1728615284
|move|p2a: Jolteon|Thunder Wave|p1a: Breloom
|-status|p1a: Breloom|par
|move|p1a: Breloom|Spore|p2a: Jolteon
|-status|p2a: Jolteon|slp|[from] move: Spore
|
|upkeep
|turn|3
|
|t:|1728615308
|switch|p2a: Gengar|Gengar, F|100/100
|cant|p1a: Breloom|par
|
|upkeep
|turn|4
|
|t:|1728615317
|switch|p1a: Snorlax|Snorlax, F|100/100
|move|p2a: Gengar|Fire Punch|p1a: Snorlax
|-damage|p1a: Snorlax|85/100
|
|-heal|p1a: Snorlax|91/100|[from] item: Leftovers
|upkeep
|turn|5
|inactive|CharBoy3000 has 270 seconds left.
|
|t:|1728615327
|switch|p2a: Skarmory|Skarmory, F|100/100
|switch|p1a: Charizard|Charizard, F|100/100
|
|upkeep
|turn|6
|
|t:|1728615356
|switch|p2a: Starmie|Starmie|100/100
|move|p1a: Charizard|Fire Blast|p2a: Starmie
|-resisted|p2a: Starmie
|-damage|p2a: Starmie|60/100
|
|-heal|p2a: Starmie|66/100|[from] item: Leftovers
|upkeep
|turn|7
|
|t:|1728615366
|switch|p1a: Breloom|Breloom, M|100/100 par
|move|p2a: Starmie|Hydro Pump|p1a: Breloom
|-resisted|p1a: Breloom
|-damage|p1a: Breloom|58/100 par
|
|-heal|p2a: Starmie|72/100|[from] item: Leftovers
|-heal|p1a: Breloom|64/100 par|[from] item: Leftovers
|upkeep
|turn|8
|
|t:|1728615376
|switch|p1a: Snorlax|Snorlax, F|91/100
|move|p2a: Starmie|Psychic|p1a: Snorlax
|-damage|p1a: Snorlax|69/100
|
|-heal|p2a: Starmie|78/100|[from] item: Leftovers
|-heal|p1a: Snorlax|76/100|[from] item: Leftovers
|upkeep
|turn|9
|
|t:|1728615393
|switch|p2a: Skarmory|Skarmory, F|100/100
|move|p1a: Snorlax|Shadow Ball|p2a: Skarmory
|-resisted|p2a: Skarmory
|-damage|p2a: Skarmory|91/100
|-unboost|p2a: Skarmory|spd|1
|
|-heal|p2a: Skarmory|97/100|[from] item: Leftovers
|-heal|p1a: Snorlax|82/100|[from] item: Leftovers
|upkeep
|turn|10
|
|t:|1728615402
|switch|p1a: Zapdos|Zapdos|100/100
|move|p2a: Skarmory|Spikes|p1a: Zapdos
|-sidestart|p1: CharBoy3000|Spikes
|
|-heal|p2a: Skarmory|100/100|[from] item: Leftovers
|upkeep
|turn|11
|
|t:|1728615410
|move|p2a: Skarmory|Protect|p2a: Skarmory
|-singleturn|p2a: Skarmory|Protect
|move|p1a: Zapdos|Baton Pass|p1a: Zapdos
|
|t:|1728615413
|switch|p1a: Charizard|Charizard, F|100/100|[from] Baton Pass
|
|upkeep
|turn|12
|
|t:|1728615430
|switch|p2a: Tyranitar|Tyranitar, M|100/100
|-weather|Sandstorm|[from] ability: Sand Stream|[of] p2a: Tyranitar
|move|p1a: Charizard|Fire Blast|p2a: Tyranitar|[miss]
|-miss|p1a: Charizard|p2a: Tyranitar
|
|-weather|Sandstorm|[upkeep]
|-damage|p1a: Charizard|94/100|[from] Sandstorm
|-heal|p1a: Charizard|100/100|[from] item: Leftovers
|upkeep
|turn|13
|
|t:|1728615443
|switch|p1a: Metagross|Metagross|100/100
|-damage|p1a: Metagross|88/100|[from] Spikes
|switch|p2a: Starmie|Starmie|78/100
|
|-weather|Sandstorm|[upkeep]
|-damage|p2a: Starmie|72/100|[from] Sandstorm
|-heal|p2a: Starmie|78/100|[from] item: Leftovers
|-heal|p1a: Metagross|94/100|[from] item: Leftovers
|upkeep
|turn|14
|
|t:|1728615461
|switch|p2a: Skarmory|Skarmory, F|100/100
|move|p1a: Metagross|Explosion|p2a: Skarmory
|-resisted|p2a: Skarmory
|-damage|p2a: Skarmory|45/100
|faint|p1a: Metagross
|
|t:|1728615474
|switch|p1a: Charizard|Charizard, F|100/100
|
|-weather|Sandstorm|[upkeep]
|-damage|p1a: Charizard|94/100|[from] Sandstorm
|-heal|p1a: Charizard|100/100|[from] item: Leftovers
|-heal|p2a: Skarmory|51/100|[from] item: Leftovers
|upkeep
|turn|15
|
|t:|1728615478
|move|p2a: Skarmory|Protect|p2a: Skarmory
|-singleturn|p2a: Skarmory|Protect
|move|p1a: Charizard|Fire Blast|p2a: Skarmory
|-activate|p2a: Skarmory|Protect
|
|-weather|Sandstorm|[upkeep]
|-damage|p1a: Charizard|94/100|[from] Sandstorm
|-heal|p1a: Charizard|100/100|[from] item: Leftovers
|-heal|p2a: Skarmory|57/100|[from] item: Leftovers
|upkeep
|turn|16
|
|t:|1728615506
|switch|p2a: Jolteon|Jolteon, M|100/100 slp
|move|p1a: Charizard|Fire Blast|p2a: Jolteon
|-damage|p2a: Jolteon|33/100 slp
|
|-weather|Sandstorm|[upkeep]
|-damage|p2a: Jolteon|27/100 slp|[from] Sandstorm
|-damage|p1a: Charizard|94/100|[from] Sandstorm
|-heal|p2a: Jolteon|33/100 slp|[from] item: Leftovers
|-heal|p1a: Charizard|100/100|[from] item: Leftovers
|upkeep
|turn|17
|
|t:|1728615514
|switch|p1a: Breloom|Breloom, M|64/100 par
|-damage|p1a: Breloom|52/100 par|[from] Spikes
|cant|p2a: Jolteon|slp
|
|-weather|Sandstorm|[upkeep]
|-damage|p2a: Jolteon|27/100 slp|[from] Sandstorm
|-damage|p1a: Breloom|46/100 par|[from] Sandstorm
|-heal|p2a: Jolteon|33/100 slp|[from] item: Leftovers
|-heal|p1a: Breloom|52/100 par|[from] item: Leftovers
|upkeep
|turn|18
|
|t:|1728615524
|switch|p2a: Skarmory|Skarmory, F|57/100
|move|p1a: Breloom|Mach Punch|p2a: Skarmory
|-damage|p2a: Skarmory|39/100
|
|-weather|Sandstorm|[upkeep]
|-damage|p1a: Breloom|46/100 par|[from] Sandstorm
|-heal|p2a: Skarmory|45/100|[from] item: Leftovers
|-heal|p1a: Breloom|52/100 par|[from] item: Leftovers
|upkeep
|turn|19
|
|t:|1728615531
|-singleturn|p1a: Breloom|move: Focus Punch
|move|p2a: Skarmory|Spikes|p1a: Breloom
|-sidestart|p1: CharBoy3000|Spikes
|move|p1a: Breloom|Focus Punch|p2a: Skarmory
|-damage|p2a: Skarmory|0 fnt
|faint|p2a: Skarmory
|
|t:|1728615548
|switch|p2a: Gengar|Gengar, F|100/100
|
|-weather|Sandstorm|[upkeep]
|-damage|p2a: Gengar|95/100|[from] Sandstorm
|-damage|p1a: Breloom|46/100 par|[from] Sandstorm
|-heal|p2a: Gengar|100/100|[from] item: Leftovers
|-heal|p1a: Breloom|52/100 par|[from] item: Leftovers
|upkeep
|turn|20
|
|t:|1728615561
|move|p2a: Gengar|Fire Punch|p1a: Breloom
|-supereffective|p1a: Breloom
|-damage|p1a: Breloom|0 fnt
|faint|p1a: Breloom
|
|t:|1728615565
|switch|p1a: Snorlax|Snorlax, F|82/100
|-damage|p1a: Snorlax|65/100|[from] Spikes
|
|-weather|Sandstorm|[upkeep]
|-damage|p2a: Gengar|95/100|[from] Sandstorm
|-damage|p1a: Snorlax|59/100|[from] Sandstorm
|-heal|p2a: Gengar|100/100|[from] item: Leftovers
|-heal|p1a: Snorlax|65/100|[from] item: Leftovers
|upkeep
|turn|21
|
|t:|1728615574
|switch|p2a: Jolteon|Jolteon, M|33/100 slp
|move|p1a: Snorlax|Shadow Ball|p2a: Jolteon
|-damage|p2a: Jolteon|0 fnt
|faint|p2a: Jolteon
|inactive|Aquafier has 270 seconds left.
|inactive|Aquafier has 240 seconds left.
|
|t:|1728615633
|switch|p2a: Metagross|Metagross|100/100
|
|-weather|Sandstorm|[upkeep]
|-damage|p1a: Snorlax|59/100|[from] Sandstorm
|-heal|p1a: Snorlax|65/100|[from] item: Leftovers
|upkeep
|turn|22
|
|t:|1728615640
|move|p2a: Metagross|Meteor Mash|p1a: Snorlax
|-damage|p1a: Snorlax|0 fnt
|faint|p1a: Snorlax
|
|t:|1728615644
|switch|p1a: Swampert|Swampert, F|100/100
|-damage|p1a: Swampert|84/100|[from] Spikes
|
|-weather|Sandstorm|[upkeep]
|-heal|p1a: Swampert|90/100|[from] item: Leftovers
|upkeep
|turn|23
|
|t:|1728615662
|switch|p2a: Gengar|Gengar, F|100/100
|move|p1a: Swampert|Hydro Pump|p2a: Gengar
|-damage|p2a: Gengar|13/100
|
|-weather|Sandstorm|[upkeep]
|-damage|p2a: Gengar|8/100|[from] Sandstorm
|-heal|p2a: Gengar|13/100|[from] item: Leftovers
|-heal|p1a: Swampert|96/100|[from] item: Leftovers
|upkeep
|turn|24
|
|t:|1728615672
|switch|p1a: Charizard|Charizard, F|100/100
|move|p2a: Gengar|Hidden Power|p1a: Charizard
|-resisted|p1a: Charizard
|-damage|p1a: Charizard|93/100
|
|-weather|Sandstorm|[upkeep]
|-damage|p2a: Gengar|8/100|[from] Sandstorm
|-damage|p1a: Charizard|87/100|[from] Sandstorm
|-heal|p2a: Gengar|13/100|[from] item: Leftovers
|-heal|p1a: Charizard|93/100|[from] item: Leftovers
|upkeep
|turn|25
|
|t:|1728615684
|switch|p1a: Swampert|Swampert, F|96/100
|-damage|p1a: Swampert|80/100|[from] Spikes
|move|p2a: Gengar|Explosion|p1a: Swampert
|-damage|p1a: Swampert|0 fnt
|faint|p2a: Gengar
|faint|p1a: Swampert
|inactive|Aquafier has 270 seconds left.
|
|t:|1728615697
|switch|p2a: Starmie|Starmie|78/100
|switch|p1a: Zapdos|Zapdos|100/100
|
|-weather|Sandstorm|[upkeep]
|-damage|p2a: Starmie|72/100|[from] Sandstorm
|-damage|p1a: Zapdos|94/100|[from] Sandstorm
|-heal|p2a: Starmie|78/100|[from] item: Leftovers
|-heal|p1a: Zapdos|100/100|[from] item: Leftovers
|upkeep
|turn|26
|inactive|Aquafier has 270 seconds left.
|inactive|Aquafier has 240 seconds left.
|
|t:|1728615745
|move|p2a: Starmie|Ice Beam|p1a: Zapdos
|-supereffective|p1a: Zapdos
|-damage|p1a: Zapdos|39/100
|move|p1a: Zapdos|Thunderbolt|p2a: Starmie
|-supereffective|p2a: Starmie
|-damage|p2a: Starmie|0 fnt
|faint|p2a: Starmie
|inactive|Aquafier has 210 seconds left.
|
|t:|1728615790
|switch|p2a: Metagross|Metagross|100/100
|
|-weather|Sandstorm|[upkeep]
|-damage|p1a: Zapdos|32/100|[from] Sandstorm
|-heal|p1a: Zapdos|39/100|[from] item: Leftovers
|upkeep
|turn|27
|
|t:|1728615803
|move|p1a: Zapdos|Thunderbolt|p2a: Metagross
|-damage|p2a: Metagross|45/100
|move|p2a: Metagross|Rock Slide|p1a: Zapdos
|-supereffective|p1a: Zapdos
|-damage|p1a: Zapdos|0 fnt
|faint|p1a: Zapdos
|
|t:|1728615808
|switch|p1a: Charizard|Charizard, F|93/100
|
|-weather|Sandstorm|[upkeep]
|-damage|p1a: Charizard|87/100|[from] Sandstorm
|-heal|p1a: Charizard|93/100|[from] item: Leftovers
|upkeep
|turn|28
|
|t:|1728615809
|move|p1a: Charizard|Fire Blast|p2a: Metagross
|-supereffective|p2a: Metagross
|-damage|p2a: Metagross|0 fnt
|faint|p2a: Metagross
|
|t:|1728615817
|switch|p2a: Tyranitar|Tyranitar, M|100/100
|
|-weather|Sandstorm|[upkeep]
|-damage|p1a: Charizard|87/100|[from] Sandstorm
|-heal|p1a: Charizard|93/100|[from] item: Leftovers
|upkeep
|turn|29
|
|t:|1728615820
|-singleturn|p1a: Charizard|move: Focus Punch
|move|p2a: Tyranitar|Rock Slide|p1a: Charizard
|-supereffective|p1a: Charizard
|-damage|p1a: Charizard|0 fnt
|faint|p1a: Charizard
|
|win|Aquafier
|c|☆Aquafier|gg
|c|☆CharBoy3000|Gg!
|player|p1|
|player|p1|CharBoy3000|blaine|
|player|p2|

</script>
<script type="application/json" class="data" id="replaydata-smogtours-gen3ou-797120">
{"id":"smogtours-gen3ou-797120","format":"[Gen 3] OU","players":["CharBoy3000","Aquafier"],"uploadtime":1728615820,"views":85,"formatid":"gen3ou","rating":null,"private":0,"password":null}
</script>

<script defer src="js/replays.js?9d40a366"></script>
