<!DOCTYPE html>
<meta charset="utf-8" />
<meta name="viewport" content="width=device-width" />

<title>[Gen 3] OU: Xurkiyee vs. knexhawk2 - Replays - Pok&eacute;mon Showdown!</title>

<meta name="description" content="Watch a replay of a Pok&eacute;mon battle between Xurkiyee and knexhawk2! Format: [Gen 3] OU; Date: Oct 7, 2024" />
<!--

Hey, you! Looking in the source for the replay log?

You can find them in JSON format, just add `.json` at the end of a replay URL.

https://replay.pokemonshowdown.com/gen7randomdoublesbattle-865046831.json

Or, if you only need the log itself, add `.log` instead:

https://replay.pokemonshowdown.com/gen7randomdoublesbattle-865046831.log

-->

<link rel="stylesheet" href="//pokemonshowdown.com/style/global.css?0.023195364461161105" />
<link rel="stylesheet" href="//play.pokemonshowdown.com/style/font-awesome.css?0.13261647063804238" />
<link rel="stylesheet" href="//play.pokemonshowdown.com/style/battle.css?0.8753245789963631" />
<link rel="stylesheet" href="//play.pokemonshowdown.com/style/utilichart.css?0.8627959624976733" />

<!-- Global site tag (gtag.js) - Google Analytics -->
<script async src="https://www.googletagmanager.com/gtag/js?id=UA-26211653-1"></script>
<script>
  window.dataLayer = window.dataLayer || [];
  function gtag(){dataLayer.push(arguments);}
  gtag('js', new Date());

  gtag('config', 'UA-26211653-1');
</script>
<!-- End Google Analytics -->
<!-- Venatus Ad Manager - Install in <HEAD> of page -->
	<script src="https://hb.vntsm.com/v3/live/ad-manager.min.js" type="text/javascript" data-site-id="642aba63ec9a7b11c3c9c1be" data-mode="scan" async></script>
<!-- / Venatus Ad Manager -->

<style>
	@media (max-width:820px) {
		.battle {
			margin: 0 auto;
		}
		.battle-log {
			margin: 7px auto 0;
			max-width: 640px;
			height: 300px;
			position: static;
		}
	}
	.optgroup {
		display: inline-block;
		line-height: 22px;
		font-size: 10pt;
	}
	.optgroup .button {
		height: 25px;
		padding-top: 0;
		padding-bottom: 0;
	}
	.optgroup button.button {
		padding-left: 12px;
		padding-right: 12px;
	}
	.linklist {
		list-style: none;
		margin: 0.5em 0;
		padding: 0;
	}
	.linklist li {
		padding: 2px 0;
	}
	.sidebar {
		float: left;
		width: 320px;
	}
	.bar-wrapper {
		max-width: 1100px;
		margin: 0 auto;
	}
	.bar-wrapper.has-sidebar {
		max-width: 1430px;
	}
	.mainbar {
		margin: 0;
		padding-right: 1px;
	}
	.mainbar.has-sidebar {
		margin-left: 330px;
	}
	@media (min-width: 1511px) {
		.sidebar {
			width: 400px;
		}
		.bar-wrapper.has-sidebar {
			max-width: 1510px;
		}
		.mainbar.has-sidebar {
			margin-left: 410px;
		}
	}
	.section.first-section {
		margin-top: 9px;
	}
	.blocklink small {
		white-space: normal;
	}
	.button {
		vertical-align: middle;
	}
	.replay-controls {
		padding-top: 10px;
	}
	.replay-controls h1 {
		font-size: 16pt;
		font-weight: normal;
		color: #CCC;
	}
	.pagelink {
		text-align: center;
	}
	.pagelink a {
		width: 150px;
	}
	.textbox, .button {
		font-size: 11pt;
		vertical-align: middle;
	}
	@media (max-width: 450px) {
		.button {
			font-size: 9pt;
		}
	}
</style>

<div>

	<header>
		<div class="nav-wrapper"><ul class="nav">
			<li><a class="button nav-first" href="//pokemonshowdown.com/"><img src="//pokemonshowdown.com/images/pokemonshowdownbeta.png" srcset="//pokemonshowdown.com/images/pokemonshowdownbeta.png 1x, //pokemonshowdown.com/images/pokemonshowdownbeta@2x.png 2x" alt="Pok&eacute;mon Showdown" width="146" height="44" /> Home</a></li>
			<li><a class="button" href="//pokemonshowdown.com/dex/">Pok&eacute;dex</a></li>
			<li><a class="button cur" href="/">Replays</a></li>
			<li><a class="button" href="//pokemonshowdown.com/ladder/">Ladder</a></li>
			<li><a class="button nav-last" href="//pokemonshowdown.com/forums/">Forum</a></li>
			<li><a class="button greenbutton nav-first nav-last" href="//play.pokemonshowdown.com/">Play</a></li>
		</ul></div>
	</header>

	<div class="main" id="main">

		<noscript><section class="section">You need to enable JavaScript to use this page; sorry!</section></noscript>

	</div>

</div>

<script defer nomodule src="//play.pokemonshowdown.com/js/lib/ps-polyfill.js"></script>
<script defer src="//play.pokemonshowdown.com/js/lib/preact.min.js"></script>

<script defer src="//play.pokemonshowdown.com/config/config.js?2bddbc15"></script>
<script defer src="//play.pokemonshowdown.com/js/lib/jquery-1.11.0.min.js"></script>
<script defer src="//play.pokemonshowdown.com/js/lib/html-sanitizer-minified.js"></script>
<script defer src="//play.pokemonshowdown.com/js/battle-sound.js"></script>
<script defer src="//play.pokemonshowdown.com/js/battledata.js?0.7209276989879541"></script>
<script defer src="//play.pokemonshowdown.com/data/pokedex-mini.js?0.6111056340867951"></script>
<script defer src="//play.pokemonshowdown.com/data/pokedex-mini-bw.js?0.3532142036491459"></script>
<script defer src="//play.pokemonshowdown.com/data/graphics.js?0.24223875632456182"></script>
<script defer src="//play.pokemonshowdown.com/data/pokedex.js?0.38839984266356864"></script>
<script defer src="//play.pokemonshowdown.com/data/moves.js?0.21866028504024015"></script>
<script defer src="//play.pokemonshowdown.com/data/abilities.js?0.2005157953846628"></script>
<script defer src="//play.pokemonshowdown.com/data/items.js?0.9894211263848525"></script>
<script defer src="//play.pokemonshowdown.com/data/teambuilder-tables.js?0.6008791140282215"></script>
<script defer src="//play.pokemonshowdown.com/js/battle-tooltips.js?0.7580118955022959"></script>
<script defer src="//play.pokemonshowdown.com/js/battle.js?0.6057722274234274"></script>

<script defer src="js/utils.js?e31f9a17"></script>
<script defer src="js/replays-battle.js?7008c182"></script>

<!-- don't scrape this data! just add .json or .log after the URL!
Full API docs: https://github.com/smogon/pokemon-showdown-client/blob/master/WEB-API.md -->
<script type="text/plain" class="log" id="replaylog-smogtours-gen3ou-796216">
|inactive|Battle timer is ON: inactive players will automatically lose when time's up.
|t:|1728329867
|gametype|singles
|player|p1|Xurkiyee|2|
|player|p2|knexhawk2|benga|
|teamsize|p1|6
|teamsize|p2|6
|gen|3
|tier|[Gen 3] OU
|rule|Sleep Clause Mod: Limit one foe put to sleep
|rule|Switch Priority Clause Mod: Faster Pokémon switch first
|rule|Species Clause: Limit one of each Pokémon
|rule|OHKO Clause: OHKO moves are banned
|rule|Evasion Items Clause: Evasion items are banned
|rule|Evasion Moves Clause: Evasion moves are banned
|rule|Endless Battle Clause: Forcing endless battles is banned
|rule|HP Percentage Mod: HP is shown in percentages
|rule|One Boost Passer Clause: Limit one Baton Passer that has a way to boost its stats
|rule|Freeze Clause Mod: Limit one foe frozen
|
|t:|1728329867
|start
|switch|p1a: Breloom|Breloom, M|100/100
|switch|p2a: Venusaur|Venusaur, F|100/100
|turn|1
|c|☆Xurkiyee|hf
|inactive|Xurkiyee has 270 seconds left.
|
|t:|1728329922
|switch|p1a: Metagross|Metagross|100/100
|move|p2a: Venusaur|Sleep Powder|p1a: Metagross
|-status|p1a: Metagross|slp|[from] move: Sleep Powder
|
|upkeep
|turn|2
|
|t:|1728329931
|switch|p2a: Moltres|Moltres|100/100
|switch|p1a: Snorlax|Snorlax, M|100/100
|
|upkeep
|turn|3
|
|t:|1728329934
|switch|p2a: Skarmory|Skarmory, M|100/100
|switch|p1a: Houndoom|Houndoom, F|100/100
|
|upkeep
|turn|4
|
|t:|1728329941
|switch|p2a: Aerodactyl|Aerodactyl, F|100/100
|move|p1a: Houndoom|Fire Blast|p2a: Aerodactyl
|-resisted|p2a: Aerodactyl
|-damage|p2a: Aerodactyl|62/100
|
|upkeep
|turn|5
|
|t:|1728329947
|switch|p1a: Claydol|Claydol|100/100
|move|p2a: Aerodactyl|Double-Edge|p1a: Claydol
|-damage|p1a: Claydol|36/100
|
|-heal|p1a: Claydol|42/100|[from] item: Leftovers
|upkeep
|turn|6
|
|t:|1728329950
|switch|p2a: Moltres|Moltres|100/100
|switch|p1a: Metagross|Metagross|100/100 slp
|
|upkeep
|turn|7
|
|t:|1728329958
|switch|p2a: Aerodactyl|Aerodactyl, F|62/100
|switch|p1a: Snorlax|Snorlax, M|100/100
|
|upkeep
|turn|8
|
|t:|1728329961
|switch|p2a: Metagross|Metagross|100/100
|move|p1a: Snorlax|Body Slam|p2a: Metagross
|-resisted|p2a: Metagross
|-damage|p2a: Metagross|86/100
|
|-heal|p2a: Metagross|92/100|[from] item: Leftovers
|upkeep
|turn|9
|
|t:|1728329968
|switch|p1a: Metagross|Metagross|100/100 slp
|move|p2a: Metagross|Meteor Mash|p1a: Metagross
|-resisted|p1a: Metagross
|-damage|p1a: Metagross|81/100 slp
|
|-heal|p1a: Metagross|87/100 slp|[from] item: Leftovers
|-heal|p2a: Metagross|98/100|[from] item: Leftovers
|upkeep
|turn|10
|
|t:|1728329970
|switch|p1a: Breloom|Breloom, M|100/100
|move|p2a: Metagross|Earthquake|p1a: Breloom
|-resisted|p1a: Breloom
|-damage|p1a: Breloom|73/100
|
|-heal|p1a: Breloom|79/100|[from] item: Leftovers
|-heal|p2a: Metagross|100/100|[from] item: Leftovers
|upkeep
|turn|11
|
|t:|1728329976
|switch|p2a: Claydol|Claydol|100/100
|move|p1a: Breloom|Spore|p2a: Claydol
|-status|p2a: Claydol|slp|[from] move: Spore
|
|-heal|p1a: Breloom|86/100|[from] item: Leftovers
|upkeep
|turn|12
|
|t:|1728329982
|switch|p2a: Moltres|Moltres|100/100
|switch|p1a: Houndoom|Houndoom, F|100/100
|
|upkeep
|turn|13
|
|t:|1728329991
|move|p1a: Houndoom|Crunch|p2a: Moltres
|-damage|p2a: Moltres|55/100
|move|p2a: Moltres|Roar|p1a: Houndoom
|drag|p1a: Salamence|Salamence, M|100/100
|-ability|p1a: Salamence|Intimidate|boost
|-unboost|p2a: Moltres|atk|1
|
|-heal|p2a: Moltres|61/100|[from] item: Leftovers
|upkeep
|turn|14
|
|t:|1728329994
|switch|p2a: Skarmory|Skarmory, M|100/100
|move|p1a: Salamence|Rock Slide|p2a: Skarmory
|-damage|p2a: Skarmory|78/100
|
|-heal|p2a: Skarmory|84/100|[from] item: Leftovers
|upkeep
|turn|15
|
|t:|1728329997
|switch|p1a: Houndoom|Houndoom, F|100/100
|move|p2a: Skarmory|Spikes|p1a: Houndoom
|-sidestart|p1: Xurkiyee|Spikes
|
|-heal|p2a: Skarmory|90/100|[from] item: Leftovers
|upkeep
|turn|16
|
|t:|1728329999
|move|p2a: Skarmory|Protect|p2a: Skarmory
|-singleturn|p2a: Skarmory|Protect
|move|p1a: Houndoom|Fire Blast|p2a: Skarmory|[miss]
|-miss|p1a: Houndoom|p2a: Skarmory
|
|-heal|p2a: Skarmory|96/100|[from] item: Leftovers
|upkeep
|turn|17
|
|t:|1728330004
|switch|p2a: Claydol|Claydol|100/100 slp
|move|p1a: Houndoom|Beat Up|p2a: Claydol
|-damage|p2a: Claydol|98/100 slp
|-damage|p2a: Claydol|95/100 slp
|-damage|p2a: Claydol|90/100 slp
|-damage|p2a: Claydol|88/100 slp
|-damage|p2a: Claydol|84/100 slp
|-hitcount|p2a: Claydol|5
|
|-heal|p2a: Claydol|90/100 slp|[from] item: Leftovers
|upkeep
|turn|18
|
|t:|1728330014
|move|p1a: Houndoom|Crunch|p2a: Claydol
|-supereffective|p2a: Claydol
|-damage|p2a: Claydol|9/100 slp
|cant|p2a: Claydol|slp
|
|-heal|p2a: Claydol|15/100 slp|[from] item: Leftovers
|upkeep
|turn|19
|
|t:|1728330016
|move|p1a: Houndoom|Pursuit|p2a: Claydol
|-supereffective|p2a: Claydol
|-damage|p2a: Claydol|0 fnt
|faint|p2a: Claydol
|
|t:|1728330019
|switch|p2a: Aerodactyl|Aerodactyl, F|62/100
|
|upkeep
|turn|20
|
|t:|1728330033
|switch|p1a: Claydol|Claydol|42/100
|move|p2a: Aerodactyl|Double-Edge|p1a: Claydol
|-damage|p1a: Claydol|0 fnt
|faint|p1a: Claydol
|
|t:|1728330043
|switch|p1a: Salamence|Salamence, M|100/100
|-ability|p1a: Salamence|Intimidate|boost
|-unboost|p2a: Aerodactyl|atk|1
|
|upkeep
|turn|21
|
|t:|1728330047
|switch|p2a: Metagross|Metagross|100/100
|switch|p1a: Breloom|Breloom, M|86/100
|-damage|p1a: Breloom|73/100|[from] Spikes
|
|-heal|p1a: Breloom|79/100|[from] item: Leftovers
|upkeep
|turn|22
|
|t:|1728330050
|switch|p2a: Moltres|Moltres|61/100
|move|p1a: Breloom|Spore|p2a: Moltres
|-status|p2a: Moltres|slp|[from] move: Spore
|
|-heal|p2a: Moltres|67/100 slp|[from] item: Leftovers
|-heal|p1a: Breloom|86/100|[from] item: Leftovers
|upkeep
|turn|23
|
|t:|1728330052
|-singleturn|p1a: Breloom|move: Focus Punch
|switch|p2a: Venusaur|Venusaur, F|100/100
|move|p1a: Breloom|Focus Punch|p2a: Venusaur
|-resisted|p2a: Venusaur
|-damage|p2a: Venusaur|42/100
|
|-heal|p2a: Venusaur|48/100|[from] item: Leftovers
|-heal|p1a: Breloom|92/100|[from] item: Leftovers
|upkeep
|turn|24
|
|t:|1728330059
|switch|p1a: Metagross|Metagross|87/100 slp
|-damage|p1a: Metagross|75/100 slp|[from] Spikes
|move|p2a: Venusaur|Leech Seed|p1a: Metagross
|-start|p1a: Metagross|move: Leech Seed
|
|-heal|p2a: Venusaur|54/100|[from] item: Leftovers
|-heal|p1a: Metagross|81/100 slp|[from] item: Leftovers
|-damage|p1a: Metagross|69/100 slp|[from] Leech Seed|[of] p2a: Venusaur
|-heal|p2a: Venusaur|69/100|[silent]
|upkeep
|turn|25
|
|t:|1728330064
|switch|p2a: Skarmory|Skarmory, M|96/100
|switch|p1a: Houndoom|Houndoom, F|100/100
|-damage|p1a: Houndoom|88/100|[from] Spikes
|
|-heal|p1a: Houndoom|94/100|[from] item: Leftovers
|-heal|p2a: Skarmory|100/100|[from] item: Leftovers
|upkeep
|turn|26
|
|t:|1728330067
|switch|p2a: Moltres|Moltres|67/100 slp
|move|p1a: Houndoom|Crunch|p2a: Moltres
|-damage|p2a: Moltres|25/100 slp
|-unboost|p2a: Moltres|spd|1
|
|-heal|p1a: Houndoom|100/100|[from] item: Leftovers
|-heal|p2a: Moltres|31/100 slp|[from] item: Leftovers
|upkeep
|turn|27
|
|t:|1728330071
|move|p1a: Houndoom|Crunch|p2a: Moltres
|-damage|p2a: Moltres|0 fnt
|faint|p2a: Moltres
|
|t:|1728330072
|switch|p2a: Aerodactyl|Aerodactyl, F|62/100
|
|upkeep
|turn|28
|
|t:|1728330078
|switch|p1a: Snorlax|Snorlax, M|100/100
|-damage|p1a: Snorlax|88/100|[from] Spikes
|move|p2a: Aerodactyl|Earthquake|p1a: Snorlax
|-damage|p1a: Snorlax|54/100
|
|-heal|p1a: Snorlax|60/100|[from] item: Leftovers
|upkeep
|turn|29
|
|t:|1728330087
|switch|p2a: Metagross|Metagross|100/100
|switch|p1a: Breloom|Breloom, M|92/100
|-damage|p1a: Breloom|79/100|[from] Spikes
|
|-heal|p1a: Breloom|86/100|[from] item: Leftovers
|upkeep
|turn|30
|
|t:|1728330093
|switch|p2a: Skarmory|Skarmory, M|100/100
|move|p1a: Breloom|Spore|p2a: Skarmory
|-status|p2a: Skarmory|slp|[from] move: Spore
|
|-heal|p1a: Breloom|92/100|[from] item: Leftovers
|upkeep
|turn|31
|
|t:|1728330095
|-singleturn|p1a: Breloom|move: Focus Punch
|switch|p2a: Venusaur|Venusaur, F|69/100
|move|p1a: Breloom|Focus Punch|p2a: Venusaur
|-resisted|p2a: Venusaur
|-damage|p2a: Venusaur|12/100
|
|-heal|p2a: Venusaur|18/100|[from] item: Leftovers
|-heal|p1a: Breloom|98/100|[from] item: Leftovers
|upkeep
|turn|32
|
|t:|1728330100
|move|p1a: Breloom|Mach Punch|p2a: Venusaur
|-resisted|p2a: Venusaur
|-damage|p2a: Venusaur|4/100
|move|p2a: Venusaur|Hidden Power|p1a: Breloom
|-supereffective|p1a: Breloom
|-damage|p1a: Breloom|19/100
|
|-heal|p2a: Venusaur|10/100|[from] item: Leftovers
|-heal|p1a: Breloom|25/100|[from] item: Leftovers
|upkeep
|turn|33
|
|t:|1728330104
|switch|p2a: Metagross|Metagross|100/100
|move|p1a: Breloom|Mach Punch|p2a: Metagross
|-damage|p2a: Metagross|85/100
|
|-heal|p1a: Breloom|32/100|[from] item: Leftovers
|-heal|p2a: Metagross|91/100|[from] item: Leftovers
|upkeep
|turn|34
|
|t:|1728330133
|move|p1a: Breloom|Sky Uppercut|p2a: Metagross
|-damage|p2a: Metagross|56/100
|move|p2a: Metagross|Meteor Mash|p1a: Breloom
|-damage|p1a: Breloom|0 fnt
|-boost|p2a: Metagross|atk|1
|faint|p1a: Breloom
|
|t:|1728330135
|switch|p1a: Houndoom|Houndoom, F|100/100
|-damage|p1a: Houndoom|88/100|[from] Spikes
|
|-heal|p1a: Houndoom|94/100|[from] item: Leftovers
|-heal|p2a: Metagross|62/100|[from] item: Leftovers
|upkeep
|turn|35
|
|t:|1728330138
|move|p2a: Metagross|Protect|p2a: Metagross
|-singleturn|p2a: Metagross|Protect
|move|p1a: Houndoom|Fire Blast|p2a: Metagross
|-activate|p2a: Metagross|Protect
|
|-heal|p1a: Houndoom|100/100|[from] item: Leftovers
|-heal|p2a: Metagross|68/100|[from] item: Leftovers
|upkeep
|turn|36
|
|t:|1728330149
|switch|p2a: Venusaur|Venusaur, F|10/100
|move|p1a: Houndoom|Fire Blast|p2a: Venusaur|[miss]
|-miss|p1a: Houndoom|p2a: Venusaur
|
|-heal|p2a: Venusaur|16/100|[from] item: Leftovers
|upkeep
|turn|37
|
|t:|1728330153
|move|p1a: Houndoom|Pursuit|p2a: Venusaur
|-damage|p2a: Venusaur|0 fnt
|faint|p2a: Venusaur
|
|t:|1728330155
|switch|p2a: Aerodactyl|Aerodactyl, F|62/100
|
|upkeep
|turn|38
|
|t:|1728330164
|switch|p1a: Metagross|Metagross|69/100 slp
|-damage|p1a: Metagross|56/100 slp|[from] Spikes
|move|p2a: Aerodactyl|Rock Slide|p1a: Metagross
|-resisted|p1a: Metagross
|-crit|p1a: Metagross
|-damage|p1a: Metagross|20/100 slp
|
|-heal|p1a: Metagross|26/100 slp|[from] item: Leftovers
|upkeep
|turn|39
|
|t:|1728330169
|cant|p1a: Metagross|slp
|move|p2a: Aerodactyl|Rock Slide|p1a: Metagross
|-resisted|p1a: Metagross
|-damage|p1a: Metagross|9/100 slp
|
|-heal|p1a: Metagross|15/100 slp|[from] item: Leftovers
|upkeep
|turn|40
|
|t:|1728330170
|cant|p1a: Metagross|slp
|move|p2a: Aerodactyl|Rock Slide|p1a: Metagross
|-resisted|p1a: Metagross
|-damage|p1a: Metagross|0 fnt
|faint|p1a: Metagross
|
|t:|1728330176
|switch|p1a: Salamence|Salamence, M|100/100
|-ability|p1a: Salamence|Intimidate|boost
|-unboost|p2a: Aerodactyl|atk|1
|
|upkeep
|turn|41
|
|t:|1728330184
|switch|p2a: Skarmory|Skarmory, M|100/100 slp
|move|p1a: Salamence|Dragon Dance|p1a: Salamence
|-boost|p1a: Salamence|atk|1
|-boost|p1a: Salamence|spe|1
|
|upkeep
|turn|42
|
|t:|1728330187
|move|p1a: Salamence|Dragon Dance|p1a: Salamence
|-boost|p1a: Salamence|atk|1
|-boost|p1a: Salamence|spe|1
|cant|p2a: Skarmory|slp
|
|upkeep
|turn|43
|
|t:|1728330188
|move|p1a: Salamence|Rock Slide|p2a: Skarmory
|-damage|p2a: Skarmory|58/100 slp
|cant|p2a: Skarmory|slp
|
|-heal|p2a: Skarmory|64/100 slp|[from] item: Leftovers
|upkeep
|turn|44
|
|t:|1728330190
|move|p1a: Salamence|Rock Slide|p2a: Skarmory
|-damage|p2a: Skarmory|21/100 slp
|cant|p2a: Skarmory|slp
|
|-heal|p2a: Skarmory|27/100 slp|[from] item: Leftovers
|upkeep
|turn|45
|
|t:|1728330193
|move|p1a: Salamence|Rock Slide|p2a: Skarmory
|-damage|p2a: Skarmory|0 fnt
|faint|p2a: Skarmory
|
|t:|1728330194
|switch|p2a: Aerodactyl|Aerodactyl, F|62/100
|
|upkeep
|turn|46
|
|t:|1728330195
|move|p1a: Salamence|Rock Slide|p2a: Aerodactyl
|-supereffective|p2a: Aerodactyl
|-damage|p2a: Aerodactyl|0 fnt
|faint|p2a: Aerodactyl
|
|t:|1728330197
|switch|p2a: Metagross|Metagross|68/100
|
|-heal|p2a: Metagross|74/100|[from] item: Leftovers
|upkeep
|turn|47
|c|☆Xurkiyee|gg
|
|t:|1728330203
|move|p2a: Metagross|Protect|p2a: Metagross
|-singleturn|p2a: Metagross|Protect
|move|p1a: Salamence|Earthquake|p2a: Metagross
|-activate|p2a: Metagross|Protect
|
|-heal|p2a: Metagross|80/100|[from] item: Leftovers
|upkeep
|turn|48
|
|t:|1728330205
|move|p2a: Metagross|Protect||[still]
|-fail|p2a: Metagross
|move|p1a: Salamence|Earthquake|p2a: Metagross
|-supereffective|p2a: Metagross
|-damage|p2a: Metagross|0 fnt
|faint|p2a: Metagross
|
|win|Xurkiyee

</script>
<script type="application/json" class="data" id="replaydata-smogtours-gen3ou-796216">
{"id":"smogtours-gen3ou-796216","format":"[Gen 3] OU","players":["Xurkiyee","knexhawk2"],"uploadtime":1728330205,"views":122,"formatid":"gen3ou","rating":null,"private":0,"password":null}
</script>

<script defer src="js/replays.js?9d40a366"></script>
