<!DOCTYPE html>
<meta charset="utf-8" />
<meta name="viewport" content="width=device-width" />

<title>[Gen 3] OU: Gonzasaurio 50 vs. Redrame - Replays - Pok&eacute;mon Showdown!</title>

<meta name="description" content="Watch a replay of a Pok&eacute;mon battle between Gonzasaurio 50 and Redrame! Format: [Gen 3] OU; Date: Oct 3, 2024" />
<!--

Hey, you! Looking in the source for the replay log?

You can find them in JSON format, just add `.json` at the end of a replay URL.

https://replay.pokemonshowdown.com/gen7randomdoublesbattle-865046831.json

Or, if you only need the log itself, add `.log` instead:

https://replay.pokemonshowdown.com/gen7randomdoublesbattle-865046831.log

-->

<link rel="stylesheet" href="//pokemonshowdown.com/style/global.css?0.767286132409787" />
<link rel="stylesheet" href="//play.pokemonshowdown.com/style/font-awesome.css?0.9266228007934947" />
<link rel="stylesheet" href="//play.pokemonshowdown.com/style/battle.css?0.7924700842790926" />
<link rel="stylesheet" href="//play.pokemonshowdown.com/style/utilichart.css?0.8777417872839479" />

<!-- Global site tag (gtag.js) - Google Analytics -->
<script async src="https://www.googletagmanager.com/gtag/js?id=UA-26211653-1"></script>
<script>
  window.dataLayer = window.dataLayer || [];
  function gtag(){dataLayer.push(arguments);}
  gtag('js', new Date());

  gtag('config', 'UA-26211653-1');
</script>
<!-- End Google Analytics -->
<!-- Venatus Ad Manager - Install in <HEAD> of page -->
	<script src="https://hb.vntsm.com/v3/live/ad-manager.min.js" type="text/javascript" data-site-id="642aba63ec9a7b11c3c9c1be" data-mode="scan" async></script>
<!-- / Venatus Ad Manager -->

<style>
	@media (max-width:820px) {
		.battle {
			margin: 0 auto;
		}
		.battle-log {
			margin: 7px auto 0;
			max-width: 640px;
			height: 300px;
			position: static;
		}
	}
	.optgroup {
		display: inline-block;
		line-height: 22px;
		font-size: 10pt;
	}
	.optgroup .button {
		height: 25px;
		padding-top: 0;
		padding-bottom: 0;
	}
	.optgroup button.button {
		padding-left: 12px;
		padding-right: 12px;
	}
	.linklist {
		list-style: none;
		margin: 0.5em 0;
		padding: 0;
	}
	.linklist li {
		padding: 2px 0;
	}
	.sidebar {
		float: left;
		width: 320px;
	}
	.bar-wrapper {
		max-width: 1100px;
		margin: 0 auto;
	}
	.bar-wrapper.has-sidebar {
		max-width: 1430px;
	}
	.mainbar {
		margin: 0;
		padding-right: 1px;
	}
	.mainbar.has-sidebar {
		margin-left: 330px;
	}
	@media (min-width: 1511px) {
		.sidebar {
			width: 400px;
		}
		.bar-wrapper.has-sidebar {
			max-width: 1510px;
		}
		.mainbar.has-sidebar {
			margin-left: 410px;
		}
	}
	.section.first-section {
		margin-top: 9px;
	}
	.blocklink small {
		white-space: normal;
	}
	.button {
		vertical-align: middle;
	}
	.replay-controls {
		padding-top: 10px;
	}
	.replay-controls h1 {
		font-size: 16pt;
		font-weight: normal;
		color: #CCC;
	}
	.pagelink {
		text-align: center;
	}
	.pagelink a {
		width: 150px;
	}
	.textbox, .button {
		font-size: 11pt;
		vertical-align: middle;
	}
	@media (max-width: 450px) {
		.button {
			font-size: 9pt;
		}
	}
</style>

<div>

	<header>
		<div class="nav-wrapper"><ul class="nav">
			<li><a class="button nav-first" href="//pokemonshowdown.com/"><img src="//pokemonshowdown.com/images/pokemonshowdownbeta.png" srcset="//pokemonshowdown.com/images/pokemonshowdownbeta.png 1x, //pokemonshowdown.com/images/pokemonshowdownbeta@2x.png 2x" alt="Pok&eacute;mon Showdown" width="146" height="44" /> Home</a></li>
			<li><a class="button" href="//pokemonshowdown.com/dex/">Pok&eacute;dex</a></li>
			<li><a class="button cur" href="/">Replays</a></li>
			<li><a class="button" href="//pokemonshowdown.com/ladder/">Ladder</a></li>
			<li><a class="button nav-last" href="//pokemonshowdown.com/forums/">Forum</a></li>
			<li><a class="button greenbutton nav-first nav-last" href="//play.pokemonshowdown.com/">Play</a></li>
		</ul></div>
	</header>

	<div class="main" id="main">

		<noscript><section class="section">You need to enable JavaScript to use this page; sorry!</section></noscript>

	</div>

</div>

<script defer nomodule src="//play.pokemonshowdown.com/js/lib/ps-polyfill.js"></script>
<script defer src="//play.pokemonshowdown.com/js/lib/preact.min.js"></script>

<script defer src="//play.pokemonshowdown.com/config/config.js?6dec07f6"></script>
<script defer src="//play.pokemonshowdown.com/js/lib/jquery-1.11.0.min.js"></script>
<script defer src="//play.pokemonshowdown.com/js/lib/html-sanitizer-minified.js"></script>
<script defer src="//play.pokemonshowdown.com/js/battle-sound.js"></script>
<script defer src="//play.pokemonshowdown.com/js/battledata.js?0.6315294753075389"></script>
<script defer src="//play.pokemonshowdown.com/data/pokedex-mini.js?0.7603743185311358"></script>
<script defer src="//play.pokemonshowdown.com/data/pokedex-mini-bw.js?0.030888842834281283"></script>
<script defer src="//play.pokemonshowdown.com/data/graphics.js?0.05593094747507488"></script>
<script defer src="//play.pokemonshowdown.com/data/pokedex.js?0.47064822249611904"></script>
<script defer src="//play.pokemonshowdown.com/data/moves.js?0.8583693120512459"></script>
<script defer src="//play.pokemonshowdown.com/data/abilities.js?0.16017181182386842"></script>
<script defer src="//play.pokemonshowdown.com/data/items.js?0.4163379185673943"></script>
<script defer src="//play.pokemonshowdown.com/data/teambuilder-tables.js?0.31075597372830477"></script>
<script defer src="//play.pokemonshowdown.com/js/battle-tooltips.js?0.6536193500708172"></script>
<script defer src="//play.pokemonshowdown.com/js/battle.js?0.1916591943277901"></script>

<script defer src="js/utils.js?e31f9a17"></script>
<script defer src="js/replays-battle.js?7008c182"></script>

<!-- don't scrape this data! just add .json or .log after the URL!
Full API docs: https://github.com/smogon/pokemon-showdown-client/blob/master/WEB-API.md -->
<script type="text/plain" class="log" id="replaylog-smogtours-gen3ou-794241">
|inactive|Battle timer is ON: inactive players will automatically lose when time's up.
|t:|1727973764
|gametype|singles
|player|p1|Gonzasaurio 50|102|
|player|p2|Redrame|265|
|teamsize|p1|6
|teamsize|p2|6
|gen|3
|tier|[Gen 3] OU
|rule|Sleep Clause Mod: Limit one foe put to sleep
|rule|Switch Priority Clause Mod: Faster Pokémon switch first
|rule|Species Clause: Limit one of each Pokémon
|rule|OHKO Clause: OHKO moves are banned
|rule|Evasion Items Clause: Evasion items are banned
|rule|Evasion Moves Clause: Evasion moves are banned
|rule|Endless Battle Clause: Forcing endless battles is banned
|rule|HP Percentage Mod: HP is shown in percentages
|rule|One Boost Passer Clause: Limit one Baton Passer that has a way to boost its stats
|rule|Freeze Clause Mod: Limit one foe frozen
|
|t:|1727973764
|start
|switch|p1a: Zapdos|Zapdos|100/100
|switch|p2a: Hariyama|Hariyama, M|100/100
|turn|1
|
|t:|1727973774
|move|p1a: Zapdos|Thunderbolt|p2a: Hariyama
|-damage|p2a: Hariyama|60/100
|move|p2a: Hariyama|Knock Off|p1a: Zapdos
|-crit|p1a: Zapdos
|-damage|p1a: Zapdos|95/100
|-enditem|p1a: Zapdos|Leftovers|[from] move: Knock Off|[of] p2a: Hariyama
|-hint|In Gens 3-4, Knock Off only makes the target's item unusable; it cannot obtain a new item.
|
|-heal|p2a: Hariyama|66/100|[from] item: Leftovers
|upkeep
|turn|2
|
|t:|1727973783
|switch|p2a: Blissey|Blissey, F|100/100
|move|p1a: Zapdos|Thunderbolt|p2a: Blissey
|-damage|p2a: Blissey|82/100
|
|-heal|p2a: Blissey|89/100|[from] item: Leftovers
|upkeep
|turn|3
|
|t:|1727973792
|switch|p1a: Blissey|Blissey, F|100/100
|move|p2a: Blissey|Seismic Toss|p1a: Blissey
|-damage|p1a: Blissey|85/100
|
|-heal|p1a: Blissey|91/100|[from] item: Leftovers
|-heal|p2a: Blissey|95/100|[from] item: Leftovers
|upkeep
|turn|4
|
|t:|1727973805
|switch|p2a: Hariyama|Hariyama, M|66/100
|move|p1a: Blissey|Thunder Wave|p2a: Hariyama
|-status|p2a: Hariyama|par
|
|-heal|p1a: Blissey|97/100|[from] item: Leftovers
|-heal|p2a: Hariyama|72/100 par|[from] item: Leftovers
|upkeep
|turn|5
|
|t:|1727973815
|switch|p1a: Zapdos|Zapdos|95/100
|cant|p2a: Hariyama|par
|
|-heal|p2a: Hariyama|78/100 par|[from] item: Leftovers
|upkeep
|turn|6
|
|t:|1727973824
|switch|p2a: Claydol|Claydol|100/100
|move|p1a: Zapdos|Roar|p2a: Claydol
|drag|p2a: Blissey|Blissey, F|95/100
|
|-heal|p2a: Blissey|100/100|[from] item: Leftovers
|upkeep
|turn|7
|
|t:|1727973841
|switch|p1a: Tyranitar|Tyranitar, M|100/100
|-weather|Sandstorm|[from] ability: Sand Stream|[of] p1a: Tyranitar
|move|p2a: Blissey|Seismic Toss|p1a: Tyranitar
|-damage|p1a: Tyranitar|76/100
|
|-weather|Sandstorm|[upkeep]
|-damage|p2a: Blissey|94/100|[from] Sandstorm
|-heal|p1a: Tyranitar|82/100|[from] item: Leftovers
|-heal|p2a: Blissey|100/100|[from] item: Leftovers
|upkeep
|turn|8
|
|t:|1727973860
|-singleturn|p1a: Tyranitar|move: Focus Punch
|switch|p2a: Suicune|Suicune|100/100
|move|p1a: Tyranitar|Focus Punch|p2a: Suicune
|-damage|p2a: Suicune|64/100
|
|-weather|Sandstorm|[upkeep]
|-damage|p2a: Suicune|58/100|[from] Sandstorm
|-heal|p2a: Suicune|64/100|[from] item: Leftovers
|-heal|p1a: Tyranitar|88/100|[from] item: Leftovers
|upkeep
|turn|9
|
|t:|1727973871
|switch|p1a: Zapdos|Zapdos|95/100
|move|p2a: Suicune|Surf|p1a: Zapdos
|-crit|p1a: Zapdos
|-damage|p1a: Zapdos|14/100
|
|-weather|Sandstorm|[upkeep]
|-damage|p1a: Zapdos|7/100|[from] Sandstorm
|-damage|p2a: Suicune|58/100|[from] Sandstorm
|-heal|p2a: Suicune|64/100|[from] item: Leftovers
|upkeep
|turn|10
|
|t:|1727973882
|switch|p2a: Blissey|Blissey, F|100/100
|move|p1a: Zapdos|Thunderbolt|p2a: Blissey
|-damage|p2a: Blissey|80/100
|-status|p2a: Blissey|par
|
|-weather|Sandstorm|[upkeep]
|-damage|p1a: Zapdos|1/100|[from] Sandstorm
|-damage|p2a: Blissey|74/100 par|[from] Sandstorm
|-heal|p2a: Blissey|80/100 par|[from] item: Leftovers
|upkeep
|turn|11
|
|t:|1727973891
|switch|p1a: Tyranitar|Tyranitar, M|88/100
|-curestatus|p2a: Blissey|par|[from] ability: Natural Cure
|switch|p2a: Claydol|Claydol|100/100
|
|-weather|Sandstorm|[upkeep]
|-heal|p1a: Tyranitar|94/100|[from] item: Leftovers
|upkeep
|turn|12
|
|t:|1727973901
|switch|p1a: Zapdos|Zapdos|1/100
|move|p2a: Claydol|Earthquake|p1a: Zapdos
|-immune|p1a: Zapdos
|
|-weather|Sandstorm|[upkeep]
|-damage|p1a: Zapdos|0 fnt|[from] Sandstorm
|faint|p1a: Zapdos
|upkeep
|
|t:|1727973917
|switch|p1a: Flygon|Flygon, F|100/100
|turn|13
|
|t:|1727973937
|switch|p2a: Skarmory|Skarmory, F|100/100
|move|p1a: Flygon|Toxic|p2a: Skarmory
|-immune|p2a: Skarmory
|
|-weather|Sandstorm|[upkeep]
|upkeep
|turn|14
|
|t:|1727973943
|switch|p1a: Charizard|Charizard, F|100/100
|move|p2a: Skarmory|Spikes|p1a: Charizard
|-sidestart|p1: Gonzasaurio 50|Spikes
|
|-weather|Sandstorm|[upkeep]
|-damage|p1a: Charizard|94/100|[from] Sandstorm
|-heal|p1a: Charizard|100/100|[from] item: Leftovers
|upkeep
|turn|15
|
|t:|1727973956
|switch|p2a: Salamence|Salamence, F|100/100
|-ability|p2a: Salamence|Intimidate|boost
|-unboost|p1a: Charizard|atk|1
|move|p1a: Charizard|Substitute|p1a: Charizard
|-start|p1a: Charizard|Substitute
|-damage|p1a: Charizard|76/100
|
|-weather|Sandstorm|[upkeep]
|-damage|p1a: Charizard|70/100|[from] Sandstorm
|-damage|p2a: Salamence|94/100|[from] Sandstorm
|-heal|p1a: Charizard|76/100|[from] item: Leftovers
|-heal|p2a: Salamence|100/100|[from] item: Leftovers
|upkeep
|turn|16
|
|t:|1727973968
|move|p2a: Salamence|Protect|p2a: Salamence
|-singleturn|p2a: Salamence|Protect
|move|p1a: Charizard|Fire Blast|p2a: Salamence
|-activate|p2a: Salamence|Protect
|
|-weather|Sandstorm|[upkeep]
|-damage|p1a: Charizard|70/100|[from] Sandstorm
|-damage|p2a: Salamence|94/100|[from] Sandstorm
|-heal|p1a: Charizard|76/100|[from] item: Leftovers
|-heal|p2a: Salamence|100/100|[from] item: Leftovers
|upkeep
|turn|17
|
|t:|1727973981
|move|p1a: Charizard|Fire Blast|p2a: Salamence
|-resisted|p2a: Salamence
|-damage|p2a: Salamence|68/100
|-status|p2a: Salamence|brn
|move|p2a: Salamence|Wish|p2a: Salamence
|
|-weather|Sandstorm|[upkeep]
|-damage|p1a: Charizard|70/100|[from] Sandstorm
|-damage|p2a: Salamence|61/100 brn|[from] Sandstorm
|-heal|p1a: Charizard|76/100|[from] item: Leftovers
|-heal|p2a: Salamence|68/100 brn|[from] item: Leftovers
|-damage|p2a: Salamence|55/100 brn|[from] brn
|upkeep
|turn|18
|
|t:|1727973995
|move|p2a: Salamence|Protect|p2a: Salamence
|-singleturn|p2a: Salamence|Protect
|move|p1a: Charizard|Hidden Power|p2a: Salamence
|-activate|p2a: Salamence|Protect
|
|-heal|p2a: Salamence|100/100 brn|[from] move: Wish|[wisher] Salamence
|-weather|Sandstorm|[upkeep]
|-damage|p1a: Charizard|70/100|[from] Sandstorm
|-damage|p2a: Salamence|94/100 brn|[from] Sandstorm
|-heal|p1a: Charizard|76/100|[from] item: Leftovers
|-heal|p2a: Salamence|100/100 brn|[from] item: Leftovers
|-damage|p2a: Salamence|88/100 brn|[from] brn
|upkeep
|turn|19
|inactive|Redrame has 270 seconds left.
|
|t:|1727974026
|switch|p2a: Blissey|Blissey, F|80/100
|move|p1a: Charizard|Hidden Power|p2a: Blissey
|-damage|p2a: Blissey|70/100
|
|-weather|Sandstorm|[upkeep]
|-damage|p1a: Charizard|70/100|[from] Sandstorm
|-damage|p2a: Blissey|64/100|[from] Sandstorm
|-heal|p1a: Charizard|76/100|[from] item: Leftovers
|-heal|p2a: Blissey|70/100|[from] item: Leftovers
|upkeep
|turn|20
|inactive|Redrame has 270 seconds left.
|
|t:|1727974042
|-singleturn|p1a: Charizard|move: Focus Punch
|switch|p2a: Salamence|Salamence, F|88/100 brn
|move|p1a: Charizard|Focus Punch|p2a: Salamence
|-resisted|p2a: Salamence
|-crit|p2a: Salamence
|-damage|p2a: Salamence|66/100 brn
|
|-weather|Sandstorm|[upkeep]
|-damage|p1a: Charizard|70/100|[from] Sandstorm
|-damage|p2a: Salamence|60/100 brn|[from] Sandstorm
|-heal|p1a: Charizard|76/100|[from] item: Leftovers
|-heal|p2a: Salamence|66/100 brn|[from] item: Leftovers
|-damage|p2a: Salamence|54/100 brn|[from] brn
|upkeep
|turn|21
|inactive|Redrame has 270 seconds left.
|
|t:|1727974056
|move|p1a: Charizard|Hidden Power|p2a: Salamence
|-resisted|p2a: Salamence
|-damage|p2a: Salamence|47/100 brn
|move|p2a: Salamence|Wish|p2a: Salamence
|
|-weather|Sandstorm|[upkeep]
|-damage|p1a: Charizard|70/100|[from] Sandstorm
|-damage|p2a: Salamence|41/100 brn|[from] Sandstorm
|-heal|p1a: Charizard|76/100|[from] item: Leftovers
|-heal|p2a: Salamence|47/100 brn|[from] item: Leftovers
|-damage|p2a: Salamence|35/100 brn|[from] brn
|upkeep
|turn|22
|inactive|Redrame has 270 seconds left.
|
|t:|1727974067
|move|p2a: Salamence|Protect|p2a: Salamence
|-singleturn|p2a: Salamence|Protect
|move|p1a: Charizard|Hidden Power|p2a: Salamence
|-activate|p2a: Salamence|Protect
|
|-heal|p2a: Salamence|85/100 brn|[from] move: Wish|[wisher] Salamence
|-weather|Sandstorm|[upkeep]
|-damage|p1a: Charizard|70/100|[from] Sandstorm
|-damage|p2a: Salamence|79/100 brn|[from] Sandstorm
|-heal|p1a: Charizard|76/100|[from] item: Leftovers
|-heal|p2a: Salamence|85/100 brn|[from] item: Leftovers
|-damage|p2a: Salamence|72/100 brn|[from] brn
|upkeep
|turn|23
|inactive|Redrame has 270 seconds left.
|
|t:|1727974081
|-singleturn|p1a: Charizard|move: Focus Punch
|move|p2a: Salamence|Wish|p2a: Salamence
|move|p1a: Charizard|Focus Punch|p2a: Salamence
|-resisted|p2a: Salamence
|-damage|p2a: Salamence|65/100 brn
|
|-weather|Sandstorm|[upkeep]
|-damage|p1a: Charizard|70/100|[from] Sandstorm
|-damage|p2a: Salamence|59/100 brn|[from] Sandstorm
|-heal|p1a: Charizard|76/100|[from] item: Leftovers
|-heal|p2a: Salamence|65/100 brn|[from] item: Leftovers
|-damage|p2a: Salamence|53/100 brn|[from] brn
|upkeep
|turn|24
|inactive|Redrame has 270 seconds left.
|
|t:|1727974092
|switch|p1a: Tyranitar|Tyranitar, M|94/100
|-damage|p1a: Tyranitar|82/100|[from] Spikes
|move|p2a: Salamence|Protect||[still]
|-fail|p2a: Salamence
|
|-heal|p2a: Salamence|100/100 brn|[from] move: Wish|[wisher] Salamence
|-weather|Sandstorm|[upkeep]
|-damage|p2a: Salamence|94/100 brn|[from] Sandstorm
|-heal|p2a: Salamence|100/100 brn|[from] item: Leftovers
|-damage|p2a: Salamence|88/100 brn|[from] brn
|-heal|p1a: Tyranitar|88/100|[from] item: Leftovers
|upkeep
|turn|25
|inactive|Redrame has 270 seconds left.
|
|t:|1727974113
|-singleturn|p1a: Tyranitar|move: Focus Punch
|switch|p2a: Claydol|Claydol|100/100
|move|p1a: Tyranitar|Focus Punch|p2a: Claydol
|-resisted|p2a: Claydol
|-damage|p2a: Claydol|77/100
|
|-weather|Sandstorm|[upkeep]
|-heal|p2a: Claydol|83/100|[from] item: Leftovers
|-heal|p1a: Tyranitar|94/100|[from] item: Leftovers
|upkeep
|turn|26
|
|t:|1727974126
|switch|p1a: Flygon|Flygon, F|100/100
|move|p2a: Claydol|Earthquake|p1a: Flygon
|-immune|p1a: Flygon
|
|-weather|Sandstorm|[upkeep]
|-heal|p2a: Claydol|89/100|[from] item: Leftovers
|upkeep
|turn|27
|
|t:|1727974142
|switch|p1a: Charizard|Charizard, F|76/100
|switch|p2a: Suicune|Suicune|64/100
|
|-weather|Sandstorm|[upkeep]
|-damage|p1a: Charizard|70/100|[from] Sandstorm
|-damage|p2a: Suicune|58/100|[from] Sandstorm
|-heal|p1a: Charizard|76/100|[from] item: Leftovers
|-heal|p2a: Suicune|64/100|[from] item: Leftovers
|upkeep
|turn|28
|
|t:|1727974154
|switch|p1a: Blissey|Blissey, F|97/100
|-damage|p1a: Blissey|85/100|[from] Spikes
|move|p2a: Suicune|Toxic|p1a: Blissey
|-status|p1a: Blissey|tox
|
|-weather|Sandstorm|[upkeep]
|-damage|p2a: Suicune|58/100|[from] Sandstorm
|-damage|p1a: Blissey|79/100 tox|[from] Sandstorm
|-heal|p2a: Suicune|64/100|[from] item: Leftovers
|-heal|p1a: Blissey|85/100 tox|[from] item: Leftovers
|-damage|p1a: Blissey|79/100 tox|[from] psn
|upkeep
|turn|29
|
|t:|1727974166
|switch|p2a: Blissey|Blissey, F|70/100
|move|p1a: Blissey|Thunder Wave|p2a: Blissey
|-status|p2a: Blissey|par
|
|-weather|Sandstorm|[upkeep]
|-damage|p1a: Blissey|73/100 tox|[from] Sandstorm
|-damage|p2a: Blissey|64/100 par|[from] Sandstorm
|-heal|p1a: Blissey|79/100 tox|[from] item: Leftovers
|-damage|p1a: Blissey|67/100 tox|[from] psn
|-heal|p2a: Blissey|70/100 par|[from] item: Leftovers
|upkeep
|turn|30
|
|t:|1727974180
|move|p1a: Blissey|Soft-Boiled|p1a: Blissey
|-heal|p1a: Blissey|100/100 tox
|move|p2a: Blissey|Aromatherapy|p2a: Blissey
|-cureteam|p2a: Blissey|[from] move: Aromatherapy
|
|-weather|Sandstorm|[upkeep]
|-damage|p1a: Blissey|94/100 tox|[from] Sandstorm
|-damage|p2a: Blissey|64/100|[from] Sandstorm
|-heal|p1a: Blissey|100/100 tox|[from] item: Leftovers
|-damage|p1a: Blissey|82/100 tox|[from] psn
|-heal|p2a: Blissey|70/100|[from] item: Leftovers
|upkeep
|turn|31
|
|t:|1727974193
|-curestatus|p1a: Blissey|tox|[from] ability: Natural Cure
|switch|p1a: Gengar|Gengar, F|100/100
|move|p2a: Blissey|Ice Beam|p1a: Gengar
|-damage|p1a: Gengar|60/100
|
|-weather|Sandstorm|[upkeep]
|-damage|p1a: Gengar|53/100|[from] Sandstorm
|-damage|p2a: Blissey|64/100|[from] Sandstorm
|-heal|p1a: Gengar|60/100|[from] item: Leftovers
|-heal|p2a: Blissey|70/100|[from] item: Leftovers
|upkeep
|turn|32
|
|t:|1727974222
|switch|p2a: Claydol|Claydol|89/100
|move|p1a: Gengar|Ice Punch|p2a: Claydol
|-supereffective|p2a: Claydol
|-damage|p2a: Claydol|39/100
|
|-weather|Sandstorm|[upkeep]
|-damage|p1a: Gengar|53/100|[from] Sandstorm
|-heal|p1a: Gengar|60/100|[from] item: Leftovers
|-heal|p2a: Claydol|46/100|[from] item: Leftovers
|upkeep
|turn|33
|inactive|Redrame has 240 seconds left.
|
|t:|1727974239
|move|p1a: Gengar|Ice Punch|p2a: Claydol
|-supereffective|p2a: Claydol
|-damage|p2a: Claydol|0 fnt
|faint|p2a: Claydol
|inactive|Redrame has 240 seconds left.
|
|t:|1727974252
|switch|p2a: Hariyama|Hariyama, M|78/100
|
|-weather|Sandstorm|[upkeep]
|-damage|p1a: Gengar|53/100|[from] Sandstorm
|-damage|p2a: Hariyama|72/100|[from] Sandstorm
|-heal|p1a: Gengar|60/100|[from] item: Leftovers
|-heal|p2a: Hariyama|78/100|[from] item: Leftovers
|upkeep
|turn|34
|inactive|Redrame has 240 seconds left.
|
|t:|1727974262
|switch|p1a: Flygon|Flygon, F|100/100
|move|p2a: Hariyama|Knock Off|p1a: Flygon
|-damage|p1a: Flygon|98/100
|-enditem|p1a: Flygon|Leftovers|[from] move: Knock Off|[of] p2a: Hariyama
|
|-weather|Sandstorm|[upkeep]
|-damage|p2a: Hariyama|72/100|[from] Sandstorm
|-heal|p2a: Hariyama|78/100|[from] item: Leftovers
|upkeep
|turn|35
|inactive|Redrame has 240 seconds left.
|
|t:|1727974273
|switch|p2a: Skarmory|Skarmory, F|100/100
|move|p1a: Flygon|Toxic|p2a: Skarmory
|-immune|p2a: Skarmory
|
|-weather|Sandstorm|[upkeep]
|upkeep
|turn|36
|inactive|Redrame has 240 seconds left.
|
|t:|1727974285
|switch|p1a: Charizard|Charizard, F|76/100
|move|p2a: Skarmory|Roar|p1a: Charizard
|drag|p1a: Blissey|Blissey, F|82/100
|-damage|p1a: Blissey|70/100|[from] Spikes
|
|-weather|Sandstorm|[upkeep]
|-damage|p1a: Blissey|63/100|[from] Sandstorm
|-heal|p1a: Blissey|70/100|[from] item: Leftovers
|upkeep
|turn|37
|inactive|Redrame has 240 seconds left.
|
|t:|1727974299
|switch|p2a: Hariyama|Hariyama, M|78/100
|move|p1a: Blissey|Thunder Wave|p2a: Hariyama
|-status|p2a: Hariyama|par
|
|-weather|Sandstorm|[upkeep]
|-damage|p1a: Blissey|63/100|[from] Sandstorm
|-damage|p2a: Hariyama|72/100 par|[from] Sandstorm
|-heal|p1a: Blissey|70/100|[from] item: Leftovers
|-heal|p2a: Hariyama|78/100 par|[from] item: Leftovers
|upkeep
|turn|38
|inactive|Redrame has 240 seconds left.
|
|t:|1727974320
|switch|p1a: Flygon|Flygon, F|98/100
|move|p2a: Hariyama|Brick Break|p1a: Flygon
|-damage|p1a: Flygon|71/100
|
|-weather|Sandstorm|[upkeep]
|-damage|p2a: Hariyama|72/100 par|[from] Sandstorm
|-heal|p2a: Hariyama|78/100 par|[from] item: Leftovers
|upkeep
|turn|39
|inactive|Redrame has 240 seconds left.
|
|t:|1727974336
|switch|p1a: Charizard|Charizard, F|76/100
|switch|p2a: Salamence|Salamence, F|88/100
|-ability|p2a: Salamence|Intimidate|boost
|-unboost|p1a: Charizard|atk|1
|
|-weather|Sandstorm|[upkeep]
|-damage|p1a: Charizard|70/100|[from] Sandstorm
|-damage|p2a: Salamence|82/100|[from] Sandstorm
|-heal|p1a: Charizard|76/100|[from] item: Leftovers
|-heal|p2a: Salamence|88/100|[from] item: Leftovers
|upkeep
|turn|40
|inactive|Redrame has 240 seconds left.
|
|t:|1727974348
|switch|p1a: Tyranitar|Tyranitar, M|94/100
|-damage|p1a: Tyranitar|82/100|[from] Spikes
|move|p2a: Salamence|Toxic|p1a: Tyranitar
|-status|p1a: Tyranitar|tox
|
|-weather|Sandstorm|[upkeep]
|-damage|p2a: Salamence|82/100|[from] Sandstorm
|-heal|p2a: Salamence|88/100|[from] item: Leftovers
|-heal|p1a: Tyranitar|88/100 tox|[from] item: Leftovers
|-damage|p1a: Tyranitar|82/100 tox|[from] psn
|upkeep
|turn|41
|inactive|Redrame has 240 seconds left.
|
|t:|1727974361
|move|p2a: Salamence|Protect|p2a: Salamence
|-singleturn|p2a: Salamence|Protect
|move|p1a: Tyranitar|Rock Slide|p2a: Salamence
|-activate|p2a: Salamence|Protect
|
|-weather|Sandstorm|[upkeep]
|-damage|p2a: Salamence|82/100|[from] Sandstorm
|-heal|p2a: Salamence|88/100|[from] item: Leftovers
|-heal|p1a: Tyranitar|88/100 tox|[from] item: Leftovers
|-damage|p1a: Tyranitar|76/100 tox|[from] psn
|upkeep
|turn|42
|inactive|Redrame has 240 seconds left.
|
|t:|1727974383
|switch|p2a: Skarmory|Skarmory, F|100/100
|switch|p1a: Charizard|Charizard, F|76/100
|
|-weather|Sandstorm|[upkeep]
|-damage|p1a: Charizard|70/100|[from] Sandstorm
|-heal|p1a: Charizard|76/100|[from] item: Leftovers
|upkeep
|turn|43
|
|t:|1727974394
|switch|p2a: Salamence|Salamence, F|88/100
|-ability|p2a: Salamence|Intimidate|boost
|-unboost|p1a: Charizard|atk|1
|move|p1a: Charizard|Substitute|p1a: Charizard
|-start|p1a: Charizard|Substitute
|-damage|p1a: Charizard|51/100
|
|-weather|Sandstorm|[upkeep]
|-damage|p1a: Charizard|45/100|[from] Sandstorm
|-damage|p2a: Salamence|82/100|[from] Sandstorm
|-heal|p1a: Charizard|51/100|[from] item: Leftovers
|-heal|p2a: Salamence|88/100|[from] item: Leftovers
|upkeep
|turn|44
|
|t:|1727974406
|move|p1a: Charizard|Hidden Power|p2a: Salamence
|-resisted|p2a: Salamence
|-damage|p2a: Salamence|82/100
|move|p2a: Salamence|Wish|p2a: Salamence
|
|-weather|Sandstorm|[upkeep]
|-damage|p1a: Charizard|45/100|[from] Sandstorm
|-damage|p2a: Salamence|76/100|[from] Sandstorm
|-heal|p1a: Charizard|51/100|[from] item: Leftovers
|-heal|p2a: Salamence|82/100|[from] item: Leftovers
|upkeep
|turn|45
|
|t:|1727974415
|move|p1a: Charizard|Hidden Power|p2a: Salamence
|-resisted|p2a: Salamence
|-damage|p2a: Salamence|77/100
|move|p2a: Salamence|Flamethrower|p1a: Charizard
|-resisted|p1a: Charizard
|-activate|p1a: Charizard|Substitute|[damage]
|
|-heal|p2a: Salamence|100/100|[from] move: Wish|[wisher] Salamence
|-weather|Sandstorm|[upkeep]
|-damage|p1a: Charizard|45/100|[from] Sandstorm
|-damage|p2a: Salamence|94/100|[from] Sandstorm
|-heal|p1a: Charizard|51/100|[from] item: Leftovers
|-heal|p2a: Salamence|100/100|[from] item: Leftovers
|upkeep
|turn|46
|inactive|Redrame has 240 seconds left.
|
|t:|1727974428
|move|p1a: Charizard|Fire Blast|p2a: Salamence
|-resisted|p2a: Salamence
|-damage|p2a: Salamence|67/100
|move|p2a: Salamence|Wish|p2a: Salamence
|
|-weather|Sandstorm|[upkeep]
|-damage|p1a: Charizard|45/100|[from] Sandstorm
|-damage|p2a: Salamence|61/100|[from] Sandstorm
|-heal|p1a: Charizard|51/100|[from] item: Leftovers
|-heal|p2a: Salamence|67/100|[from] item: Leftovers
|upkeep
|turn|47
|inactive|Redrame has 240 seconds left.
|
|t:|1727974437
|switch|p1a: Gengar|Gengar, F|60/100
|move|p2a: Salamence|Flamethrower|p1a: Gengar
|-damage|p1a: Gengar|18/100
|
|-heal|p2a: Salamence|100/100|[from] move: Wish|[wisher] Salamence
|-weather|Sandstorm|[upkeep]
|-damage|p1a: Gengar|12/100|[from] Sandstorm
|-damage|p2a: Salamence|94/100|[from] Sandstorm
|-heal|p1a: Gengar|18/100|[from] item: Leftovers
|-heal|p2a: Salamence|100/100|[from] item: Leftovers
|upkeep
|turn|48
|inactive|Redrame has 240 seconds left.
|
|t:|1727974453
|switch|p2a: Hariyama|Hariyama, M|78/100 par
|move|p1a: Gengar|Ice Punch|p2a: Hariyama
|-damage|p2a: Hariyama|66/100 par
|
|-weather|Sandstorm|[upkeep]
|-damage|p1a: Gengar|12/100|[from] Sandstorm
|-damage|p2a: Hariyama|60/100 par|[from] Sandstorm
|-heal|p1a: Gengar|18/100|[from] item: Leftovers
|-heal|p2a: Hariyama|66/100 par|[from] item: Leftovers
|upkeep
|turn|49
|inactive|Redrame has 240 seconds left.
|
|t:|1727974474
|switch|p1a: Charizard|Charizard, F|51/100
|cant|p2a: Hariyama|par
|
|-weather|Sandstorm|[upkeep]
|-damage|p1a: Charizard|45/100|[from] Sandstorm
|-damage|p2a: Hariyama|60/100 par|[from] Sandstorm
|-heal|p1a: Charizard|51/100|[from] item: Leftovers
|-heal|p2a: Hariyama|66/100 par|[from] item: Leftovers
|upkeep
|turn|50
|inactive|Redrame has 240 seconds left.
|
|t:|1727974482
|move|p1a: Charizard|Fire Blast|p2a: Hariyama
|-damage|p2a: Hariyama|40/100 par
|move|p2a: Hariyama|Rock Slide|p1a: Charizard
|-supereffective|p1a: Charizard
|-damage|p1a: Charizard|0 fnt
|faint|p1a: Charizard
|
|t:|1727974489
|switch|p1a: Flygon|Flygon, F|71/100
|
|-weather|Sandstorm|[upkeep]
|-damage|p2a: Hariyama|34/100 par|[from] Sandstorm
|-heal|p2a: Hariyama|40/100 par|[from] item: Leftovers
|upkeep
|turn|51
|
|t:|1727974499
|switch|p2a: Skarmory|Skarmory, F|100/100
|move|p1a: Flygon|Earthquake|p2a: Skarmory
|-immune|p2a: Skarmory
|
|-weather|Sandstorm|[upkeep]
|upkeep
|turn|52
|
|t:|1727974507
|switch|p1a: Blissey|Blissey, F|70/100
|-damage|p1a: Blissey|57/100|[from] Spikes
|move|p2a: Skarmory|Drill Peck|p1a: Blissey
|-damage|p1a: Blissey|35/100
|
|-weather|Sandstorm|[upkeep]
|-damage|p1a: Blissey|29/100|[from] Sandstorm
|-heal|p1a: Blissey|35/100|[from] item: Leftovers
|upkeep
|turn|53
|
|t:|1727974515
|switch|p2a: Hariyama|Hariyama, M|40/100 par
|move|p1a: Blissey|Soft-Boiled|p1a: Blissey
|-heal|p1a: Blissey|85/100
|
|-weather|Sandstorm|[upkeep]
|-damage|p1a: Blissey|79/100|[from] Sandstorm
|-damage|p2a: Hariyama|34/100 par|[from] Sandstorm
|-heal|p1a: Blissey|85/100|[from] item: Leftovers
|-heal|p2a: Hariyama|40/100 par|[from] item: Leftovers
|upkeep
|turn|54
|
|t:|1727974524
|move|p1a: Blissey|Seismic Toss|p2a: Hariyama
|-damage|p2a: Hariyama|17/100 par
|move|p2a: Hariyama|Brick Break|p1a: Blissey
|-supereffective|p1a: Blissey
|-damage|p1a: Blissey|10/100
|
|-weather|Sandstorm|[upkeep]
|-damage|p1a: Blissey|4/100|[from] Sandstorm
|-damage|p2a: Hariyama|11/100 par|[from] Sandstorm
|-heal|p1a: Blissey|10/100|[from] item: Leftovers
|-heal|p2a: Hariyama|17/100 par|[from] item: Leftovers
|upkeep
|turn|55
|inactive|Redrame has 270 seconds left.
|
|t:|1727974534
|move|p1a: Blissey|Seismic Toss|p2a: Hariyama
|-damage|p2a: Hariyama|0 fnt
|faint|p2a: Hariyama
|
|t:|1727974542
|switch|p2a: Skarmory|Skarmory, F|100/100
|
|-weather|Sandstorm|[upkeep]
|-damage|p1a: Blissey|4/100|[from] Sandstorm
|-heal|p1a: Blissey|10/100|[from] item: Leftovers
|upkeep
|turn|56
|inactive|Redrame has 270 seconds left.
|
|t:|1727974554
|move|p2a: Skarmory|Drill Peck|p1a: Blissey
|-damage|p1a: Blissey|0 fnt
|faint|p1a: Blissey
|
|t:|1727974556
|switch|p1a: Tyranitar|Tyranitar, M|76/100 tox
|-damage|p1a: Tyranitar|63/100 tox|[from] Spikes
|
|-weather|Sandstorm|[upkeep]
|-heal|p1a: Tyranitar|69/100 tox|[from] item: Leftovers
|-damage|p1a: Tyranitar|63/100 tox|[from] psn
|upkeep
|turn|57
|
|t:|1727974563
|move|p2a: Skarmory|Protect|p2a: Skarmory
|-singleturn|p2a: Skarmory|Protect
|move|p1a: Tyranitar|Rock Slide|p2a: Skarmory|[miss]
|-miss|p1a: Tyranitar|p2a: Skarmory
|
|-weather|Sandstorm|[upkeep]
|-heal|p1a: Tyranitar|69/100 tox|[from] item: Leftovers
|-damage|p1a: Tyranitar|57/100 tox|[from] psn
|upkeep
|turn|58
|
|t:|1727974576
|move|p2a: Skarmory|Drill Peck|p1a: Tyranitar
|-resisted|p1a: Tyranitar
|-damage|p1a: Tyranitar|49/100 tox
|move|p1a: Tyranitar|Rock Slide|p2a: Skarmory
|-damage|p2a: Skarmory|67/100
|
|-weather|Sandstorm|[upkeep]
|-heal|p2a: Skarmory|73/100|[from] item: Leftovers
|-heal|p1a: Tyranitar|55/100 tox|[from] item: Leftovers
|-damage|p1a: Tyranitar|36/100 tox|[from] psn
|upkeep
|turn|59
|
|t:|1727974590
|switch|p1a: Flygon|Flygon, F|71/100
|move|p2a: Skarmory|Protect||[still]
|-fail|p2a: Skarmory
|
|-weather|Sandstorm|[upkeep]
|-heal|p2a: Skarmory|79/100|[from] item: Leftovers
|upkeep
|turn|60
|
|t:|1727974596
|move|p2a: Skarmory|Protect|p2a: Skarmory
|-singleturn|p2a: Skarmory|Protect
|move|p1a: Flygon|Rock Slide|p2a: Skarmory
|-activate|p2a: Skarmory|Protect
|
|-weather|Sandstorm|[upkeep]
|-heal|p2a: Skarmory|85/100|[from] item: Leftovers
|upkeep
|turn|61
|
|t:|1727974612
|move|p1a: Flygon|Rock Slide|p2a: Skarmory
|-damage|p2a: Skarmory|71/100
|cant|p2a: Skarmory|flinch
|
|-weather|Sandstorm|[upkeep]
|-heal|p2a: Skarmory|77/100|[from] item: Leftovers
|upkeep
|turn|62
|
|t:|1727974618
|move|p1a: Flygon|Rock Slide|p2a: Skarmory|[miss]
|-miss|p1a: Flygon|p2a: Skarmory
|move|p2a: Skarmory|Drill Peck|p1a: Flygon
|-damage|p1a: Flygon|53/100
|
|-weather|Sandstorm|[upkeep]
|-heal|p2a: Skarmory|83/100|[from] item: Leftovers
|upkeep
|turn|63
|
|t:|1727974625
|move|p1a: Flygon|Toxic|p2a: Skarmory|[miss]
|-miss|p1a: Flygon|p2a: Skarmory
|move|p2a: Skarmory|Drill Peck|p1a: Flygon
|-damage|p1a: Flygon|35/100
|
|-weather|Sandstorm|[upkeep]
|-heal|p2a: Skarmory|89/100|[from] item: Leftovers
|upkeep
|turn|64
|
|t:|1727974639
|move|p1a: Flygon|Rock Slide|p2a: Skarmory
|-crit|p2a: Skarmory
|-damage|p2a: Skarmory|62/100
|move|p2a: Skarmory|Drill Peck|p1a: Flygon
|-damage|p1a: Flygon|16/100
|
|-weather|Sandstorm|[upkeep]
|-heal|p2a: Skarmory|68/100|[from] item: Leftovers
|upkeep
|turn|65
|
|t:|1727974647
|move|p2a: Skarmory|Protect|p2a: Skarmory
|-singleturn|p2a: Skarmory|Protect
|move|p1a: Flygon|Rock Slide|p2a: Skarmory
|-activate|p2a: Skarmory|Protect
|
|-weather|Sandstorm|[upkeep]
|-heal|p2a: Skarmory|74/100|[from] item: Leftovers
|upkeep
|turn|66
|
|t:|1727974656
|move|p1a: Flygon|Rock Slide|p2a: Skarmory
|-damage|p2a: Skarmory|60/100
|move|p2a: Skarmory|Drill Peck|p1a: Flygon
|-damage|p1a: Flygon|0 fnt
|faint|p1a: Flygon
|
|t:|1727974663
|switch|p1a: Tyranitar|Tyranitar, M|36/100 tox
|-damage|p1a: Tyranitar|24/100 tox|[from] Spikes
|
|-weather|Sandstorm|[upkeep]
|-heal|p2a: Skarmory|66/100|[from] item: Leftovers
|-heal|p1a: Tyranitar|30/100 tox|[from] item: Leftovers
|-damage|p1a: Tyranitar|24/100 tox|[from] psn
|upkeep
|turn|67
|
|t:|1727974670
|move|p2a: Skarmory|Protect|p2a: Skarmory
|-singleturn|p2a: Skarmory|Protect
|move|p1a: Tyranitar|Rock Slide|p2a: Skarmory
|-activate|p2a: Skarmory|Protect
|
|-weather|Sandstorm|[upkeep]
|-heal|p2a: Skarmory|72/100|[from] item: Leftovers
|-heal|p1a: Tyranitar|30/100 tox|[from] item: Leftovers
|-damage|p1a: Tyranitar|18/100 tox|[from] psn
|upkeep
|turn|68
|
|t:|1727974683
|switch|p2a: Salamence|Salamence, F|100/100
|-ability|p2a: Salamence|Intimidate|boost
|-unboost|p1a: Tyranitar|atk|1
|move|p1a: Tyranitar|Rock Slide|p2a: Salamence
|-supereffective|p2a: Salamence
|-damage|p2a: Salamence|55/100
|
|-weather|Sandstorm|[upkeep]
|-damage|p2a: Salamence|49/100|[from] Sandstorm
|-heal|p2a: Salamence|55/100|[from] item: Leftovers
|-heal|p1a: Tyranitar|24/100 tox|[from] item: Leftovers
|-damage|p1a: Tyranitar|5/100 tox|[from] psn
|upkeep
|turn|69
|
|t:|1727974696
|move|p2a: Salamence|Wish|p2a: Salamence
|move|p1a: Tyranitar|Rock Slide|p2a: Salamence
|-supereffective|p2a: Salamence
|-damage|p2a: Salamence|10/100
|
|-weather|Sandstorm|[upkeep]
|-damage|p2a: Salamence|4/100|[from] Sandstorm
|-heal|p2a: Salamence|10/100|[from] item: Leftovers
|-heal|p1a: Tyranitar|12/100 tox|[from] item: Leftovers
|-damage|p1a: Tyranitar|0 fnt|[from] psn
|faint|p1a: Tyranitar
|upkeep
|
|t:|1727974707
|switch|p1a: Gengar|Gengar, F|18/100
|turn|70
|
|t:|1727974710
|move|p1a: Gengar|Thunderbolt|p2a: Salamence
|-damage|p2a: Salamence|0 fnt
|faint|p2a: Salamence
|
|t:|1727974717
|switch|p2a: Blissey|Blissey, F|70/100
|
|-heal|p2a: Blissey|100/100|[from] move: Wish|[wisher] Salamence
|-weather|Sandstorm|[upkeep]
|-damage|p1a: Gengar|12/100|[from] Sandstorm
|-damage|p2a: Blissey|94/100|[from] Sandstorm
|-heal|p1a: Gengar|18/100|[from] item: Leftovers
|-heal|p2a: Blissey|100/100|[from] item: Leftovers
|upkeep
|turn|71
|
|t:|1727974725
|move|p1a: Gengar|Ice Punch|p2a: Blissey
|-damage|p2a: Blissey|89/100
|move|p2a: Blissey|Ice Beam|p1a: Gengar
|-damage|p1a: Gengar|0 fnt
|faint|p1a: Gengar
|
|win|Redrame
|player|p2|
|player|p1|
|player|p1|Gonzasaurio 50|102|

</script>
<script type="application/json" class="data" id="replaydata-smogtours-gen3ou-794241">
{"id":"smogtours-gen3ou-794241","format":"[Gen 3] OU","players":["Gonzasaurio 50","Redrame"],"uploadtime":1727974725,"views":107,"formatid":"gen3ou","rating":null,"private":0,"password":null}
</script>

<script defer src="js/replays.js?9d40a366"></script>
