<!DOCTYPE html>
<meta charset="utf-8" />
<meta name="viewport" content="width=device-width" />

<title>[Gen 3] OU: HeyYa!_Forte vs. Zpanther - Replays - Pok&eacute;mon Showdown!</title>

<meta name="description" content="Watch a replay of a Pok&eacute;mon battle between HeyYa!_Forte and Zpanther! Format: [Gen 3] OU; Date: Oct 25, 2024" />
<!--

Hey, you! Looking in the source for the replay log?

You can find them in JSON format, just add `.json` at the end of a replay URL.

https://replay.pokemonshowdown.com/gen7randomdoublesbattle-865046831.json

Or, if you only need the log itself, add `.log` instead:

https://replay.pokemonshowdown.com/gen7randomdoublesbattle-865046831.log

-->

<link rel="stylesheet" href="//pokemonshowdown.com/style/global.css?0.023195364461161105" />
<link rel="stylesheet" href="//play.pokemonshowdown.com/style/font-awesome.css?0.13261647063804238" />
<link rel="stylesheet" href="//play.pokemonshowdown.com/style/battle.css?0.8753245789963631" />
<link rel="stylesheet" href="//play.pokemonshowdown.com/style/utilichart.css?0.8627959624976733" />

<!-- Global site tag (gtag.js) - Google Analytics -->
<script async src="https://www.googletagmanager.com/gtag/js?id=UA-26211653-1"></script>
<script>
  window.dataLayer = window.dataLayer || [];
  function gtag(){dataLayer.push(arguments);}
  gtag('js', new Date());

  gtag('config', 'UA-26211653-1');
</script>
<!-- End Google Analytics -->
<!-- Venatus Ad Manager - Install in <HEAD> of page -->
	<script src="https://hb.vntsm.com/v3/live/ad-manager.min.js" type="text/javascript" data-site-id="642aba63ec9a7b11c3c9c1be" data-mode="scan" async></script>
<!-- / Venatus Ad Manager -->

<style>
	@media (max-width:820px) {
		.battle {
			margin: 0 auto;
		}
		.battle-log {
			margin: 7px auto 0;
			max-width: 640px;
			height: 300px;
			position: static;
		}
	}
	.optgroup {
		display: inline-block;
		line-height: 22px;
		font-size: 10pt;
	}
	.optgroup .button {
		height: 25px;
		padding-top: 0;
		padding-bottom: 0;
	}
	.optgroup button.button {
		padding-left: 12px;
		padding-right: 12px;
	}
	.linklist {
		list-style: none;
		margin: 0.5em 0;
		padding: 0;
	}
	.linklist li {
		padding: 2px 0;
	}
	.sidebar {
		float: left;
		width: 320px;
	}
	.bar-wrapper {
		max-width: 1100px;
		margin: 0 auto;
	}
	.bar-wrapper.has-sidebar {
		max-width: 1430px;
	}
	.mainbar {
		margin: 0;
		padding-right: 1px;
	}
	.mainbar.has-sidebar {
		margin-left: 330px;
	}
	@media (min-width: 1511px) {
		.sidebar {
			width: 400px;
		}
		.bar-wrapper.has-sidebar {
			max-width: 1510px;
		}
		.mainbar.has-sidebar {
			margin-left: 410px;
		}
	}
	.section.first-section {
		margin-top: 9px;
	}
	.blocklink small {
		white-space: normal;
	}
	.button {
		vertical-align: middle;
	}
	.replay-controls {
		padding-top: 10px;
	}
	.replay-controls h1 {
		font-size: 16pt;
		font-weight: normal;
		color: #CCC;
	}
	.pagelink {
		text-align: center;
	}
	.pagelink a {
		width: 150px;
	}
	.textbox, .button {
		font-size: 11pt;
		vertical-align: middle;
	}
	@media (max-width: 450px) {
		.button {
			font-size: 9pt;
		}
	}
</style>

<div>

	<header>
		<div class="nav-wrapper"><ul class="nav">
			<li><a class="button nav-first" href="//pokemonshowdown.com/"><img src="//pokemonshowdown.com/images/pokemonshowdownbeta.png" srcset="//pokemonshowdown.com/images/pokemonshowdownbeta.png 1x, //pokemonshowdown.com/images/pokemonshowdownbeta@2x.png 2x" alt="Pok&eacute;mon Showdown" width="146" height="44" /> Home</a></li>
			<li><a class="button" href="//pokemonshowdown.com/dex/">Pok&eacute;dex</a></li>
			<li><a class="button cur" href="/">Replays</a></li>
			<li><a class="button" href="//pokemonshowdown.com/ladder/">Ladder</a></li>
			<li><a class="button nav-last" href="//pokemonshowdown.com/forums/">Forum</a></li>
			<li><a class="button greenbutton nav-first nav-last" href="//play.pokemonshowdown.com/">Play</a></li>
		</ul></div>
	</header>

	<div class="main" id="main">

		<noscript><section class="section">You need to enable JavaScript to use this page; sorry!</section></noscript>

	</div>

</div>

<script defer nomodule src="//play.pokemonshowdown.com/js/lib/ps-polyfill.js"></script>
<script defer src="//play.pokemonshowdown.com/js/lib/preact.min.js"></script>

<script defer src="//play.pokemonshowdown.com/config/config.js?2bddbc15"></script>
<script defer src="//play.pokemonshowdown.com/js/lib/jquery-1.11.0.min.js"></script>
<script defer src="//play.pokemonshowdown.com/js/lib/html-sanitizer-minified.js"></script>
<script defer src="//play.pokemonshowdown.com/js/battle-sound.js"></script>
<script defer src="//play.pokemonshowdown.com/js/battledata.js?0.7209276989879541"></script>
<script defer src="//play.pokemonshowdown.com/data/pokedex-mini.js?0.6111056340867951"></script>
<script defer src="//play.pokemonshowdown.com/data/pokedex-mini-bw.js?0.3532142036491459"></script>
<script defer src="//play.pokemonshowdown.com/data/graphics.js?0.24223875632456182"></script>
<script defer src="//play.pokemonshowdown.com/data/pokedex.js?0.38839984266356864"></script>
<script defer src="//play.pokemonshowdown.com/data/moves.js?0.21866028504024015"></script>
<script defer src="//play.pokemonshowdown.com/data/abilities.js?0.2005157953846628"></script>
<script defer src="//play.pokemonshowdown.com/data/items.js?0.9894211263848525"></script>
<script defer src="//play.pokemonshowdown.com/data/teambuilder-tables.js?0.6008791140282215"></script>
<script defer src="//play.pokemonshowdown.com/js/battle-tooltips.js?0.7580118955022959"></script>
<script defer src="//play.pokemonshowdown.com/js/battle.js?0.6057722274234274"></script>

<script defer src="js/utils.js?e31f9a17"></script>
<script defer src="js/replays-battle.js?7008c182"></script>

<!-- don't scrape this data! just add .json or .log after the URL!
Full API docs: https://github.com/smogon/pokemon-showdown-client/blob/master/WEB-API.md -->
<script type="text/plain" class="log" id="replaylog-smogtours-gen3ou-801969">
|inactive|Battle timer is ON: inactive players will automatically lose when time's up.
|t:|1729897433
|gametype|singles
|player|p1|HeyYa!_Forte|backersf|
|player|p2|Zpanther|rose-zerosuit|
|teamsize|p1|6
|teamsize|p2|6
|gen|3
|tier|[Gen 3] OU
|rule|Sleep Clause Mod: Limit one foe put to sleep
|rule|Switch Priority Clause Mod: Faster Pokémon switch first
|rule|Species Clause: Limit one of each Pokémon
|rule|OHKO Clause: OHKO moves are banned
|rule|Evasion Items Clause: Evasion items are banned
|rule|Evasion Moves Clause: Evasion moves are banned
|rule|Endless Battle Clause: Forcing endless battles is banned
|rule|HP Percentage Mod: HP is shown in percentages
|rule|One Boost Passer Clause: Limit one Baton Passer that has a way to boost its stats
|rule|Freeze Clause Mod: Limit one foe frozen
|
|t:|1729897433
|start
|switch|p1a: Medicham|Medicham, F|100/100
|switch|p2a: Tyranitar|Tyranitar, M|100/100
|-weather|Sandstorm|[from] ability: Sand Stream|[of] p2a: Tyranitar
|turn|1
|c|☆Zpanther|hf
|
|t:|1729897441
|move|p1a: Medicham|Baton Pass|p1a: Medicham
|c|☆HeyYa!_Forte|glhf
|
|t:|1729897443
|switch|p1a: Suicune|Suicune|100/100|[from] Baton Pass
|move|p2a: Tyranitar|Earthquake|p1a: Suicune
|-damage|p1a: Suicune|82/100
|
|-weather|Sandstorm|[upkeep]
|-damage|p1a: Suicune|76/100|[from] Sandstorm
|-heal|p1a: Suicune|82/100|[from] item: Leftovers
|upkeep
|turn|2
|
|t:|1729897455
|switch|p2a: Zapdos|Zapdos|100/100
|move|p1a: Suicune|Surf|p2a: Zapdos
|-damage|p2a: Zapdos|71/100
|
|-weather|Sandstorm|[upkeep]
|-damage|p2a: Zapdos|65/100|[from] Sandstorm
|-damage|p1a: Suicune|76/100|[from] Sandstorm
|-heal|p2a: Zapdos|71/100|[from] item: Leftovers
|-heal|p1a: Suicune|82/100|[from] item: Leftovers
|upkeep
|turn|3
|
|t:|1729897457
|switch|p1a: Blissey|Blissey, F|100/100
|move|p2a: Zapdos|Thunderbolt|p1a: Blissey
|-damage|p1a: Blissey|83/100
|
|-weather|Sandstorm|[upkeep]
|-damage|p2a: Zapdos|65/100|[from] Sandstorm
|-damage|p1a: Blissey|76/100|[from] Sandstorm
|-heal|p2a: Zapdos|71/100|[from] item: Leftovers
|-heal|p1a: Blissey|83/100|[from] item: Leftovers
|upkeep
|turn|4
|
|t:|1729897461
|move|p2a: Zapdos|Baton Pass|p2a: Zapdos
|
|t:|1729897463
|switch|p2a: Skarmory|Skarmory, F|100/100|[from] Baton Pass
|move|p1a: Blissey|Thunder Wave|p2a: Skarmory
|-status|p2a: Skarmory|par
|
|-weather|Sandstorm|[upkeep]
|-damage|p1a: Blissey|76/100|[from] Sandstorm
|-heal|p1a: Blissey|83/100|[from] item: Leftovers
|upkeep
|turn|5
|
|t:|1729897466
|switch|p1a: Magneton|Magneton|100/100
|move|p2a: Skarmory|Spikes|p1a: Magneton
|-sidestart|p1: HeyYa!_Forte|Spikes
|
|-weather|Sandstorm|[upkeep]
|upkeep
|turn|6
|
|t:|1729897470
|move|p1a: Magneton|Thunderbolt|p2a: Skarmory
|-supereffective|p2a: Skarmory
|-crit|p2a: Skarmory
|-damage|p2a: Skarmory|0 fnt
|faint|p2a: Skarmory
|
|t:|1729897474
|switch|p2a: Tyranitar|Tyranitar, M|100/100
|
|-weather|Sandstorm|[upkeep]
|upkeep
|turn|7
|
|t:|1729897477
|move|p1a: Magneton|Thunderbolt|p2a: Tyranitar
|-damage|p2a: Tyranitar|53/100
|move|p2a: Tyranitar|Earthquake|p1a: Magneton
|-supereffective|p1a: Magneton
|-damage|p1a: Magneton|0 fnt
|faint|p1a: Magneton
|
|t:|1729897479
|switch|p1a: Dugtrio|Dugtrio, F|100/100
|-damage|p1a: Dugtrio|88/100|[from] Spikes
|
|-weather|Sandstorm|[upkeep]
|-heal|p2a: Tyranitar|59/100|[from] item: Leftovers
|upkeep
|turn|8
|
|t:|1729897482
|move|p1a: Dugtrio|Earthquake|p2a: Tyranitar
|-supereffective|p2a: Tyranitar
|-damage|p2a: Tyranitar|0 fnt
|faint|p2a: Tyranitar
|
|t:|1729897487
|switch|p2a: Gengar|Gengar, F|100/100
|
|-weather|Sandstorm|[upkeep]
|-damage|p2a: Gengar|94/100|[from] Sandstorm
|-heal|p2a: Gengar|100/100|[from] item: Leftovers
|upkeep
|turn|9
|
|t:|1729897495
|switch|p1a: Blissey|Blissey, F|83/100
|-damage|p1a: Blissey|70/100|[from] Spikes
|move|p2a: Gengar|Will-O-Wisp|p1a: Blissey
|-status|p1a: Blissey|brn
|
|-weather|Sandstorm|[upkeep]
|-damage|p2a: Gengar|94/100|[from] Sandstorm
|-damage|p1a: Blissey|64/100 brn|[from] Sandstorm
|-heal|p2a: Gengar|100/100|[from] item: Leftovers
|-heal|p1a: Blissey|70/100 brn|[from] item: Leftovers
|-damage|p1a: Blissey|58/100 brn|[from] brn
|upkeep
|turn|10
|
|t:|1729897500
|-curestatus|p1a: Blissey|brn|[from] ability: Natural Cure
|switch|p1a: Zapdos|Zapdos|100/100
|move|p2a: Gengar|Taunt|p1a: Zapdos
|-start|p1a: Zapdos|move: Taunt
|
|-weather|Sandstorm|[upkeep]
|-damage|p1a: Zapdos|94/100|[from] Sandstorm
|-damage|p2a: Gengar|94/100|[from] Sandstorm
|-heal|p1a: Zapdos|100/100|[from] item: Leftovers
|-heal|p2a: Gengar|100/100|[from] item: Leftovers
|upkeep
|turn|11
|
|t:|1729897507
|switch|p2a: Swampert|Swampert, M|100/100
|move|p1a: Zapdos|Thunderbolt|p2a: Swampert
|-immune|p2a: Swampert
|
|-weather|Sandstorm|[upkeep]
|-damage|p1a: Zapdos|94/100|[from] Sandstorm
|-heal|p1a: Zapdos|100/100|[from] item: Leftovers
|-end|p1a: Zapdos|move: Taunt|[silent]
|upkeep
|turn|12
|
|t:|1729897514
|move|p1a: Zapdos|Toxic|p2a: Swampert|[miss]
|-miss|p1a: Zapdos|p2a: Swampert
|move|p2a: Swampert|Toxic|p1a: Zapdos
|-status|p1a: Zapdos|tox
|
|-weather|Sandstorm|[upkeep]
|-damage|p1a: Zapdos|94/100 tox|[from] Sandstorm
|-heal|p1a: Zapdos|100/100 tox|[from] item: Leftovers
|-damage|p1a: Zapdos|94/100 tox|[from] psn
|upkeep
|turn|13
|
|t:|1729897520
|move|p1a: Zapdos|Baton Pass|p1a: Zapdos
|
|t:|1729897521
|switch|p1a: Suicune|Suicune|82/100|[from] Baton Pass
|-damage|p1a: Suicune|70/100|[from] Spikes
|move|p2a: Swampert|Surf|p1a: Suicune
|-resisted|p1a: Suicune
|-damage|p1a: Suicune|59/100
|
|-weather|Sandstorm|[upkeep]
|-damage|p1a: Suicune|53/100|[from] Sandstorm
|-heal|p1a: Suicune|59/100|[from] item: Leftovers
|upkeep
|turn|14
|
|t:|1729897526
|switch|p2a: Zapdos|Zapdos|71/100
|move|p1a: Suicune|Surf|p2a: Zapdos
|-damage|p2a: Zapdos|40/100
|
|-weather|Sandstorm|[upkeep]
|-damage|p2a: Zapdos|34/100|[from] Sandstorm
|-damage|p1a: Suicune|53/100|[from] Sandstorm
|-heal|p2a: Zapdos|40/100|[from] item: Leftovers
|-heal|p1a: Suicune|59/100|[from] item: Leftovers
|upkeep
|turn|15
|
|t:|1729897533
|switch|p1a: Dugtrio|Dugtrio, F|88/100
|-damage|p1a: Dugtrio|76/100|[from] Spikes
|move|p2a: Zapdos|Roar|p1a: Dugtrio
|drag|p1a: Suicune|Suicune|59/100
|-damage|p1a: Suicune|47/100|[from] Spikes
|
|-weather|Sandstorm|[upkeep]
|-damage|p2a: Zapdos|34/100|[from] Sandstorm
|-damage|p1a: Suicune|41/100|[from] Sandstorm
|-heal|p2a: Zapdos|40/100|[from] item: Leftovers
|-heal|p1a: Suicune|47/100|[from] item: Leftovers
|upkeep
|turn|16
|
|t:|1729897546
|switch|p1a: Dugtrio|Dugtrio, F|76/100
|-damage|p1a: Dugtrio|64/100|[from] Spikes
|move|p2a: Zapdos|Thunderbolt|p1a: Dugtrio
|-immune|p1a: Dugtrio
|
|-weather|Sandstorm|[upkeep]
|-damage|p2a: Zapdos|34/100|[from] Sandstorm
|-heal|p2a: Zapdos|40/100|[from] item: Leftovers
|upkeep
|turn|17
|
|t:|1729897559
|switch|p1a: Zapdos|Zapdos|94/100 tox
|move|p2a: Zapdos|Hidden Power|p1a: Zapdos
|-supereffective|p1a: Zapdos
|-damage|p1a: Zapdos|39/100 tox
|
|-weather|Sandstorm|[upkeep]
|-damage|p1a: Zapdos|33/100 tox|[from] Sandstorm
|-damage|p2a: Zapdos|34/100|[from] Sandstorm
|-heal|p1a: Zapdos|39/100 tox|[from] item: Leftovers
|-damage|p1a: Zapdos|33/100 tox|[from] psn
|-heal|p2a: Zapdos|40/100|[from] item: Leftovers
|upkeep
|turn|18
|
|t:|1729897564
|move|p1a: Zapdos|Thunderbolt|p2a: Zapdos
|-damage|p2a: Zapdos|0 fnt
|faint|p2a: Zapdos
|
|t:|1729897569
|switch|p2a: Aerodactyl|Aerodactyl, M|100/100
|
|-weather|Sandstorm|[upkeep]
|-damage|p1a: Zapdos|27/100 tox|[from] Sandstorm
|-heal|p1a: Zapdos|33/100 tox|[from] item: Leftovers
|-damage|p1a: Zapdos|20/100 tox|[from] psn
|upkeep
|turn|19
|
|t:|1729897578
|move|p2a: Aerodactyl|Double-Edge|p1a: Zapdos
|-damage|p1a: Zapdos|0 fnt
|faint|p1a: Zapdos
|
|t:|1729897593
|switch|p1a: Suicune|Suicune|47/100
|-damage|p1a: Suicune|34/100|[from] Spikes
|
|-weather|Sandstorm|[upkeep]
|-damage|p1a: Suicune|28/100|[from] Sandstorm
|-heal|p1a: Suicune|34/100|[from] item: Leftovers
|upkeep
|turn|20
|
|t:|1729897600
|move|p2a: Aerodactyl|Double-Edge|p1a: Suicune
|-damage|p1a: Suicune|7/100
|move|p1a: Suicune|Rest|p1a: Suicune
|-status|p1a: Suicune|slp|[from] move: Rest
|-heal|p1a: Suicune|100/100 slp|[silent]
|
|-weather|Sandstorm|[upkeep]
|-damage|p1a: Suicune|94/100 slp|[from] Sandstorm
|-heal|p1a: Suicune|100/100 slp|[from] item: Leftovers
|upkeep
|turn|21
|
|t:|1729897604
|switch|p2a: Gengar|Gengar, F|100/100
|cant|p1a: Suicune|slp
|
|-weather|Sandstorm|[upkeep]
|-damage|p2a: Gengar|94/100|[from] Sandstorm
|-damage|p1a: Suicune|94/100 slp|[from] Sandstorm
|-heal|p2a: Gengar|100/100|[from] item: Leftovers
|-heal|p1a: Suicune|100/100 slp|[from] item: Leftovers
|upkeep
|turn|22
|
|t:|1729897611
|switch|p1a: Dugtrio|Dugtrio, F|64/100
|-damage|p1a: Dugtrio|51/100|[from] Spikes
|move|p2a: Gengar|Thunderbolt|p1a: Dugtrio
|-immune|p1a: Dugtrio
|
|-weather|Sandstorm|[upkeep]
|-damage|p2a: Gengar|94/100|[from] Sandstorm
|-heal|p2a: Gengar|100/100|[from] item: Leftovers
|upkeep
|turn|23
|
|t:|1729897621
|move|p1a: Dugtrio|Earthquake|p2a: Gengar
|-immune|p2a: Gengar
|move|p2a: Gengar|Will-O-Wisp|p1a: Dugtrio
|-status|p1a: Dugtrio|brn
|
|-weather|Sandstorm|[upkeep]
|-damage|p2a: Gengar|94/100|[from] Sandstorm
|-damage|p1a: Dugtrio|39/100 brn|[from] brn
|-heal|p2a: Gengar|100/100|[from] item: Leftovers
|upkeep
|turn|24
|
|t:|1729897629
|move|p1a: Dugtrio|Earthquake|p2a: Gengar
|-immune|p2a: Gengar
|move|p2a: Gengar|Will-O-Wisp|p1a: Dugtrio
|-fail|p1a: Dugtrio|brn
|
|-weather|Sandstorm|[upkeep]
|-damage|p2a: Gengar|94/100|[from] Sandstorm
|-damage|p1a: Dugtrio|27/100 brn|[from] brn
|-heal|p2a: Gengar|100/100|[from] item: Leftovers
|upkeep
|turn|25
|
|t:|1729897633
|switch|p2a: Aerodactyl|Aerodactyl, M|100/100
|move|p1a: Dugtrio|Earthquake|p2a: Aerodactyl
|-immune|p2a: Aerodactyl
|
|-weather|Sandstorm|[upkeep]
|-damage|p1a: Dugtrio|14/100 brn|[from] brn
|upkeep
|turn|26
|
|t:|1729897639
|move|p2a: Aerodactyl|Double-Edge|p1a: Dugtrio
|-damage|p1a: Dugtrio|0 fnt
|faint|p1a: Dugtrio
|
|t:|1729897653
|switch|p1a: Suicune|Suicune|100/100 slp
|-damage|p1a: Suicune|88/100 slp|[from] Spikes
|
|-weather|Sandstorm|[upkeep]
|-damage|p1a: Suicune|82/100 slp|[from] Sandstorm
|-heal|p1a: Suicune|88/100 slp|[from] item: Leftovers
|upkeep
|turn|27
|
|t:|1729897658
|move|p2a: Aerodactyl|Double-Edge|p1a: Suicune
|-damage|p1a: Suicune|59/100 slp
|cant|p1a: Suicune|slp
|
|-weather|Sandstorm|[upkeep]
|-damage|p1a: Suicune|53/100 slp|[from] Sandstorm
|-heal|p1a: Suicune|59/100 slp|[from] item: Leftovers
|upkeep
|turn|28
|
|t:|1729897675
|move|p2a: Aerodactyl|Double-Edge|p1a: Suicune
|-damage|p1a: Suicune|32/100 slp
|-curestatus|p1a: Suicune|slp|[msg]
|move|p1a: Suicune|Rest|p1a: Suicune
|-status|p1a: Suicune|slp|[from] move: Rest
|-heal|p1a: Suicune|100/100 slp|[silent]
|
|-weather|Sandstorm|[upkeep]
|-damage|p1a: Suicune|94/100 slp|[from] Sandstorm
|-heal|p1a: Suicune|100/100 slp|[from] item: Leftovers
|upkeep
|turn|29
|
|t:|1729897679
|switch|p2a: Gengar|Gengar, F|100/100
|cant|p1a: Suicune|slp
|
|-weather|Sandstorm|[upkeep]
|-damage|p2a: Gengar|94/100|[from] Sandstorm
|-damage|p1a: Suicune|94/100 slp|[from] Sandstorm
|-heal|p2a: Gengar|100/100|[from] item: Leftovers
|-heal|p1a: Suicune|100/100 slp|[from] item: Leftovers
|upkeep
|turn|30
|
|t:|1729897684
|move|p2a: Gengar|Thunderbolt|p1a: Suicune
|-supereffective|p1a: Suicune
|-damage|p1a: Suicune|52/100 slp
|cant|p1a: Suicune|slp
|
|-weather|Sandstorm|[upkeep]
|-damage|p2a: Gengar|94/100|[from] Sandstorm
|-damage|p1a: Suicune|46/100 slp|[from] Sandstorm
|-heal|p2a: Gengar|100/100|[from] item: Leftovers
|-heal|p1a: Suicune|52/100 slp|[from] item: Leftovers
|upkeep
|turn|31
|
|t:|1729897697
|switch|p1a: Blissey|Blissey, F|58/100
|-damage|p1a: Blissey|45/100|[from] Spikes
|move|p2a: Gengar|Thunderbolt|p1a: Blissey
|-damage|p1a: Blissey|35/100
|
|-weather|Sandstorm|[upkeep]
|-damage|p2a: Gengar|94/100|[from] Sandstorm
|-damage|p1a: Blissey|28/100|[from] Sandstorm
|-heal|p2a: Gengar|100/100|[from] item: Leftovers
|-heal|p1a: Blissey|35/100|[from] item: Leftovers
|upkeep
|turn|32
|
|t:|1729897700
|move|p2a: Gengar|Taunt|p1a: Blissey
|-start|p1a: Blissey|move: Taunt
|move|p1a: Blissey|Ice Beam|p2a: Gengar
|-damage|p2a: Gengar|80/100
|
|-weather|Sandstorm|[upkeep]
|-damage|p2a: Gengar|74/100|[from] Sandstorm
|-damage|p1a: Blissey|28/100|[from] Sandstorm
|-heal|p2a: Gengar|80/100|[from] item: Leftovers
|-heal|p1a: Blissey|35/100|[from] item: Leftovers
|upkeep
|turn|33
|
|t:|1729897704
|move|p2a: Gengar|Thunderbolt|p1a: Blissey
|-damage|p1a: Blissey|24/100
|move|p1a: Blissey|Ice Beam|p2a: Gengar
|-damage|p2a: Gengar|58/100
|
|-weather|Sandstorm|[upkeep]
|-damage|p2a: Gengar|52/100|[from] Sandstorm
|-damage|p1a: Blissey|18/100|[from] Sandstorm
|-heal|p2a: Gengar|58/100|[from] item: Leftovers
|-heal|p1a: Blissey|24/100|[from] item: Leftovers
|-end|p1a: Blissey|move: Taunt|[silent]
|upkeep
|turn|34
|
|t:|1729897707
|move|p2a: Gengar|Taunt|p1a: Blissey
|-start|p1a: Blissey|move: Taunt
|move|p1a: Blissey|Ice Beam|p2a: Gengar
|-crit|p2a: Gengar
|-damage|p2a: Gengar|19/100
|-status|p2a: Gengar|frz
|
|-weather|Sandstorm|[upkeep]
|-damage|p2a: Gengar|13/100 frz|[from] Sandstorm
|-damage|p1a: Blissey|18/100|[from] Sandstorm
|-heal|p2a: Gengar|19/100 frz|[from] item: Leftovers
|-heal|p1a: Blissey|24/100|[from] item: Leftovers
|upkeep
|turn|35
|
|t:|1729897722
|-curestatus|p2a: Gengar|frz|[msg]
|move|p2a: Gengar|Thunderbolt|p1a: Blissey
|-damage|p1a: Blissey|13/100
|move|p1a: Blissey|Seismic Toss|p2a: Gengar
|-immune|p2a: Gengar
|
|-weather|Sandstorm|[upkeep]
|-damage|p2a: Gengar|13/100|[from] Sandstorm
|-damage|p1a: Blissey|7/100|[from] Sandstorm
|-heal|p2a: Gengar|19/100|[from] item: Leftovers
|-heal|p1a: Blissey|13/100|[from] item: Leftovers
|-end|p1a: Blissey|move: Taunt|[silent]
|upkeep
|turn|36
|c|☆HeyYa!_Forte|no way
|inactive|Zpanther has 270 seconds left.
|inactive|Zpanther has 240 seconds left.
|inactive|Zpanther has 210 seconds left.
|
|t:|1729897817
|move|p2a: Gengar|Thunderbolt|p1a: Blissey
|-damage|p1a: Blissey|2/100
|move|p1a: Blissey|Soft-Boiled|p1a: Blissey
|-heal|p1a: Blissey|52/100
|
|-weather|Sandstorm|[upkeep]
|-damage|p2a: Gengar|13/100|[from] Sandstorm
|-damage|p1a: Blissey|45/100|[from] Sandstorm
|-heal|p2a: Gengar|19/100|[from] item: Leftovers
|-heal|p1a: Blissey|52/100|[from] item: Leftovers
|upkeep
|turn|37
|
|t:|1729897822
|move|p2a: Gengar|Taunt|p1a: Blissey
|-start|p1a: Blissey|move: Taunt
|move|p1a: Blissey|Ice Beam|p2a: Gengar
|-damage|p2a: Gengar|0 fnt
|faint|p2a: Gengar
|
|t:|1729897825
|switch|p2a: Aerodactyl|Aerodactyl, M|100/100
|
|-weather|Sandstorm|[upkeep]
|-damage|p1a: Blissey|45/100|[from] Sandstorm
|-heal|p1a: Blissey|52/100|[from] item: Leftovers
|upkeep
|turn|38
|
|t:|1729897835
|move|p2a: Aerodactyl|Double-Edge|p1a: Blissey
|-damage|p1a: Blissey|9/100
|move|p1a: Blissey|Ice Beam|p2a: Aerodactyl
|-supereffective|p2a: Aerodactyl
|-damage|p2a: Aerodactyl|52/100
|-status|p2a: Aerodactyl|frz
|
|-weather|Sandstorm|[upkeep]
|-damage|p1a: Blissey|3/100|[from] Sandstorm
|-heal|p1a: Blissey|9/100|[from] item: Leftovers
|-end|p1a: Blissey|move: Taunt|[silent]
|upkeep
|turn|39
|inactive|Zpanther has 240 seconds left.
|
|t:|1729897841
|cant|p2a: Aerodactyl|frz
|move|p1a: Blissey|Soft-Boiled|p1a: Blissey
|-heal|p1a: Blissey|59/100
|
|-weather|Sandstorm|[upkeep]
|-damage|p1a: Blissey|53/100|[from] Sandstorm
|-heal|p1a: Blissey|59/100|[from] item: Leftovers
|upkeep
|turn|40
|c|☆Zpanther|ok
|c|☆HeyYa!_Forte|nvm im sorry
|
|t:|1729897855
|-curestatus|p2a: Aerodactyl|frz|[msg]
|move|p2a: Aerodactyl|Double-Edge|p1a: Blissey
|-damage|p1a: Blissey|17/100
|move|p1a: Blissey|Ice Beam|p2a: Aerodactyl
|-supereffective|p2a: Aerodactyl
|-damage|p2a: Aerodactyl|0 fnt
|faint|p2a: Aerodactyl
|
|t:|1729897859
|switch|p2a: Swampert|Swampert, M|100/100
|
|-weather|Sandstorm|[upkeep]
|-damage|p1a: Blissey|11/100|[from] Sandstorm
|-heal|p1a: Blissey|17/100|[from] item: Leftovers
|upkeep
|turn|41
|-message|Zpanther forfeited.
|
|win|HeyYa!_Forte
|c|☆Zpanther|gg
|c|☆HeyYa!_Forte|gg
|player|p1|

</script>
<script type="application/json" class="data" id="replaydata-smogtours-gen3ou-801969">
{"id":"smogtours-gen3ou-801969","format":"[Gen 3] OU","players":["HeyYa!_Forte","Zpanther"],"uploadtime":1729897868,"views":125,"formatid":"gen3ou","rating":null,"private":0,"password":null}
</script>

<script defer src="js/replays.js?9d40a366"></script>
