<!DOCTYPE html>
<meta charset="utf-8" />
<meta name="viewport" content="width=device-width" />

<title>[Gen 3] OU: leoperi99 vs. DiegoIn - Replays - Pok&eacute;mon Showdown!</title>

<meta name="description" content="Watch a replay of a Pok&eacute;mon battle between leoperi99 and DiegoIn! Format: [Gen 3] OU; Date: Oct 26, 2024" />
<!--

Hey, you! Looking in the source for the replay log?

You can find them in JSON format, just add `.json` at the end of a replay URL.

https://replay.pokemonshowdown.com/gen7randomdoublesbattle-865046831.json

Or, if you only need the log itself, add `.log` instead:

https://replay.pokemonshowdown.com/gen7randomdoublesbattle-865046831.log

-->

<link rel="stylesheet" href="//pokemonshowdown.com/style/global.css?0.767286132409787" />
<link rel="stylesheet" href="//play.pokemonshowdown.com/style/font-awesome.css?0.9266228007934947" />
<link rel="stylesheet" href="//play.pokemonshowdown.com/style/battle.css?0.7924700842790926" />
<link rel="stylesheet" href="//play.pokemonshowdown.com/style/utilichart.css?0.8777417872839479" />

<!-- Global site tag (gtag.js) - Google Analytics -->
<script async src="https://www.googletagmanager.com/gtag/js?id=UA-26211653-1"></script>
<script>
  window.dataLayer = window.dataLayer || [];
  function gtag(){dataLayer.push(arguments);}
  gtag('js', new Date());

  gtag('config', 'UA-26211653-1');
</script>
<!-- End Google Analytics -->
<!-- Venatus Ad Manager - Install in <HEAD> of page -->
	<script src="https://hb.vntsm.com/v3/live/ad-manager.min.js" type="text/javascript" data-site-id="642aba63ec9a7b11c3c9c1be" data-mode="scan" async></script>
<!-- / Venatus Ad Manager -->

<style>
	@media (max-width:820px) {
		.battle {
			margin: 0 auto;
		}
		.battle-log {
			margin: 7px auto 0;
			max-width: 640px;
			height: 300px;
			position: static;
		}
	}
	.optgroup {
		display: inline-block;
		line-height: 22px;
		font-size: 10pt;
	}
	.optgroup .button {
		height: 25px;
		padding-top: 0;
		padding-bottom: 0;
	}
	.optgroup button.button {
		padding-left: 12px;
		padding-right: 12px;
	}
	.linklist {
		list-style: none;
		margin: 0.5em 0;
		padding: 0;
	}
	.linklist li {
		padding: 2px 0;
	}
	.sidebar {
		float: left;
		width: 320px;
	}
	.bar-wrapper {
		max-width: 1100px;
		margin: 0 auto;
	}
	.bar-wrapper.has-sidebar {
		max-width: 1430px;
	}
	.mainbar {
		margin: 0;
		padding-right: 1px;
	}
	.mainbar.has-sidebar {
		margin-left: 330px;
	}
	@media (min-width: 1511px) {
		.sidebar {
			width: 400px;
		}
		.bar-wrapper.has-sidebar {
			max-width: 1510px;
		}
		.mainbar.has-sidebar {
			margin-left: 410px;
		}
	}
	.section.first-section {
		margin-top: 9px;
	}
	.blocklink small {
		white-space: normal;
	}
	.button {
		vertical-align: middle;
	}
	.replay-controls {
		padding-top: 10px;
	}
	.replay-controls h1 {
		font-size: 16pt;
		font-weight: normal;
		color: #CCC;
	}
	.pagelink {
		text-align: center;
	}
	.pagelink a {
		width: 150px;
	}
	.textbox, .button {
		font-size: 11pt;
		vertical-align: middle;
	}
	@media (max-width: 450px) {
		.button {
			font-size: 9pt;
		}
	}
</style>

<div>

	<header>
		<div class="nav-wrapper"><ul class="nav">
			<li><a class="button nav-first" href="//pokemonshowdown.com/"><img src="//pokemonshowdown.com/images/pokemonshowdownbeta.png" srcset="//pokemonshowdown.com/images/pokemonshowdownbeta.png 1x, //pokemonshowdown.com/images/pokemonshowdownbeta@2x.png 2x" alt="Pok&eacute;mon Showdown" width="146" height="44" /> Home</a></li>
			<li><a class="button" href="//pokemonshowdown.com/dex/">Pok&eacute;dex</a></li>
			<li><a class="button cur" href="/">Replays</a></li>
			<li><a class="button" href="//pokemonshowdown.com/ladder/">Ladder</a></li>
			<li><a class="button nav-last" href="//pokemonshowdown.com/forums/">Forum</a></li>
			<li><a class="button greenbutton nav-first nav-last" href="//play.pokemonshowdown.com/">Play</a></li>
		</ul></div>
	</header>

	<div class="main" id="main">

		<noscript><section class="section">You need to enable JavaScript to use this page; sorry!</section></noscript>

	</div>

</div>

<script defer nomodule src="//play.pokemonshowdown.com/js/lib/ps-polyfill.js"></script>
<script defer src="//play.pokemonshowdown.com/js/lib/preact.min.js"></script>

<script defer src="//play.pokemonshowdown.com/config/config.js?6dec07f6"></script>
<script defer src="//play.pokemonshowdown.com/js/lib/jquery-1.11.0.min.js"></script>
<script defer src="//play.pokemonshowdown.com/js/lib/html-sanitizer-minified.js"></script>
<script defer src="//play.pokemonshowdown.com/js/battle-sound.js"></script>
<script defer src="//play.pokemonshowdown.com/js/battledata.js?0.6315294753075389"></script>
<script defer src="//play.pokemonshowdown.com/data/pokedex-mini.js?0.7603743185311358"></script>
<script defer src="//play.pokemonshowdown.com/data/pokedex-mini-bw.js?0.030888842834281283"></script>
<script defer src="//play.pokemonshowdown.com/data/graphics.js?0.05593094747507488"></script>
<script defer src="//play.pokemonshowdown.com/data/pokedex.js?0.47064822249611904"></script>
<script defer src="//play.pokemonshowdown.com/data/moves.js?0.8583693120512459"></script>
<script defer src="//play.pokemonshowdown.com/data/abilities.js?0.16017181182386842"></script>
<script defer src="//play.pokemonshowdown.com/data/items.js?0.4163379185673943"></script>
<script defer src="//play.pokemonshowdown.com/data/teambuilder-tables.js?0.31075597372830477"></script>
<script defer src="//play.pokemonshowdown.com/js/battle-tooltips.js?0.6536193500708172"></script>
<script defer src="//play.pokemonshowdown.com/js/battle.js?0.1916591943277901"></script>

<script defer src="js/utils.js?e31f9a17"></script>
<script defer src="js/replays-battle.js?7008c182"></script>

<!-- don't scrape this data! just add .json or .log after the URL!
Full API docs: https://github.com/smogon/pokemon-showdown-client/blob/master/WEB-API.md -->
<script type="text/plain" class="log" id="replaylog-smogtours-gen3ou-801996">
|inactive|Battle timer is ON: inactive players will automatically lose when time's up.
|t:|1729901461
|gametype|singles
|player|p1|leoperi99|hala|
|player|p2|DiegoIn|ethan|
|teamsize|p1|6
|teamsize|p2|6
|gen|3
|tier|[Gen 3] OU
|rule|Sleep Clause Mod: Limit one foe put to sleep
|rule|Switch Priority Clause Mod: Faster Pokémon switch first
|rule|Species Clause: Limit one of each Pokémon
|rule|OHKO Clause: OHKO moves are banned
|rule|Evasion Items Clause: Evasion items are banned
|rule|Evasion Moves Clause: Evasion moves are banned
|rule|Endless Battle Clause: Forcing endless battles is banned
|rule|HP Percentage Mod: HP is shown in percentages
|rule|One Boost Passer Clause: Limit one Baton Passer that has a way to boost its stats
|rule|Freeze Clause Mod: Limit one foe frozen
|
|t:|1729901461
|start
|switch|p1a: Zapdos|Zapdos|100/100
|switch|p2a: Zapdos|Zapdos|100/100
|turn|1
|c|☆leoperi99|ill link the game
|c|☆leoperi99|glhf
|
|t:|1729901481
|switch|p2a: SUMMER|Blissey, F, shiny|100/100
|move|p1a: Zapdos|Thunderbolt|p2a: SUMMER
|-damage|p2a: SUMMER|81/100
|
|-heal|p2a: SUMMER|87/100|[from] item: Leftovers
|upkeep
|turn|2
|c|☆DiegoIn|Glhf
|
|t:|1729901495
|move|p1a: Zapdos|Baton Pass|p1a: Zapdos
|
|t:|1729901512
|switch|p1a: Celebi|Celebi|100/100|[from] Baton Pass
|move|p2a: SUMMER|Thunder Wave|p1a: Celebi
|-status|p1a: Celebi|par
|
|-heal|p2a: SUMMER|93/100|[from] item: Leftovers
|upkeep
|turn|3
|
|t:|1729901524
|switch|p2a: PANDORA|Breloom, F|100/100
|-curestatus|p1a: Celebi|par|[from] ability: Natural Cure
|switch|p1a: Tyranitar|Tyranitar, F|100/100
|-weather|Sandstorm|[from] ability: Sand Stream|[of] p1a: Tyranitar
|
|-weather|Sandstorm|[upkeep]
|-damage|p2a: PANDORA|94/100|[from] Sandstorm
|-heal|p2a: PANDORA|100/100|[from] item: Leftovers
|upkeep
|turn|4
|
|t:|1729901532
|switch|p1a: Celebi|Celebi|100/100
|move|p2a: PANDORA|Spore|p1a: Celebi
|-status|p1a: Celebi|slp|[from] move: Spore
|
|-weather|Sandstorm|[upkeep]
|-damage|p1a: Celebi|94/100 slp|[from] Sandstorm
|-damage|p2a: PANDORA|94/100|[from] Sandstorm
|-heal|p1a: Celebi|100/100 slp|[from] item: Leftovers
|-heal|p2a: PANDORA|100/100|[from] item: Leftovers
|upkeep
|turn|5
|
|t:|1729901535
|switch|p2a: SIGMA|Dugtrio, M|100/100
|cant|p1a: Celebi|slp
|
|-weather|Sandstorm|[upkeep]
|-damage|p1a: Celebi|94/100 slp|[from] Sandstorm
|-heal|p1a: Celebi|100/100 slp|[from] item: Leftovers
|upkeep
|turn|6
|
|t:|1729901539
|move|p2a: SIGMA|Hidden Power|p1a: Celebi
|-supereffective|p1a: Celebi
|-damage|p1a: Celebi|6/100 slp
|cant|p1a: Celebi|slp
|
|-weather|Sandstorm|[upkeep]
|-damage|p1a: Celebi|0 fnt|[from] Sandstorm
|faint|p1a: Celebi
|upkeep
|
|t:|1729901544
|switch|p1a: Zapdos|Zapdos|100/100
|turn|7
|
|t:|1729901549
|switch|p2a: SUMMER|Blissey, F, shiny|93/100
|move|p1a: Zapdos|Substitute|p1a: Zapdos
|-start|p1a: Zapdos|Substitute
|-damage|p1a: Zapdos|76/100
|
|-weather|Sandstorm|[upkeep]
|-damage|p1a: Zapdos|69/100|[from] Sandstorm
|-damage|p2a: SUMMER|87/100|[from] Sandstorm
|-heal|p1a: Zapdos|76/100|[from] item: Leftovers
|-heal|p2a: SUMMER|93/100|[from] item: Leftovers
|upkeep
|turn|8
|
|t:|1729901553
|move|p1a: Zapdos|Baton Pass|p1a: Zapdos
|
|t:|1729901555
|switch|p1a: Jirachi|Jirachi|100/100|[from] Baton Pass
|move|p2a: SUMMER|Seismic Toss|p1a: Jirachi
|-end|p1a: Jirachi|Substitute
|
|-weather|Sandstorm|[upkeep]
|-damage|p2a: SUMMER|87/100|[from] Sandstorm
|-heal|p2a: SUMMER|93/100|[from] item: Leftovers
|upkeep
|turn|9
|
|t:|1729901560
|switch|p1a: Swampert|Swampert, F|100/100
|move|p2a: SUMMER|Thunder Wave|p1a: Swampert
|-immune|p1a: Swampert
|
|-weather|Sandstorm|[upkeep]
|-damage|p2a: SUMMER|87/100|[from] Sandstorm
|-heal|p2a: SUMMER|93/100|[from] item: Leftovers
|upkeep
|turn|10
|
|t:|1729901565
|switch|p2a: Suicune|Suicune|100/100
|move|p1a: Swampert|Substitute|p1a: Swampert
|-start|p1a: Swampert|Substitute
|-damage|p1a: Swampert|75/100
|
|-weather|Sandstorm|[upkeep]
|-damage|p2a: Suicune|94/100|[from] Sandstorm
|-heal|p2a: Suicune|100/100|[from] item: Leftovers
|-heal|p1a: Swampert|82/100|[from] item: Leftovers
|upkeep
|turn|11
|
|t:|1729901569
|-singleturn|p1a: Swampert|move: Focus Punch
|move|p2a: Suicune|Surf|p1a: Swampert
|-end|p1a: Swampert|Substitute
|move|p1a: Swampert|Focus Punch|p2a: Suicune
|-damage|p2a: Suicune|82/100
|
|-weather|Sandstorm|[upkeep]
|-damage|p2a: Suicune|76/100|[from] Sandstorm
|-heal|p2a: Suicune|82/100|[from] item: Leftovers
|-heal|p1a: Swampert|88/100|[from] item: Leftovers
|upkeep
|turn|12
|
|t:|1729901578
|switch|p1a: Zapdos|Zapdos|76/100
|move|p2a: Suicune|Toxic|p1a: Zapdos
|-status|p1a: Zapdos|tox
|
|-weather|Sandstorm|[upkeep]
|-damage|p1a: Zapdos|69/100 tox|[from] Sandstorm
|-damage|p2a: Suicune|76/100|[from] Sandstorm
|-heal|p1a: Zapdos|76/100 tox|[from] item: Leftovers
|-damage|p1a: Zapdos|69/100 tox|[from] psn
|-heal|p2a: Suicune|82/100|[from] item: Leftovers
|upkeep
|turn|13
|
|t:|1729901583
|switch|p2a: SUMMER|Blissey, F, shiny|93/100
|move|p1a: Zapdos|Baton Pass|p1a: Zapdos
|
|t:|1729901585
|switch|p1a: Tyranitar|Tyranitar, F|100/100|[from] Baton Pass
|
|-weather|Sandstorm|[upkeep]
|-damage|p2a: SUMMER|87/100|[from] Sandstorm
|-heal|p2a: SUMMER|93/100|[from] item: Leftovers
|upkeep
|turn|14
|
|t:|1729901590
|-singleturn|p1a: Tyranitar|move: Focus Punch
|move|p2a: SUMMER|Thunder Wave|p1a: Tyranitar
|-status|p1a: Tyranitar|par
|cant|p1a: Tyranitar|par
|
|-weather|Sandstorm|[upkeep]
|-damage|p2a: SUMMER|87/100|[from] Sandstorm
|-heal|p2a: SUMMER|93/100|[from] item: Leftovers
|upkeep
|turn|15
|
|t:|1729901597
|move|p2a: SUMMER|Seismic Toss|p1a: Tyranitar
|-damage|p1a: Tyranitar|76/100 par
|move|p1a: Tyranitar|Rock Slide|p2a: SUMMER
|-damage|p2a: SUMMER|57/100
|
|-weather|Sandstorm|[upkeep]
|-damage|p2a: SUMMER|50/100|[from] Sandstorm
|-heal|p2a: SUMMER|57/100|[from] item: Leftovers
|-heal|p1a: Tyranitar|82/100 par|[from] item: Leftovers
|upkeep
|turn|16
|
|t:|1729901607
|-singleturn|p1a: Tyranitar|move: Focus Punch
|switch|p2a: Suicune|Suicune|82/100
|move|p1a: Tyranitar|Focus Punch|p2a: Suicune
|-crit|p2a: Suicune
|-damage|p2a: Suicune|21/100
|
|-weather|Sandstorm|[upkeep]
|-damage|p2a: Suicune|14/100|[from] Sandstorm
|-heal|p2a: Suicune|21/100|[from] item: Leftovers
|-heal|p1a: Tyranitar|88/100 par|[from] item: Leftovers
|upkeep
|turn|17
|
|t:|1729901614
|switch|p1a: Jirachi|Jirachi|100/100
|move|p2a: Suicune|Rest|p2a: Suicune
|-status|p2a: Suicune|slp|[from] move: Rest
|-heal|p2a: Suicune|100/100 slp|[silent]
|
|-weather|Sandstorm|[upkeep]
|-damage|p2a: Suicune|94/100 slp|[from] Sandstorm
|-heal|p2a: Suicune|100/100 slp|[from] item: Leftovers
|upkeep
|turn|18
|
|t:|1729901619
|switch|p1a: Charizard|Charizard, M, shiny|100/100
|switch|p2a: SUMMER|Blissey, F, shiny|57/100
|
|-weather|Sandstorm|[upkeep]
|-damage|p1a: Charizard|94/100|[from] Sandstorm
|-damage|p2a: SUMMER|50/100|[from] Sandstorm
|-heal|p1a: Charizard|100/100|[from] item: Leftovers
|-heal|p2a: SUMMER|57/100|[from] item: Leftovers
|upkeep
|turn|19
|
|t:|1729901621
|move|p1a: Charizard|Beat Up|p2a: SUMMER
|-damage|p2a: SUMMER|47/100
|-damage|p2a: SUMMER|35/100
|-damage|p2a: SUMMER|23/100
|-hitcount|p2a: SUMMER|3
|move|p2a: SUMMER|Seismic Toss|p1a: Charizard
|-damage|p1a: Charizard|67/100
|
|-weather|Sandstorm|[upkeep]
|-damage|p1a: Charizard|61/100|[from] Sandstorm
|-damage|p2a: SUMMER|17/100|[from] Sandstorm
|-heal|p1a: Charizard|67/100|[from] item: Leftovers
|-heal|p2a: SUMMER|23/100|[from] item: Leftovers
|upkeep
|turn|20
|
|t:|1729901634
|switch|p2a: Suicune|Suicune|100/100 slp
|move|p1a: Charizard|Beat Up|p2a: Suicune
|-damage|p2a: Suicune|99/100 slp
|-damage|p2a: Suicune|97/100 slp
|-damage|p2a: Suicune|95/100 slp
|-hitcount|p2a: Suicune|3
|
|-weather|Sandstorm|[upkeep]
|-damage|p1a: Charizard|61/100|[from] Sandstorm
|-damage|p2a: Suicune|88/100 slp|[from] Sandstorm
|-heal|p1a: Charizard|67/100|[from] item: Leftovers
|-heal|p2a: Suicune|95/100 slp|[from] item: Leftovers
|upkeep
|turn|21
|
|t:|1729901639
|switch|p1a: Jirachi|Jirachi|100/100
|cant|p2a: Suicune|slp
|move|p2a: Suicune|Sleep Talk|p2a: Suicune
|move|p2a: Suicune|Surf|p1a: Jirachi|[from]Sleep Talk
|-damage|p1a: Jirachi|72/100
|
|-weather|Sandstorm|[upkeep]
|-damage|p2a: Suicune|88/100 slp|[from] Sandstorm
|-heal|p1a: Jirachi|79/100|[from] item: Leftovers
|-heal|p2a: Suicune|95/100 slp|[from] item: Leftovers
|upkeep
|turn|22
|
|t:|1729901661
|switch|p1a: Swampert|Swampert, F|88/100
|cant|p2a: Suicune|slp
|move|p2a: Suicune|Sleep Talk|p2a: Suicune
|move|p2a: Suicune|Surf|p1a: Swampert|[from]Sleep Talk
|-damage|p1a: Swampert|58/100
|
|-weather|Sandstorm|[upkeep]
|-damage|p2a: Suicune|88/100 slp|[from] Sandstorm
|-heal|p2a: Suicune|95/100 slp|[from] item: Leftovers
|-heal|p1a: Swampert|64/100|[from] item: Leftovers
|upkeep
|turn|23
|
|t:|1729901669
|switch|p1a: Zapdos|Zapdos|69/100 tox
|-curestatus|p2a: Suicune|slp|[msg]
|move|p2a: Suicune|Surf|p1a: Zapdos
|-damage|p1a: Zapdos|38/100 tox
|
|-weather|Sandstorm|[upkeep]
|-damage|p1a: Zapdos|31/100 tox|[from] Sandstorm
|-damage|p2a: Suicune|88/100|[from] Sandstorm
|-heal|p1a: Zapdos|38/100 tox|[from] item: Leftovers
|-damage|p1a: Zapdos|31/100 tox|[from] psn
|-heal|p2a: Suicune|95/100|[from] item: Leftovers
|upkeep
|turn|24
|
|t:|1729901680
|switch|p2a: SUMMER|Blissey, F, shiny|23/100
|move|p1a: Zapdos|Hidden Power|p2a: SUMMER
|-damage|p2a: SUMMER|14/100
|
|-weather|Sandstorm|[upkeep]
|-damage|p1a: Zapdos|25/100 tox|[from] Sandstorm
|-damage|p2a: SUMMER|8/100|[from] Sandstorm
|-heal|p1a: Zapdos|31/100 tox|[from] item: Leftovers
|-damage|p1a: Zapdos|19/100 tox|[from] psn
|-heal|p2a: SUMMER|14/100|[from] item: Leftovers
|upkeep
|turn|25
|
|t:|1729901691
|switch|p2a: SIGMA|Dugtrio, M|100/100
|move|p1a: Zapdos|Thunderbolt|p2a: SIGMA
|-immune|p2a: SIGMA
|
|-weather|Sandstorm|[upkeep]
|-damage|p1a: Zapdos|13/100 tox|[from] Sandstorm
|-heal|p1a: Zapdos|19/100 tox|[from] item: Leftovers
|-damage|p1a: Zapdos|0 fnt|[from] psn
|faint|p1a: Zapdos
|upkeep
|
|t:|1729901694
|switch|p1a: Swampert|Swampert, F|64/100
|turn|26
|
|t:|1729901702
|switch|p2a: Suicune|Suicune|95/100
|move|p1a: Swampert|Surf|p2a: Suicune
|-resisted|p2a: Suicune
|-damage|p2a: Suicune|81/100
|
|-weather|Sandstorm|[upkeep]
|-damage|p2a: Suicune|75/100|[from] Sandstorm
|-heal|p2a: Suicune|81/100|[from] item: Leftovers
|-heal|p1a: Swampert|71/100|[from] item: Leftovers
|upkeep
|turn|27
|
|t:|1729901708
|switch|p1a: Jirachi|Jirachi|79/100
|move|p2a: Suicune|Surf|p1a: Jirachi
|-crit|p1a: Jirachi
|-damage|p1a: Jirachi|19/100
|
|-weather|Sandstorm|[upkeep]
|-damage|p2a: Suicune|75/100|[from] Sandstorm
|-heal|p1a: Jirachi|25/100|[from] item: Leftovers
|-heal|p2a: Suicune|81/100|[from] item: Leftovers
|upkeep
|turn|28
|
|t:|1729901710
|move|p1a: Jirachi|Thunderbolt|p2a: Suicune
|-supereffective|p2a: Suicune
|-damage|p2a: Suicune|40/100
|move|p2a: Suicune|Surf|p1a: Jirachi
|-damage|p1a: Jirachi|0 fnt
|faint|p1a: Jirachi
|
|t:|1729901713
|switch|p1a: Charizard|Charizard, M, shiny|67/100
|
|-weather|Sandstorm|[upkeep]
|-damage|p1a: Charizard|61/100|[from] Sandstorm
|-damage|p2a: Suicune|33/100|[from] Sandstorm
|-heal|p1a: Charizard|67/100|[from] item: Leftovers
|-heal|p2a: Suicune|40/100|[from] item: Leftovers
|upkeep
|turn|29
|
|t:|1729901725
|move|p1a: Charizard|Hidden Power|p2a: Suicune
|-supereffective|p2a: Suicune
|-damage|p2a: Suicune|5/100
|move|p2a: Suicune|Surf|p1a: Charizard
|-supereffective|p1a: Charizard
|-damage|p1a: Charizard|0 fnt
|faint|p1a: Charizard
|
|t:|1729901727
|switch|p1a: Swampert|Swampert, F|71/100
|
|-weather|Sandstorm|[upkeep]
|-damage|p2a: Suicune|0 fnt|[from] Sandstorm
|faint|p2a: Suicune
|-heal|p1a: Swampert|77/100|[from] item: Leftovers
|upkeep
|
|t:|1729901732
|switch|p2a: PANDORA|Breloom, F|100/100
|turn|30
|
|t:|1729901735
|switch|p1a: Tyranitar|Tyranitar, F|88/100 par
|move|p2a: PANDORA|Spore||[still]
|-fail|p2a: PANDORA
|
|-weather|Sandstorm|[upkeep]
|-damage|p2a: PANDORA|94/100|[from] Sandstorm
|-heal|p2a: PANDORA|100/100|[from] item: Leftovers
|-heal|p1a: Tyranitar|94/100 par|[from] item: Leftovers
|upkeep
|turn|31
|
|t:|1729901741
|move|p2a: PANDORA|Substitute|p2a: PANDORA
|-start|p2a: PANDORA|Substitute
|-damage|p2a: PANDORA|76/100
|move|p1a: Tyranitar|Hidden Power|p2a: PANDORA
|-end|p2a: PANDORA|Substitute
|
|-weather|Sandstorm|[upkeep]
|-damage|p2a: PANDORA|70/100|[from] Sandstorm
|-heal|p2a: PANDORA|76/100|[from] item: Leftovers
|-heal|p1a: Tyranitar|100/100 par|[from] item: Leftovers
|upkeep
|turn|32
|
|t:|1729901752
|switch|p2a: EVAN|Salamence, F|100/100
|-ability|p2a: EVAN|Intimidate|boost
|-unboost|p1a: Tyranitar|atk|1
|move|p1a: Tyranitar|Hidden Power|p2a: EVAN
|-resisted|p2a: EVAN
|-damage|p2a: EVAN|89/100
|
|-weather|Sandstorm|[upkeep]
|-damage|p2a: EVAN|83/100|[from] Sandstorm
|upkeep
|turn|33
|
|t:|1729901757
|switch|p1a: Swampert|Swampert, F|77/100
|move|p2a: EVAN|Dragon Dance|p2a: EVAN
|-boost|p2a: EVAN|atk|1
|-boost|p2a: EVAN|spe|1
|
|-weather|Sandstorm|[upkeep]
|-damage|p2a: EVAN|77/100|[from] Sandstorm
|-heal|p1a: Swampert|83/100|[from] item: Leftovers
|upkeep
|turn|34
|
|t:|1729901760
|move|p2a: EVAN|Hidden Power|p1a: Swampert
|-damage|p1a: Swampert|30/100
|move|p1a: Swampert|Ice Beam|p2a: EVAN
|-supereffective|p2a: EVAN
|-damage|p2a: EVAN|0 fnt
|faint|p2a: EVAN
|
|t:|1729901775
|switch|p2a: SIGMA|Dugtrio, M|100/100
|
|-weather|Sandstorm|[upkeep]
|-heal|p1a: Swampert|36/100|[from] item: Leftovers
|upkeep
|turn|35
|
|t:|1729901778
|move|p2a: SIGMA|Earthquake|p1a: Swampert
|-damage|p1a: Swampert|0 fnt
|faint|p1a: Swampert
|
|t:|1729901781
|switch|p1a: Tyranitar|Tyranitar, F|100/100 par
|
|-weather|Sandstorm|[upkeep]
|upkeep
|turn|36
|
|t:|1729901784
|move|p2a: SIGMA|Earthquake|p1a: Tyranitar
|-supereffective|p1a: Tyranitar
|-damage|p1a: Tyranitar|9/100 par
|move|p1a: Tyranitar|Earthquake|p2a: SIGMA
|-damage|p2a: SIGMA|0 fnt
|faint|p2a: SIGMA
|c|☆leoperi99|nice cteam
|
|t:|1729901789
|switch|p2a: Zapdos|Zapdos|100/100
|
|-weather|Sandstorm|[upkeep]
|-damage|p2a: Zapdos|94/100|[from] Sandstorm
|-heal|p2a: Zapdos|100/100|[from] item: Leftovers
|-heal|p1a: Tyranitar|16/100 par|[from] item: Leftovers
|upkeep
|turn|37
|
|t:|1729901791
|move|p2a: Zapdos|Thunderbolt|p1a: Tyranitar
|-damage|p1a: Tyranitar|0 fnt
|faint|p1a: Tyranitar
|
|win|DiegoIn
|c|☆DiegoIn|Gg

</script>
<script type="application/json" class="data" id="replaydata-smogtours-gen3ou-801996">
{"id":"smogtours-gen3ou-801996","format":"[Gen 3] OU","players":["leoperi99","DiegoIn"],"uploadtime":1729901791,"views":91,"formatid":"gen3ou","rating":null,"private":0,"password":null}
</script>

<script defer src="js/replays.js?9d40a366"></script>
