<!DOCTYPE html>
<meta charset="utf-8" />
<meta name="viewport" content="width=device-width" />

<title>[Gen 3] OU: CD56 vs. SixOfRobins - Replays - Pok&eacute;mon Showdown!</title>

<meta name="description" content="Watch a replay of a Pok&eacute;mon battle between CD56 and SixOfRobins! Format: [Gen 3] OU; Date: Oct 2, 2024" />
<!--

Hey, you! Looking in the source for the replay log?

You can find them in JSON format, just add `.json` at the end of a replay URL.

https://replay.pokemonshowdown.com/gen7randomdoublesbattle-865046831.json

Or, if you only need the log itself, add `.log` instead:

https://replay.pokemonshowdown.com/gen7randomdoublesbattle-865046831.log

-->

<link rel="stylesheet" href="//pokemonshowdown.com/style/global.css?0.767286132409787" />
<link rel="stylesheet" href="//play.pokemonshowdown.com/style/font-awesome.css?0.9266228007934947" />
<link rel="stylesheet" href="//play.pokemonshowdown.com/style/battle.css?0.7924700842790926" />
<link rel="stylesheet" href="//play.pokemonshowdown.com/style/utilichart.css?0.8777417872839479" />

<!-- Global site tag (gtag.js) - Google Analytics -->
<script async src="https://www.googletagmanager.com/gtag/js?id=UA-26211653-1"></script>
<script>
  window.dataLayer = window.dataLayer || [];
  function gtag(){dataLayer.push(arguments);}
  gtag('js', new Date());

  gtag('config', 'UA-26211653-1');
</script>
<!-- End Google Analytics -->
<!-- Venatus Ad Manager - Install in <HEAD> of page -->
	<script src="https://hb.vntsm.com/v3/live/ad-manager.min.js" type="text/javascript" data-site-id="642aba63ec9a7b11c3c9c1be" data-mode="scan" async></script>
<!-- / Venatus Ad Manager -->

<style>
	@media (max-width:820px) {
		.battle {
			margin: 0 auto;
		}
		.battle-log {
			margin: 7px auto 0;
			max-width: 640px;
			height: 300px;
			position: static;
		}
	}
	.optgroup {
		display: inline-block;
		line-height: 22px;
		font-size: 10pt;
	}
	.optgroup .button {
		height: 25px;
		padding-top: 0;
		padding-bottom: 0;
	}
	.optgroup button.button {
		padding-left: 12px;
		padding-right: 12px;
	}
	.linklist {
		list-style: none;
		margin: 0.5em 0;
		padding: 0;
	}
	.linklist li {
		padding: 2px 0;
	}
	.sidebar {
		float: left;
		width: 320px;
	}
	.bar-wrapper {
		max-width: 1100px;
		margin: 0 auto;
	}
	.bar-wrapper.has-sidebar {
		max-width: 1430px;
	}
	.mainbar {
		margin: 0;
		padding-right: 1px;
	}
	.mainbar.has-sidebar {
		margin-left: 330px;
	}
	@media (min-width: 1511px) {
		.sidebar {
			width: 400px;
		}
		.bar-wrapper.has-sidebar {
			max-width: 1510px;
		}
		.mainbar.has-sidebar {
			margin-left: 410px;
		}
	}
	.section.first-section {
		margin-top: 9px;
	}
	.blocklink small {
		white-space: normal;
	}
	.button {
		vertical-align: middle;
	}
	.replay-controls {
		padding-top: 10px;
	}
	.replay-controls h1 {
		font-size: 16pt;
		font-weight: normal;
		color: #CCC;
	}
	.pagelink {
		text-align: center;
	}
	.pagelink a {
		width: 150px;
	}
	.textbox, .button {
		font-size: 11pt;
		vertical-align: middle;
	}
	@media (max-width: 450px) {
		.button {
			font-size: 9pt;
		}
	}
</style>

<div>

	<header>
		<div class="nav-wrapper"><ul class="nav">
			<li><a class="button nav-first" href="//pokemonshowdown.com/"><img src="//pokemonshowdown.com/images/pokemonshowdownbeta.png" srcset="//pokemonshowdown.com/images/pokemonshowdownbeta.png 1x, //pokemonshowdown.com/images/pokemonshowdownbeta@2x.png 2x" alt="Pok&eacute;mon Showdown" width="146" height="44" /> Home</a></li>
			<li><a class="button" href="//pokemonshowdown.com/dex/">Pok&eacute;dex</a></li>
			<li><a class="button cur" href="/">Replays</a></li>
			<li><a class="button" href="//pokemonshowdown.com/ladder/">Ladder</a></li>
			<li><a class="button nav-last" href="//pokemonshowdown.com/forums/">Forum</a></li>
			<li><a class="button greenbutton nav-first nav-last" href="//play.pokemonshowdown.com/">Play</a></li>
		</ul></div>
	</header>

	<div class="main" id="main">

		<noscript><section class="section">You need to enable JavaScript to use this page; sorry!</section></noscript>

	</div>

</div>

<script defer nomodule src="//play.pokemonshowdown.com/js/lib/ps-polyfill.js"></script>
<script defer src="//play.pokemonshowdown.com/js/lib/preact.min.js"></script>

<script defer src="//play.pokemonshowdown.com/config/config.js?6dec07f6"></script>
<script defer src="//play.pokemonshowdown.com/js/lib/jquery-1.11.0.min.js"></script>
<script defer src="//play.pokemonshowdown.com/js/lib/html-sanitizer-minified.js"></script>
<script defer src="//play.pokemonshowdown.com/js/battle-sound.js"></script>
<script defer src="//play.pokemonshowdown.com/js/battledata.js?0.6315294753075389"></script>
<script defer src="//play.pokemonshowdown.com/data/pokedex-mini.js?0.7603743185311358"></script>
<script defer src="//play.pokemonshowdown.com/data/pokedex-mini-bw.js?0.030888842834281283"></script>
<script defer src="//play.pokemonshowdown.com/data/graphics.js?0.05593094747507488"></script>
<script defer src="//play.pokemonshowdown.com/data/pokedex.js?0.47064822249611904"></script>
<script defer src="//play.pokemonshowdown.com/data/moves.js?0.8583693120512459"></script>
<script defer src="//play.pokemonshowdown.com/data/abilities.js?0.16017181182386842"></script>
<script defer src="//play.pokemonshowdown.com/data/items.js?0.4163379185673943"></script>
<script defer src="//play.pokemonshowdown.com/data/teambuilder-tables.js?0.31075597372830477"></script>
<script defer src="//play.pokemonshowdown.com/js/battle-tooltips.js?0.6536193500708172"></script>
<script defer src="//play.pokemonshowdown.com/js/battle.js?0.1916591943277901"></script>

<script defer src="js/utils.js?e31f9a17"></script>
<script defer src="js/replays-battle.js?7008c182"></script>

<!-- don't scrape this data! just add .json or .log after the URL!
Full API docs: https://github.com/smogon/pokemon-showdown-client/blob/master/WEB-API.md -->
<script type="text/plain" class="log" id="replaylog-gen3ou-2214654026">
|j|☆CD56
|j|☆SixOfRobins
|t:|1727910010
|gametype|singles
|player|p1|CD56|170|
|player|p2|SixOfRobins|plasmagruntf|
|teamsize|p1|6
|teamsize|p2|6
|gen|3
|tier|[Gen 3] OU
|rule|Sleep Clause Mod: Limit one foe put to sleep
|rule|Switch Priority Clause Mod: Faster Pokémon switch first
|rule|Species Clause: Limit one of each Pokémon
|rule|OHKO Clause: OHKO moves are banned
|rule|Evasion Items Clause: Evasion items are banned
|rule|Evasion Moves Clause: Evasion moves are banned
|rule|Endless Battle Clause: Forcing endless battles is banned
|rule|HP Percentage Mod: HP is shown in percentages
|rule|One Boost Passer Clause: Limit one Baton Passer that has a way to boost its stats
|rule|Freeze Clause Mod: Limit one foe frozen
|
|t:|1727910010
|start
|switch|p1a: Metagross|Metagross|100/100
|switch|p2a: Tyranitar|Tyranitar, F|100/100
|-weather|Sandstorm|[from] ability: Sand Stream|[of] p2a: Tyranitar
|turn|1
|
|t:|1727910021
|switch|p1a: Swampert|Swampert, F|100/100
|move|p2a: Tyranitar|Crunch|p1a: Swampert
|-damage|p1a: Swampert|69/100
|
|-weather|Sandstorm|[upkeep]
|-heal|p1a: Swampert|75/100|[from] item: Leftovers
|upkeep
|turn|2
|
|t:|1727910033
|switch|p2a: Skarmory|Skarmory, F|100/100
|move|p1a: Swampert|Protect||[still]
|-fail|p1a: Swampert
|
|-weather|Sandstorm|[upkeep]
|-heal|p1a: Swampert|82/100|[from] item: Leftovers
|upkeep
|turn|3
|
|t:|1727910044
|move|p2a: Skarmory|Spikes|p1a: Swampert
|-sidestart|p1: CD56|Spikes
|move|p1a: Swampert|Roar|p2a: Skarmory
|drag|p2a: Tyranitar|Tyranitar, F|100/100
|
|-weather|Sandstorm|[upkeep]
|-heal|p1a: Swampert|88/100|[from] item: Leftovers
|upkeep
|turn|4
|
|t:|1727910064
|switch|p2a: Skarmory|Skarmory, F|100/100
|switch|p1a: Blissey|Blissey, F|100/100
|-damage|p1a: Blissey|88/100|[from] Spikes
|
|-weather|Sandstorm|[upkeep]
|-damage|p1a: Blissey|82/100|[from] Sandstorm
|-heal|p1a: Blissey|88/100|[from] item: Leftovers
|upkeep
|turn|5
|
|t:|1727910075
|move|p2a: Skarmory|Spikes|p1a: Blissey
|-sidestart|p1: CD56|Spikes
|move|p1a: Blissey|Thunder Wave|p2a: Skarmory
|-status|p2a: Skarmory|par
|
|-weather|Sandstorm|[upkeep]
|-damage|p1a: Blissey|82/100|[from] Sandstorm
|-heal|p1a: Blissey|88/100|[from] item: Leftovers
|upkeep
|turn|6
|
|t:|1727910083
|move|p1a: Blissey|Thunderbolt|p2a: Skarmory
|-supereffective|p2a: Skarmory
|-damage|p2a: Skarmory|50/100 par
|move|p2a: Skarmory|Spikes|p1a: Blissey
|-sidestart|p1: CD56|Spikes
|
|-weather|Sandstorm|[upkeep]
|-damage|p1a: Blissey|82/100|[from] Sandstorm
|-heal|p1a: Blissey|88/100|[from] item: Leftovers
|-heal|p2a: Skarmory|56/100 par|[from] item: Leftovers
|upkeep
|turn|7
|
|t:|1727910096
|switch|p2a: Jirachi|Jirachi|100/100
|move|p1a: Blissey|Thunderbolt|p2a: Jirachi
|-damage|p2a: Jirachi|85/100
|
|-weather|Sandstorm|[upkeep]
|-damage|p1a: Blissey|82/100|[from] Sandstorm
|-heal|p2a: Jirachi|92/100|[from] item: Leftovers
|-heal|p1a: Blissey|88/100|[from] item: Leftovers
|upkeep
|turn|8
|
|t:|1727910119
|switch|p1a: Tyranitar|Tyranitar, F|100/100
|-damage|p1a: Tyranitar|76/100|[from] Spikes
|move|p2a: Jirachi|Protect||[still]
|-fail|p2a: Jirachi
|
|-weather|Sandstorm|[upkeep]
|-heal|p2a: Jirachi|98/100|[from] item: Leftovers
|upkeep
|turn|9
|
|t:|1727910129
|switch|p2a: Flygon|Flygon, F|100/100
|move|p1a: Tyranitar|Earthquake|p2a: Flygon
|-immune|p2a: Flygon
|
|-weather|Sandstorm|[upkeep]
|upkeep
|turn|10
|
|t:|1727910140
|switch|p1a: Skarmory|Skarmory, F|100/100
|move|p2a: Flygon|Toxic|p1a: Skarmory|[miss]
|-miss|p2a: Flygon|p1a: Skarmory
|
|-weather|Sandstorm|[upkeep]
|upkeep
|turn|11
|
|t:|1727910149
|switch|p2a: Moltres|Moltres|100/100
|move|p1a: Skarmory|Spikes|p2a: Moltres
|-sidestart|p2: SixOfRobins|Spikes
|
|-weather|Sandstorm|[upkeep]
|-damage|p2a: Moltres|94/100|[from] Sandstorm
|-heal|p2a: Moltres|100/100|[from] item: Leftovers
|upkeep
|turn|12
|
|t:|1727910161
|switch|p1a: Blissey|Blissey, F|88/100
|-damage|p1a: Blissey|63/100|[from] Spikes
|move|p2a: Moltres|Flamethrower|p1a: Blissey
|-damage|p1a: Blissey|41/100
|
|-weather|Sandstorm|[upkeep]
|-damage|p2a: Moltres|94/100|[from] Sandstorm
|-damage|p1a: Blissey|34/100|[from] Sandstorm
|-heal|p2a: Moltres|100/100|[from] item: Leftovers
|-heal|p1a: Blissey|41/100|[from] item: Leftovers
|upkeep
|turn|13
|
|t:|1727910188
|move|p2a: Moltres|Overheat|p1a: Blissey
|-damage|p1a: Blissey|9/100
|-unboost|p2a: Moltres|spa|2
|move|p1a: Blissey|Soft-Boiled|p1a: Blissey
|-heal|p1a: Blissey|59/100
|
|-weather|Sandstorm|[upkeep]
|-damage|p2a: Moltres|94/100|[from] Sandstorm
|-damage|p1a: Blissey|53/100|[from] Sandstorm
|-heal|p2a: Moltres|100/100|[from] item: Leftovers
|-heal|p1a: Blissey|59/100|[from] item: Leftovers
|upkeep
|turn|14
|
|t:|1727910210
|switch|p2a: Flygon|Flygon, F|100/100
|move|p1a: Blissey|Soft-Boiled|p1a: Blissey
|-heal|p1a: Blissey|100/100
|
|-weather|Sandstorm|[upkeep]
|-damage|p1a: Blissey|94/100|[from] Sandstorm
|-heal|p1a: Blissey|100/100|[from] item: Leftovers
|upkeep
|turn|15
|
|t:|1727910218
|move|p2a: Flygon|Protect|p2a: Flygon
|-singleturn|p2a: Flygon|Protect
|move|p1a: Blissey|Ice Beam|p2a: Flygon
|-activate|p2a: Flygon|Protect
|
|-weather|Sandstorm|[upkeep]
|-damage|p1a: Blissey|94/100|[from] Sandstorm
|-heal|p1a: Blissey|100/100|[from] item: Leftovers
|upkeep
|turn|16
|
|t:|1727910233
|switch|p2a: Skarmory|Skarmory, F|56/100 par
|move|p1a: Blissey|Thunder Wave|p2a: Skarmory
|-fail|p2a: Skarmory|par
|
|-weather|Sandstorm|[upkeep]
|-damage|p1a: Blissey|94/100|[from] Sandstorm
|-heal|p1a: Blissey|100/100|[from] item: Leftovers
|-heal|p2a: Skarmory|62/100 par|[from] item: Leftovers
|upkeep
|turn|17
|
|t:|1727910240
|move|p2a: Skarmory|Protect|p2a: Skarmory
|-singleturn|p2a: Skarmory|Protect
|move|p1a: Blissey|Thunderbolt|p2a: Skarmory
|-activate|p2a: Skarmory|Protect
|
|-weather|Sandstorm|[upkeep]
|-damage|p1a: Blissey|94/100|[from] Sandstorm
|-heal|p1a: Blissey|100/100|[from] item: Leftovers
|-heal|p2a: Skarmory|68/100 par|[from] item: Leftovers
|upkeep
|turn|18
|
|t:|1727910250
|move|p1a: Blissey|Thunderbolt|p2a: Skarmory
|-supereffective|p2a: Skarmory
|-damage|p2a: Skarmory|24/100 par
|move|p2a: Skarmory|Toxic|p1a: Blissey
|-status|p1a: Blissey|tox
|
|-weather|Sandstorm|[upkeep]
|-damage|p1a: Blissey|94/100 tox|[from] Sandstorm
|-heal|p1a: Blissey|100/100 tox|[from] item: Leftovers
|-damage|p1a: Blissey|94/100 tox|[from] psn
|-heal|p2a: Skarmory|30/100 par|[from] item: Leftovers
|upkeep
|turn|19
|
|t:|1727910260
|-curestatus|p1a: Blissey|tox|[from] ability: Natural Cure
|switch|p1a: Skarmory|Skarmory, F|100/100
|move|p2a: Skarmory|Protect||[still]
|-fail|p2a: Skarmory
|
|-weather|Sandstorm|[upkeep]
|-heal|p2a: Skarmory|36/100 par|[from] item: Leftovers
|upkeep
|turn|20
|
|t:|1727910266
|move|p1a: Skarmory|Roar|p2a: Skarmory
|drag|p2a: Tyranitar|Tyranitar, F|100/100
|-damage|p2a: Tyranitar|88/100|[from] Spikes
|
|-weather|Sandstorm|[upkeep]
|-heal|p2a: Tyranitar|94/100|[from] item: Leftovers
|upkeep
|turn|21
|
|t:|1727910276
|switch|p1a: Blissey|Blissey, F|94/100
|-damage|p1a: Blissey|69/100|[from] Spikes
|move|p2a: Tyranitar|Ice Beam|p1a: Blissey
|-crit|p1a: Blissey
|-damage|p1a: Blissey|46/100
|
|-weather|Sandstorm|[upkeep]
|-damage|p1a: Blissey|40/100|[from] Sandstorm
|-heal|p2a: Tyranitar|99/100|[from] item: Leftovers
|-heal|p1a: Blissey|46/100|[from] item: Leftovers
|upkeep
|turn|22
|
|t:|1727910280
|move|p2a: Tyranitar|Earthquake|p1a: Blissey
|-damage|p1a: Blissey|16/100
|move|p1a: Blissey|Soft-Boiled|p1a: Blissey
|-heal|p1a: Blissey|65/100
|
|-weather|Sandstorm|[upkeep]
|-damage|p1a: Blissey|59/100|[from] Sandstorm
|-heal|p2a: Tyranitar|100/100|[from] item: Leftovers
|-heal|p1a: Blissey|65/100|[from] item: Leftovers
|upkeep
|turn|23
|
|t:|1727910295
|switch|p2a: Skarmory|Skarmory, F|36/100 par
|move|p1a: Blissey|Soft-Boiled|p1a: Blissey
|-heal|p1a: Blissey|100/100
|
|-weather|Sandstorm|[upkeep]
|-damage|p1a: Blissey|94/100|[from] Sandstorm
|-heal|p1a: Blissey|100/100|[from] item: Leftovers
|-heal|p2a: Skarmory|42/100 par|[from] item: Leftovers
|upkeep
|turn|24
|
|t:|1727910304
|move|p2a: Skarmory|Protect|p2a: Skarmory
|-singleturn|p2a: Skarmory|Protect
|move|p1a: Blissey|Thunderbolt|p2a: Skarmory
|-activate|p2a: Skarmory|Protect
|
|-weather|Sandstorm|[upkeep]
|-damage|p1a: Blissey|94/100|[from] Sandstorm
|-heal|p1a: Blissey|100/100|[from] item: Leftovers
|-heal|p2a: Skarmory|48/100 par|[from] item: Leftovers
|upkeep
|turn|25
|
|t:|1727910318
|move|p1a: Blissey|Thunderbolt|p2a: Skarmory
|-supereffective|p2a: Skarmory
|-crit|p2a: Skarmory
|-damage|p2a: Skarmory|0 fnt
|faint|p2a: Skarmory
|
|t:|1727910335
|switch|p2a: Jirachi|Jirachi|98/100
|-damage|p2a: Jirachi|85/100|[from] Spikes
|
|-weather|Sandstorm|[upkeep]
|-damage|p1a: Blissey|94/100|[from] Sandstorm
|-heal|p2a: Jirachi|92/100|[from] item: Leftovers
|-heal|p1a: Blissey|100/100|[from] item: Leftovers
|upkeep
|turn|26
|
|t:|1727910344
|switch|p1a: Gengar|Gengar, M|100/100
|move|p2a: Jirachi|Body Slam|p1a: Gengar
|-immune|p1a: Gengar
|
|-weather|Sandstorm|[upkeep]
|-damage|p1a: Gengar|94/100|[from] Sandstorm
|-heal|p1a: Gengar|100/100|[from] item: Leftovers
|-heal|p2a: Jirachi|98/100|[from] item: Leftovers
|upkeep
|turn|27
|
|t:|1727910348
|move|p2a: Jirachi|Protect|p2a: Jirachi
|-singleturn|p2a: Jirachi|Protect
|move|p1a: Gengar|Will-O-Wisp|p2a: Jirachi
|-activate|p2a: Jirachi|Protect
|
|-weather|Sandstorm|[upkeep]
|-damage|p1a: Gengar|94/100|[from] Sandstorm
|-heal|p1a: Gengar|100/100|[from] item: Leftovers
|-heal|p2a: Jirachi|100/100|[from] item: Leftovers
|upkeep
|turn|28
|
|t:|1727910362
|switch|p2a: Moltres|Moltres|100/100
|move|p1a: Gengar|Thunderbolt|p2a: Moltres
|-supereffective|p2a: Moltres
|-damage|p2a: Moltres|34/100
|
|-weather|Sandstorm|[upkeep]
|-damage|p1a: Gengar|94/100|[from] Sandstorm
|-damage|p2a: Moltres|27/100|[from] Sandstorm
|-heal|p1a: Gengar|100/100|[from] item: Leftovers
|-heal|p2a: Moltres|34/100|[from] item: Leftovers
|upkeep
|turn|29
|
|t:|1727910379
|switch|p1a: Blissey|Blissey, F|100/100
|-damage|p1a: Blissey|76/100|[from] Spikes
|switch|p2a: Jirachi|Jirachi|100/100
|-damage|p2a: Jirachi|88/100|[from] Spikes
|
|-weather|Sandstorm|[upkeep]
|-damage|p1a: Blissey|69/100|[from] Sandstorm
|-heal|p2a: Jirachi|94/100|[from] item: Leftovers
|-heal|p1a: Blissey|76/100|[from] item: Leftovers
|upkeep
|turn|30
|
|t:|1727910390
|switch|p1a: Gengar|Gengar, M|100/100
|move|p2a: Jirachi|Wish|p2a: Jirachi
|
|-weather|Sandstorm|[upkeep]
|-damage|p1a: Gengar|94/100|[from] Sandstorm
|-heal|p1a: Gengar|100/100|[from] item: Leftovers
|-heal|p2a: Jirachi|100/100|[from] item: Leftovers
|upkeep
|turn|31
|
|t:|1727910406
|move|p1a: Gengar|Thunderbolt|p2a: Jirachi
|-damage|p2a: Jirachi|83/100
|move|p2a: Jirachi|Fire Punch|p1a: Gengar
|-crit|p1a: Gengar
|-damage|p1a: Gengar|60/100
|
|-heal|p2a: Jirachi|100/100|[from] move: Wish|[wisher] Jirachi
|-weather|Sandstorm|[upkeep]
|-damage|p1a: Gengar|53/100|[from] Sandstorm
|-heal|p1a: Gengar|60/100|[from] item: Leftovers
|upkeep
|turn|32
|
|t:|1727910417
|move|p1a: Gengar|Will-O-Wisp|p2a: Jirachi
|-status|p2a: Jirachi|brn
|move|p2a: Jirachi|Fire Punch|p1a: Gengar
|-damage|p1a: Gengar|40/100
|-status|p1a: Gengar|brn
|
|-weather|Sandstorm|[upkeep]
|-damage|p1a: Gengar|34/100 brn|[from] Sandstorm
|-heal|p1a: Gengar|40/100 brn|[from] item: Leftovers
|-damage|p1a: Gengar|28/100 brn|[from] brn
|-damage|p2a: Jirachi|88/100 brn|[from] brn
|upkeep
|turn|33
|
|t:|1727910440
|switch|p1a: Blissey|Blissey, F|76/100
|-damage|p1a: Blissey|51/100|[from] Spikes
|move|p2a: Jirachi|Fire Punch|p1a: Blissey
|-damage|p1a: Blissey|43/100
|
|-weather|Sandstorm|[upkeep]
|-damage|p1a: Blissey|37/100|[from] Sandstorm
|-heal|p2a: Jirachi|94/100 brn|[from] item: Leftovers
|-damage|p2a: Jirachi|82/100 brn|[from] brn
|-heal|p1a: Blissey|43/100|[from] item: Leftovers
|upkeep
|turn|34
|
|t:|1727910452
|move|p2a: Jirachi|Wish|p2a: Jirachi
|move|p1a: Blissey|Soft-Boiled|p1a: Blissey
|-heal|p1a: Blissey|93/100
|
|-weather|Sandstorm|[upkeep]
|-damage|p1a: Blissey|87/100|[from] Sandstorm
|-heal|p2a: Jirachi|88/100 brn|[from] item: Leftovers
|-damage|p2a: Jirachi|76/100 brn|[from] brn
|-heal|p1a: Blissey|93/100|[from] item: Leftovers
|upkeep
|turn|35
|
|t:|1727910469
|move|p2a: Jirachi|Fire Punch|p1a: Blissey
|-damage|p1a: Blissey|85/100
|move|p1a: Blissey|Thunderbolt|p2a: Jirachi
|-damage|p2a: Jirachi|59/100 brn
|
|-heal|p2a: Jirachi|100/100 brn|[from] move: Wish|[wisher] Jirachi
|-weather|Sandstorm|[upkeep]
|-damage|p1a: Blissey|79/100|[from] Sandstorm
|-damage|p2a: Jirachi|88/100 brn|[from] brn
|-heal|p1a: Blissey|85/100|[from] item: Leftovers
|upkeep
|turn|36
|
|t:|1727910488
|switch|p1a: Tyranitar|Tyranitar, F|76/100
|-damage|p1a: Tyranitar|51/100|[from] Spikes
|move|p2a: Jirachi|Fire Punch|p1a: Tyranitar
|-resisted|p1a: Tyranitar
|-damage|p1a: Tyranitar|43/100
|-status|p1a: Tyranitar|brn
|-enditem|p1a: Tyranitar|Lum Berry|[eat]
|-curestatus|p1a: Tyranitar|brn|[msg]
|
|-weather|Sandstorm|[upkeep]
|-heal|p2a: Jirachi|94/100 brn|[from] item: Leftovers
|-damage|p2a: Jirachi|82/100 brn|[from] brn
|upkeep
|turn|37
|
|t:|1727910508
|switch|p1a: Swampert|Swampert, F|88/100
|-damage|p1a: Swampert|63/100|[from] Spikes
|switch|p2a: Flygon|Flygon, F|100/100
|
|-weather|Sandstorm|[upkeep]
|-heal|p1a: Swampert|69/100|[from] item: Leftovers
|upkeep
|turn|38
|
|t:|1727910519
|switch|p1a: Blissey|Blissey, F|85/100
|-damage|p1a: Blissey|61/100|[from] Spikes
|move|p2a: Flygon|Protect||[still]
|-fail|p2a: Flygon
|
|-weather|Sandstorm|[upkeep]
|-damage|p1a: Blissey|54/100|[from] Sandstorm
|-heal|p1a: Blissey|61/100|[from] item: Leftovers
|upkeep
|turn|39
|
|t:|1727910535
|switch|p2a: Articuno|Articuno|100/100
|move|p1a: Blissey|Soft-Boiled|p1a: Blissey
|-heal|p1a: Blissey|100/100
|
|-weather|Sandstorm|[upkeep]
|-damage|p2a: Articuno|94/100|[from] Sandstorm
|-damage|p1a: Blissey|94/100|[from] Sandstorm
|-heal|p2a: Articuno|100/100|[from] item: Leftovers
|-heal|p1a: Blissey|100/100|[from] item: Leftovers
|upkeep
|turn|40
|
|t:|1727910548
|switch|p2a: Jirachi|Jirachi|82/100 brn
|-damage|p2a: Jirachi|70/100 brn|[from] Spikes
|move|p1a: Blissey|Thunder Wave||[still]
|-fail|p1a: Blissey
|
|-weather|Sandstorm|[upkeep]
|-damage|p1a: Blissey|94/100|[from] Sandstorm
|-heal|p2a: Jirachi|76/100 brn|[from] item: Leftovers
|-damage|p2a: Jirachi|63/100 brn|[from] brn
|-heal|p1a: Blissey|100/100|[from] item: Leftovers
|upkeep
|turn|41
|
|t:|1727910569
|switch|p1a: Swampert|Swampert, F|69/100
|-damage|p1a: Swampert|44/100|[from] Spikes
|move|p2a: Jirachi|Wish|p2a: Jirachi
|
|-weather|Sandstorm|[upkeep]
|-heal|p2a: Jirachi|70/100 brn|[from] item: Leftovers
|-damage|p2a: Jirachi|57/100 brn|[from] brn
|-heal|p1a: Swampert|51/100|[from] item: Leftovers
|upkeep
|turn|42
|
|t:|1727910584
|move|p2a: Jirachi|Protect|p2a: Jirachi
|-singleturn|p2a: Jirachi|Protect
|move|p1a: Swampert|Surf|p2a: Jirachi
|-activate|p2a: Jirachi|Protect
|
|-heal|p2a: Jirachi|100/100 brn|[from] move: Wish|[wisher] Jirachi
|-weather|Sandstorm|[upkeep]
|-damage|p2a: Jirachi|88/100 brn|[from] brn
|-heal|p1a: Swampert|57/100|[from] item: Leftovers
|upkeep
|turn|43
|
|t:|1727910595
|switch|p2a: Articuno|Articuno|100/100
|move|p1a: Swampert|Earthquake|p2a: Articuno
|-immune|p2a: Articuno
|
|-weather|Sandstorm|[upkeep]
|-damage|p2a: Articuno|94/100|[from] Sandstorm
|-heal|p2a: Articuno|100/100|[from] item: Leftovers
|-heal|p1a: Swampert|63/100|[from] item: Leftovers
|upkeep
|turn|44
|
|t:|1727910604
|move|p1a: Swampert|Protect|p1a: Swampert
|-singleturn|p1a: Swampert|Protect
|move|p2a: Articuno|Heal Bell|p2a: Articuno
|-activate|p2a: Articuno|move: Heal Bell
|-curestatus|p2: Jirachi|brn|[silent]
|
|-weather|Sandstorm|[upkeep]
|-damage|p2a: Articuno|94/100|[from] Sandstorm
|-heal|p2a: Articuno|100/100|[from] item: Leftovers
|-heal|p1a: Swampert|69/100|[from] item: Leftovers
|upkeep
|turn|45
|
|t:|1727910615
|switch|p1a: Blissey|Blissey, F|100/100
|-damage|p1a: Blissey|76/100|[from] Spikes
|move|p2a: Articuno|Roar|p1a: Blissey
|drag|p1a: Metagross|Metagross|100/100
|-damage|p1a: Metagross|76/100|[from] Spikes
|
|-weather|Sandstorm|[upkeep]
|-damage|p2a: Articuno|94/100|[from] Sandstorm
|-heal|p2a: Articuno|100/100|[from] item: Leftovers
|upkeep
|turn|46
|
|t:|1727910631
|switch|p2a: Flygon|Flygon, F|100/100
|move|p1a: Metagross|Meteor Mash|p2a: Flygon|[miss]
|-miss|p1a: Metagross|p2a: Flygon
|
|-weather|Sandstorm|[upkeep]
|upkeep
|turn|47
|
|t:|1727910643
|switch|p1a: Skarmory|Skarmory, F|100/100
|move|p2a: Flygon|Rock Slide|p1a: Skarmory
|-damage|p1a: Skarmory|87/100
|
|-weather|Sandstorm|[upkeep]
|-heal|p1a: Skarmory|93/100|[from] item: Leftovers
|upkeep
|turn|48
|
|t:|1727910653
|move|p2a: Flygon|Rock Slide|p1a: Skarmory
|-damage|p1a: Skarmory|79/100
|move|p1a: Skarmory|Roar|p2a: Flygon
|drag|p2a: Articuno|Articuno|100/100
|
|-weather|Sandstorm|[upkeep]
|-damage|p2a: Articuno|94/100|[from] Sandstorm
|-heal|p2a: Articuno|100/100|[from] item: Leftovers
|-heal|p1a: Skarmory|85/100|[from] item: Leftovers
|upkeep
|turn|49
|
|t:|1727910665
|switch|p1a: Blissey|Blissey, F|76/100
|-damage|p1a: Blissey|51/100|[from] Spikes
|move|p2a: Articuno|Roar|p1a: Blissey
|drag|p1a: Metagross|Metagross|76/100
|-damage|p1a: Metagross|51/100|[from] Spikes
|
|-weather|Sandstorm|[upkeep]
|-damage|p2a: Articuno|94/100|[from] Sandstorm
|-heal|p2a: Articuno|100/100|[from] item: Leftovers
|upkeep
|turn|50
|
|t:|1727910678
|switch|p2a: Flygon|Flygon, F|100/100
|move|p1a: Metagross|Earthquake|p2a: Flygon
|-immune|p2a: Flygon
|
|-weather|Sandstorm|[upkeep]
|upkeep
|turn|51
|
|t:|1727910688
|switch|p1a: Skarmory|Skarmory, F|85/100
|move|p2a: Flygon|Rock Slide|p1a: Skarmory
|-damage|p1a: Skarmory|72/100
|
|-weather|Sandstorm|[upkeep]
|-heal|p1a: Skarmory|78/100|[from] item: Leftovers
|upkeep
|turn|52
|
|t:|1727910698
|move|p2a: Flygon|Rock Slide|p1a: Skarmory
|-damage|p1a: Skarmory|65/100
|move|p1a: Skarmory|Spikes|p2a: Flygon
|-sidestart|p2: SixOfRobins|Spikes
|
|-weather|Sandstorm|[upkeep]
|-heal|p1a: Skarmory|71/100|[from] item: Leftovers
|upkeep
|turn|53
|
|t:|1727910708
|switch|p2a: Moltres|Moltres|34/100
|move|p1a: Skarmory|Spikes|p2a: Moltres
|-sidestart|p2: SixOfRobins|Spikes
|
|-weather|Sandstorm|[upkeep]
|-damage|p2a: Moltres|27/100|[from] Sandstorm
|-heal|p2a: Moltres|34/100|[from] item: Leftovers
|-heal|p1a: Skarmory|77/100|[from] item: Leftovers
|upkeep
|turn|54
|
|t:|1727910723
|switch|p1a: Gengar|Gengar, M|28/100 brn
|move|p2a: Moltres|Flamethrower|p1a: Gengar
|-damage|p1a: Gengar|0 fnt
|faint|p1a: Gengar
|
|t:|1727910734
|switch|p1a: Blissey|Blissey, F|51/100
|-damage|p1a: Blissey|26/100|[from] Spikes
|
|-weather|Sandstorm|[upkeep]
|-damage|p2a: Moltres|27/100|[from] Sandstorm
|-damage|p1a: Blissey|20/100|[from] Sandstorm
|-heal|p2a: Moltres|34/100|[from] item: Leftovers
|-heal|p1a: Blissey|26/100|[from] item: Leftovers
|upkeep
|turn|55
|
|t:|1727910752
|switch|p2a: Jirachi|Jirachi|88/100
|-damage|p2a: Jirachi|63/100|[from] Spikes
|switch|p1a: Swampert|Swampert, F|69/100
|-damage|p1a: Swampert|44/100|[from] Spikes
|
|-weather|Sandstorm|[upkeep]
|-heal|p2a: Jirachi|69/100|[from] item: Leftovers
|-heal|p1a: Swampert|51/100|[from] item: Leftovers
|upkeep
|turn|56
|
|t:|1727910767
|switch|p2a: Flygon|Flygon, F|100/100
|move|p1a: Swampert|Roar|p2a: Flygon
|drag|p2a: Tyranitar|Tyranitar, F|100/100
|-damage|p2a: Tyranitar|76/100|[from] Spikes
|
|-weather|Sandstorm|[upkeep]
|-heal|p2a: Tyranitar|82/100|[from] item: Leftovers
|-heal|p1a: Swampert|57/100|[from] item: Leftovers
|upkeep
|turn|57
|
|t:|1727910785
|switch|p2a: Flygon|Flygon, F|100/100
|move|p1a: Swampert|Surf|p2a: Flygon
|-damage|p2a: Flygon|66/100
|
|-weather|Sandstorm|[upkeep]
|-heal|p2a: Flygon|72/100|[from] item: Leftovers
|-heal|p1a: Swampert|63/100|[from] item: Leftovers
|upkeep
|turn|58
|
|t:|1727910798
|move|p1a: Swampert|Protect|p1a: Swampert
|-singleturn|p1a: Swampert|Protect
|move|p2a: Flygon|Toxic|p1a: Swampert
|-activate|p1a: Swampert|Protect
|
|-weather|Sandstorm|[upkeep]
|-heal|p2a: Flygon|79/100|[from] item: Leftovers
|-heal|p1a: Swampert|69/100|[from] item: Leftovers
|upkeep
|turn|59
|
|t:|1727910803
|switch|p2a: Articuno|Articuno|100/100
|switch|p1a: Skarmory|Skarmory, F|77/100
|
|-weather|Sandstorm|[upkeep]
|-damage|p2a: Articuno|94/100|[from] Sandstorm
|-heal|p2a: Articuno|100/100|[from] item: Leftovers
|-heal|p1a: Skarmory|83/100|[from] item: Leftovers
|upkeep
|turn|60
|
|t:|1727910812
|move|p2a: Articuno|Roar|p1a: Skarmory
|drag|p1a: Tyranitar|Tyranitar, F|43/100
|-damage|p1a: Tyranitar|18/100|[from] Spikes
|
|-weather|Sandstorm|[upkeep]
|-damage|p2a: Articuno|94/100|[from] Sandstorm
|-heal|p2a: Articuno|100/100|[from] item: Leftovers
|upkeep
|turn|61
|
|t:|1727910819
|move|p1a: Tyranitar|Rock Slide|p2a: Articuno
|-supereffective|p2a: Articuno
|-damage|p2a: Articuno|0 fnt
|faint|p2a: Articuno
|
|t:|1727910830
|switch|p2a: Flygon|Flygon, F|79/100
|
|-weather|Sandstorm|[upkeep]
|-heal|p2a: Flygon|85/100|[from] item: Leftovers
|upkeep
|turn|62
|
|t:|1727910846
|move|p2a: Flygon|Earthquake|p1a: Tyranitar
|-supereffective|p1a: Tyranitar
|-damage|p1a: Tyranitar|0 fnt
|faint|p1a: Tyranitar
|
|t:|1727910850
|switch|p1a: Skarmory|Skarmory, F|83/100
|
|-weather|Sandstorm|[upkeep]
|-heal|p2a: Flygon|91/100|[from] item: Leftovers
|-heal|p1a: Skarmory|89/100|[from] item: Leftovers
|upkeep
|turn|63
|
|t:|1727910858
|move|p2a: Flygon|Rock Slide|p1a: Skarmory
|-damage|p1a: Skarmory|74/100
|move|p1a: Skarmory|Drill Peck|p2a: Flygon
|-damage|p2a: Flygon|72/100
|
|-weather|Sandstorm|[upkeep]
|-heal|p2a: Flygon|78/100|[from] item: Leftovers
|-heal|p1a: Skarmory|80/100|[from] item: Leftovers
|upkeep
|turn|64
|
|t:|1727910870
|switch|p2a: Tyranitar|Tyranitar, F|82/100
|-damage|p2a: Tyranitar|57/100|[from] Spikes
|move|p1a: Skarmory|Drill Peck|p2a: Tyranitar
|-resisted|p2a: Tyranitar
|-damage|p2a: Tyranitar|48/100
|
|-weather|Sandstorm|[upkeep]
|-heal|p1a: Skarmory|86/100|[from] item: Leftovers
|-heal|p2a: Tyranitar|54/100|[from] item: Leftovers
|upkeep
|turn|65
|
|t:|1727910882
|switch|p1a: Swampert|Swampert, F|69/100
|-damage|p1a: Swampert|44/100|[from] Spikes
|move|p2a: Tyranitar|Ice Beam|p1a: Swampert
|-damage|p1a: Swampert|21/100
|-status|p1a: Swampert|frz
|
|-weather|Sandstorm|[upkeep]
|-heal|p2a: Tyranitar|60/100|[from] item: Leftovers
|-heal|p1a: Swampert|27/100 frz|[from] item: Leftovers
|upkeep
|turn|66
|
|t:|1727910895
|cant|p1a: Swampert|frz
|move|p2a: Tyranitar|Crunch|p1a: Swampert
|-damage|p1a: Swampert|0 fnt
|faint|p1a: Swampert
|
|t:|1727910899
|switch|p1a: Blissey|Blissey, F|26/100
|-damage|p1a: Blissey|1/100|[from] Spikes
|
|-weather|Sandstorm|[upkeep]
|-damage|p1a: Blissey|0 fnt|[from] Sandstorm
|faint|p1a: Blissey
|-heal|p2a: Tyranitar|66/100|[from] item: Leftovers
|upkeep
|
|t:|1727910908
|switch|p1a: Metagross|Metagross|51/100
|-damage|p1a: Metagross|26/100|[from] Spikes
|turn|67
|
|t:|1727910916
|switch|p2a: Flygon|Flygon, F|78/100
|move|p1a: Metagross|Meteor Mash|p2a: Flygon
|-damage|p2a: Flygon|4/100
|
|-weather|Sandstorm|[upkeep]
|-heal|p2a: Flygon|10/100|[from] item: Leftovers
|upkeep
|turn|68
|
|t:|1727910927
|switch|p1a: Skarmory|Skarmory, F|86/100
|move|p2a: Flygon|Protect||[still]
|-fail|p2a: Flygon
|
|-weather|Sandstorm|[upkeep]
|-heal|p2a: Flygon|16/100|[from] item: Leftovers
|-heal|p1a: Skarmory|92/100|[from] item: Leftovers
|upkeep
|turn|69
|
|t:|1727910935
|move|p2a: Flygon|Protect|p2a: Flygon
|-singleturn|p2a: Flygon|Protect
|move|p1a: Skarmory|Drill Peck|p2a: Flygon
|-activate|p2a: Flygon|Protect
|
|-weather|Sandstorm|[upkeep]
|-heal|p2a: Flygon|22/100|[from] item: Leftovers
|-heal|p1a: Skarmory|98/100|[from] item: Leftovers
|upkeep
|turn|70
|
|t:|1727910945
|switch|p2a: Jirachi|Jirachi|69/100
|-damage|p2a: Jirachi|44/100|[from] Spikes
|move|p1a: Skarmory|Roar|p2a: Jirachi
|drag|p2a: Flygon|Flygon, F|22/100
|
|-weather|Sandstorm|[upkeep]
|-heal|p2a: Flygon|29/100|[from] item: Leftovers
|-heal|p1a: Skarmory|100/100|[from] item: Leftovers
|upkeep
|turn|71
|
|t:|1727910957
|move|p2a: Flygon|Rock Slide|p1a: Skarmory
|-damage|p1a: Skarmory|87/100
|move|p1a: Skarmory|Drill Peck|p2a: Flygon
|-damage|p2a: Flygon|11/100
|
|-weather|Sandstorm|[upkeep]
|-heal|p2a: Flygon|17/100|[from] item: Leftovers
|-heal|p1a: Skarmory|93/100|[from] item: Leftovers
|upkeep
|turn|72
|
|t:|1727910965
|move|p2a: Flygon|Protect|p2a: Flygon
|-singleturn|p2a: Flygon|Protect
|move|p1a: Skarmory|Roar|p2a: Flygon
|-activate|p2a: Flygon|Protect
|
|-weather|Sandstorm|[upkeep]
|-heal|p2a: Flygon|23/100|[from] item: Leftovers
|-heal|p1a: Skarmory|99/100|[from] item: Leftovers
|upkeep
|turn|73
|
|t:|1727910974
|move|p2a: Flygon|Rock Slide|p1a: Skarmory
|-damage|p1a: Skarmory|86/100
|move|p1a: Skarmory|Drill Peck|p2a: Flygon
|-damage|p2a: Flygon|5/100
|
|-weather|Sandstorm|[upkeep]
|-heal|p2a: Flygon|11/100|[from] item: Leftovers
|-heal|p1a: Skarmory|92/100|[from] item: Leftovers
|upkeep
|turn|74
|
|t:|1727910983
|move|p2a: Flygon|Rock Slide|p1a: Skarmory
|-damage|p1a: Skarmory|79/100
|cant|p1a: Skarmory|flinch
|
|-weather|Sandstorm|[upkeep]
|-heal|p2a: Flygon|17/100|[from] item: Leftovers
|-heal|p1a: Skarmory|85/100|[from] item: Leftovers
|upkeep
|turn|75
|
|t:|1727910991
|move|p2a: Flygon|Rock Slide|p1a: Skarmory
|-damage|p1a: Skarmory|72/100
|move|p1a: Skarmory|Roar|p2a: Flygon
|drag|p2a: Tyranitar|Tyranitar, F|66/100
|-damage|p2a: Tyranitar|41/100|[from] Spikes
|
|-weather|Sandstorm|[upkeep]
|-heal|p1a: Skarmory|78/100|[from] item: Leftovers
|-heal|p2a: Tyranitar|47/100|[from] item: Leftovers
|upkeep
|turn|76
|
|t:|1727911009
|move|p2a: Tyranitar|Crunch|p1a: Skarmory
|-resisted|p1a: Skarmory
|-damage|p1a: Skarmory|59/100
|move|p1a: Skarmory|Roar|p2a: Tyranitar
|drag|p2a: Moltres|Moltres|34/100
|
|-weather|Sandstorm|[upkeep]
|-damage|p2a: Moltres|27/100|[from] Sandstorm
|-heal|p2a: Moltres|34/100|[from] item: Leftovers
|-heal|p1a: Skarmory|65/100|[from] item: Leftovers
|upkeep
|turn|77
|
|t:|1727911019
|move|p2a: Moltres|Flamethrower|p1a: Skarmory
|-supereffective|p1a: Skarmory
|-crit|p1a: Skarmory
|-damage|p1a: Skarmory|0 fnt
|faint|p1a: Skarmory
|
|t:|1727911021
|switch|p1a: Metagross|Metagross|26/100
|-damage|p1a: Metagross|1/100|[from] Spikes
|
|-weather|Sandstorm|[upkeep]
|-damage|p2a: Moltres|27/100|[from] Sandstorm
|-heal|p2a: Moltres|34/100|[from] item: Leftovers
|upkeep
|turn|78
|c|☆CD56|gg
|
|t:|1727911029
|move|p2a: Moltres|Flamethrower|p1a: Metagross
|-supereffective|p1a: Metagross
|-damage|p1a: Metagross|0 fnt
|faint|p1a: Metagross
|
|win|SixOfRobins
|c|☆SixOfRobins|gg!
|l|☆SixOfRobins
|player|p2|

</script>
<script type="application/json" class="data" id="replaydata-gen3ou-2214654026">
{"id":"gen3ou-2214654026","format":"[Gen 3] OU","players":["CD56","SixOfRobins"],"uploadtime":1727911037,"views":188,"formatid":"gen3ou","rating":null,"private":0,"password":null}
</script>

<script defer src="js/replays.js?9d40a366"></script>
