<!DOCTYPE html>
<meta charset="utf-8" />
<meta name="viewport" content="width=device-width" />

<title>[Gen 3] OU: JoJ707 vs. VZR - Replays - Pok&eacute;mon Showdown!</title>

<meta name="description" content="Watch a replay of a Pok&eacute;mon battle between JoJ707 and VZR! Format: [Gen 3] OU; Date: Nov 2, 2024" />
<!--

Hey, you! Looking in the source for the replay log?

You can find them in JSON format, just add `.json` at the end of a replay URL.

https://replay.pokemonshowdown.com/gen7randomdoublesbattle-865046831.json

Or, if you only need the log itself, add `.log` instead:

https://replay.pokemonshowdown.com/gen7randomdoublesbattle-865046831.log

-->

<link rel="stylesheet" href="//pokemonshowdown.com/style/global.css?0.023195364461161105" />
<link rel="stylesheet" href="//play.pokemonshowdown.com/style/font-awesome.css?0.13261647063804238" />
<link rel="stylesheet" href="//play.pokemonshowdown.com/style/battle.css?0.8753245789963631" />
<link rel="stylesheet" href="//play.pokemonshowdown.com/style/utilichart.css?0.8627959624976733" />

<!-- Global site tag (gtag.js) - Google Analytics -->
<script async src="https://www.googletagmanager.com/gtag/js?id=UA-26211653-1"></script>
<script>
  window.dataLayer = window.dataLayer || [];
  function gtag(){dataLayer.push(arguments);}
  gtag('js', new Date());

  gtag('config', 'UA-26211653-1');
</script>
<!-- End Google Analytics -->
<!-- Venatus Ad Manager - Install in <HEAD> of page -->
	<script src="https://hb.vntsm.com/v3/live/ad-manager.min.js" type="text/javascript" data-site-id="642aba63ec9a7b11c3c9c1be" data-mode="scan" async></script>
<!-- / Venatus Ad Manager -->

<style>
	@media (max-width:820px) {
		.battle {
			margin: 0 auto;
		}
		.battle-log {
			margin: 7px auto 0;
			max-width: 640px;
			height: 300px;
			position: static;
		}
	}
	.optgroup {
		display: inline-block;
		line-height: 22px;
		font-size: 10pt;
	}
	.optgroup .button {
		height: 25px;
		padding-top: 0;
		padding-bottom: 0;
	}
	.optgroup button.button {
		padding-left: 12px;
		padding-right: 12px;
	}
	.linklist {
		list-style: none;
		margin: 0.5em 0;
		padding: 0;
	}
	.linklist li {
		padding: 2px 0;
	}
	.sidebar {
		float: left;
		width: 320px;
	}
	.bar-wrapper {
		max-width: 1100px;
		margin: 0 auto;
	}
	.bar-wrapper.has-sidebar {
		max-width: 1430px;
	}
	.mainbar {
		margin: 0;
		padding-right: 1px;
	}
	.mainbar.has-sidebar {
		margin-left: 330px;
	}
	@media (min-width: 1511px) {
		.sidebar {
			width: 400px;
		}
		.bar-wrapper.has-sidebar {
			max-width: 1510px;
		}
		.mainbar.has-sidebar {
			margin-left: 410px;
		}
	}
	.section.first-section {
		margin-top: 9px;
	}
	.blocklink small {
		white-space: normal;
	}
	.button {
		vertical-align: middle;
	}
	.replay-controls {
		padding-top: 10px;
	}
	.replay-controls h1 {
		font-size: 16pt;
		font-weight: normal;
		color: #CCC;
	}
	.pagelink {
		text-align: center;
	}
	.pagelink a {
		width: 150px;
	}
	.textbox, .button {
		font-size: 11pt;
		vertical-align: middle;
	}
	@media (max-width: 450px) {
		.button {
			font-size: 9pt;
		}
	}
</style>

<div>

	<header>
		<div class="nav-wrapper"><ul class="nav">
			<li><a class="button nav-first" href="//pokemonshowdown.com/"><img src="//pokemonshowdown.com/images/pokemonshowdownbeta.png" srcset="//pokemonshowdown.com/images/pokemonshowdownbeta.png 1x, //pokemonshowdown.com/images/pokemonshowdownbeta@2x.png 2x" alt="Pok&eacute;mon Showdown" width="146" height="44" /> Home</a></li>
			<li><a class="button" href="//pokemonshowdown.com/dex/">Pok&eacute;dex</a></li>
			<li><a class="button cur" href="/">Replays</a></li>
			<li><a class="button" href="//pokemonshowdown.com/ladder/">Ladder</a></li>
			<li><a class="button nav-last" href="//pokemonshowdown.com/forums/">Forum</a></li>
			<li><a class="button greenbutton nav-first nav-last" href="//play.pokemonshowdown.com/">Play</a></li>
		</ul></div>
	</header>

	<div class="main" id="main">

		<noscript><section class="section">You need to enable JavaScript to use this page; sorry!</section></noscript>

	</div>

</div>

<script defer nomodule src="//play.pokemonshowdown.com/js/lib/ps-polyfill.js"></script>
<script defer src="//play.pokemonshowdown.com/js/lib/preact.min.js"></script>

<script defer src="//play.pokemonshowdown.com/config/config.js?2bddbc15"></script>
<script defer src="//play.pokemonshowdown.com/js/lib/jquery-1.11.0.min.js"></script>
<script defer src="//play.pokemonshowdown.com/js/lib/html-sanitizer-minified.js"></script>
<script defer src="//play.pokemonshowdown.com/js/battle-sound.js"></script>
<script defer src="//play.pokemonshowdown.com/js/battledata.js?0.7209276989879541"></script>
<script defer src="//play.pokemonshowdown.com/data/pokedex-mini.js?0.6111056340867951"></script>
<script defer src="//play.pokemonshowdown.com/data/pokedex-mini-bw.js?0.3532142036491459"></script>
<script defer src="//play.pokemonshowdown.com/data/graphics.js?0.24223875632456182"></script>
<script defer src="//play.pokemonshowdown.com/data/pokedex.js?0.38839984266356864"></script>
<script defer src="//play.pokemonshowdown.com/data/moves.js?0.21866028504024015"></script>
<script defer src="//play.pokemonshowdown.com/data/abilities.js?0.2005157953846628"></script>
<script defer src="//play.pokemonshowdown.com/data/items.js?0.9894211263848525"></script>
<script defer src="//play.pokemonshowdown.com/data/teambuilder-tables.js?0.6008791140282215"></script>
<script defer src="//play.pokemonshowdown.com/js/battle-tooltips.js?0.7580118955022959"></script>
<script defer src="//play.pokemonshowdown.com/js/battle.js?0.6057722274234274"></script>

<script defer src="js/utils.js?e31f9a17"></script>
<script defer src="js/replays-battle.js?7008c182"></script>

<!-- don't scrape this data! just add .json or .log after the URL!
Full API docs: https://github.com/smogon/pokemon-showdown-client/blob/master/WEB-API.md -->
<script type="text/plain" class="log" id="replaylog-smogtours-gen3ou-803978">
|inactive|Battle timer is ON: inactive players will automatically lose when time's up.
|t:|1730567287
|gametype|singles
|player|p1|JoJ707|#advpliv|
|player|p2|VZR|veteran|
|teamsize|p1|6
|teamsize|p2|6
|gen|3
|tier|[Gen 3] OU
|rule|Sleep Clause Mod: Limit one foe put to sleep
|rule|Switch Priority Clause Mod: Faster Pokémon switch first
|rule|Species Clause: Limit one of each Pokémon
|rule|OHKO Clause: OHKO moves are banned
|rule|Evasion Items Clause: Evasion items are banned
|rule|Evasion Moves Clause: Evasion moves are banned
|rule|Endless Battle Clause: Forcing endless battles is banned
|rule|HP Percentage Mod: HP is shown in percentages
|rule|One Boost Passer Clause: Limit one Baton Passer that has a way to boost its stats
|rule|Freeze Clause Mod: Limit one foe frozen
|
|t:|1730567287
|start
|switch|p1a: Tyranitar|Tyranitar, M|100/100
|switch|p2a: Time Warp|Celebi|100/100
|-weather|Sandstorm|[from] ability: Sand Stream|[of] p1a: Tyranitar
|turn|1
|c|☆JoJ707|hf
|c|☆VZR|hf
|
|t:|1730567300
|move|p2a: Time Warp|Baton Pass|p2a: Time Warp
|
|t:|1730567305
|switch|p2a: GET FKD UP|Swampert, M|100/100|[from] Baton Pass
|move|p1a: Tyranitar|Hidden Power|p2a: GET FKD UP
|-crit|p2a: GET FKD UP
|-damage|p2a: GET FKD UP|68/100
|
|-weather|Sandstorm|[upkeep]
|-heal|p2a: GET FKD UP|74/100|[from] item: Leftovers
|upkeep
|turn|2
|
|t:|1730567312
|switch|p1a: Skarmory|Skarmory, F|100/100
|move|p2a: GET FKD UP|Roar|p1a: Skarmory
|drag|p1a: Swampert|Swampert, F|100/100
|
|-weather|Sandstorm|[upkeep]
|-heal|p2a: GET FKD UP|80/100|[from] item: Leftovers
|upkeep
|turn|3
|
|t:|1730567320
|switch|p2a: Mag? Is it you?|Skarmory, F|100/100
|move|p1a: Swampert|Toxic|p2a: Mag? Is it you?
|-immune|p2a: Mag? Is it you?
|
|-weather|Sandstorm|[upkeep]
|upkeep
|turn|4
|
|t:|1730567323
|switch|p1a: Gengar|Gengar, M|100/100
|move|p2a: Mag? Is it you?|Spikes|p1a: Gengar
|-sidestart|p1: JoJ707|Spikes
|
|-weather|Sandstorm|[upkeep]
|-damage|p1a: Gengar|95/100|[from] Sandstorm
|-heal|p1a: Gengar|100/100|[from] item: Leftovers
|upkeep
|turn|5
|
|t:|1730567329
|switch|p2a: Fear The Reaper|Tyranitar, M, shiny|100/100
|move|p1a: Gengar|Will-O-Wisp|p2a: Fear The Reaper|[miss]
|-miss|p1a: Gengar|p2a: Fear The Reaper
|
|-weather|Sandstorm|[upkeep]
|-damage|p1a: Gengar|95/100|[from] Sandstorm
|-heal|p1a: Gengar|100/100|[from] item: Leftovers
|upkeep
|turn|6
|
|t:|1730567334
|-activate|p1a: Gengar|move: Pursuit
|move|p2a: Fear The Reaper|Pursuit|p1a: Gengar|[from]Pursuit
|-supereffective|p1a: Gengar
|-damage|p1a: Gengar|15/100
|switch|p1a: Skarmory|Skarmory, F|100/100
|
|-weather|Sandstorm|[upkeep]
|upkeep
|turn|7
|
|t:|1730567339
|move|p1a: Skarmory|Spikes|p2a: Fear The Reaper
|-sidestart|p2: VZR|Spikes
|move|p2a: Fear The Reaper|Fire Blast|p1a: Skarmory
|-supereffective|p1a: Skarmory
|-damage|p1a: Skarmory|41/100
|
|-weather|Sandstorm|[upkeep]
|-heal|p1a: Skarmory|47/100|[from] item: Leftovers
|upkeep
|turn|8
|
|t:|1730567344
|switch|p2a: Askarmatitos|Magneton|100/100
|-damage|p2a: Askarmatitos|88/100|[from] Spikes
|move|p1a: Skarmory|Protect||[still]
|-fail|p1a: Skarmory
|
|-weather|Sandstorm|[upkeep]
|-heal|p2a: Askarmatitos|94/100|[from] item: Leftovers
|-heal|p1a: Skarmory|53/100|[from] item: Leftovers
|upkeep
|turn|9
|
|t:|1730567354
|move|p1a: Skarmory|Protect|p1a: Skarmory
|-singleturn|p1a: Skarmory|Protect
|move|p2a: Askarmatitos|Thunderbolt|p1a: Skarmory
|-activate|p1a: Skarmory|Protect
|
|-weather|Sandstorm|[upkeep]
|-heal|p2a: Askarmatitos|100/100|[from] item: Leftovers
|-heal|p1a: Skarmory|59/100|[from] item: Leftovers
|upkeep
|turn|10
|
|t:|1730567358
|move|p1a: Skarmory|Protect||[still]
|-fail|p1a: Skarmory
|move|p2a: Askarmatitos|Thunderbolt|p1a: Skarmory
|-supereffective|p1a: Skarmory
|-damage|p1a: Skarmory|0 fnt
|faint|p1a: Skarmory
|
|t:|1730567382
|switch|p1a: Aerodactyl|Aerodactyl, M|100/100
|
|-weather|Sandstorm|[upkeep]
|upkeep
|turn|11
|
|t:|1730567386
|switch|p1a: Gengar|Gengar, M|15/100
|move|p2a: Askarmatitos|Protect||[still]
|-fail|p2a: Askarmatitos
|
|-weather|Sandstorm|[upkeep]
|-damage|p1a: Gengar|9/100|[from] Sandstorm
|-heal|p1a: Gengar|15/100|[from] item: Leftovers
|upkeep
|turn|12
|
|t:|1730567409
|switch|p1a: Swampert|Swampert, F|100/100
|-damage|p1a: Swampert|88/100|[from] Spikes
|move|p2a: Askarmatitos|Hidden Power|p1a: Swampert
|-resisted|p1a: Swampert
|-damage|p1a: Swampert|77/100
|
|-weather|Sandstorm|[upkeep]
|-heal|p1a: Swampert|83/100|[from] item: Leftovers
|upkeep
|turn|13
|
|t:|1730567419
|switch|p2a: Mag? Is it you?|Skarmory, F|100/100
|move|p1a: Swampert|Surf|p2a: Mag? Is it you?
|-damage|p2a: Mag? Is it you?|74/100
|
|-weather|Sandstorm|[upkeep]
|-heal|p2a: Mag? Is it you?|80/100|[from] item: Leftovers
|-heal|p1a: Swampert|89/100|[from] item: Leftovers
|upkeep
|turn|14
|
|t:|1730567424
|switch|p1a: Zapdos|Zapdos|100/100
|move|p2a: Mag? Is it you?|Spikes|p1a: Zapdos
|-sidestart|p1: JoJ707|Spikes
|
|-weather|Sandstorm|[upkeep]
|-damage|p1a: Zapdos|94/100|[from] Sandstorm
|-heal|p1a: Zapdos|100/100|[from] item: Leftovers
|-heal|p2a: Mag? Is it you?|86/100|[from] item: Leftovers
|upkeep
|turn|15
|
|t:|1730567433
|switch|p2a: Askarmatitos|Magneton|100/100
|-damage|p2a: Askarmatitos|88/100|[from] Spikes
|move|p1a: Zapdos|Thunderbolt|p2a: Askarmatitos
|-resisted|p2a: Askarmatitos
|-damage|p2a: Askarmatitos|42/100
|
|-weather|Sandstorm|[upkeep]
|-damage|p1a: Zapdos|94/100|[from] Sandstorm
|-heal|p1a: Zapdos|100/100|[from] item: Leftovers
|-heal|p2a: Askarmatitos|48/100|[from] item: Leftovers
|upkeep
|turn|16
|inactive|JoJ707 has 270 seconds left.
|inactive|JoJ707 has 240 seconds left.
|
|t:|1730567495
|switch|p1a: Swampert|Swampert, F|89/100
|-damage|p1a: Swampert|72/100|[from] Spikes
|move|p2a: Askarmatitos|Toxic|p1a: Swampert|[miss]
|-miss|p2a: Askarmatitos|p1a: Swampert
|
|-weather|Sandstorm|[upkeep]
|-heal|p2a: Askarmatitos|54/100|[from] item: Leftovers
|-heal|p1a: Swampert|79/100|[from] item: Leftovers
|upkeep
|turn|17
|
|t:|1730567507
|move|p2a: Askarmatitos|Toxic|p1a: Swampert|[miss]
|-miss|p2a: Askarmatitos|p1a: Swampert
|move|p1a: Swampert|Surf|p2a: Askarmatitos
|-damage|p2a: Askarmatitos|0 fnt
|faint|p2a: Askarmatitos
|
|t:|1730567512
|switch|p2a: Time Warp|Celebi|100/100
|-damage|p2a: Time Warp|88/100|[from] Spikes
|
|-weather|Sandstorm|[upkeep]
|-damage|p2a: Time Warp|82/100|[from] Sandstorm
|-heal|p2a: Time Warp|88/100|[from] item: Leftovers
|-heal|p1a: Swampert|85/100|[from] item: Leftovers
|upkeep
|turn|18
|c|☆JoJ707|mb
|
|t:|1730567522
|move|p1a: Swampert|Protect|p1a: Swampert
|-singleturn|p1a: Swampert|Protect
|move|p2a: Time Warp|Leech Seed|p1a: Swampert
|-activate|p1a: Swampert|Protect
|
|-weather|Sandstorm|[upkeep]
|-damage|p2a: Time Warp|82/100|[from] Sandstorm
|-heal|p2a: Time Warp|88/100|[from] item: Leftovers
|-heal|p1a: Swampert|91/100|[from] item: Leftovers
|upkeep
|turn|19
|
|t:|1730567530
|move|p2a: Time Warp|Leech Seed|p1a: Swampert
|-start|p1a: Swampert|move: Leech Seed
|move|p1a: Swampert|Toxic|p2a: Time Warp
|-status|p2a: Time Warp|tox
|
|-weather|Sandstorm|[upkeep]
|-damage|p2a: Time Warp|82/100 tox|[from] Sandstorm
|-heal|p2a: Time Warp|88/100 tox|[from] item: Leftovers
|-damage|p2a: Time Warp|82/100 tox|[from] psn
|-heal|p1a: Swampert|97/100|[from] item: Leftovers
|-damage|p1a: Swampert|85/100|[from] Leech Seed|[of] p2a: Time Warp
|-heal|p2a: Time Warp|94/100 tox|[silent]
|upkeep
|turn|20
|
|t:|1730567538
|switch|p1a: Aerodactyl|Aerodactyl, M|100/100
|move|p2a: Time Warp|Substitute|p2a: Time Warp
|-start|p2a: Time Warp|Substitute
|-damage|p2a: Time Warp|69/100 tox
|
|-weather|Sandstorm|[upkeep]
|-damage|p2a: Time Warp|63/100 tox|[from] Sandstorm
|-heal|p2a: Time Warp|69/100 tox|[from] item: Leftovers
|-damage|p2a: Time Warp|57/100 tox|[from] psn
|upkeep
|turn|21
|inactive|JoJ707 has 270 seconds left.
|
|t:|1730567563
|move|p1a: Aerodactyl|Rock Slide|p2a: Time Warp
|-end|p2a: Time Warp|Substitute
|move|p2a: Time Warp|Recover|p2a: Time Warp
|-heal|p2a: Time Warp|100/100 tox
|
|-weather|Sandstorm|[upkeep]
|-damage|p2a: Time Warp|94/100 tox|[from] Sandstorm
|-heal|p2a: Time Warp|100/100 tox|[from] item: Leftovers
|-damage|p2a: Time Warp|82/100 tox|[from] psn
|upkeep
|turn|22
|inactive|JoJ707 has 240 seconds left.
|
|t:|1730567599
|switch|p1a: Gengar|Gengar, M|15/100
|-curestatus|p2a: Time Warp|tox|[from] ability: Natural Cure
|switch|p2a: GET FKD UP|Swampert, M|80/100
|-damage|p2a: GET FKD UP|68/100|[from] Spikes
|
|-weather|Sandstorm|[upkeep]
|-damage|p1a: Gengar|9/100|[from] Sandstorm
|-heal|p1a: Gengar|15/100|[from] item: Leftovers
|-heal|p2a: GET FKD UP|74/100|[from] item: Leftovers
|upkeep
|turn|23
|
|t:|1730567608
|move|p2a: GET FKD UP|Protect|p2a: GET FKD UP
|-singleturn|p2a: GET FKD UP|Protect
|move|p1a: Gengar|Giga Drain|p2a: GET FKD UP
|-activate|p2a: GET FKD UP|Protect
|
|-weather|Sandstorm|[upkeep]
|-damage|p1a: Gengar|9/100|[from] Sandstorm
|-heal|p1a: Gengar|15/100|[from] item: Leftovers
|-heal|p2a: GET FKD UP|80/100|[from] item: Leftovers
|upkeep
|turn|24
|
|t:|1730567612
|switch|p2a: Fear The Reaper|Tyranitar, M, shiny|100/100
|-damage|p2a: Fear The Reaper|88/100|[from] Spikes
|move|p1a: Gengar|Giga Drain|p2a: Fear The Reaper
|-supereffective|p2a: Fear The Reaper
|-damage|p2a: Fear The Reaper|59/100
|-heal|p1a: Gengar|34/100|[from] drain|[of] p2a: Fear The Reaper
|
|-weather|Sandstorm|[upkeep]
|-damage|p1a: Gengar|28/100|[from] Sandstorm
|-heal|p1a: Gengar|34/100|[from] item: Leftovers
|-heal|p2a: Fear The Reaper|65/100|[from] item: Leftovers
|upkeep
|turn|25
|
|t:|1730567620
|move|p1a: Gengar|Giga Drain|p2a: Fear The Reaper
|-supereffective|p2a: Fear The Reaper
|-damage|p2a: Fear The Reaper|35/100
|-heal|p1a: Gengar|54/100|[from] drain|[of] p2a: Fear The Reaper
|move|p2a: Fear The Reaper|Crunch|p1a: Gengar
|-supereffective|p1a: Gengar
|-damage|p1a: Gengar|0 fnt
|faint|p1a: Gengar
|inactive|JoJ707 has 240 seconds left.
|inactive|JoJ707 has 210 seconds left.
|inactive|JoJ707 has 180 seconds left.
|inactive|JoJ707 has 150 seconds left.
|inactive|JoJ707 has 120 seconds left.
|inactive|JoJ707 has 90 seconds left.
|inactive|JoJ707 has 60 seconds left.
|
|t:|1730567811
|switch|p1a: Tyranitar|Tyranitar, M|100/100
|-damage|p1a: Tyranitar|84/100|[from] Spikes
|
|-weather|Sandstorm|[upkeep]
|-heal|p1a: Tyranitar|90/100|[from] item: Leftovers
|-heal|p2a: Fear The Reaper|41/100|[from] item: Leftovers
|upkeep
|turn|26
|
|t:|1730567817
|switch|p2a: GET FKD UP|Swampert, M|80/100
|-damage|p2a: GET FKD UP|68/100|[from] Spikes
|move|p1a: Tyranitar|Earthquake|p2a: GET FKD UP
|-damage|p2a: GET FKD UP|44/100
|
|-weather|Sandstorm|[upkeep]
|-heal|p1a: Tyranitar|96/100|[from] item: Leftovers
|-heal|p2a: GET FKD UP|50/100|[from] item: Leftovers
|upkeep
|turn|27
|inactive|JoJ707 has 60 seconds left.
|
|t:|1730567837
|switch|p1a: Zapdos|Zapdos|100/100
|move|p2a: GET FKD UP|Surf|p1a: Zapdos
|-damage|p1a: Zapdos|73/100
|
|-weather|Sandstorm|[upkeep]
|-damage|p1a: Zapdos|67/100|[from] Sandstorm
|-heal|p1a: Zapdos|73/100|[from] item: Leftovers
|-heal|p2a: GET FKD UP|57/100|[from] item: Leftovers
|upkeep
|turn|28
|inactive|JoJ707 has 60 seconds left.
|
|t:|1730567862
|move|p2a: GET FKD UP|Protect|p2a: GET FKD UP
|-singleturn|p2a: GET FKD UP|Protect
|move|p1a: Zapdos|Hidden Power|p2a: GET FKD UP
|-activate|p2a: GET FKD UP|Protect
|
|-weather|Sandstorm|[upkeep]
|-damage|p1a: Zapdos|67/100|[from] Sandstorm
|-heal|p1a: Zapdos|73/100|[from] item: Leftovers
|-heal|p2a: GET FKD UP|63/100|[from] item: Leftovers
|upkeep
|turn|29
|inactive|JoJ707 has 60 seconds left.
|
|t:|1730567878
|switch|p2a: Time Warp|Celebi|82/100
|-damage|p2a: Time Warp|69/100|[from] Spikes
|move|p1a: Zapdos|Hidden Power|p2a: Time Warp
|-supereffective|p2a: Time Warp
|-damage|p2a: Time Warp|31/100
|
|-weather|Sandstorm|[upkeep]
|-damage|p2a: Time Warp|25/100|[from] Sandstorm
|-damage|p1a: Zapdos|67/100|[from] Sandstorm
|-heal|p2a: Time Warp|31/100|[from] item: Leftovers
|-heal|p1a: Zapdos|73/100|[from] item: Leftovers
|upkeep
|turn|30
|inactive|JoJ707 has 60 seconds left.
|
|t:|1730567889
|move|p2a: Time Warp|Recover|p2a: Time Warp
|-heal|p2a: Time Warp|81/100
|move|p1a: Zapdos|Toxic|p2a: Time Warp
|-status|p2a: Time Warp|tox
|
|-weather|Sandstorm|[upkeep]
|-damage|p2a: Time Warp|75/100 tox|[from] Sandstorm
|-damage|p1a: Zapdos|67/100|[from] Sandstorm
|-heal|p2a: Time Warp|81/100 tox|[from] item: Leftovers
|-damage|p2a: Time Warp|75/100 tox|[from] psn
|-heal|p1a: Zapdos|73/100|[from] item: Leftovers
|upkeep
|turn|31
|inactive|JoJ707 has 60 seconds left.
|
|t:|1730567895
|move|p1a: Zapdos|Protect|p1a: Zapdos
|-singleturn|p1a: Zapdos|Protect
|move|p2a: Time Warp|Leech Seed|p1a: Zapdos
|-activate|p1a: Zapdos|Protect
|
|-weather|Sandstorm|[upkeep]
|-damage|p2a: Time Warp|68/100 tox|[from] Sandstorm
|-damage|p1a: Zapdos|67/100|[from] Sandstorm
|-heal|p2a: Time Warp|75/100 tox|[from] item: Leftovers
|-damage|p2a: Time Warp|62/100 tox|[from] psn
|-heal|p1a: Zapdos|73/100|[from] item: Leftovers
|upkeep
|turn|32
|inactive|JoJ707 has 60 seconds left.
|
|t:|1730567909
|move|p2a: Time Warp|Leech Seed|p1a: Zapdos
|-start|p1a: Zapdos|move: Leech Seed
|move|p1a: Zapdos|Hidden Power|p2a: Time Warp
|-supereffective|p2a: Time Warp
|-damage|p2a: Time Warp|23/100 tox
|
|-weather|Sandstorm|[upkeep]
|-damage|p2a: Time Warp|17/100 tox|[from] Sandstorm
|-damage|p1a: Zapdos|67/100|[from] Sandstorm
|-heal|p2a: Time Warp|23/100 tox|[from] item: Leftovers
|-damage|p2a: Time Warp|4/100 tox|[from] psn
|-heal|p1a: Zapdos|73/100|[from] item: Leftovers
|-damage|p1a: Zapdos|60/100|[from] Leech Seed|[of] p2a: Time Warp
|-heal|p2a: Time Warp|16/100 tox|[silent]
|upkeep
|turn|33
|inactive|JoJ707 has 60 seconds left.
|
|t:|1730567947
|switch|p1a: Swampert|Swampert, F|85/100
|-damage|p1a: Swampert|68/100|[from] Spikes
|move|p2a: Time Warp|Recover|p2a: Time Warp
|-heal|p2a: Time Warp|66/100 tox
|
|-weather|Sandstorm|[upkeep]
|-damage|p2a: Time Warp|60/100 tox|[from] Sandstorm
|-heal|p2a: Time Warp|66/100 tox|[from] item: Leftovers
|-damage|p2a: Time Warp|41/100 tox|[from] psn
|-heal|p1a: Swampert|74/100|[from] item: Leftovers
|upkeep
|turn|34
|
|t:|1730567957
|move|p1a: Swampert|Protect|p1a: Swampert
|-singleturn|p1a: Swampert|Protect
|move|p2a: Time Warp|Baton Pass|p2a: Time Warp
|
|t:|1730567963
|-curestatus|p2a: Time Warp|tox|[from] ability: Natural Cure
|switch|p2a: Mag? Is it you?|Skarmory, F|86/100|[from] Baton Pass
|
|-weather|Sandstorm|[upkeep]
|-heal|p2a: Mag? Is it you?|92/100|[from] item: Leftovers
|-heal|p1a: Swampert|81/100|[from] item: Leftovers
|upkeep
|turn|35
|
|t:|1730567976
|move|p2a: Mag? Is it you?|Spikes|p1a: Swampert
|-sidestart|p1: JoJ707|Spikes
|move|p1a: Swampert|Surf|p2a: Mag? Is it you?
|-damage|p2a: Mag? Is it you?|66/100
|
|-weather|Sandstorm|[upkeep]
|-heal|p2a: Mag? Is it you?|72/100|[from] item: Leftovers
|-heal|p1a: Swampert|87/100|[from] item: Leftovers
|upkeep
|turn|36
|
|t:|1730567984
|move|p2a: Mag? Is it you?|Protect|p2a: Mag? Is it you?
|-singleturn|p2a: Mag? Is it you?|Protect
|move|p1a: Swampert|Toxic|p2a: Mag? Is it you?
|-activate|p2a: Mag? Is it you?|Protect
|
|-weather|Sandstorm|[upkeep]
|-heal|p2a: Mag? Is it you?|78/100|[from] item: Leftovers
|-heal|p1a: Swampert|93/100|[from] item: Leftovers
|upkeep
|turn|37
|
|t:|1730567993
|switch|p2a: Time Warp|Celebi|41/100
|-damage|p2a: Time Warp|29/100|[from] Spikes
|move|p1a: Swampert|Surf|p2a: Time Warp
|-resisted|p2a: Time Warp
|-damage|p2a: Time Warp|17/100
|
|-weather|Sandstorm|[upkeep]
|-damage|p2a: Time Warp|10/100|[from] Sandstorm
|-heal|p2a: Time Warp|17/100|[from] item: Leftovers
|-heal|p1a: Swampert|99/100|[from] item: Leftovers
|upkeep
|turn|38
|
|t:|1730567999
|move|p2a: Time Warp|Recover|p2a: Time Warp
|-heal|p2a: Time Warp|67/100
|move|p1a: Swampert|Toxic|p2a: Time Warp
|-status|p2a: Time Warp|tox
|
|-weather|Sandstorm|[upkeep]
|-damage|p2a: Time Warp|60/100 tox|[from] Sandstorm
|-heal|p2a: Time Warp|67/100 tox|[from] item: Leftovers
|-damage|p2a: Time Warp|60/100 tox|[from] psn
|-heal|p1a: Swampert|100/100|[from] item: Leftovers
|upkeep
|turn|39
|
|t:|1730568005
|move|p2a: Time Warp|Recover|p2a: Time Warp
|-heal|p2a: Time Warp|100/100 tox
|move|p1a: Swampert|Surf|p2a: Time Warp
|-resisted|p2a: Time Warp
|-crit|p2a: Time Warp
|-damage|p2a: Time Warp|77/100 tox
|
|-weather|Sandstorm|[upkeep]
|-damage|p2a: Time Warp|70/100 tox|[from] Sandstorm
|-heal|p2a: Time Warp|77/100 tox|[from] item: Leftovers
|-damage|p2a: Time Warp|64/100 tox|[from] psn
|upkeep
|turn|40
|inactive|JoJ707 has 60 seconds left.
|
|t:|1730568042
|move|p1a: Swampert|Protect|p1a: Swampert
|-singleturn|p1a: Swampert|Protect
|move|p2a: Time Warp|Recover|p2a: Time Warp
|-heal|p2a: Time Warp|100/100 tox
|
|-weather|Sandstorm|[upkeep]
|-damage|p2a: Time Warp|94/100 tox|[from] Sandstorm
|-heal|p2a: Time Warp|100/100 tox|[from] item: Leftovers
|-damage|p2a: Time Warp|82/100 tox|[from] psn
|upkeep
|turn|41
|inactive|JoJ707 has 60 seconds left.
|
|t:|1730568058
|move|p2a: Time Warp|Baton Pass|p2a: Time Warp
|
|t:|1730568062
|-curestatus|p2a: Time Warp|tox|[from] ability: Natural Cure
|switch|p2a: Mag? Is it you?|Skarmory, F|78/100|[from] Baton Pass
|move|p1a: Swampert|Surf|p2a: Mag? Is it you?
|-crit|p2a: Mag? Is it you?
|-damage|p2a: Mag? Is it you?|22/100
|
|-weather|Sandstorm|[upkeep]
|-heal|p2a: Mag? Is it you?|28/100|[from] item: Leftovers
|upkeep
|turn|42
|inactive|JoJ707 has 60 seconds left.
|c|☆JoJ707|mb
|
|t:|1730568071
|move|p2a: Mag? Is it you?|Protect|p2a: Mag? Is it you?
|-singleturn|p2a: Mag? Is it you?|Protect
|move|p1a: Swampert|Surf|p2a: Mag? Is it you?
|-activate|p2a: Mag? Is it you?|Protect
|
|-weather|Sandstorm|[upkeep]
|-heal|p2a: Mag? Is it you?|34/100|[from] item: Leftovers
|upkeep
|turn|43
|
|t:|1730568078
|move|p1a: Swampert|Toxic|p2a: Mag? Is it you?
|-immune|p2a: Mag? Is it you?
|move|p2a: Mag? Is it you?|Roar|p1a: Swampert
|drag|p1a: Tyranitar|Tyranitar, M|96/100
|-damage|p1a: Tyranitar|71/100|[from] Spikes
|
|-weather|Sandstorm|[upkeep]
|-heal|p1a: Tyranitar|77/100|[from] item: Leftovers
|-heal|p2a: Mag? Is it you?|40/100|[from] item: Leftovers
|upkeep
|turn|44
|
|t:|1730568086
|move|p1a: Tyranitar|Dragon Dance|p1a: Tyranitar
|-boost|p1a: Tyranitar|atk|1
|-boost|p1a: Tyranitar|spe|1
|move|p2a: Mag? Is it you?|Toxic|p1a: Tyranitar
|-status|p1a: Tyranitar|tox
|
|-weather|Sandstorm|[upkeep]
|-heal|p1a: Tyranitar|84/100 tox|[from] item: Leftovers
|-damage|p1a: Tyranitar|77/100 tox|[from] psn
|-heal|p2a: Mag? Is it you?|46/100|[from] item: Leftovers
|upkeep
|turn|45
|
|t:|1730568093
|move|p1a: Tyranitar|Dragon Dance|p1a: Tyranitar
|-boost|p1a: Tyranitar|atk|1
|-boost|p1a: Tyranitar|spe|1
|move|p2a: Mag? Is it you?|Roar|p1a: Tyranitar
|drag|p1a: Aerodactyl|Aerodactyl, M|100/100
|
|-weather|Sandstorm|[upkeep]
|-heal|p2a: Mag? Is it you?|52/100|[from] item: Leftovers
|upkeep
|turn|46
|
|t:|1730568099
|switch|p1a: Swampert|Swampert, F|100/100
|-damage|p1a: Swampert|76/100|[from] Spikes
|move|p2a: Mag? Is it you?|Protect||[still]
|-fail|p2a: Mag? Is it you?
|
|-weather|Sandstorm|[upkeep]
|-heal|p2a: Mag? Is it you?|58/100|[from] item: Leftovers
|-heal|p1a: Swampert|82/100|[from] item: Leftovers
|upkeep
|turn|47
|
|t:|1730568104
|move|p2a: Mag? Is it you?|Protect|p2a: Mag? Is it you?
|-singleturn|p2a: Mag? Is it you?|Protect
|move|p1a: Swampert|Surf|p2a: Mag? Is it you?
|-activate|p2a: Mag? Is it you?|Protect
|
|-weather|Sandstorm|[upkeep]
|-heal|p2a: Mag? Is it you?|64/100|[from] item: Leftovers
|-heal|p1a: Swampert|88/100|[from] item: Leftovers
|upkeep
|turn|48
|
|t:|1730568107
|move|p1a: Swampert|Surf|p2a: Mag? Is it you?
|-damage|p2a: Mag? Is it you?|39/100
|move|p2a: Mag? Is it you?|Roar|p1a: Swampert
|drag|p1a: Zapdos|Zapdos|60/100
|
|-weather|Sandstorm|[upkeep]
|-damage|p1a: Zapdos|54/100|[from] Sandstorm
|-heal|p1a: Zapdos|60/100|[from] item: Leftovers
|-heal|p2a: Mag? Is it you?|45/100|[from] item: Leftovers
|upkeep
|turn|49
|
|t:|1730568116
|move|p2a: Mag? Is it you?|Protect|p2a: Mag? Is it you?
|-singleturn|p2a: Mag? Is it you?|Protect
|move|p1a: Zapdos|Thunderbolt|p2a: Mag? Is it you?
|-activate|p2a: Mag? Is it you?|Protect
|
|-weather|Sandstorm|[upkeep]
|-damage|p1a: Zapdos|54/100|[from] Sandstorm
|-heal|p1a: Zapdos|60/100|[from] item: Leftovers
|-heal|p2a: Mag? Is it you?|51/100|[from] item: Leftovers
|upkeep
|turn|50
|
|t:|1730568124
|switch|p2a: Time Warp|Celebi|82/100
|-damage|p2a: Time Warp|69/100|[from] Spikes
|move|p1a: Zapdos|Thunderbolt|p2a: Time Warp
|-resisted|p2a: Time Warp
|-damage|p2a: Time Warp|48/100
|
|-weather|Sandstorm|[upkeep]
|-damage|p2a: Time Warp|42/100|[from] Sandstorm
|-damage|p1a: Zapdos|54/100|[from] Sandstorm
|-heal|p2a: Time Warp|48/100|[from] item: Leftovers
|-heal|p1a: Zapdos|60/100|[from] item: Leftovers
|upkeep
|turn|51
|
|t:|1730568132
|move|p2a: Time Warp|Substitute|p2a: Time Warp
|-start|p2a: Time Warp|Substitute
|-damage|p2a: Time Warp|23/100
|move|p1a: Zapdos|Toxic||[still]
|-fail|p1a: Zapdos
|
|-weather|Sandstorm|[upkeep]
|-damage|p2a: Time Warp|17/100|[from] Sandstorm
|-damage|p1a: Zapdos|54/100|[from] Sandstorm
|-heal|p2a: Time Warp|23/100|[from] item: Leftovers
|-heal|p1a: Zapdos|60/100|[from] item: Leftovers
|upkeep
|turn|52
|
|t:|1730568138
|move|p2a: Time Warp|Leech Seed|p1a: Zapdos
|-start|p1a: Zapdos|move: Leech Seed
|move|p1a: Zapdos|Hidden Power|p2a: Time Warp
|-supereffective|p2a: Time Warp
|-end|p2a: Time Warp|Substitute
|
|-weather|Sandstorm|[upkeep]
|-damage|p2a: Time Warp|17/100|[from] Sandstorm
|-damage|p1a: Zapdos|54/100|[from] Sandstorm
|-heal|p2a: Time Warp|23/100|[from] item: Leftovers
|-heal|p1a: Zapdos|60/100|[from] item: Leftovers
|-damage|p1a: Zapdos|48/100|[from] Leech Seed|[of] p2a: Time Warp
|-heal|p2a: Time Warp|35/100|[silent]
|upkeep
|turn|53
|inactive|JoJ707 has 120 seconds left.
|
|t:|1730568158
|move|p2a: Time Warp|Substitute|p2a: Time Warp
|-start|p2a: Time Warp|Substitute
|-damage|p2a: Time Warp|10/100
|move|p1a: Zapdos|Toxic||[still]
|-fail|p1a: Zapdos
|
|-weather|Sandstorm|[upkeep]
|-damage|p2a: Time Warp|4/100|[from] Sandstorm
|-damage|p1a: Zapdos|42/100|[from] Sandstorm
|-heal|p2a: Time Warp|10/100|[from] item: Leftovers
|-heal|p1a: Zapdos|48/100|[from] item: Leftovers
|-damage|p1a: Zapdos|35/100|[from] Leech Seed|[of] p2a: Time Warp
|-heal|p2a: Time Warp|22/100|[silent]
|upkeep
|turn|54
|inactive|JoJ707 has 120 seconds left.
|
|t:|1730568170
|move|p2a: Time Warp|Recover|p2a: Time Warp
|-heal|p2a: Time Warp|72/100
|move|p1a: Zapdos|Hidden Power|p2a: Time Warp
|-supereffective|p2a: Time Warp
|-end|p2a: Time Warp|Substitute
|
|-weather|Sandstorm|[upkeep]
|-damage|p2a: Time Warp|66/100|[from] Sandstorm
|-damage|p1a: Zapdos|29/100|[from] Sandstorm
|-heal|p2a: Time Warp|72/100|[from] item: Leftovers
|-heal|p1a: Zapdos|35/100|[from] item: Leftovers
|-damage|p1a: Zapdos|23/100|[from] Leech Seed|[of] p2a: Time Warp
|-heal|p2a: Time Warp|84/100|[silent]
|upkeep
|turn|55
|
|t:|1730568176
|switch|p1a: Aerodactyl|Aerodactyl, M|100/100
|move|p2a: Time Warp|Substitute|p2a: Time Warp
|-start|p2a: Time Warp|Substitute
|-damage|p2a: Time Warp|59/100
|
|-weather|Sandstorm|[upkeep]
|-damage|p2a: Time Warp|53/100|[from] Sandstorm
|-heal|p2a: Time Warp|59/100|[from] item: Leftovers
|upkeep
|turn|56
|
|t:|1730568186
|move|p1a: Aerodactyl|Rock Slide|p2a: Time Warp
|-end|p2a: Time Warp|Substitute
|move|p2a: Time Warp|Leech Seed|p1a: Aerodactyl|[miss]
|-miss|p2a: Time Warp|p1a: Aerodactyl
|
|-weather|Sandstorm|[upkeep]
|-damage|p2a: Time Warp|53/100|[from] Sandstorm
|-heal|p2a: Time Warp|59/100|[from] item: Leftovers
|upkeep
|turn|57
|
|t:|1730568212
|switch|p2a: GET FKD UP|Swampert, M|63/100
|-damage|p2a: GET FKD UP|50/100|[from] Spikes
|move|p1a: Aerodactyl|Rock Slide|p2a: GET FKD UP
|-resisted|p2a: GET FKD UP
|-damage|p2a: GET FKD UP|34/100
|
|-weather|Sandstorm|[upkeep]
|-heal|p2a: GET FKD UP|40/100|[from] item: Leftovers
|upkeep
|turn|58
|
|t:|1730568221
|switch|p1a: Swampert|Swampert, F|88/100
|-damage|p1a: Swampert|63/100|[from] Spikes
|move|p2a: GET FKD UP|Surf|p1a: Swampert
|-damage|p1a: Swampert|39/100
|
|-weather|Sandstorm|[upkeep]
|-heal|p2a: GET FKD UP|46/100|[from] item: Leftovers
|-heal|p1a: Swampert|45/100|[from] item: Leftovers
|upkeep
|turn|59
|
|t:|1730568230
|move|p2a: GET FKD UP|Protect|p2a: GET FKD UP
|-singleturn|p2a: GET FKD UP|Protect
|move|p1a: Swampert|Surf|p2a: GET FKD UP
|-activate|p2a: GET FKD UP|Protect
|
|-weather|Sandstorm|[upkeep]
|-heal|p1a: Swampert|51/100|[from] item: Leftovers
|-heal|p2a: GET FKD UP|52/100|[from] item: Leftovers
|upkeep
|turn|60
|
|t:|1730568236
|switch|p2a: Time Warp|Celebi|59/100
|-damage|p2a: Time Warp|47/100|[from] Spikes
|move|p1a: Swampert|Toxic|p2a: Time Warp
|-status|p2a: Time Warp|tox
|
|-weather|Sandstorm|[upkeep]
|-damage|p2a: Time Warp|40/100 tox|[from] Sandstorm
|-heal|p2a: Time Warp|47/100 tox|[from] item: Leftovers
|-damage|p2a: Time Warp|40/100 tox|[from] psn
|-heal|p1a: Swampert|58/100|[from] item: Leftovers
|upkeep
|turn|61
|
|t:|1730568264
|switch|p1a: Aerodactyl|Aerodactyl, M|100/100
|move|p2a: Time Warp|Recover|p2a: Time Warp
|-heal|p2a: Time Warp|90/100 tox
|
|-weather|Sandstorm|[upkeep]
|-damage|p2a: Time Warp|84/100 tox|[from] Sandstorm
|-heal|p2a: Time Warp|90/100 tox|[from] item: Leftovers
|-damage|p2a: Time Warp|78/100 tox|[from] psn
|upkeep
|turn|62
|inactive|JoJ707 has 120 seconds left.
|
|t:|1730568293
|-curestatus|p2a: Time Warp|tox|[from] ability: Natural Cure
|switch|p2a: Fear The Reaper|Tyranitar, M, shiny|41/100
|-damage|p2a: Fear The Reaper|29/100|[from] Spikes
|move|p1a: Aerodactyl|Rock Slide|p2a: Fear The Reaper
|-damage|p2a: Fear The Reaper|0 fnt
|faint|p2a: Fear The Reaper
|
|t:|1730568299
|switch|p2a: GET FKD UP|Swampert, M|52/100
|-damage|p2a: GET FKD UP|40/100|[from] Spikes
|
|-weather|Sandstorm|[upkeep]
|-heal|p2a: GET FKD UP|46/100|[from] item: Leftovers
|upkeep
|turn|63
|inactive|JoJ707 has 120 seconds left.
|
|t:|1730568308
|switch|p1a: Tyranitar|Tyranitar, M|77/100 tox
|-damage|p1a: Tyranitar|52/100 tox|[from] Spikes
|move|p2a: GET FKD UP|Surf|p1a: Tyranitar
|-supereffective|p1a: Tyranitar
|-damage|p1a: Tyranitar|4/100 tox
|
|-weather|Sandstorm|[upkeep]
|-heal|p1a: Tyranitar|10/100 tox|[from] item: Leftovers
|-damage|p1a: Tyranitar|4/100 tox|[from] psn
|-heal|p2a: GET FKD UP|52/100|[from] item: Leftovers
|upkeep
|turn|64
|
|t:|1730568316
|move|p2a: GET FKD UP|Protect|p2a: GET FKD UP
|-singleturn|p2a: GET FKD UP|Protect
|move|p1a: Tyranitar|Earthquake|p2a: GET FKD UP
|-activate|p2a: GET FKD UP|Protect
|
|-weather|Sandstorm|[upkeep]
|-heal|p1a: Tyranitar|10/100 tox|[from] item: Leftovers
|-damage|p1a: Tyranitar|0 fnt|[from] psn
|faint|p1a: Tyranitar
|-heal|p2a: GET FKD UP|58/100|[from] item: Leftovers
|upkeep
|inactive|JoJ707 has 120 seconds left.
|inactive|JoJ707 has 90 seconds left.
|
|t:|1730568357
|switch|p1a: Swampert|Swampert, F|58/100
|-damage|p1a: Swampert|33/100|[from] Spikes
|turn|65
|inactive|JoJ707 has 90 seconds left.
|
|t:|1730568396
|switch|p2a: Time Warp|Celebi|78/100
|-damage|p2a: Time Warp|65/100|[from] Spikes
|move|p1a: Swampert|Surf|p2a: Time Warp
|-resisted|p2a: Time Warp
|-damage|p2a: Time Warp|48/100
|
|-weather|Sandstorm|[upkeep]
|-damage|p2a: Time Warp|42/100|[from] Sandstorm
|-heal|p2a: Time Warp|48/100|[from] item: Leftovers
|-heal|p1a: Swampert|39/100|[from] item: Leftovers
|upkeep
|turn|66
|
|t:|1730568407
|switch|p1a: Aerodactyl|Aerodactyl, M|100/100
|move|p2a: Time Warp|Leech Seed|p1a: Aerodactyl
|-start|p1a: Aerodactyl|move: Leech Seed
|
|-weather|Sandstorm|[upkeep]
|-damage|p2a: Time Warp|42/100|[from] Sandstorm
|-damage|p1a: Aerodactyl|88/100|[from] Leech Seed|[of] p2a: Time Warp
|-heal|p2a: Time Warp|51/100|[silent]
|-heal|p2a: Time Warp|57/100|[from] item: Leftovers
|upkeep
|turn|67
|
|t:|1730568417
|switch|p1a: Zapdos|Zapdos|23/100
|switch|p2a: Mag? Is it you?|Skarmory, F|51/100
|
|-weather|Sandstorm|[upkeep]
|-damage|p1a: Zapdos|17/100|[from] Sandstorm
|-heal|p1a: Zapdos|23/100|[from] item: Leftovers
|-heal|p2a: Mag? Is it you?|57/100|[from] item: Leftovers
|upkeep
|turn|68
|
|t:|1730568431
|move|p1a: Zapdos|Thunderbolt|p2a: Mag? Is it you?
|-supereffective|p2a: Mag? Is it you?
|-damage|p2a: Mag? Is it you?|0 fnt
|faint|p2a: Mag? Is it you?
|
|t:|1730568433
|switch|p2a: Otherside|Aerodactyl, M|100/100
|
|-weather|Sandstorm|[upkeep]
|-damage|p1a: Zapdos|17/100|[from] Sandstorm
|-heal|p1a: Zapdos|23/100|[from] item: Leftovers
|upkeep
|turn|69
|
|t:|1730568445
|move|p1a: Zapdos|Protect|p1a: Zapdos
|-singleturn|p1a: Zapdos|Protect
|move|p2a: Otherside|Rock Slide|p1a: Zapdos
|-activate|p1a: Zapdos|Protect
|
|-weather|Sandstorm|[upkeep]
|-damage|p1a: Zapdos|17/100|[from] Sandstorm
|-heal|p1a: Zapdos|23/100|[from] item: Leftovers
|upkeep
|turn|70
|inactive|JoJ707 has 90 seconds left.
|
|t:|1730568467
|move|p2a: Otherside|Rock Slide|p1a: Zapdos
|-supereffective|p1a: Zapdos
|-damage|p1a: Zapdos|0 fnt
|faint|p1a: Zapdos
|
|t:|1730568469
|switch|p1a: Swampert|Swampert, F|39/100
|-damage|p1a: Swampert|14/100|[from] Spikes
|
|-weather|Sandstorm|[upkeep]
|-heal|p1a: Swampert|20/100|[from] item: Leftovers
|upkeep
|turn|71
|inactive|JoJ707 has 90 seconds left.
|
|t:|1730568481
|switch|p2a: Time Warp|Celebi|57/100
|-damage|p2a: Time Warp|45/100|[from] Spikes
|move|p1a: Swampert|Toxic|p2a: Time Warp
|-status|p2a: Time Warp|tox
|
|-weather|Sandstorm|[upkeep]
|-damage|p2a: Time Warp|39/100 tox|[from] Sandstorm
|-heal|p2a: Time Warp|45/100 tox|[from] item: Leftovers
|-damage|p2a: Time Warp|39/100 tox|[from] psn
|-heal|p1a: Swampert|27/100|[from] item: Leftovers
|upkeep
|turn|72
|inactive|JoJ707 has 90 seconds left.
|
|t:|1730568510
|move|p1a: Swampert|Protect|p1a: Swampert
|-singleturn|p1a: Swampert|Protect
|move|p2a: Time Warp|Leech Seed|p1a: Swampert
|-activate|p1a: Swampert|Protect
|
|-weather|Sandstorm|[upkeep]
|-damage|p2a: Time Warp|32/100 tox|[from] Sandstorm
|-heal|p2a: Time Warp|39/100 tox|[from] item: Leftovers
|-damage|p2a: Time Warp|26/100 tox|[from] psn
|-heal|p1a: Swampert|33/100|[from] item: Leftovers
|upkeep
|turn|73
|inactive|JoJ707 has 60 seconds left.
|
|t:|1730568543
|move|p1a: Swampert|Protect|p1a: Swampert
|-singleturn|p1a: Swampert|Protect
|move|p2a: Time Warp|Leech Seed|p1a: Swampert
|-activate|p1a: Swampert|Protect
|
|-weather|Sandstorm|[upkeep]
|-damage|p2a: Time Warp|20/100 tox|[from] Sandstorm
|-heal|p2a: Time Warp|26/100 tox|[from] item: Leftovers
|-damage|p2a: Time Warp|7/100 tox|[from] psn
|-heal|p1a: Swampert|39/100|[from] item: Leftovers
|upkeep
|turn|74
|
|t:|1730568557
|switch|p1a: Aerodactyl|Aerodactyl, M|88/100
|move|p2a: Time Warp|Recover|p2a: Time Warp
|-heal|p2a: Time Warp|57/100 tox
|
|-weather|Sandstorm|[upkeep]
|-damage|p2a: Time Warp|51/100 tox|[from] Sandstorm
|-heal|p2a: Time Warp|57/100 tox|[from] item: Leftovers
|-damage|p2a: Time Warp|32/100 tox|[from] psn
|upkeep
|turn|75
|inactive|JoJ707 has 30 seconds left.
|inactive|JoJ707 has 20 seconds left.
|inactive|JoJ707 has 15 seconds left.
|inactive|JoJ707 has 10 seconds left.
|
|t:|1730568610
|move|p1a: Aerodactyl|Double-Edge|p2a: Time Warp
|-damage|p2a: Time Warp|0 fnt
|faint|p2a: Time Warp
|inactive|JoJ707 has 15 seconds left this turn.
|
|t:|1730568613
|switch|p2a: Otherside|Aerodactyl, M|100/100
|
|-weather|Sandstorm|[upkeep]
|upkeep
|turn|76
|inactive|JoJ707 has 25 seconds left this turn.
|inactive|JoJ707 has 20 seconds left.
|inactive|JoJ707 has 15 seconds left.
|inactive|JoJ707 has 10 seconds left.
|
|t:|1730568635
|move|p2a: Otherside|Rock Slide|p1a: Aerodactyl
|-supereffective|p1a: Aerodactyl
|-damage|p1a: Aerodactyl|0 fnt
|faint|p1a: Aerodactyl
|inactive|JoJ707 has 15 seconds left this turn.
|c|☆JoJ707|gg
|
|t:|1730568640
|switch|p1a: Swampert|Swampert, F|39/100
|-damage|p1a: Swampert|14/100|[from] Spikes
|
|-weather|Sandstorm|[upkeep]
|-heal|p1a: Swampert|20/100|[from] item: Leftovers
|upkeep
|turn|77
|inactive|JoJ707 has 25 seconds left this turn.
|c|☆VZR|gg
|inactive|JoJ707 has 20 seconds left.
|
|t:|1730568649
|move|p2a: Otherside|Rock Slide|p1a: Swampert
|-resisted|p1a: Swampert
|-damage|p1a: Swampert|1/100
|move|p1a: Swampert|Surf|p2a: Otherside
|-supereffective|p2a: Otherside
|-damage|p2a: Otherside|0 fnt
|faint|p2a: Otherside
|inactive|JoJ707 has 25 seconds left this turn.
|
|t:|1730568653
|switch|p2a: GET FKD UP|Swampert, M|58/100
|-damage|p2a: GET FKD UP|46/100|[from] Spikes
|
|-weather|Sandstorm|[upkeep]
|-heal|p1a: Swampert|7/100|[from] item: Leftovers
|-heal|p2a: GET FKD UP|52/100|[from] item: Leftovers
|upkeep
|turn|78
|
|t:|1730568657
|move|p1a: Swampert|Protect|p1a: Swampert
|-singleturn|p1a: Swampert|Protect
|move|p2a: GET FKD UP|Surf|p1a: Swampert
|-activate|p1a: Swampert|Protect
|
|-weather|Sandstorm|[upkeep]
|-heal|p2a: GET FKD UP|58/100|[from] item: Leftovers
|-heal|p1a: Swampert|14/100|[from] item: Leftovers
|upkeep
|turn|79
|
|t:|1730568664
|move|p2a: GET FKD UP|Surf|p1a: Swampert
|-damage|p1a: Swampert|0 fnt
|faint|p1a: Swampert
|
|win|VZR

</script>
<script type="application/json" class="data" id="replaydata-smogtours-gen3ou-803978">
{"id":"smogtours-gen3ou-803978","format":"[Gen 3] OU","players":["JoJ707","VZR"],"uploadtime":1730568664,"views":77,"formatid":"gen3ou","rating":null,"private":0,"password":null}
</script>

<script defer src="js/replays.js?9d40a366"></script>
