<!DOCTYPE html>
<meta charset="utf-8" />
<meta name="viewport" content="width=device-width" />

<title>[Gen 3] OU: Yatagarasuwu vs. plzzazz - Replays - Pok&eacute;mon Showdown!</title>

<meta name="description" content="Watch a replay of a Pok&eacute;mon battle between Yatagarasuwu and plzzazz! Format: [Gen 3] OU; Date: Oct 5, 2024" />
<!--

Hey, you! Looking in the source for the replay log?

You can find them in JSON format, just add `.json` at the end of a replay URL.

https://replay.pokemonshowdown.com/gen7randomdoublesbattle-865046831.json

Or, if you only need the log itself, add `.log` instead:

https://replay.pokemonshowdown.com/gen7randomdoublesbattle-865046831.log

-->

<link rel="stylesheet" href="//pokemonshowdown.com/style/global.css?0.023195364461161105" />
<link rel="stylesheet" href="//play.pokemonshowdown.com/style/font-awesome.css?0.13261647063804238" />
<link rel="stylesheet" href="//play.pokemonshowdown.com/style/battle.css?0.8753245789963631" />
<link rel="stylesheet" href="//play.pokemonshowdown.com/style/utilichart.css?0.8627959624976733" />

<!-- Global site tag (gtag.js) - Google Analytics -->
<script async src="https://www.googletagmanager.com/gtag/js?id=UA-26211653-1"></script>
<script>
  window.dataLayer = window.dataLayer || [];
  function gtag(){dataLayer.push(arguments);}
  gtag('js', new Date());

  gtag('config', 'UA-26211653-1');
</script>
<!-- End Google Analytics -->
<!-- Venatus Ad Manager - Install in <HEAD> of page -->
	<script src="https://hb.vntsm.com/v3/live/ad-manager.min.js" type="text/javascript" data-site-id="642aba63ec9a7b11c3c9c1be" data-mode="scan" async></script>
<!-- / Venatus Ad Manager -->

<style>
	@media (max-width:820px) {
		.battle {
			margin: 0 auto;
		}
		.battle-log {
			margin: 7px auto 0;
			max-width: 640px;
			height: 300px;
			position: static;
		}
	}
	.optgroup {
		display: inline-block;
		line-height: 22px;
		font-size: 10pt;
	}
	.optgroup .button {
		height: 25px;
		padding-top: 0;
		padding-bottom: 0;
	}
	.optgroup button.button {
		padding-left: 12px;
		padding-right: 12px;
	}
	.linklist {
		list-style: none;
		margin: 0.5em 0;
		padding: 0;
	}
	.linklist li {
		padding: 2px 0;
	}
	.sidebar {
		float: left;
		width: 320px;
	}
	.bar-wrapper {
		max-width: 1100px;
		margin: 0 auto;
	}
	.bar-wrapper.has-sidebar {
		max-width: 1430px;
	}
	.mainbar {
		margin: 0;
		padding-right: 1px;
	}
	.mainbar.has-sidebar {
		margin-left: 330px;
	}
	@media (min-width: 1511px) {
		.sidebar {
			width: 400px;
		}
		.bar-wrapper.has-sidebar {
			max-width: 1510px;
		}
		.mainbar.has-sidebar {
			margin-left: 410px;
		}
	}
	.section.first-section {
		margin-top: 9px;
	}
	.blocklink small {
		white-space: normal;
	}
	.button {
		vertical-align: middle;
	}
	.replay-controls {
		padding-top: 10px;
	}
	.replay-controls h1 {
		font-size: 16pt;
		font-weight: normal;
		color: #CCC;
	}
	.pagelink {
		text-align: center;
	}
	.pagelink a {
		width: 150px;
	}
	.textbox, .button {
		font-size: 11pt;
		vertical-align: middle;
	}
	@media (max-width: 450px) {
		.button {
			font-size: 9pt;
		}
	}
</style>

<div>

	<header>
		<div class="nav-wrapper"><ul class="nav">
			<li><a class="button nav-first" href="//pokemonshowdown.com/"><img src="//pokemonshowdown.com/images/pokemonshowdownbeta.png" srcset="//pokemonshowdown.com/images/pokemonshowdownbeta.png 1x, //pokemonshowdown.com/images/pokemonshowdownbeta@2x.png 2x" alt="Pok&eacute;mon Showdown" width="146" height="44" /> Home</a></li>
			<li><a class="button" href="//pokemonshowdown.com/dex/">Pok&eacute;dex</a></li>
			<li><a class="button cur" href="/">Replays</a></li>
			<li><a class="button" href="//pokemonshowdown.com/ladder/">Ladder</a></li>
			<li><a class="button nav-last" href="//pokemonshowdown.com/forums/">Forum</a></li>
			<li><a class="button greenbutton nav-first nav-last" href="//play.pokemonshowdown.com/">Play</a></li>
		</ul></div>
	</header>

	<div class="main" id="main">

		<noscript><section class="section">You need to enable JavaScript to use this page; sorry!</section></noscript>

	</div>

</div>

<script defer nomodule src="//play.pokemonshowdown.com/js/lib/ps-polyfill.js"></script>
<script defer src="//play.pokemonshowdown.com/js/lib/preact.min.js"></script>

<script defer src="//play.pokemonshowdown.com/config/config.js?2bddbc15"></script>
<script defer src="//play.pokemonshowdown.com/js/lib/jquery-1.11.0.min.js"></script>
<script defer src="//play.pokemonshowdown.com/js/lib/html-sanitizer-minified.js"></script>
<script defer src="//play.pokemonshowdown.com/js/battle-sound.js"></script>
<script defer src="//play.pokemonshowdown.com/js/battledata.js?0.7209276989879541"></script>
<script defer src="//play.pokemonshowdown.com/data/pokedex-mini.js?0.6111056340867951"></script>
<script defer src="//play.pokemonshowdown.com/data/pokedex-mini-bw.js?0.3532142036491459"></script>
<script defer src="//play.pokemonshowdown.com/data/graphics.js?0.24223875632456182"></script>
<script defer src="//play.pokemonshowdown.com/data/pokedex.js?0.38839984266356864"></script>
<script defer src="//play.pokemonshowdown.com/data/moves.js?0.21866028504024015"></script>
<script defer src="//play.pokemonshowdown.com/data/abilities.js?0.2005157953846628"></script>
<script defer src="//play.pokemonshowdown.com/data/items.js?0.9894211263848525"></script>
<script defer src="//play.pokemonshowdown.com/data/teambuilder-tables.js?0.6008791140282215"></script>
<script defer src="//play.pokemonshowdown.com/js/battle-tooltips.js?0.7580118955022959"></script>
<script defer src="//play.pokemonshowdown.com/js/battle.js?0.6057722274234274"></script>

<script defer src="js/utils.js?e31f9a17"></script>
<script defer src="js/replays-battle.js?7008c182"></script>

<!-- don't scrape this data! just add .json or .log after the URL!
Full API docs: https://github.com/smogon/pokemon-showdown-client/blob/master/WEB-API.md -->
<script type="text/plain" class="log" id="replaylog-smogtours-gen3ou-794791">
|inactive|Battle timer is ON: inactive players will automatically lose when time's up.
|t:|1728088434
|gametype|singles
|player|p1|Yatagarasuwu|170|
|player|p2|plzzazz|102|
|teamsize|p1|6
|teamsize|p2|6
|gen|3
|tier|[Gen 3] OU
|rule|Sleep Clause Mod: Limit one foe put to sleep
|rule|Switch Priority Clause Mod: Faster Pokémon switch first
|rule|Species Clause: Limit one of each Pokémon
|rule|OHKO Clause: OHKO moves are banned
|rule|Evasion Items Clause: Evasion items are banned
|rule|Evasion Moves Clause: Evasion moves are banned
|rule|Endless Battle Clause: Forcing endless battles is banned
|rule|HP Percentage Mod: HP is shown in percentages
|rule|One Boost Passer Clause: Limit one Baton Passer that has a way to boost its stats
|rule|Freeze Clause Mod: Limit one foe frozen
|
|t:|1728088434
|start
|switch|p1a: 👊|Machamp, F|100/100
|switch|p2a: Salamence|Salamence, F|100/100
|-ability|p2a: Salamence|Intimidate|boost
|-unboost|p1a: 👊|atk|1
|turn|1
|
|t:|1728088446
|switch|p1a: Metagross|Metagross|100/100
|move|p2a: Salamence|Dragon Claw|p1a: Metagross
|-resisted|p1a: Metagross
|-damage|p1a: Metagross|81/100
|
|-heal|p1a: Metagross|88/100|[from] item: Leftovers
|upkeep
|turn|2
|
|t:|1728088471
|switch|p2a: Forretress|Forretress, F|100/100
|switch|p1a: Salamence|Salamence, F|100/100
|-ability|p1a: Salamence|Intimidate|boost
|-unboost|p2a: Forretress|atk|1
|
|upkeep
|turn|3
|
|t:|1728088478
|switch|p2a: Blissey|Blissey, F|100/100
|move|p1a: Salamence|Flamethrower|p2a: Blissey
|-damage|p2a: Blissey|91/100
|
|-heal|p2a: Blissey|97/100|[from] item: Leftovers
|upkeep
|turn|4
|
|t:|1728088487
|switch|p1a: 👊|Machamp, F|100/100
|switch|p2a: Salamence|Salamence, F|100/100
|-ability|p2a: Salamence|Intimidate|boost
|-unboost|p1a: 👊|atk|1
|
|upkeep
|turn|5
|
|t:|1728088493
|switch|p1a: Snorlax|Snorlax, M|100/100
|move|p2a: Salamence|Dragon Claw|p1a: Snorlax
|-damage|p1a: Snorlax|76/100
|
|-heal|p1a: Snorlax|82/100|[from] item: Leftovers
|upkeep
|turn|6
|
|t:|1728088501
|switch|p2a: Forretress|Forretress, F|100/100
|switch|p1a: Starmie|Starmie|100/100
|
|upkeep
|turn|7
|
|t:|1728088503
|move|p1a: Starmie|Rapid Spin|p2a: Forretress
|-resisted|p2a: Forretress
|-damage|p2a: Forretress|99/100
|move|p2a: Forretress|Hidden Power|p1a: Starmie
|-supereffective|p1a: Starmie
|-damage|p1a: Starmie|32/100
|
|-heal|p1a: Starmie|38/100|[from] item: Leftovers
|-heal|p2a: Forretress|100/100|[from] item: Leftovers
|upkeep
|turn|8
|
|t:|1728088509
|switch|p1a: 👊|Machamp, F|100/100
|move|p2a: Forretress|Spikes|p1a: 👊
|-sidestart|p1: Yatagarasuwu|Spikes
|
|upkeep
|turn|9
|
|t:|1728088516
|move|p1a: 👊|Cross Chop|p2a: Forretress|[miss]
|-miss|p1a: 👊|p2a: Forretress
|move|p2a: Forretress|Hidden Power|p1a: 👊
|-resisted|p1a: 👊
|-damage|p1a: 👊|87/100
|
|upkeep
|turn|10
|
|t:|1728088521
|switch|p2a: Salamence|Salamence, F|100/100
|-ability|p2a: Salamence|Intimidate|boost
|-unboost|p1a: 👊|atk|1
|move|p1a: 👊|Cross Chop|p2a: Salamence
|-resisted|p2a: Salamence
|-crit|p2a: Salamence
|-damage|p2a: Salamence|0 fnt
|faint|p2a: Salamence
|inactive|plzzazz has 270 seconds left.
|inactive|plzzazz has 240 seconds left.
|inactive|plzzazz has 210 seconds left.
|
|t:|1728088640
|switch|p2a: Swampert|Swampert, M|100/100
|
|upkeep
|turn|11
|
|t:|1728088646
|switch|p1a: Snorlax|Snorlax, M|82/100
|-damage|p1a: Snorlax|70/100|[from] Spikes
|move|p2a: Swampert|Earthquake|p1a: Snorlax
|-damage|p1a: Snorlax|37/100
|
|-heal|p1a: Snorlax|43/100|[from] item: Leftovers
|upkeep
|turn|12
|
|t:|1728088652
|switch|p2a: Tyranitar|Tyranitar, F|100/100
|-weather|Sandstorm|[from] ability: Sand Stream|[of] p2a: Tyranitar
|move|p1a: Snorlax|Return|p2a: Tyranitar
|-resisted|p2a: Tyranitar
|-damage|p2a: Tyranitar|82/100
|
|-weather|Sandstorm|[upkeep]
|-damage|p1a: Snorlax|37/100|[from] Sandstorm
|-heal|p2a: Tyranitar|88/100|[from] item: Leftovers
|-heal|p1a: Snorlax|43/100|[from] item: Leftovers
|upkeep
|turn|13
|
|t:|1728088659
|switch|p2a: Forretress|Forretress, F|100/100
|move|p1a: Snorlax|Self-Destruct|p2a: Forretress
|-resisted|p2a: Forretress
|-damage|p2a: Forretress|34/100
|faint|p1a: Snorlax
|
|t:|1728088666
|switch|p1a: 👊|Machamp, F|87/100
|-damage|p1a: 👊|75/100|[from] Spikes
|
|-weather|Sandstorm|[upkeep]
|-damage|p1a: 👊|69/100|[from] Sandstorm
|-heal|p2a: Forretress|41/100|[from] item: Leftovers
|upkeep
|turn|14
|
|t:|1728088669
|move|p1a: 👊|Cross Chop|p2a: Forretress
|-damage|p2a: Forretress|0 fnt
|faint|p2a: Forretress
|inactive|plzzazz has 210 seconds left.
|
|t:|1728088692
|switch|p2a: Swampert|Swampert, M|100/100
|
|-weather|Sandstorm|[upkeep]
|-damage|p1a: 👊|63/100|[from] Sandstorm
|upkeep
|turn|15
|
|t:|1728088697
|switch|p1a: Metagross|Metagross|88/100
|-damage|p1a: Metagross|75/100|[from] Spikes
|move|p2a: Swampert|Protect||[still]
|-fail|p2a: Swampert
|
|-weather|Sandstorm|[upkeep]
|-heal|p1a: Metagross|81/100|[from] item: Leftovers
|upkeep
|turn|16
|
|t:|1728088702
|switch|p1a: Salamence|Salamence, F|100/100
|-ability|p1a: Salamence|Intimidate|boost
|-unboost|p2a: Swampert|atk|1
|move|p2a: Swampert|Earthquake|p1a: Salamence
|-immune|p1a: Salamence
|
|-weather|Sandstorm|[upkeep]
|-damage|p1a: Salamence|94/100|[from] Sandstorm
|-heal|p1a: Salamence|100/100|[from] item: Leftovers
|upkeep
|turn|17
|
|t:|1728088706
|switch|p1a: Metagross|Metagross|81/100
|-damage|p1a: Metagross|69/100|[from] Spikes
|switch|p2a: Blissey|Blissey, F|97/100
|
|-weather|Sandstorm|[upkeep]
|-damage|p2a: Blissey|91/100|[from] Sandstorm
|-heal|p1a: Metagross|75/100|[from] item: Leftovers
|-heal|p2a: Blissey|97/100|[from] item: Leftovers
|upkeep
|turn|18
|inactive|plzzazz has 240 seconds left.
|
|t:|1728088722
|move|p1a: Metagross|Meteor Mash|p2a: Blissey
|-damage|p2a: Blissey|31/100
|move|p2a: Blissey|Wish|p2a: Blissey
|
|-weather|Sandstorm|[upkeep]
|-damage|p2a: Blissey|24/100|[from] Sandstorm
|-heal|p1a: Metagross|81/100|[from] item: Leftovers
|-heal|p2a: Blissey|31/100|[from] item: Leftovers
|upkeep
|turn|19
|
|t:|1728088727
|switch|p2a: Swampert|Swampert, M|100/100
|move|p1a: Metagross|Meteor Mash|p2a: Swampert
|-resisted|p2a: Swampert
|-damage|p2a: Swampert|80/100
|
|-heal|p2a: Swampert|100/100|[from] move: Wish|[wisher] Blissey
|-weather|Sandstorm|[upkeep]
|-heal|p1a: Metagross|87/100|[from] item: Leftovers
|upkeep
|turn|20
|
|t:|1728088732
|move|p1a: Metagross|Explosion|p2a: Swampert
|-damage|p2a: Swampert|0 fnt
|faint|p1a: Metagross
|faint|p2a: Swampert
|
|t:|1728088741
|switch|p1a: Starmie|Starmie|38/100
|switch|p2a: Aerodactyl|Aerodactyl, M|100/100
|-damage|p1a: Starmie|25/100|[from] Spikes
|
|-weather|Sandstorm|[upkeep]
|-damage|p1a: Starmie|19/100|[from] Sandstorm
|-heal|p1a: Starmie|25/100|[from] item: Leftovers
|upkeep
|turn|21
|
|t:|1728088747
|switch|p1a: Salamence|Salamence, F|100/100
|-ability|p1a: Salamence|Intimidate|boost
|-unboost|p2a: Aerodactyl|atk|1
|move|p2a: Aerodactyl|Double-Edge|p1a: Salamence
|-damage|p1a: Salamence|73/100
|
|-weather|Sandstorm|[upkeep]
|-damage|p1a: Salamence|67/100|[from] Sandstorm
|-heal|p1a: Salamence|73/100|[from] item: Leftovers
|upkeep
|turn|22
|
|t:|1728088756
|switch|p2a: Blissey|Blissey, F|31/100
|switch|p1a: 👊|Machamp, F|63/100
|-damage|p1a: 👊|50/100|[from] Spikes
|
|-weather|Sandstorm|[upkeep]
|-damage|p1a: 👊|44/100|[from] Sandstorm
|-damage|p2a: Blissey|24/100|[from] Sandstorm
|-heal|p2a: Blissey|31/100|[from] item: Leftovers
|upkeep
|turn|23
|
|t:|1728088760
|move|p1a: 👊|Cross Chop|p2a: Blissey|[miss]
|-miss|p1a: 👊|p2a: Blissey
|move|p2a: Blissey|Seismic Toss|p1a: 👊
|-damage|p1a: 👊|13/100
|
|-weather|Sandstorm|[upkeep]
|-damage|p1a: 👊|7/100|[from] Sandstorm
|-damage|p2a: Blissey|24/100|[from] Sandstorm
|-heal|p2a: Blissey|31/100|[from] item: Leftovers
|upkeep
|turn|24
|
|t:|1728088763
|move|p1a: 👊|Cross Chop|p2a: Blissey
|-supereffective|p2a: Blissey
|-damage|p2a: Blissey|0 fnt
|faint|p2a: Blissey
|
|t:|1728088766
|switch|p2a: Aerodactyl|Aerodactyl, M|100/100
|
|-weather|Sandstorm|[upkeep]
|-damage|p1a: 👊|0 fnt|[from] Sandstorm
|faint|p1a: 👊
|upkeep
|
|t:|1728088770
|switch|p1a: Salamence|Salamence, F|73/100
|-ability|p1a: Salamence|Intimidate|boost
|-unboost|p2a: Aerodactyl|atk|1
|turn|25
|
|t:|1728088772
|move|p1a: Salamence|Protect|p1a: Salamence
|-singleturn|p1a: Salamence|Protect
|move|p2a: Aerodactyl|Rock Slide|p1a: Salamence
|-activate|p1a: Salamence|Protect
|
|-weather|Sandstorm|[upkeep]
|-damage|p1a: Salamence|67/100|[from] Sandstorm
|-heal|p1a: Salamence|73/100|[from] item: Leftovers
|upkeep
|turn|26
|
|t:|1728088785
|move|p2a: Aerodactyl|Rock Slide|p1a: Salamence
|-supereffective|p1a: Salamence
|-damage|p1a: Salamence|21/100
|move|p1a: Salamence|Wish|p1a: Salamence
|
|-weather|Sandstorm|[upkeep]
|-damage|p1a: Salamence|14/100|[from] Sandstorm
|-heal|p1a: Salamence|21/100|[from] item: Leftovers
|upkeep
|turn|27
|
|t:|1728088792
|move|p1a: Salamence|Protect|p1a: Salamence
|-singleturn|p1a: Salamence|Protect
|move|p2a: Aerodactyl|Rock Slide|p1a: Salamence|[miss]
|-miss|p2a: Aerodactyl|p1a: Salamence
|
|-heal|p1a: Salamence|70/100|[from] move: Wish|[wisher] Salamence
|-weather|Sandstorm|[upkeep]
|-damage|p1a: Salamence|64/100|[from] Sandstorm
|-heal|p1a: Salamence|70/100|[from] item: Leftovers
|upkeep
|turn|28
|
|t:|1728088801
|move|p2a: Aerodactyl|Rock Slide|p1a: Salamence
|-supereffective|p1a: Salamence
|-damage|p1a: Salamence|24/100
|move|p1a: Salamence|Wish|p1a: Salamence
|
|-weather|Sandstorm|[upkeep]
|-damage|p1a: Salamence|18/100|[from] Sandstorm
|-heal|p1a: Salamence|24/100|[from] item: Leftovers
|upkeep
|turn|29
|
|t:|1728088805
|move|p1a: Salamence|Protect|p1a: Salamence
|-singleturn|p1a: Salamence|Protect
|move|p2a: Aerodactyl|Rock Slide|p1a: Salamence
|-activate|p1a: Salamence|Protect
|
|-heal|p1a: Salamence|74/100|[from] move: Wish|[wisher] Salamence
|-weather|Sandstorm|[upkeep]
|-damage|p1a: Salamence|67/100|[from] Sandstorm
|-heal|p1a: Salamence|74/100|[from] item: Leftovers
|upkeep
|turn|30
|
|t:|1728088809
|move|p2a: Aerodactyl|Rock Slide|p1a: Salamence
|-supereffective|p1a: Salamence
|-damage|p1a: Salamence|21/100
|move|p1a: Salamence|Wish|p1a: Salamence
|
|-weather|Sandstorm|[upkeep]
|-damage|p1a: Salamence|15/100|[from] Sandstorm
|-heal|p1a: Salamence|21/100|[from] item: Leftovers
|upkeep
|turn|31
|
|t:|1728088813
|move|p1a: Salamence|Protect|p1a: Salamence
|-singleturn|p1a: Salamence|Protect
|move|p2a: Aerodactyl|Rock Slide|p1a: Salamence
|-activate|p1a: Salamence|Protect
|
|-heal|p1a: Salamence|71/100|[from] move: Wish|[wisher] Salamence
|-weather|Sandstorm|[upkeep]
|-damage|p1a: Salamence|65/100|[from] Sandstorm
|-heal|p1a: Salamence|71/100|[from] item: Leftovers
|upkeep
|turn|32
|
|t:|1728088817
|move|p2a: Aerodactyl|Rock Slide|p1a: Salamence
|-supereffective|p1a: Salamence
|-crit|p1a: Salamence
|-damage|p1a: Salamence|0 fnt
|faint|p1a: Salamence
|
|t:|1728088819
|switch|p1a: Starmie|Starmie|25/100
|-damage|p1a: Starmie|13/100|[from] Spikes
|
|-weather|Sandstorm|[upkeep]
|-damage|p1a: Starmie|7/100|[from] Sandstorm
|-heal|p1a: Starmie|13/100|[from] item: Leftovers
|upkeep
|turn|33
|
|t:|1728088820
|move|p2a: Aerodactyl|Rock Slide|p1a: Starmie
|-damage|p1a: Starmie|0 fnt
|faint|p1a: Starmie
|
|t:|1728088822
|switch|p1a: Houndoom|Houndoom, F|100/100
|-damage|p1a: Houndoom|88/100|[from] Spikes
|
|-weather|Sandstorm|[upkeep]
|-damage|p1a: Houndoom|82/100|[from] Sandstorm
|-heal|p1a: Houndoom|88/100|[from] item: Leftovers
|upkeep
|turn|34
|
|t:|1728088825
|switch|p2a: Tyranitar|Tyranitar, F|88/100
|move|p1a: Houndoom|Will-O-Wisp|p2a: Tyranitar
|-status|p2a: Tyranitar|brn
|
|-weather|Sandstorm|[upkeep]
|-damage|p1a: Houndoom|82/100|[from] Sandstorm
|-heal|p1a: Houndoom|88/100|[from] item: Leftovers
|-heal|p2a: Tyranitar|95/100 brn|[from] item: Leftovers
|-damage|p2a: Tyranitar|82/100 brn|[from] brn
|upkeep
|turn|35
|
|t:|1728088827
|move|p1a: Houndoom|Hidden Power|p2a: Tyranitar
|-supereffective|p2a: Tyranitar
|-damage|p2a: Tyranitar|47/100 brn
|move|p2a: Tyranitar|Crunch|p1a: Houndoom
|-resisted|p1a: Houndoom
|-damage|p1a: Houndoom|64/100
|
|-weather|Sandstorm|[upkeep]
|-damage|p1a: Houndoom|57/100|[from] Sandstorm
|-heal|p1a: Houndoom|64/100|[from] item: Leftovers
|-heal|p2a: Tyranitar|53/100 brn|[from] item: Leftovers
|-damage|p2a: Tyranitar|40/100 brn|[from] brn
|upkeep
|turn|36
|
|t:|1728088829
|move|p1a: Houndoom|Hidden Power|p2a: Tyranitar
|-supereffective|p2a: Tyranitar
|-damage|p2a: Tyranitar|0 fnt
|faint|p2a: Tyranitar
|
|t:|1728088831
|switch|p2a: Aerodactyl|Aerodactyl, M|100/100
|
|-weather|Sandstorm|[upkeep]
|-damage|p1a: Houndoom|57/100|[from] Sandstorm
|-heal|p1a: Houndoom|64/100|[from] item: Leftovers
|upkeep
|turn|37
|
|t:|1728088833
|move|p2a: Aerodactyl|Earthquake|p1a: Houndoom
|-supereffective|p1a: Houndoom
|-damage|p1a: Houndoom|0 fnt
|faint|p1a: Houndoom
|
|win|plzzazz
|c|☆Yatagarasuwu|gg
|c|☆plzzazz|gg
|player|p1|

</script>
<script type="application/json" class="data" id="replaydata-smogtours-gen3ou-794791">
{"id":"smogtours-gen3ou-794791","format":"[Gen 3] OU","players":["Yatagarasuwu","plzzazz"],"uploadtime":1728088833,"views":107,"formatid":"gen3ou","rating":null,"private":0,"password":null}
</script>

<script defer src="js/replays.js?9d40a366"></script>
