<!DOCTYPE html>
<meta charset="utf-8" />
<meta name="viewport" content="width=device-width" />

<title>[Gen 3] OU: Seradess vs. Big John Green - Replays - Pok&eacute;mon Showdown!</title>

<meta name="description" content="Watch a replay of a Pok&eacute;mon battle between Seradess and Big John Green! Format: [Gen 3] OU; Date: Oct 8, 2024" />
<!--

Hey, you! Looking in the source for the replay log?

You can find them in JSON format, just add `.json` at the end of a replay URL.

https://replay.pokemonshowdown.com/gen7randomdoublesbattle-865046831.json

Or, if you only need the log itself, add `.log` instead:

https://replay.pokemonshowdown.com/gen7randomdoublesbattle-865046831.log

-->

<link rel="stylesheet" href="//pokemonshowdown.com/style/global.css?0.767286132409787" />
<link rel="stylesheet" href="//play.pokemonshowdown.com/style/font-awesome.css?0.9266228007934947" />
<link rel="stylesheet" href="//play.pokemonshowdown.com/style/battle.css?0.7924700842790926" />
<link rel="stylesheet" href="//play.pokemonshowdown.com/style/utilichart.css?0.8777417872839479" />

<!-- Global site tag (gtag.js) - Google Analytics -->
<script async src="https://www.googletagmanager.com/gtag/js?id=UA-26211653-1"></script>
<script>
  window.dataLayer = window.dataLayer || [];
  function gtag(){dataLayer.push(arguments);}
  gtag('js', new Date());

  gtag('config', 'UA-26211653-1');
</script>
<!-- End Google Analytics -->
<!-- Venatus Ad Manager - Install in <HEAD> of page -->
	<script src="https://hb.vntsm.com/v3/live/ad-manager.min.js" type="text/javascript" data-site-id="642aba63ec9a7b11c3c9c1be" data-mode="scan" async></script>
<!-- / Venatus Ad Manager -->

<style>
	@media (max-width:820px) {
		.battle {
			margin: 0 auto;
		}
		.battle-log {
			margin: 7px auto 0;
			max-width: 640px;
			height: 300px;
			position: static;
		}
	}
	.optgroup {
		display: inline-block;
		line-height: 22px;
		font-size: 10pt;
	}
	.optgroup .button {
		height: 25px;
		padding-top: 0;
		padding-bottom: 0;
	}
	.optgroup button.button {
		padding-left: 12px;
		padding-right: 12px;
	}
	.linklist {
		list-style: none;
		margin: 0.5em 0;
		padding: 0;
	}
	.linklist li {
		padding: 2px 0;
	}
	.sidebar {
		float: left;
		width: 320px;
	}
	.bar-wrapper {
		max-width: 1100px;
		margin: 0 auto;
	}
	.bar-wrapper.has-sidebar {
		max-width: 1430px;
	}
	.mainbar {
		margin: 0;
		padding-right: 1px;
	}
	.mainbar.has-sidebar {
		margin-left: 330px;
	}
	@media (min-width: 1511px) {
		.sidebar {
			width: 400px;
		}
		.bar-wrapper.has-sidebar {
			max-width: 1510px;
		}
		.mainbar.has-sidebar {
			margin-left: 410px;
		}
	}
	.section.first-section {
		margin-top: 9px;
	}
	.blocklink small {
		white-space: normal;
	}
	.button {
		vertical-align: middle;
	}
	.replay-controls {
		padding-top: 10px;
	}
	.replay-controls h1 {
		font-size: 16pt;
		font-weight: normal;
		color: #CCC;
	}
	.pagelink {
		text-align: center;
	}
	.pagelink a {
		width: 150px;
	}
	.textbox, .button {
		font-size: 11pt;
		vertical-align: middle;
	}
	@media (max-width: 450px) {
		.button {
			font-size: 9pt;
		}
	}
</style>

<div>

	<header>
		<div class="nav-wrapper"><ul class="nav">
			<li><a class="button nav-first" href="//pokemonshowdown.com/"><img src="//pokemonshowdown.com/images/pokemonshowdownbeta.png" srcset="//pokemonshowdown.com/images/pokemonshowdownbeta.png 1x, //pokemonshowdown.com/images/pokemonshowdownbeta@2x.png 2x" alt="Pok&eacute;mon Showdown" width="146" height="44" /> Home</a></li>
			<li><a class="button" href="//pokemonshowdown.com/dex/">Pok&eacute;dex</a></li>
			<li><a class="button cur" href="/">Replays</a></li>
			<li><a class="button" href="//pokemonshowdown.com/ladder/">Ladder</a></li>
			<li><a class="button nav-last" href="//pokemonshowdown.com/forums/">Forum</a></li>
			<li><a class="button greenbutton nav-first nav-last" href="//play.pokemonshowdown.com/">Play</a></li>
		</ul></div>
	</header>

	<div class="main" id="main">

		<noscript><section class="section">You need to enable JavaScript to use this page; sorry!</section></noscript>

	</div>

</div>

<script defer nomodule src="//play.pokemonshowdown.com/js/lib/ps-polyfill.js"></script>
<script defer src="//play.pokemonshowdown.com/js/lib/preact.min.js"></script>

<script defer src="//play.pokemonshowdown.com/config/config.js?6dec07f6"></script>
<script defer src="//play.pokemonshowdown.com/js/lib/jquery-1.11.0.min.js"></script>
<script defer src="//play.pokemonshowdown.com/js/lib/html-sanitizer-minified.js"></script>
<script defer src="//play.pokemonshowdown.com/js/battle-sound.js"></script>
<script defer src="//play.pokemonshowdown.com/js/battledata.js?0.6315294753075389"></script>
<script defer src="//play.pokemonshowdown.com/data/pokedex-mini.js?0.7603743185311358"></script>
<script defer src="//play.pokemonshowdown.com/data/pokedex-mini-bw.js?0.030888842834281283"></script>
<script defer src="//play.pokemonshowdown.com/data/graphics.js?0.05593094747507488"></script>
<script defer src="//play.pokemonshowdown.com/data/pokedex.js?0.47064822249611904"></script>
<script defer src="//play.pokemonshowdown.com/data/moves.js?0.8583693120512459"></script>
<script defer src="//play.pokemonshowdown.com/data/abilities.js?0.16017181182386842"></script>
<script defer src="//play.pokemonshowdown.com/data/items.js?0.4163379185673943"></script>
<script defer src="//play.pokemonshowdown.com/data/teambuilder-tables.js?0.31075597372830477"></script>
<script defer src="//play.pokemonshowdown.com/js/battle-tooltips.js?0.6536193500708172"></script>
<script defer src="//play.pokemonshowdown.com/js/battle.js?0.1916591943277901"></script>

<script defer src="js/utils.js?e31f9a17"></script>
<script defer src="js/replays-battle.js?7008c182"></script>

<!-- don't scrape this data! just add .json or .log after the URL!
Full API docs: https://github.com/smogon/pokemon-showdown-client/blob/master/WEB-API.md -->
<script type="text/plain" class="log" id="replaylog-smogtours-gen3ou-796499">
|inactive|Battle timer is ON: inactive players will automatically lose when time's up.
|t:|1728421859
|gametype|singles
|player|p1|Seradess|1|
|player|p2|Big John Green|byron|
|teamsize|p1|6
|teamsize|p2|6
|gen|3
|tier|[Gen 3] OU
|rule|Sleep Clause Mod: Limit one foe put to sleep
|rule|Switch Priority Clause Mod: Faster Pokémon switch first
|rule|Species Clause: Limit one of each Pokémon
|rule|OHKO Clause: OHKO moves are banned
|rule|Evasion Items Clause: Evasion items are banned
|rule|Evasion Moves Clause: Evasion moves are banned
|rule|Endless Battle Clause: Forcing endless battles is banned
|rule|HP Percentage Mod: HP is shown in percentages
|rule|One Boost Passer Clause: Limit one Baton Passer that has a way to boost its stats
|rule|Freeze Clause Mod: Limit one foe frozen
|
|t:|1728421859
|start
|switch|p1a: Tundra|Tyranitar, F, shiny|100/100
|switch|p2a: Regirock|Regirock|100/100
|-weather|Sandstorm|[from] ability: Sand Stream|[of] p1a: Tundra
|turn|1
|c|☆Big John Green|glhf
|c|☆Seradess|u2
|inactive|Big John Green has 270 seconds left.
|
|t:|1728421913
|switch|p1a: Forretress|Forretress, F|100/100
|move|p2a: Regirock|Hidden Power|p1a: Forretress
|-damage|p1a: Forretress|64/100
|
|-weather|Sandstorm|[upkeep]
|-heal|p1a: Forretress|70/100|[from] item: Leftovers
|upkeep
|turn|2
|
|t:|1728421924
|move|p2a: Regirock|Hidden Power|p1a: Forretress
|-damage|p1a: Forretress|33/100
|move|p1a: Forretress|Spikes|p2a: Regirock
|-sidestart|p2: Big John Green|Spikes
|
|-weather|Sandstorm|[upkeep]
|-heal|p1a: Forretress|39/100|[from] item: Leftovers
|upkeep
|turn|3
|
|t:|1728421940
|switch|p1a: Cupcake|Metagross, shiny|100/100
|move|p2a: Regirock|Hidden Power|p1a: Cupcake
|-resisted|p1a: Cupcake
|-damage|p1a: Cupcake|80/100
|
|-weather|Sandstorm|[upkeep]
|-heal|p1a: Cupcake|86/100|[from] item: Leftovers
|upkeep
|turn|4
|
|t:|1728421949
|switch|p2a: Zapdos|Zapdos|100/100
|move|p1a: Cupcake|Meteor Mash|p2a: Zapdos
|-resisted|p2a: Zapdos
|-damage|p2a: Zapdos|66/100
|
|-weather|Sandstorm|[upkeep]
|-damage|p2a: Zapdos|60/100|[from] Sandstorm
|-heal|p2a: Zapdos|66/100|[from] item: Leftovers
|-heal|p1a: Cupcake|92/100|[from] item: Leftovers
|upkeep
|turn|5
|
|t:|1728421960
|switch|p1a: Blissey|Blissey, F|100/100
|move|p2a: Zapdos|Thunder Wave|p1a: Blissey
|-status|p1a: Blissey|par
|
|-weather|Sandstorm|[upkeep]
|-damage|p2a: Zapdos|60/100|[from] Sandstorm
|-damage|p1a: Blissey|94/100 par|[from] Sandstorm
|-heal|p2a: Zapdos|66/100|[from] item: Leftovers
|-heal|p1a: Blissey|100/100 par|[from] item: Leftovers
|upkeep
|turn|6
|
|t:|1728421969
|switch|p2a: Regirock|Regirock|100/100
|-damage|p2a: Regirock|88/100|[from] Spikes
|cant|p1a: Blissey|par
|
|-weather|Sandstorm|[upkeep]
|-damage|p1a: Blissey|94/100 par|[from] Sandstorm
|-heal|p1a: Blissey|100/100 par|[from] item: Leftovers
|upkeep
|turn|7
|
|t:|1728421999
|-curestatus|p1a: Blissey|par|[from] ability: Natural Cure
|switch|p1a: Seradess|Charizard, F, shiny|100/100
|move|p2a: Regirock|Earthquake|p1a: Seradess
|-immune|p1a: Seradess
|
|-weather|Sandstorm|[upkeep]
|-damage|p1a: Seradess|94/100|[from] Sandstorm
|-heal|p1a: Seradess|100/100|[from] item: Leftovers
|upkeep
|turn|8
|
|t:|1728422008
|switch|p2a: Kingdra|Kingdra, F|100/100
|-damage|p2a: Kingdra|88/100|[from] Spikes
|move|p1a: Seradess|Flamethrower|p2a: Kingdra
|-resisted|p2a: Kingdra
|-crit|p2a: Kingdra
|-damage|p2a: Kingdra|63/100
|
|-weather|Sandstorm|[upkeep]
|-damage|p1a: Seradess|94/100|[from] Sandstorm
|-damage|p2a: Kingdra|57/100|[from] Sandstorm
|-heal|p1a: Seradess|100/100|[from] item: Leftovers
|upkeep
|turn|9
|
|t:|1728422021
|switch|p2a: Regirock|Regirock|88/100
|-damage|p2a: Regirock|76/100|[from] Spikes
|move|p1a: Seradess|Dragon Claw|p2a: Regirock
|-damage|p2a: Regirock|51/100
|
|-weather|Sandstorm|[upkeep]
|-damage|p1a: Seradess|94/100|[from] Sandstorm
|-heal|p1a: Seradess|100/100|[from] item: Leftovers
|upkeep
|turn|10
|
|t:|1728422034
|switch|p1a: Quagsire|Quagsire, F|100/100
|move|p2a: Regirock|Earthquake|p1a: Quagsire
|-damage|p1a: Quagsire|66/100
|
|-weather|Sandstorm|[upkeep]
|-heal|p1a: Quagsire|72/100|[from] item: Leftovers
|upkeep
|turn|11
|
|t:|1728422044
|switch|p2a: Celebi|Celebi|100/100
|-damage|p2a: Celebi|88/100|[from] Spikes
|move|p1a: Quagsire|Curse|p1a: Quagsire
|-unboost|p1a: Quagsire|spe|1
|-boost|p1a: Quagsire|atk|1
|-boost|p1a: Quagsire|def|1
|
|-weather|Sandstorm|[upkeep]
|-damage|p2a: Celebi|82/100|[from] Sandstorm
|-heal|p2a: Celebi|88/100|[from] item: Leftovers
|-heal|p1a: Quagsire|78/100|[from] item: Leftovers
|upkeep
|turn|12
|
|t:|1728422055
|switch|p1a: Tundra|Tyranitar, F, shiny|100/100
|move|p2a: Celebi|Leech Seed|p1a: Tundra
|-start|p1a: Tundra|move: Leech Seed
|
|-weather|Sandstorm|[upkeep]
|-damage|p2a: Celebi|82/100|[from] Sandstorm
|-heal|p2a: Celebi|88/100|[from] item: Leftovers
|-damage|p1a: Tundra|88/100|[from] Leech Seed|[of] p2a: Celebi
|-heal|p2a: Celebi|100/100|[silent]
|upkeep
|turn|13
|
|t:|1728422067
|switch|p2a: Gyarados|Gyarados, M|100/100
|-ability|p2a: Gyarados|Intimidate|boost
|-unboost|p1a: Tundra|atk|1
|switch|p1a: Seradess|Charizard, F, shiny|100/100
|
|-weather|Sandstorm|[upkeep]
|-damage|p1a: Seradess|94/100|[from] Sandstorm
|-damage|p2a: Gyarados|94/100|[from] Sandstorm
|-heal|p1a: Seradess|100/100|[from] item: Leftovers
|-heal|p2a: Gyarados|100/100|[from] item: Leftovers
|upkeep
|turn|14
|
|t:|1728422088
|switch|p1a: Blissey|Blissey, F|100/100
|move|p2a: Gyarados|Hidden Power|p1a: Blissey
|-damage|p1a: Blissey|73/100
|
|-weather|Sandstorm|[upkeep]
|-damage|p2a: Gyarados|94/100|[from] Sandstorm
|-damage|p1a: Blissey|67/100|[from] Sandstorm
|-heal|p2a: Gyarados|100/100|[from] item: Leftovers
|-heal|p1a: Blissey|73/100|[from] item: Leftovers
|upkeep
|turn|15
|
|t:|1728422094
|switch|p2a: Dugtrio|Dugtrio, M|100/100
|-damage|p2a: Dugtrio|88/100|[from] Spikes
|move|p1a: Blissey|Thunderbolt|p2a: Dugtrio
|-immune|p2a: Dugtrio
|
|-weather|Sandstorm|[upkeep]
|-damage|p1a: Blissey|67/100|[from] Sandstorm
|-heal|p1a: Blissey|73/100|[from] item: Leftovers
|upkeep
|turn|16
|
|t:|1728422099
|move|p2a: Dugtrio|Earthquake|p1a: Blissey
|-damage|p1a: Blissey|17/100
|move|p1a: Blissey|Ice Beam|p2a: Dugtrio
|-supereffective|p2a: Dugtrio
|-damage|p2a: Dugtrio|0 fnt
|faint|p2a: Dugtrio
|
|t:|1728422109
|switch|p2a: Gyarados|Gyarados, M|100/100
|-ability|p2a: Gyarados|Intimidate|boost
|-unboost|p1a: Blissey|atk|1
|
|-weather|Sandstorm|[upkeep]
|-damage|p2a: Gyarados|94/100|[from] Sandstorm
|-damage|p1a: Blissey|11/100|[from] Sandstorm
|-heal|p2a: Gyarados|100/100|[from] item: Leftovers
|-heal|p1a: Blissey|17/100|[from] item: Leftovers
|upkeep
|turn|17
|
|t:|1728422129
|move|p2a: Gyarados|Earthquake|p1a: Blissey
|-damage|p1a: Blissey|0 fnt
|faint|p1a: Blissey
|inactive|Seradess has 270 seconds left.
|
|t:|1728422148
|switch|p1a: Cupcake|Metagross, shiny|92/100
|
|-weather|Sandstorm|[upkeep]
|-damage|p2a: Gyarados|94/100|[from] Sandstorm
|-heal|p2a: Gyarados|100/100|[from] item: Leftovers
|-heal|p1a: Cupcake|98/100|[from] item: Leftovers
|upkeep
|turn|18
|inactive|Seradess has 270 seconds left.
|
|t:|1728422167
|move|p2a: Gyarados|Thunder Wave|p1a: Cupcake
|-status|p1a: Cupcake|par
|move|p1a: Cupcake|Explosion|p2a: Gyarados
|-damage|p2a: Gyarados|0 fnt
|faint|p1a: Cupcake
|faint|p2a: Gyarados
|inactive|Seradess has 270 seconds left.
|
|t:|1728422183
|switch|p2a: Zapdos|Zapdos|66/100
|switch|p1a: Tundra|Tyranitar, F, shiny|88/100
|
|-weather|Sandstorm|[upkeep]
|-damage|p2a: Zapdos|60/100|[from] Sandstorm
|-heal|p2a: Zapdos|66/100|[from] item: Leftovers
|-heal|p1a: Tundra|94/100|[from] item: Leftovers
|upkeep
|turn|19
|
|t:|1728422195
|move|p2a: Zapdos|Thunder Wave|p1a: Tundra
|-status|p1a: Tundra|par
|move|p1a: Tundra|Pursuit|p2a: Zapdos
|-damage|p2a: Zapdos|44/100
|
|-weather|Sandstorm|[upkeep]
|-damage|p2a: Zapdos|38/100|[from] Sandstorm
|-heal|p2a: Zapdos|44/100|[from] item: Leftovers
|-heal|p1a: Tundra|100/100 par|[from] item: Leftovers
|upkeep
|turn|20
|
|t:|1728422201
|move|p2a: Zapdos|Hidden Power|p1a: Tundra
|-supereffective|p1a: Tundra
|-damage|p1a: Tundra|61/100 par
|move|p1a: Tundra|Crunch|p2a: Zapdos
|-damage|p2a: Zapdos|0 fnt
|faint|p2a: Zapdos
|
|t:|1728422220
|switch|p2a: Regirock|Regirock|51/100
|-damage|p2a: Regirock|38/100|[from] Spikes
|
|-weather|Sandstorm|[upkeep]
|-heal|p1a: Tundra|67/100 par|[from] item: Leftovers
|upkeep
|turn|21
|
|t:|1728422235
|move|p2a: Regirock|Hidden Power|p1a: Tundra
|-damage|p1a: Tundra|31/100 par
|move|p1a: Tundra|Pursuit|p2a: Regirock
|-damage|p2a: Regirock|21/100
|
|-weather|Sandstorm|[upkeep]
|-heal|p1a: Tundra|37/100 par|[from] item: Leftovers
|upkeep
|turn|22
|
|t:|1728422239
|move|p2a: Regirock|Hidden Power|p1a: Tundra
|-damage|p1a: Tundra|0 fnt
|faint|p1a: Tundra
|
|t:|1728422241
|switch|p1a: Seradess|Charizard, F, shiny|100/100
|
|-weather|Sandstorm|[upkeep]
|-damage|p1a: Seradess|94/100|[from] Sandstorm
|-heal|p1a: Seradess|100/100|[from] item: Leftovers
|upkeep
|turn|23
|
|t:|1728422245
|move|p1a: Seradess|Hidden Power|p2a: Regirock
|-supereffective|p2a: Regirock
|-damage|p2a: Regirock|0 fnt
|faint|p2a: Regirock
|
|t:|1728422249
|switch|p2a: Kingdra|Kingdra, F|57/100
|-damage|p2a: Kingdra|44/100|[from] Spikes
|
|-weather|Sandstorm|[upkeep]
|-damage|p1a: Seradess|94/100|[from] Sandstorm
|-damage|p2a: Kingdra|38/100|[from] Sandstorm
|-heal|p1a: Seradess|100/100|[from] item: Leftovers
|upkeep
|turn|24
|
|t:|1728422252
|move|p1a: Seradess|Dragon Claw|p2a: Kingdra
|-supereffective|p2a: Kingdra
|-damage|p2a: Kingdra|0 fnt
|faint|p2a: Kingdra
|
|t:|1728422255
|switch|p2a: Celebi|Celebi|100/100
|-damage|p2a: Celebi|88/100|[from] Spikes
|
|-weather|Sandstorm|[upkeep]
|-damage|p1a: Seradess|94/100|[from] Sandstorm
|-damage|p2a: Celebi|82/100|[from] Sandstorm
|-heal|p1a: Seradess|100/100|[from] item: Leftovers
|-heal|p2a: Celebi|88/100|[from] item: Leftovers
|upkeep
|turn|25
|c|☆Seradess|ggs
|
|t:|1728422258
|move|p1a: Seradess|Flamethrower|p2a: Celebi
|-supereffective|p2a: Celebi
|-damage|p2a: Celebi|17/100
|-status|p2a: Celebi|brn
|move|p2a: Celebi|Leech Seed|p1a: Seradess
|-start|p1a: Seradess|move: Leech Seed
|
|-weather|Sandstorm|[upkeep]
|-damage|p1a: Seradess|94/100|[from] Sandstorm
|-damage|p2a: Celebi|11/100 brn|[from] Sandstorm
|-heal|p1a: Seradess|100/100|[from] item: Leftovers
|-damage|p1a: Seradess|88/100|[from] Leech Seed|[of] p2a: Celebi
|-heal|p2a: Celebi|20/100 brn|[silent]
|-heal|p2a: Celebi|26/100 brn|[from] item: Leftovers
|-damage|p2a: Celebi|14/100 brn|[from] brn
|upkeep
|turn|26
|c|☆Big John Green|gg
|
|t:|1728422263
|move|p1a: Seradess|Flamethrower|p2a: Celebi
|-supereffective|p2a: Celebi
|-damage|p2a: Celebi|0 fnt
|faint|p2a: Celebi
|
|win|Seradess
|player|p2|

</script>
<script type="application/json" class="data" id="replaydata-smogtours-gen3ou-796499">
{"id":"smogtours-gen3ou-796499","format":"[Gen 3] OU","players":["Seradess","Big John Green"],"uploadtime":1728422263,"views":227,"formatid":"gen3ou","rating":null,"private":0,"password":null}
</script>

<script defer src="js/replays.js?9d40a366"></script>
