<!DOCTYPE html>
<meta charset="utf-8" />
<meta name="viewport" content="width=device-width" />

<title>[Gen 3] OU: Genoz vs. singingcrow - Replays - Pok&eacute;mon Showdown!</title>

<meta name="description" content="Watch a replay of a Pok&eacute;mon battle between Genoz and singingcrow! Format: [Gen 3] OU; Date: Oct 24, 2024" />
<!--

Hey, you! Looking in the source for the replay log?

You can find them in JSON format, just add `.json` at the end of a replay URL.

https://replay.pokemonshowdown.com/gen7randomdoublesbattle-865046831.json

Or, if you only need the log itself, add `.log` instead:

https://replay.pokemonshowdown.com/gen7randomdoublesbattle-865046831.log

-->

<link rel="stylesheet" href="//pokemonshowdown.com/style/global.css?0.023195364461161105" />
<link rel="stylesheet" href="//play.pokemonshowdown.com/style/font-awesome.css?0.13261647063804238" />
<link rel="stylesheet" href="//play.pokemonshowdown.com/style/battle.css?0.8753245789963631" />
<link rel="stylesheet" href="//play.pokemonshowdown.com/style/utilichart.css?0.8627959624976733" />

<!-- Global site tag (gtag.js) - Google Analytics -->
<script async src="https://www.googletagmanager.com/gtag/js?id=UA-26211653-1"></script>
<script>
  window.dataLayer = window.dataLayer || [];
  function gtag(){dataLayer.push(arguments);}
  gtag('js', new Date());

  gtag('config', 'UA-26211653-1');
</script>
<!-- End Google Analytics -->
<!-- Venatus Ad Manager - Install in <HEAD> of page -->
	<script src="https://hb.vntsm.com/v3/live/ad-manager.min.js" type="text/javascript" data-site-id="642aba63ec9a7b11c3c9c1be" data-mode="scan" async></script>
<!-- / Venatus Ad Manager -->

<style>
	@media (max-width:820px) {
		.battle {
			margin: 0 auto;
		}
		.battle-log {
			margin: 7px auto 0;
			max-width: 640px;
			height: 300px;
			position: static;
		}
	}
	.optgroup {
		display: inline-block;
		line-height: 22px;
		font-size: 10pt;
	}
	.optgroup .button {
		height: 25px;
		padding-top: 0;
		padding-bottom: 0;
	}
	.optgroup button.button {
		padding-left: 12px;
		padding-right: 12px;
	}
	.linklist {
		list-style: none;
		margin: 0.5em 0;
		padding: 0;
	}
	.linklist li {
		padding: 2px 0;
	}
	.sidebar {
		float: left;
		width: 320px;
	}
	.bar-wrapper {
		max-width: 1100px;
		margin: 0 auto;
	}
	.bar-wrapper.has-sidebar {
		max-width: 1430px;
	}
	.mainbar {
		margin: 0;
		padding-right: 1px;
	}
	.mainbar.has-sidebar {
		margin-left: 330px;
	}
	@media (min-width: 1511px) {
		.sidebar {
			width: 400px;
		}
		.bar-wrapper.has-sidebar {
			max-width: 1510px;
		}
		.mainbar.has-sidebar {
			margin-left: 410px;
		}
	}
	.section.first-section {
		margin-top: 9px;
	}
	.blocklink small {
		white-space: normal;
	}
	.button {
		vertical-align: middle;
	}
	.replay-controls {
		padding-top: 10px;
	}
	.replay-controls h1 {
		font-size: 16pt;
		font-weight: normal;
		color: #CCC;
	}
	.pagelink {
		text-align: center;
	}
	.pagelink a {
		width: 150px;
	}
	.textbox, .button {
		font-size: 11pt;
		vertical-align: middle;
	}
	@media (max-width: 450px) {
		.button {
			font-size: 9pt;
		}
	}
</style>

<div>

	<header>
		<div class="nav-wrapper"><ul class="nav">
			<li><a class="button nav-first" href="//pokemonshowdown.com/"><img src="//pokemonshowdown.com/images/pokemonshowdownbeta.png" srcset="//pokemonshowdown.com/images/pokemonshowdownbeta.png 1x, //pokemonshowdown.com/images/pokemonshowdownbeta@2x.png 2x" alt="Pok&eacute;mon Showdown" width="146" height="44" /> Home</a></li>
			<li><a class="button" href="//pokemonshowdown.com/dex/">Pok&eacute;dex</a></li>
			<li><a class="button cur" href="/">Replays</a></li>
			<li><a class="button" href="//pokemonshowdown.com/ladder/">Ladder</a></li>
			<li><a class="button nav-last" href="//pokemonshowdown.com/forums/">Forum</a></li>
			<li><a class="button greenbutton nav-first nav-last" href="//play.pokemonshowdown.com/">Play</a></li>
		</ul></div>
	</header>

	<div class="main" id="main">

		<noscript><section class="section">You need to enable JavaScript to use this page; sorry!</section></noscript>

	</div>

</div>

<script defer nomodule src="//play.pokemonshowdown.com/js/lib/ps-polyfill.js"></script>
<script defer src="//play.pokemonshowdown.com/js/lib/preact.min.js"></script>

<script defer src="//play.pokemonshowdown.com/config/config.js?2bddbc15"></script>
<script defer src="//play.pokemonshowdown.com/js/lib/jquery-1.11.0.min.js"></script>
<script defer src="//play.pokemonshowdown.com/js/lib/html-sanitizer-minified.js"></script>
<script defer src="//play.pokemonshowdown.com/js/battle-sound.js"></script>
<script defer src="//play.pokemonshowdown.com/js/battledata.js?0.7209276989879541"></script>
<script defer src="//play.pokemonshowdown.com/data/pokedex-mini.js?0.6111056340867951"></script>
<script defer src="//play.pokemonshowdown.com/data/pokedex-mini-bw.js?0.3532142036491459"></script>
<script defer src="//play.pokemonshowdown.com/data/graphics.js?0.24223875632456182"></script>
<script defer src="//play.pokemonshowdown.com/data/pokedex.js?0.38839984266356864"></script>
<script defer src="//play.pokemonshowdown.com/data/moves.js?0.21866028504024015"></script>
<script defer src="//play.pokemonshowdown.com/data/abilities.js?0.2005157953846628"></script>
<script defer src="//play.pokemonshowdown.com/data/items.js?0.9894211263848525"></script>
<script defer src="//play.pokemonshowdown.com/data/teambuilder-tables.js?0.6008791140282215"></script>
<script defer src="//play.pokemonshowdown.com/js/battle-tooltips.js?0.7580118955022959"></script>
<script defer src="//play.pokemonshowdown.com/js/battle.js?0.6057722274234274"></script>

<script defer src="js/utils.js?e31f9a17"></script>
<script defer src="js/replays-battle.js?7008c182"></script>

<!-- don't scrape this data! just add .json or .log after the URL!
Full API docs: https://github.com/smogon/pokemon-showdown-client/blob/master/WEB-API.md -->
<script type="text/plain" class="log" id="replaylog-smogtours-gen3ou-801485">
|inactive|Battle timer is ON: inactive players will automatically lose when time's up.
|t:|1729731606
|gametype|singles
|player|p1|Genoz|jogger|
|player|p2|singingcrow|hiker-gen4|
|teamsize|p1|6
|teamsize|p2|6
|gen|3
|tier|[Gen 3] OU
|rule|Sleep Clause Mod: Limit one foe put to sleep
|rule|Switch Priority Clause Mod: Faster Pokémon switch first
|rule|Species Clause: Limit one of each Pokémon
|rule|OHKO Clause: OHKO moves are banned
|rule|Evasion Items Clause: Evasion items are banned
|rule|Evasion Moves Clause: Evasion moves are banned
|rule|Endless Battle Clause: Forcing endless battles is banned
|rule|HP Percentage Mod: HP is shown in percentages
|rule|One Boost Passer Clause: Limit one Baton Passer that has a way to boost its stats
|rule|Freeze Clause Mod: Limit one foe frozen
|
|t:|1729731606
|start
|switch|p1a: Zapdos|Zapdos|100/100
|switch|p2a: Salamence|Salamence, M|100/100
|-ability|p2a: Salamence|Intimidate|boost
|-unboost|p1a: Zapdos|atk|1
|turn|1
|c|☆singingcrow|glhf
|c|☆Genoz|u 2
|
|t:|1729731635
|switch|p2a: Blissey|Blissey, F|100/100
|move|p1a: Zapdos|Hidden Power|p2a: Blissey
|-damage|p2a: Blissey|90/100
|
|-heal|p2a: Blissey|97/100|[from] item: Leftovers
|upkeep
|turn|2
|
|t:|1729731646
|switch|p1a: Celebi|Celebi|100/100
|switch|p2a: Hariyama|Hariyama, M|100/100
|
|upkeep
|turn|3
|
|t:|1729731657
|move|p1a: Celebi|Psychic|p2a: Hariyama
|-supereffective|p2a: Hariyama
|-damage|p2a: Hariyama|36/100
|move|p2a: Hariyama|Knock Off|p1a: Celebi
|-supereffective|p1a: Celebi
|-damage|p1a: Celebi|96/100
|-enditem|p1a: Celebi|Leftovers|[from] move: Knock Off|[of] p2a: Hariyama
|-hint|In Gens 3-4, Knock Off only makes the target's item unusable; it cannot obtain a new item.
|
|-heal|p2a: Hariyama|42/100|[from] item: Leftovers
|upkeep
|turn|4
|
|t:|1729731670
|switch|p2a: Blissey|Blissey, F|97/100
|move|p1a: Celebi|Leech Seed|p2a: Blissey
|-start|p2a: Blissey|move: Leech Seed
|
|-heal|p2a: Blissey|100/100|[from] item: Leftovers
|-damage|p2a: Blissey|88/100|[from] Leech Seed|[of] p1a: Celebi
|-heal|p1a: Celebi|100/100|[silent]
|upkeep
|turn|5
|
|t:|1729731681
|switch|p2a: Salamence|Salamence, M|100/100
|-ability|p2a: Salamence|Intimidate|boost
|-unboost|p1a: Celebi|atk|1
|move|p1a: Celebi|Psychic|p2a: Salamence
|-damage|p2a: Salamence|60/100
|
|upkeep
|turn|6
|
|t:|1729731694
|switch|p1a: Metagross|Metagross|100/100
|move|p2a: Salamence|Hidden Power|p1a: Metagross
|-resisted|p1a: Metagross
|-damage|p1a: Metagross|78/100
|
|-heal|p1a: Metagross|84/100|[from] item: Leftovers
|upkeep
|turn|7
|
|t:|1729731722
|switch|p2a: Suicune|Suicune|100/100
|move|p1a: Metagross|Meteor Mash|p2a: Suicune
|-resisted|p2a: Suicune
|-damage|p2a: Suicune|82/100
|
|-heal|p2a: Suicune|88/100|[from] item: Leftovers
|-heal|p1a: Metagross|90/100|[from] item: Leftovers
|upkeep
|turn|8
|inactive|Genoz has 270 seconds left.
|
|t:|1729731744
|switch|p1a: Zapdos|Zapdos|100/100
|move|p2a: Suicune|Calm Mind|p2a: Suicune
|-boost|p2a: Suicune|spa|1
|-boost|p2a: Suicune|spd|1
|
|-heal|p2a: Suicune|95/100|[from] item: Leftovers
|upkeep
|turn|9
|inactive|Genoz has 270 seconds left.
|
|t:|1729731771
|switch|p2a: Claydol|Claydol|100/100
|move|p1a: Zapdos|Thunderbolt|p2a: Claydol
|-immune|p2a: Claydol
|
|upkeep
|turn|10
|
|t:|1729731790
|switch|p1a: Celebi|Celebi|100/100
|move|p2a: Claydol|Explosion|p1a: Celebi
|-damage|p1a: Celebi|0 fnt
|faint|p2a: Claydol
|faint|p1a: Celebi
|inactive|Genoz has 240 seconds left.
|
|t:|1729731808
|switch|p1a: Metagross|Metagross|90/100
|switch|p2a: Jirachi|Jirachi|100/100
|
|-heal|p1a: Metagross|96/100|[from] item: Leftovers
|upkeep
|turn|11
|inactive|Genoz has 240 seconds left.
|
|t:|1729731820
|move|p2a: Jirachi|Protect|p2a: Jirachi
|-singleturn|p2a: Jirachi|Protect
|move|p1a: Metagross|Earthquake|p2a: Jirachi
|-activate|p2a: Jirachi|Protect
|
|-heal|p1a: Metagross|100/100|[from] item: Leftovers
|upkeep
|turn|12
|
|t:|1729731827
|move|p2a: Jirachi|Fire Punch|p1a: Metagross
|-supereffective|p1a: Metagross
|-damage|p1a: Metagross|63/100
|move|p1a: Metagross|Earthquake|p2a: Jirachi
|-supereffective|p2a: Jirachi
|-damage|p2a: Jirachi|55/100
|
|-heal|p2a: Jirachi|61/100|[from] item: Leftovers
|-heal|p1a: Metagross|69/100|[from] item: Leftovers
|upkeep
|turn|13
|
|t:|1729731835
|switch|p1a: Suicune|Suicune|100/100
|move|p2a: Jirachi|Protect||[still]
|-fail|p2a: Jirachi
|
|-heal|p2a: Jirachi|67/100|[from] item: Leftovers
|upkeep
|turn|14
|
|t:|1729731847
|move|p2a: Jirachi|Toxic|p1a: Suicune
|-status|p1a: Suicune|tox
|move|p1a: Suicune|Calm Mind|p1a: Suicune
|-boost|p1a: Suicune|spa|1
|-boost|p1a: Suicune|spd|1
|
|-heal|p2a: Jirachi|74/100|[from] item: Leftovers
|-damage|p1a: Suicune|94/100 tox|[from] psn
|upkeep
|turn|15
|
|t:|1729731853
|switch|p2a: Suicune|Suicune|95/100
|move|p1a: Suicune|Calm Mind|p1a: Suicune
|-boost|p1a: Suicune|spa|1
|-boost|p1a: Suicune|spd|1
|
|-heal|p2a: Suicune|100/100|[from] item: Leftovers
|-heal|p1a: Suicune|100/100 tox|[from] item: Leftovers
|-damage|p1a: Suicune|88/100 tox|[from] psn
|upkeep
|turn|16
|inactive|Genoz has 240 seconds left.
|
|t:|1729731880
|move|p1a: Suicune|Surf|p2a: Suicune
|-resisted|p2a: Suicune
|-damage|p2a: Suicune|77/100
|move|p2a: Suicune|Roar|p1a: Suicune
|drag|p1a: Dugtrio|Dugtrio, M|100/100
|
|-heal|p2a: Suicune|84/100|[from] item: Leftovers
|upkeep
|turn|17
|inactive|Genoz has 240 seconds left.
|
|t:|1729731900
|switch|p1a: Zapdos|Zapdos|100/100
|move|p2a: Suicune|Surf|p1a: Zapdos
|-damage|p1a: Zapdos|64/100
|
|-heal|p1a: Zapdos|70/100|[from] item: Leftovers
|-heal|p2a: Suicune|90/100|[from] item: Leftovers
|upkeep
|turn|18
|inactive|Genoz has 240 seconds left.
|
|t:|1729731908
|switch|p2a: Blissey|Blissey, F|88/100
|move|p1a: Zapdos|Substitute|p1a: Zapdos
|-start|p1a: Zapdos|Substitute
|-damage|p1a: Zapdos|45/100
|
|-heal|p1a: Zapdos|51/100|[from] item: Leftovers
|-heal|p2a: Blissey|94/100|[from] item: Leftovers
|upkeep
|turn|19
|
|t:|1729731916
|move|p1a: Zapdos|Baton Pass|p1a: Zapdos
|
|t:|1729731918
|switch|p1a: Dugtrio|Dugtrio, M|100/100|[from] Baton Pass
|move|p2a: Blissey|Ice Beam|p1a: Dugtrio
|-supereffective|p1a: Dugtrio
|-end|p1a: Dugtrio|Substitute
|
|-heal|p2a: Blissey|99/100|[from] item: Leftovers
|upkeep
|turn|20
|
|t:|1729731925
|move|p1a: Dugtrio|Earthquake|p2a: Blissey
|-damage|p2a: Blissey|46/100
|move|p2a: Blissey|Ice Beam|p1a: Dugtrio
|-supereffective|p1a: Dugtrio
|-damage|p1a: Dugtrio|6/100
|
|-heal|p2a: Blissey|52/100|[from] item: Leftovers
|upkeep
|turn|21
|
|t:|1729731931
|move|p1a: Dugtrio|Earthquake|p2a: Blissey
|-damage|p2a: Blissey|0 fnt
|faint|p2a: Blissey
|
|t:|1729731933
|switch|p2a: Salamence|Salamence, M|60/100
|-ability|p2a: Salamence|Intimidate|boost
|-unboost|p1a: Dugtrio|atk|1
|
|upkeep
|turn|22
|inactive|Genoz has 270 seconds left.
|
|t:|1729731962
|switch|p1a: Suicune|Suicune|88/100 tox
|move|p2a: Salamence|Rock Slide|p1a: Suicune|[miss]
|-miss|p2a: Salamence|p1a: Suicune
|
|-heal|p1a: Suicune|94/100 tox|[from] item: Leftovers
|-damage|p1a: Suicune|88/100 tox|[from] psn
|upkeep
|turn|23
|
|t:|1729731973
|switch|p2a: Suicune|Suicune|90/100
|switch|p1a: Jirachi|Jirachi|100/100
|
|-heal|p2a: Suicune|96/100|[from] item: Leftovers
|upkeep
|turn|24
|
|t:|1729731983
|move|p1a: Jirachi|Calm Mind|p1a: Jirachi
|-boost|p1a: Jirachi|spa|1
|-boost|p1a: Jirachi|spd|1
|move|p2a: Suicune|Calm Mind|p2a: Suicune
|-boost|p2a: Suicune|spa|1
|-boost|p2a: Suicune|spd|1
|
|-heal|p2a: Suicune|100/100|[from] item: Leftovers
|upkeep
|turn|25
|inactive|Genoz has 240 seconds left.
|
|t:|1729732020
|move|p1a: Jirachi|Hidden Power|p2a: Suicune
|-supereffective|p2a: Suicune
|-damage|p2a: Suicune|71/100
|move|p2a: Suicune|Roar|p1a: Jirachi
|drag|p1a: Dugtrio|Dugtrio, M|6/100
|
|-heal|p2a: Suicune|77/100|[from] item: Leftovers
|upkeep
|turn|26
|inactive|Genoz has 240 seconds left.
|
|t:|1729732032
|move|p1a: Dugtrio|Earthquake|p2a: Suicune
|-damage|p2a: Suicune|45/100
|move|p2a: Suicune|Surf|p1a: Dugtrio
|-supereffective|p1a: Dugtrio
|-damage|p1a: Dugtrio|0 fnt
|faint|p1a: Dugtrio
|
|t:|1729732038
|switch|p1a: Zapdos|Zapdos|51/100
|
|-heal|p1a: Zapdos|58/100|[from] item: Leftovers
|-heal|p2a: Suicune|51/100|[from] item: Leftovers
|upkeep
|turn|27
|inactive|Genoz has 240 seconds left.
|
|t:|1729732043
|move|p1a: Zapdos|Thunderbolt|p2a: Suicune
|-supereffective|p2a: Suicune
|-damage|p2a: Suicune|0 fnt
|faint|p2a: Suicune
|
|t:|1729732046
|switch|p2a: Salamence|Salamence, M|60/100
|-ability|p2a: Salamence|Intimidate|boost
|-unboost|p1a: Zapdos|atk|1
|
|-heal|p1a: Zapdos|64/100|[from] item: Leftovers
|upkeep
|turn|28
|
|t:|1729732057
|switch|p1a: Suicune|Suicune|88/100 tox
|move|p2a: Salamence|Rock Slide|p1a: Suicune
|-damage|p1a: Suicune|67/100 tox
|
|-heal|p1a: Suicune|73/100 tox|[from] item: Leftovers
|-damage|p1a: Suicune|67/100 tox|[from] psn
|upkeep
|turn|29
|inactive|Genoz has 240 seconds left.
|
|t:|1729732093
|switch|p2a: Hariyama|Hariyama, M|42/100
|move|p1a: Suicune|Ice Beam|p2a: Hariyama
|-damage|p2a: Hariyama|23/100
|
|-heal|p1a: Suicune|73/100 tox|[from] item: Leftovers
|-damage|p1a: Suicune|61/100 tox|[from] psn
|-heal|p2a: Hariyama|29/100|[from] item: Leftovers
|upkeep
|turn|30
|
|t:|1729732104
|switch|p2a: Salamence|Salamence, M|60/100
|-ability|p2a: Salamence|Intimidate|boost
|-unboost|p1a: Suicune|atk|1
|move|p1a: Suicune|Surf|p2a: Salamence
|-resisted|p2a: Salamence
|-crit|p2a: Salamence
|-damage|p2a: Salamence|26/100
|
|-heal|p1a: Suicune|67/100 tox|[from] item: Leftovers
|-damage|p1a: Suicune|48/100 tox|[from] psn
|upkeep
|turn|31
|
|t:|1729732122
|switch|p2a: Jirachi|Jirachi|74/100
|move|p1a: Suicune|Ice Beam|p2a: Jirachi
|-resisted|p2a: Jirachi
|-damage|p2a: Jirachi|66/100
|
|-heal|p2a: Jirachi|72/100|[from] item: Leftovers
|-heal|p1a: Suicune|55/100 tox|[from] item: Leftovers
|-damage|p1a: Suicune|30/100 tox|[from] psn
|upkeep
|turn|32
|
|t:|1729732130
|switch|p1a: Zapdos|Zapdos|64/100
|move|p2a: Jirachi|Wish|p2a: Jirachi
|
|-heal|p1a: Zapdos|70/100|[from] item: Leftovers
|-heal|p2a: Jirachi|78/100|[from] item: Leftovers
|upkeep
|turn|33
|
|t:|1729732143
|move|p1a: Zapdos|Substitute|p1a: Zapdos
|-start|p1a: Zapdos|Substitute
|-damage|p1a: Zapdos|45/100
|move|p2a: Jirachi|Fire Punch|p1a: Zapdos
|-activate|p1a: Zapdos|Substitute|[damage]
|
|-heal|p2a: Jirachi|100/100|[from] move: Wish|[wisher] Jirachi
|-heal|p1a: Zapdos|51/100|[from] item: Leftovers
|upkeep
|turn|34
|
|t:|1729732158
|move|p1a: Zapdos|Thunderbolt|p2a: Jirachi
|-damage|p2a: Jirachi|59/100
|move|p2a: Jirachi|Fire Punch|p1a: Zapdos
|-end|p1a: Zapdos|Substitute
|
|-heal|p1a: Zapdos|58/100|[from] item: Leftovers
|-heal|p2a: Jirachi|65/100|[from] item: Leftovers
|upkeep
|turn|35
|c|☆singingcrow|gg
|-message|singingcrow forfeited.
|
|win|Genoz
|c|☆Genoz|gg

</script>
<script type="application/json" class="data" id="replaydata-smogtours-gen3ou-801485">
{"id":"smogtours-gen3ou-801485","format":"[Gen 3] OU","players":["Genoz","singingcrow"],"uploadtime":1729732171,"views":69,"formatid":"gen3ou","rating":null,"private":0,"password":null}
</script>

<script defer src="js/replays.js?9d40a366"></script>
