<!DOCTYPE html>
<meta charset="utf-8" />
<meta name="viewport" content="width=device-width" />

<title>[Gen 3] OU: True Lawbringer vs. salmonlad - Replays - Pok&eacute;mon Showdown!</title>

<meta name="description" content="Watch a replay of a Pok&eacute;mon battle between True Lawbringer and salmonlad! Format: [Gen 3] OU; Date: Oct 14, 2024" />
<!--

Hey, you! Looking in the source for the replay log?

You can find them in JSON format, just add `.json` at the end of a replay URL.

https://replay.pokemonshowdown.com/gen7randomdoublesbattle-865046831.json

Or, if you only need the log itself, add `.log` instead:

https://replay.pokemonshowdown.com/gen7randomdoublesbattle-865046831.log

-->

<link rel="stylesheet" href="//pokemonshowdown.com/style/global.css?0.767286132409787" />
<link rel="stylesheet" href="//play.pokemonshowdown.com/style/font-awesome.css?0.9266228007934947" />
<link rel="stylesheet" href="//play.pokemonshowdown.com/style/battle.css?0.7924700842790926" />
<link rel="stylesheet" href="//play.pokemonshowdown.com/style/utilichart.css?0.8777417872839479" />

<!-- Global site tag (gtag.js) - Google Analytics -->
<script async src="https://www.googletagmanager.com/gtag/js?id=UA-26211653-1"></script>
<script>
  window.dataLayer = window.dataLayer || [];
  function gtag(){dataLayer.push(arguments);}
  gtag('js', new Date());

  gtag('config', 'UA-26211653-1');
</script>
<!-- End Google Analytics -->
<!-- Venatus Ad Manager - Install in <HEAD> of page -->
	<script src="https://hb.vntsm.com/v3/live/ad-manager.min.js" type="text/javascript" data-site-id="642aba63ec9a7b11c3c9c1be" data-mode="scan" async></script>
<!-- / Venatus Ad Manager -->

<style>
	@media (max-width:820px) {
		.battle {
			margin: 0 auto;
		}
		.battle-log {
			margin: 7px auto 0;
			max-width: 640px;
			height: 300px;
			position: static;
		}
	}
	.optgroup {
		display: inline-block;
		line-height: 22px;
		font-size: 10pt;
	}
	.optgroup .button {
		height: 25px;
		padding-top: 0;
		padding-bottom: 0;
	}
	.optgroup button.button {
		padding-left: 12px;
		padding-right: 12px;
	}
	.linklist {
		list-style: none;
		margin: 0.5em 0;
		padding: 0;
	}
	.linklist li {
		padding: 2px 0;
	}
	.sidebar {
		float: left;
		width: 320px;
	}
	.bar-wrapper {
		max-width: 1100px;
		margin: 0 auto;
	}
	.bar-wrapper.has-sidebar {
		max-width: 1430px;
	}
	.mainbar {
		margin: 0;
		padding-right: 1px;
	}
	.mainbar.has-sidebar {
		margin-left: 330px;
	}
	@media (min-width: 1511px) {
		.sidebar {
			width: 400px;
		}
		.bar-wrapper.has-sidebar {
			max-width: 1510px;
		}
		.mainbar.has-sidebar {
			margin-left: 410px;
		}
	}
	.section.first-section {
		margin-top: 9px;
	}
	.blocklink small {
		white-space: normal;
	}
	.button {
		vertical-align: middle;
	}
	.replay-controls {
		padding-top: 10px;
	}
	.replay-controls h1 {
		font-size: 16pt;
		font-weight: normal;
		color: #CCC;
	}
	.pagelink {
		text-align: center;
	}
	.pagelink a {
		width: 150px;
	}
	.textbox, .button {
		font-size: 11pt;
		vertical-align: middle;
	}
	@media (max-width: 450px) {
		.button {
			font-size: 9pt;
		}
	}
</style>

<div>

	<header>
		<div class="nav-wrapper"><ul class="nav">
			<li><a class="button nav-first" href="//pokemonshowdown.com/"><img src="//pokemonshowdown.com/images/pokemonshowdownbeta.png" srcset="//pokemonshowdown.com/images/pokemonshowdownbeta.png 1x, //pokemonshowdown.com/images/pokemonshowdownbeta@2x.png 2x" alt="Pok&eacute;mon Showdown" width="146" height="44" /> Home</a></li>
			<li><a class="button" href="//pokemonshowdown.com/dex/">Pok&eacute;dex</a></li>
			<li><a class="button cur" href="/">Replays</a></li>
			<li><a class="button" href="//pokemonshowdown.com/ladder/">Ladder</a></li>
			<li><a class="button nav-last" href="//pokemonshowdown.com/forums/">Forum</a></li>
			<li><a class="button greenbutton nav-first nav-last" href="//play.pokemonshowdown.com/">Play</a></li>
		</ul></div>
	</header>

	<div class="main" id="main">

		<noscript><section class="section">You need to enable JavaScript to use this page; sorry!</section></noscript>

	</div>

</div>

<script defer nomodule src="//play.pokemonshowdown.com/js/lib/ps-polyfill.js"></script>
<script defer src="//play.pokemonshowdown.com/js/lib/preact.min.js"></script>

<script defer src="//play.pokemonshowdown.com/config/config.js?6dec07f6"></script>
<script defer src="//play.pokemonshowdown.com/js/lib/jquery-1.11.0.min.js"></script>
<script defer src="//play.pokemonshowdown.com/js/lib/html-sanitizer-minified.js"></script>
<script defer src="//play.pokemonshowdown.com/js/battle-sound.js"></script>
<script defer src="//play.pokemonshowdown.com/js/battledata.js?0.6315294753075389"></script>
<script defer src="//play.pokemonshowdown.com/data/pokedex-mini.js?0.7603743185311358"></script>
<script defer src="//play.pokemonshowdown.com/data/pokedex-mini-bw.js?0.030888842834281283"></script>
<script defer src="//play.pokemonshowdown.com/data/graphics.js?0.05593094747507488"></script>
<script defer src="//play.pokemonshowdown.com/data/pokedex.js?0.47064822249611904"></script>
<script defer src="//play.pokemonshowdown.com/data/moves.js?0.8583693120512459"></script>
<script defer src="//play.pokemonshowdown.com/data/abilities.js?0.16017181182386842"></script>
<script defer src="//play.pokemonshowdown.com/data/items.js?0.4163379185673943"></script>
<script defer src="//play.pokemonshowdown.com/data/teambuilder-tables.js?0.31075597372830477"></script>
<script defer src="//play.pokemonshowdown.com/js/battle-tooltips.js?0.6536193500708172"></script>
<script defer src="//play.pokemonshowdown.com/js/battle.js?0.1916591943277901"></script>

<script defer src="js/utils.js?e31f9a17"></script>
<script defer src="js/replays-battle.js?7008c182"></script>

<!-- don't scrape this data! just add .json or .log after the URL!
Full API docs: https://github.com/smogon/pokemon-showdown-client/blob/master/WEB-API.md -->
<script type="text/plain" class="log" id="replaylog-smogtours-gen3ou-798537">
|inactive|Battle timer is ON: inactive players will automatically lose when time's up.
|t:|1728864915
|gametype|singles
|player|p1|True Lawbringer|steven|
|player|p2|salmonlad|266|
|teamsize|p1|6
|teamsize|p2|6
|gen|3
|tier|[Gen 3] OU
|rule|Sleep Clause Mod: Limit one foe put to sleep
|rule|Switch Priority Clause Mod: Faster Pokémon switch first
|rule|Species Clause: Limit one of each Pokémon
|rule|OHKO Clause: OHKO moves are banned
|rule|Evasion Items Clause: Evasion items are banned
|rule|Evasion Moves Clause: Evasion moves are banned
|rule|Endless Battle Clause: Forcing endless battles is banned
|rule|HP Percentage Mod: HP is shown in percentages
|rule|One Boost Passer Clause: Limit one Baton Passer that has a way to boost its stats
|rule|Freeze Clause Mod: Limit one foe frozen
|
|t:|1728864915
|start
|switch|p1a: Zapdos|Zapdos|100/100
|switch|p2a: Dragnmynuts|Salamence, F|100/100
|-ability|p2a: Dragnmynuts|Intimidate|boost
|-unboost|p1a: Zapdos|atk|1
|turn|1
|
|t:|1728864927
|switch|p2a: fatty|Blissey, F|100/100
|switch|p1a: Skarmory|Skarmory, M|100/100
|
|upkeep
|turn|2
|
|t:|1728864937
|switch|p2a: Dragnmynuts|Salamence, F|100/100
|-ability|p2a: Dragnmynuts|Intimidate|boost
|-unboost|p1a: Skarmory|atk|1
|move|p1a: Skarmory|Spikes|p2a: Dragnmynuts
|-sidestart|p2: salmonlad|Spikes
|
|upkeep
|turn|3
|
|t:|1728864950
|switch|p1a: Tyranitar|Tyranitar, M|100/100
|-weather|Sandstorm|[from] ability: Sand Stream|[of] p1a: Tyranitar
|move|p2a: Dragnmynuts|Fire Blast|p1a: Tyranitar
|-resisted|p1a: Tyranitar
|-damage|p1a: Tyranitar|83/100
|
|-weather|Sandstorm|[upkeep]
|-damage|p2a: Dragnmynuts|95/100|[from] Sandstorm
|-heal|p2a: Dragnmynuts|100/100|[from] item: Leftovers
|-heal|p1a: Tyranitar|90/100|[from] item: Leftovers
|upkeep
|turn|4
|inactive|True Lawbringer has 270 seconds left.
|
|t:|1728864998
|switch|p1a: Skarmory|Skarmory, M|100/100
|move|p2a: Dragnmynuts|Brick Break|p1a: Skarmory
|-damage|p1a: Skarmory|83/100
|
|-weather|Sandstorm|[upkeep]
|-damage|p2a: Dragnmynuts|95/100|[from] Sandstorm
|-heal|p2a: Dragnmynuts|100/100|[from] item: Leftovers
|-heal|p1a: Skarmory|89/100|[from] item: Leftovers
|upkeep
|turn|5
|inactive|True Lawbringer has 240 seconds left.
|
|t:|1728865024
|move|p2a: Dragnmynuts|Fire Blast|p1a: Skarmory
|-supereffective|p1a: Skarmory
|-damage|p1a: Skarmory|10/100
|move|p1a: Skarmory|Toxic|p2a: Dragnmynuts
|-status|p2a: Dragnmynuts|tox
|
|-weather|Sandstorm|[upkeep]
|-damage|p2a: Dragnmynuts|95/100 tox|[from] Sandstorm
|-heal|p2a: Dragnmynuts|100/100 tox|[from] item: Leftovers
|-damage|p2a: Dragnmynuts|95/100 tox|[from] psn
|-heal|p1a: Skarmory|16/100|[from] item: Leftovers
|upkeep
|turn|6
|inactive|True Lawbringer has 240 seconds left.
|
|t:|1728865043
|switch|p2a: ????|Jirachi|100/100
|-damage|p2a: ????|88/100|[from] Spikes
|switch|p1a: Swampert|Swampert, M|100/100
|
|-weather|Sandstorm|[upkeep]
|-heal|p2a: ????|94/100|[from] item: Leftovers
|upkeep
|turn|7
|inactive|True Lawbringer has 240 seconds left.
|
|t:|1728865051
|move|p2a: ????|Toxic|p1a: Swampert
|-status|p1a: Swampert|tox
|move|p1a: Swampert|Surf|p2a: ????
|-damage|p2a: ????|72/100
|
|-weather|Sandstorm|[upkeep]
|-heal|p2a: ????|78/100|[from] item: Leftovers
|-damage|p1a: Swampert|94/100 tox|[from] psn
|upkeep
|turn|8
|
|t:|1728865054
|move|p2a: ????|Wish|p2a: ????
|move|p1a: Swampert|Refresh|p1a: Swampert
|-curestatus|p1a: Swampert|tox|[msg]
|
|-weather|Sandstorm|[upkeep]
|-heal|p2a: ????|84/100|[from] item: Leftovers
|-heal|p1a: Swampert|100/100|[from] item: Leftovers
|upkeep
|turn|9
|
|t:|1728865065
|switch|p1a: Tyranitar|Tyranitar, M|90/100
|move|p2a: ????|Toxic|p1a: Tyranitar
|-status|p1a: Tyranitar|tox
|
|-heal|p2a: ????|100/100|[from] move: Wish|[wisher] ????
|-weather|Sandstorm|[upkeep]
|-heal|p1a: Tyranitar|96/100 tox|[from] item: Leftovers
|-damage|p1a: Tyranitar|90/100 tox|[from] psn
|upkeep
|turn|10
|
|t:|1728865069
|-singleturn|p1a: Tyranitar|move: Focus Punch
|switch|p2a: Dragnmynuts|Salamence, F|95/100 tox
|-ability|p2a: Dragnmynuts|Intimidate|boost
|-unboost|p1a: Tyranitar|atk|1
|move|p1a: Tyranitar|Focus Punch|p2a: Dragnmynuts
|-resisted|p2a: Dragnmynuts
|-damage|p2a: Dragnmynuts|75/100 tox
|
|-weather|Sandstorm|[upkeep]
|-damage|p2a: Dragnmynuts|69/100 tox|[from] Sandstorm
|-heal|p2a: Dragnmynuts|75/100 tox|[from] item: Leftovers
|-damage|p2a: Dragnmynuts|69/100 tox|[from] psn
|-heal|p1a: Tyranitar|96/100 tox|[from] item: Leftovers
|-damage|p1a: Tyranitar|83/100 tox|[from] psn
|upkeep
|turn|11
|
|t:|1728865087
|switch|p2a: bamsketbol|Forretress, M|100/100
|-damage|p2a: bamsketbol|88/100|[from] Spikes
|move|p1a: Tyranitar|Rock Slide|p2a: bamsketbol
|-damage|p2a: bamsketbol|68/100
|
|-weather|Sandstorm|[upkeep]
|-heal|p1a: Tyranitar|90/100 tox|[from] item: Leftovers
|-damage|p1a: Tyranitar|71/100 tox|[from] psn
|-heal|p2a: bamsketbol|75/100|[from] item: Leftovers
|upkeep
|turn|12
|
|t:|1728865095
|switch|p1a: Dugtrio|Dugtrio, M|100/100
|move|p2a: bamsketbol|Rapid Spin|p1a: Dugtrio
|-damage|p1a: Dugtrio|88/100
|-sideend|p2: salmonlad|Spikes|[from] move: Rapid Spin|[of] p2a: bamsketbol
|
|-weather|Sandstorm|[upkeep]
|-heal|p2a: bamsketbol|81/100|[from] item: Leftovers
|upkeep
|turn|13
|
|t:|1728865101
|move|p1a: Dugtrio|Earthquake|p2a: bamsketbol
|-damage|p2a: bamsketbol|41/100
|move|p2a: bamsketbol|Explosion|p1a: Dugtrio
|-damage|p1a: Dugtrio|0 fnt
|faint|p2a: bamsketbol
|faint|p1a: Dugtrio
|inactive|True Lawbringer has 270 seconds left.
|
|t:|1728865126
|switch|p1a: Zapdos|Zapdos|100/100
|switch|p2a: dat boi|Tyranitar, F|100/100
|
|-weather|Sandstorm|[upkeep]
|-damage|p1a: Zapdos|94/100|[from] Sandstorm
|-heal|p1a: Zapdos|100/100|[from] item: Leftovers
|upkeep
|turn|14
|
|t:|1728865140
|move|p1a: Zapdos|Thunder Wave|p2a: dat boi
|-status|p2a: dat boi|par
|move|p2a: dat boi|Crunch|p1a: Zapdos
|-damage|p1a: Zapdos|76/100
|
|-weather|Sandstorm|[upkeep]
|-damage|p1a: Zapdos|70/100|[from] Sandstorm
|-heal|p1a: Zapdos|76/100|[from] item: Leftovers
|upkeep
|turn|15
|
|t:|1728865145
|move|p1a: Zapdos|Thunderbolt|p2a: dat boi
|-damage|p2a: dat boi|67/100 par
|cant|p2a: dat boi|par
|
|-weather|Sandstorm|[upkeep]
|-damage|p1a: Zapdos|70/100|[from] Sandstorm
|-heal|p1a: Zapdos|76/100|[from] item: Leftovers
|-heal|p2a: dat boi|73/100 par|[from] item: Leftovers
|upkeep
|turn|16
|
|t:|1728865150
|switch|p1a: Skarmory|Skarmory, M|16/100
|move|p2a: dat boi|Crunch|p1a: Skarmory
|-resisted|p1a: Skarmory
|-damage|p1a: Skarmory|0 fnt
|faint|p1a: Skarmory
|
|t:|1728865156
|switch|p1a: Celebi|Celebi|100/100
|
|-weather|Sandstorm|[upkeep]
|-damage|p1a: Celebi|94/100|[from] Sandstorm
|-heal|p1a: Celebi|100/100|[from] item: Leftovers
|-heal|p2a: dat boi|79/100 par|[from] item: Leftovers
|upkeep
|turn|17
|
|t:|1728865162
|move|p1a: Celebi|Leech Seed|p2a: dat boi
|-start|p2a: dat boi|move: Leech Seed
|move|p2a: dat boi|Crunch|p1a: Celebi
|-supereffective|p1a: Celebi
|-damage|p1a: Celebi|48/100
|
|-weather|Sandstorm|[upkeep]
|-damage|p1a: Celebi|42/100|[from] Sandstorm
|-heal|p1a: Celebi|48/100|[from] item: Leftovers
|-heal|p2a: dat boi|85/100 par|[from] item: Leftovers
|-damage|p2a: dat boi|73/100 par|[from] Leech Seed|[of] p1a: Celebi
|-heal|p1a: Celebi|61/100|[silent]
|upkeep
|turn|18
|
|t:|1728865167
|move|p1a: Celebi|Recover|p1a: Celebi
|-heal|p1a: Celebi|100/100
|move|p2a: dat boi|Pursuit|p1a: Celebi
|-supereffective|p1a: Celebi
|-damage|p1a: Celebi|75/100
|
|-weather|Sandstorm|[upkeep]
|-damage|p1a: Celebi|68/100|[from] Sandstorm
|-heal|p1a: Celebi|75/100|[from] item: Leftovers
|-heal|p2a: dat boi|79/100 par|[from] item: Leftovers
|-damage|p2a: dat boi|67/100 par|[from] Leech Seed|[of] p1a: Celebi
|-heal|p1a: Celebi|87/100|[silent]
|upkeep
|turn|19
|
|t:|1728865171
|move|p1a: Celebi|Calm Mind|p1a: Celebi
|-boost|p1a: Celebi|spa|1
|-boost|p1a: Celebi|spd|1
|move|p2a: dat boi|Crunch|p1a: Celebi
|-supereffective|p1a: Celebi
|-damage|p1a: Celebi|56/100
|
|-weather|Sandstorm|[upkeep]
|-damage|p1a: Celebi|49/100|[from] Sandstorm
|-heal|p1a: Celebi|56/100|[from] item: Leftovers
|-heal|p2a: dat boi|73/100 par|[from] item: Leftovers
|-damage|p2a: dat boi|60/100 par|[from] Leech Seed|[of] p1a: Celebi
|-heal|p1a: Celebi|68/100|[silent]
|upkeep
|turn|20
|
|t:|1728865187
|switch|p2a: ????|Jirachi|100/100
|move|p1a: Celebi|Leech Seed|p2a: ????
|-start|p2a: ????|move: Leech Seed
|
|-weather|Sandstorm|[upkeep]
|-damage|p1a: Celebi|62/100|[from] Sandstorm
|-heal|p1a: Celebi|68/100|[from] item: Leftovers
|-damage|p2a: ????|88/100|[from] Leech Seed|[of] p1a: Celebi
|-heal|p1a: Celebi|80/100|[silent]
|upkeep
|turn|21
|
|t:|1728865198
|switch|p1a: Tyranitar|Tyranitar, M|71/100 tox
|move|p2a: ????|Toxic|p1a: Tyranitar
|-fail|p1a: Tyranitar|tox
|
|-weather|Sandstorm|[upkeep]
|-heal|p2a: ????|94/100|[from] item: Leftovers
|-damage|p2a: ????|82/100|[from] Leech Seed|[of] p1a: Tyranitar
|-heal|p1a: Tyranitar|84/100 tox|[silent]
|-heal|p1a: Tyranitar|90/100 tox|[from] item: Leftovers
|-damage|p1a: Tyranitar|84/100 tox|[from] psn
|upkeep
|turn|22
|
|t:|1728865206
|switch|p2a: Dragnmynuts|Salamence, F|69/100 tox
|-ability|p2a: Dragnmynuts|Intimidate|boost
|-unboost|p1a: Tyranitar|atk|1
|move|p1a: Tyranitar|Earthquake|p2a: Dragnmynuts
|-immune|p2a: Dragnmynuts
|
|-weather|Sandstorm|[upkeep]
|-damage|p2a: Dragnmynuts|63/100 tox|[from] Sandstorm
|-heal|p2a: Dragnmynuts|69/100 tox|[from] item: Leftovers
|-damage|p2a: Dragnmynuts|63/100 tox|[from] psn
|-heal|p1a: Tyranitar|90/100 tox|[from] item: Leftovers
|-damage|p1a: Tyranitar|78/100 tox|[from] psn
|upkeep
|turn|23
|
|t:|1728865215
|switch|p1a: Celebi|Celebi|80/100
|move|p2a: Dragnmynuts|Brick Break|p1a: Celebi
|-resisted|p1a: Celebi
|-damage|p1a: Celebi|72/100
|
|-weather|Sandstorm|[upkeep]
|-damage|p2a: Dragnmynuts|57/100 tox|[from] Sandstorm
|-damage|p1a: Celebi|66/100|[from] Sandstorm
|-heal|p2a: Dragnmynuts|63/100 tox|[from] item: Leftovers
|-damage|p2a: Dragnmynuts|51/100 tox|[from] psn
|-heal|p1a: Celebi|72/100|[from] item: Leftovers
|upkeep
|turn|24
|
|t:|1728865226
|move|p2a: Dragnmynuts|Fire Blast|p1a: Celebi
|-supereffective|p1a: Celebi
|-damage|p1a: Celebi|15/100
|move|p1a: Celebi|Leech Seed|p2a: Dragnmynuts
|-start|p2a: Dragnmynuts|move: Leech Seed
|
|-weather|Sandstorm|[upkeep]
|-damage|p2a: Dragnmynuts|45/100 tox|[from] Sandstorm
|-damage|p1a: Celebi|9/100|[from] Sandstorm
|-heal|p2a: Dragnmynuts|51/100 tox|[from] item: Leftovers
|-damage|p2a: Dragnmynuts|38/100 tox|[from] Leech Seed|[of] p1a: Celebi
|-heal|p1a: Celebi|19/100|[silent]
|-damage|p2a: Dragnmynuts|20/100 tox|[from] psn
|-heal|p1a: Celebi|25/100|[from] item: Leftovers
|upkeep
|turn|25
|
|t:|1728865241
|move|p2a: Dragnmynuts|Dragon Claw|p1a: Celebi
|-damage|p1a: Celebi|0 fnt
|faint|p1a: Celebi
|
|t:|1728865244
|switch|p1a: Tyranitar|Tyranitar, M|78/100 tox
|
|-weather|Sandstorm|[upkeep]
|-damage|p2a: Dragnmynuts|15/100 tox|[from] Sandstorm
|-heal|p2a: Dragnmynuts|20/100 tox|[from] item: Leftovers
|-damage|p2a: Dragnmynuts|8/100 tox|[from] Leech Seed|[of] p1a: Tyranitar
|-heal|p1a: Tyranitar|88/100 tox|[silent]
|-damage|p2a: Dragnmynuts|0 fnt|[from] psn
|faint|p2a: Dragnmynuts
|-heal|p1a: Tyranitar|95/100 tox|[from] item: Leftovers
|-damage|p1a: Tyranitar|88/100 tox|[from] psn
|upkeep
|
|t:|1728865258
|switch|p2a: YEEEEEEE|Aerodactyl, M|100/100
|turn|26
|
|t:|1728865263
|switch|p1a: Zapdos|Zapdos|76/100
|move|p2a: YEEEEEEE|Hidden Power|p1a: Zapdos
|-resisted|p1a: Zapdos
|-crit|p1a: Zapdos
|-damage|p1a: Zapdos|44/100
|
|-weather|Sandstorm|[upkeep]
|-damage|p1a: Zapdos|38/100|[from] Sandstorm
|-heal|p1a: Zapdos|44/100|[from] item: Leftovers
|upkeep
|turn|27
|
|t:|1728865273
|switch|p2a: fatty|Blissey, F|100/100
|switch|p1a: Tyranitar|Tyranitar, M|88/100 tox
|
|-weather|Sandstorm|[upkeep]
|-damage|p2a: fatty|94/100|[from] Sandstorm
|-heal|p1a: Tyranitar|95/100 tox|[from] item: Leftovers
|-damage|p1a: Tyranitar|88/100 tox|[from] psn
|-heal|p2a: fatty|100/100|[from] item: Leftovers
|upkeep
|turn|28
|
|t:|1728865279
|-singleturn|p1a: Tyranitar|move: Focus Punch
|move|p1a: Tyranitar|Focus Punch|p2a: fatty
|-supereffective|p2a: fatty
|-damage|p2a: fatty|8/100
|move|p2a: fatty|Counter|p1a: Tyranitar
|-damage|p1a: Tyranitar|0 fnt
|faint|p1a: Tyranitar
|
|t:|1728865285
|switch|p1a: Zapdos|Zapdos|44/100
|
|-weather|Sandstorm|[upkeep]
|-damage|p1a: Zapdos|38/100|[from] Sandstorm
|-damage|p2a: fatty|2/100|[from] Sandstorm
|-heal|p1a: Zapdos|44/100|[from] item: Leftovers
|-heal|p2a: fatty|8/100|[from] item: Leftovers
|upkeep
|turn|29
|c|☆True Lawbringer|nice
|
|t:|1728865294
|move|p1a: Zapdos|Thunderbolt|p2a: fatty
|-damage|p2a: fatty|0 fnt
|faint|p2a: fatty
|c|☆salmonlad|ty!
|
|t:|1728865301
|switch|p2a: dat boi|Tyranitar, F|60/100 par
|
|-weather|Sandstorm|[upkeep]
|-damage|p1a: Zapdos|38/100|[from] Sandstorm
|-heal|p1a: Zapdos|44/100|[from] item: Leftovers
|-heal|p2a: dat boi|66/100 par|[from] item: Leftovers
|upkeep
|turn|30
|
|t:|1728865311
|move|p1a: Zapdos|Thunderbolt|p2a: dat boi
|-damage|p2a: dat boi|32/100 par
|move|p2a: dat boi|Crunch|p1a: Zapdos
|-damage|p1a: Zapdos|21/100
|
|-weather|Sandstorm|[upkeep]
|-damage|p1a: Zapdos|15/100|[from] Sandstorm
|-heal|p1a: Zapdos|21/100|[from] item: Leftovers
|-heal|p2a: dat boi|38/100 par|[from] item: Leftovers
|upkeep
|turn|31
|
|t:|1728865315
|move|p1a: Zapdos|Rest|p1a: Zapdos
|-status|p1a: Zapdos|slp|[from] move: Rest
|-heal|p1a: Zapdos|100/100 slp|[silent]
|move|p2a: dat boi|Crunch|p1a: Zapdos
|-damage|p1a: Zapdos|74/100 slp
|
|-weather|Sandstorm|[upkeep]
|-damage|p1a: Zapdos|68/100 slp|[from] Sandstorm
|-heal|p1a: Zapdos|74/100 slp|[from] item: Leftovers
|-heal|p2a: dat boi|44/100 par|[from] item: Leftovers
|upkeep
|turn|32
|
|t:|1728865330
|cant|p1a: Zapdos|slp
|move|p2a: dat boi|Crunch|p1a: Zapdos
|-damage|p1a: Zapdos|50/100 slp
|-unboost|p1a: Zapdos|spd|1
|
|-weather|Sandstorm|[upkeep]
|-damage|p1a: Zapdos|44/100 slp|[from] Sandstorm
|-heal|p1a: Zapdos|50/100 slp|[from] item: Leftovers
|-heal|p2a: dat boi|50/100 par|[from] item: Leftovers
|upkeep
|turn|33
|
|t:|1728865333
|switch|p1a: Swampert|Swampert, M|100/100
|move|p2a: dat boi|Crunch|p1a: Swampert
|-damage|p1a: Swampert|68/100
|
|-weather|Sandstorm|[upkeep]
|-heal|p1a: Swampert|75/100|[from] item: Leftovers
|-heal|p2a: dat boi|56/100 par|[from] item: Leftovers
|upkeep
|turn|34
|
|t:|1728865349
|move|p1a: Swampert|Surf|p2a: dat boi
|-supereffective|p2a: dat boi
|-damage|p2a: dat boi|4/100 par
|move|p2a: dat boi|Crunch|p1a: Swampert
|-damage|p1a: Swampert|42/100
|
|-weather|Sandstorm|[upkeep]
|-heal|p1a: Swampert|48/100|[from] item: Leftovers
|-heal|p2a: dat boi|10/100 par|[from] item: Leftovers
|upkeep
|turn|35
|
|t:|1728865355
|move|p1a: Swampert|Surf|p2a: dat boi
|-supereffective|p2a: dat boi
|-damage|p2a: dat boi|0 fnt
|faint|p2a: dat boi
|
|t:|1728865373
|switch|p2a: YEEEEEEE|Aerodactyl, M|100/100
|
|-weather|Sandstorm|[upkeep]
|-heal|p1a: Swampert|55/100|[from] item: Leftovers
|upkeep
|turn|36
|
|t:|1728865377
|move|p1a: Swampert|Protect|p1a: Swampert
|-singleturn|p1a: Swampert|Protect
|move|p2a: YEEEEEEE|Double-Edge|p1a: Swampert
|-activate|p1a: Swampert|Protect
|
|-weather|Sandstorm|[upkeep]
|-heal|p1a: Swampert|61/100|[from] item: Leftovers
|upkeep
|turn|37
|
|t:|1728865386
|move|p2a: YEEEEEEE|Double-Edge|p1a: Swampert
|-damage|p1a: Swampert|26/100
|move|p1a: Swampert|Surf|p2a: YEEEEEEE
|-supereffective|p2a: YEEEEEEE
|-damage|p2a: YEEEEEEE|0 fnt
|faint|p2a: YEEEEEEE
|
|t:|1728865389
|switch|p2a: ????|Jirachi|82/100
|
|-weather|Sandstorm|[upkeep]
|-heal|p2a: ????|88/100|[from] item: Leftovers
|-heal|p1a: Swampert|32/100|[from] item: Leftovers
|upkeep
|turn|38
|
|t:|1728865397
|move|p1a: Swampert|Protect|p1a: Swampert
|-singleturn|p1a: Swampert|Protect
|move|p2a: ????|Toxic|p1a: Swampert|[miss]
|-miss|p2a: ????|p1a: Swampert
|
|-weather|Sandstorm|[upkeep]
|-heal|p2a: ????|94/100|[from] item: Leftovers
|-heal|p1a: Swampert|38/100|[from] item: Leftovers
|upkeep
|turn|39
|inactive|True Lawbringer has 270 seconds left.
|
|t:|1728865430
|move|p2a: ????|Fire Punch|p1a: Swampert
|-resisted|p1a: Swampert
|-damage|p1a: Swampert|30/100
|move|p1a: Swampert|Refresh||[still]
|-fail|p1a: Swampert
|
|-weather|Sandstorm|[upkeep]
|-heal|p2a: ????|100/100|[from] item: Leftovers
|-heal|p1a: Swampert|36/100|[from] item: Leftovers
|upkeep
|turn|40
|
|t:|1728865440
|switch|p1a: Zapdos|Zapdos|50/100 slp
|move|p2a: ????|Toxic||[still]
|-fail|p2a: ????
|
|-weather|Sandstorm|[upkeep]
|-damage|p1a: Zapdos|44/100 slp|[from] Sandstorm
|-heal|p1a: Zapdos|50/100 slp|[from] item: Leftovers
|upkeep
|turn|41
|
|t:|1728865448
|switch|p1a: Swampert|Swampert, M|36/100
|move|p2a: ????|Fire Punch|p1a: Swampert
|-resisted|p1a: Swampert
|-damage|p1a: Swampert|29/100
|
|-weather|Sandstorm|[upkeep]
|-heal|p1a: Swampert|36/100|[from] item: Leftovers
|upkeep
|turn|42
|
|t:|1728865460
|move|p1a: Swampert|Protect|p1a: Swampert
|-singleturn|p1a: Swampert|Protect
|move|p2a: ????|Fire Punch|p1a: Swampert
|-activate|p1a: Swampert|Protect
|
|-weather|Sandstorm|[upkeep]
|-heal|p1a: Swampert|42/100|[from] item: Leftovers
|upkeep
|turn|43
|c|☆True Lawbringer|i might have to run you out of pp here lmao
|
|t:|1728865479
|move|p2a: ????|Fire Punch|p1a: Swampert
|-resisted|p1a: Swampert
|-damage|p1a: Swampert|35/100
|move|p1a: Swampert|Surf|p2a: ????
|-damage|p2a: ????|76/100
|
|-weather|Sandstorm|[upkeep]
|-heal|p2a: ????|82/100|[from] item: Leftovers
|-heal|p1a: Swampert|41/100|[from] item: Leftovers
|upkeep
|turn|44
|
|t:|1728865490
|move|p1a: Swampert|Protect|p1a: Swampert
|-singleturn|p1a: Swampert|Protect
|move|p2a: ????|Fire Punch|p1a: Swampert
|-activate|p1a: Swampert|Protect
|
|-weather|Sandstorm|[upkeep]
|-heal|p2a: ????|88/100|[from] item: Leftovers
|-heal|p1a: Swampert|47/100|[from] item: Leftovers
|upkeep
|turn|45
|
|t:|1728865500
|switch|p1a: Zapdos|Zapdos|50/100 slp
|move|p2a: ????|Fire Punch|p1a: Zapdos
|-damage|p1a: Zapdos|37/100 slp
|
|-weather|Sandstorm|[upkeep]
|-damage|p1a: Zapdos|31/100 slp|[from] Sandstorm
|-heal|p1a: Zapdos|37/100 slp|[from] item: Leftovers
|-heal|p2a: ????|94/100|[from] item: Leftovers
|upkeep
|turn|46
|
|t:|1728865509
|cant|p1a: Zapdos|slp
|move|p2a: ????|Fire Punch|p1a: Zapdos
|-damage|p1a: Zapdos|24/100 slp
|
|-weather|Sandstorm|[upkeep]
|-damage|p1a: Zapdos|18/100 slp|[from] Sandstorm
|-heal|p2a: ????|100/100|[from] item: Leftovers
|-heal|p1a: Zapdos|24/100 slp|[from] item: Leftovers
|upkeep
|turn|47
|
|t:|1728865517
|-curestatus|p1a: Zapdos|slp|[msg]
|move|p1a: Zapdos|Rest|p1a: Zapdos
|-status|p1a: Zapdos|slp|[from] move: Rest
|-heal|p1a: Zapdos|100/100 slp|[silent]
|move|p2a: ????|Fire Punch|p1a: Zapdos
|-damage|p1a: Zapdos|88/100 slp
|
|-weather|Sandstorm|[upkeep]
|-damage|p1a: Zapdos|82/100 slp|[from] Sandstorm
|-heal|p1a: Zapdos|88/100 slp|[from] item: Leftovers
|upkeep
|turn|48
|c|☆salmonlad|yeah 
|c|☆salmonlad|thats gg haha 
|-message|salmonlad forfeited.
|
|win|True Lawbringer
|c|☆True Lawbringer|gg, i love counter so much
|c|☆True Lawbringer|so based
|c|☆salmonlad|I love pulling off stuff like that with it haha 
|player|p1|

</script>
<script type="application/json" class="data" id="replaydata-smogtours-gen3ou-798537">
{"id":"smogtours-gen3ou-798537","format":"[Gen 3] OU","players":["True Lawbringer","salmonlad"],"uploadtime":1728865530,"views":79,"formatid":"gen3ou","rating":null,"private":0,"password":null}
</script>

<script defer src="js/replays.js?9d40a366"></script>
