<!DOCTYPE html>
<meta charset="utf-8" />
<meta name="viewport" content="width=device-width" />

<title>[Gen 3] OU: smollest brian vs. EG Sato - Replays - Pok&eacute;mon Showdown!</title>

<meta name="description" content="Watch a replay of a Pok&eacute;mon battle between smollest brian and EG Sato! Format: [Gen 3] OU; Date: Oct 5, 2024" />
<!--

Hey, you! Looking in the source for the replay log?

You can find them in JSON format, just add `.json` at the end of a replay URL.

https://replay.pokemonshowdown.com/gen7randomdoublesbattle-865046831.json

Or, if you only need the log itself, add `.log` instead:

https://replay.pokemonshowdown.com/gen7randomdoublesbattle-865046831.log

-->

<link rel="stylesheet" href="//pokemonshowdown.com/style/global.css?0.767286132409787" />
<link rel="stylesheet" href="//play.pokemonshowdown.com/style/font-awesome.css?0.9266228007934947" />
<link rel="stylesheet" href="//play.pokemonshowdown.com/style/battle.css?0.7924700842790926" />
<link rel="stylesheet" href="//play.pokemonshowdown.com/style/utilichart.css?0.8777417872839479" />

<!-- Global site tag (gtag.js) - Google Analytics -->
<script async src="https://www.googletagmanager.com/gtag/js?id=UA-26211653-1"></script>
<script>
  window.dataLayer = window.dataLayer || [];
  function gtag(){dataLayer.push(arguments);}
  gtag('js', new Date());

  gtag('config', 'UA-26211653-1');
</script>
<!-- End Google Analytics -->
<!-- Venatus Ad Manager - Install in <HEAD> of page -->
	<script src="https://hb.vntsm.com/v3/live/ad-manager.min.js" type="text/javascript" data-site-id="642aba63ec9a7b11c3c9c1be" data-mode="scan" async></script>
<!-- / Venatus Ad Manager -->

<style>
	@media (max-width:820px) {
		.battle {
			margin: 0 auto;
		}
		.battle-log {
			margin: 7px auto 0;
			max-width: 640px;
			height: 300px;
			position: static;
		}
	}
	.optgroup {
		display: inline-block;
		line-height: 22px;
		font-size: 10pt;
	}
	.optgroup .button {
		height: 25px;
		padding-top: 0;
		padding-bottom: 0;
	}
	.optgroup button.button {
		padding-left: 12px;
		padding-right: 12px;
	}
	.linklist {
		list-style: none;
		margin: 0.5em 0;
		padding: 0;
	}
	.linklist li {
		padding: 2px 0;
	}
	.sidebar {
		float: left;
		width: 320px;
	}
	.bar-wrapper {
		max-width: 1100px;
		margin: 0 auto;
	}
	.bar-wrapper.has-sidebar {
		max-width: 1430px;
	}
	.mainbar {
		margin: 0;
		padding-right: 1px;
	}
	.mainbar.has-sidebar {
		margin-left: 330px;
	}
	@media (min-width: 1511px) {
		.sidebar {
			width: 400px;
		}
		.bar-wrapper.has-sidebar {
			max-width: 1510px;
		}
		.mainbar.has-sidebar {
			margin-left: 410px;
		}
	}
	.section.first-section {
		margin-top: 9px;
	}
	.blocklink small {
		white-space: normal;
	}
	.button {
		vertical-align: middle;
	}
	.replay-controls {
		padding-top: 10px;
	}
	.replay-controls h1 {
		font-size: 16pt;
		font-weight: normal;
		color: #CCC;
	}
	.pagelink {
		text-align: center;
	}
	.pagelink a {
		width: 150px;
	}
	.textbox, .button {
		font-size: 11pt;
		vertical-align: middle;
	}
	@media (max-width: 450px) {
		.button {
			font-size: 9pt;
		}
	}
</style>

<div>

	<header>
		<div class="nav-wrapper"><ul class="nav">
			<li><a class="button nav-first" href="//pokemonshowdown.com/"><img src="//pokemonshowdown.com/images/pokemonshowdownbeta.png" srcset="//pokemonshowdown.com/images/pokemonshowdownbeta.png 1x, //pokemonshowdown.com/images/pokemonshowdownbeta@2x.png 2x" alt="Pok&eacute;mon Showdown" width="146" height="44" /> Home</a></li>
			<li><a class="button" href="//pokemonshowdown.com/dex/">Pok&eacute;dex</a></li>
			<li><a class="button cur" href="/">Replays</a></li>
			<li><a class="button" href="//pokemonshowdown.com/ladder/">Ladder</a></li>
			<li><a class="button nav-last" href="//pokemonshowdown.com/forums/">Forum</a></li>
			<li><a class="button greenbutton nav-first nav-last" href="//play.pokemonshowdown.com/">Play</a></li>
		</ul></div>
	</header>

	<div class="main" id="main">

		<noscript><section class="section">You need to enable JavaScript to use this page; sorry!</section></noscript>

	</div>

</div>

<script defer nomodule src="//play.pokemonshowdown.com/js/lib/ps-polyfill.js"></script>
<script defer src="//play.pokemonshowdown.com/js/lib/preact.min.js"></script>

<script defer src="//play.pokemonshowdown.com/config/config.js?6dec07f6"></script>
<script defer src="//play.pokemonshowdown.com/js/lib/jquery-1.11.0.min.js"></script>
<script defer src="//play.pokemonshowdown.com/js/lib/html-sanitizer-minified.js"></script>
<script defer src="//play.pokemonshowdown.com/js/battle-sound.js"></script>
<script defer src="//play.pokemonshowdown.com/js/battledata.js?0.6315294753075389"></script>
<script defer src="//play.pokemonshowdown.com/data/pokedex-mini.js?0.7603743185311358"></script>
<script defer src="//play.pokemonshowdown.com/data/pokedex-mini-bw.js?0.030888842834281283"></script>
<script defer src="//play.pokemonshowdown.com/data/graphics.js?0.05593094747507488"></script>
<script defer src="//play.pokemonshowdown.com/data/pokedex.js?0.47064822249611904"></script>
<script defer src="//play.pokemonshowdown.com/data/moves.js?0.8583693120512459"></script>
<script defer src="//play.pokemonshowdown.com/data/abilities.js?0.16017181182386842"></script>
<script defer src="//play.pokemonshowdown.com/data/items.js?0.4163379185673943"></script>
<script defer src="//play.pokemonshowdown.com/data/teambuilder-tables.js?0.31075597372830477"></script>
<script defer src="//play.pokemonshowdown.com/js/battle-tooltips.js?0.6536193500708172"></script>
<script defer src="//play.pokemonshowdown.com/js/battle.js?0.1916591943277901"></script>

<script defer src="js/utils.js?e31f9a17"></script>
<script defer src="js/replays-battle.js?7008c182"></script>

<!-- don't scrape this data! just add .json or .log after the URL!
Full API docs: https://github.com/smogon/pokemon-showdown-client/blob/master/WEB-API.md -->
<script type="text/plain" class="log" id="replaylog-smogtours-gen3ou-795266">
|inactive|Battle timer is ON: inactive players will automatically lose when time's up.
|t:|1728169753
|gametype|singles
|player|p1|smollest brian|miku-ground|
|player|p2|EG Sato|veteran|
|teamsize|p1|6
|teamsize|p2|6
|gen|3
|tier|[Gen 3] OU
|rule|Sleep Clause Mod: Limit one foe put to sleep
|rule|Switch Priority Clause Mod: Faster Pokémon switch first
|rule|Species Clause: Limit one of each Pokémon
|rule|OHKO Clause: OHKO moves are banned
|rule|Evasion Items Clause: Evasion items are banned
|rule|Evasion Moves Clause: Evasion moves are banned
|rule|Endless Battle Clause: Forcing endless battles is banned
|rule|HP Percentage Mod: HP is shown in percentages
|rule|One Boost Passer Clause: Limit one Baton Passer that has a way to boost its stats
|rule|Freeze Clause Mod: Limit one foe frozen
|
|t:|1728169753
|start
|switch|p1a: Medicham|Medicham, F|100/100
|switch|p2a: Tyranitar|Tyranitar, M|100/100
|-weather|Sandstorm|[from] ability: Sand Stream|[of] p2a: Tyranitar
|turn|1
|inactive|EG Sato also wants the timer to be on.
|c|☆smollest brian|hf
|c|☆EG Sato|u2
|
|t:|1728169765
|switch|p2a: Salamence|Salamence, F|100/100
|-ability|p2a: Salamence|Intimidate|boost
|-unboost|p1a: Medicham|atk|1
|move|p1a: Medicham|Brick Break|p2a: Salamence
|-resisted|p2a: Salamence
|-damage|p2a: Salamence|71/100
|
|-weather|Sandstorm|[upkeep]
|-damage|p2a: Salamence|65/100|[from] Sandstorm
|-damage|p1a: Medicham|94/100|[from] Sandstorm
|-heal|p2a: Salamence|71/100|[from] item: Leftovers
|upkeep
|turn|2
|
|t:|1728169774
|switch|p1a: Snorlax|Snorlax, F|100/100
|move|p2a: Salamence|Dragon Claw|p1a: Snorlax
|-damage|p1a: Snorlax|81/100
|
|-weather|Sandstorm|[upkeep]
|-damage|p2a: Salamence|65/100|[from] Sandstorm
|-damage|p1a: Snorlax|75/100|[from] Sandstorm
|-heal|p2a: Salamence|71/100|[from] item: Leftovers
|-heal|p1a: Snorlax|81/100|[from] item: Leftovers
|upkeep
|turn|3
|
|t:|1728169779
|switch|p2a: Skarmory|Skarmory, F|100/100
|move|p1a: Snorlax|Body Slam|p2a: Skarmory
|-resisted|p2a: Skarmory
|-damage|p2a: Skarmory|86/100
|
|-weather|Sandstorm|[upkeep]
|-damage|p1a: Snorlax|75/100|[from] Sandstorm
|-heal|p2a: Skarmory|92/100|[from] item: Leftovers
|-heal|p1a: Snorlax|81/100|[from] item: Leftovers
|upkeep
|turn|4
|
|t:|1728169783
|-singleturn|p1a: Snorlax|move: Focus Punch
|move|p2a: Skarmory|Spikes|p1a: Snorlax
|-sidestart|p1: smollest brian|Spikes
|move|p1a: Snorlax|Focus Punch|p2a: Skarmory
|-damage|p2a: Skarmory|55/100
|
|-weather|Sandstorm|[upkeep]
|-damage|p1a: Snorlax|75/100|[from] Sandstorm
|-heal|p2a: Skarmory|61/100|[from] item: Leftovers
|-heal|p1a: Snorlax|81/100|[from] item: Leftovers
|upkeep
|turn|5
|
|t:|1728169788
|move|p2a: Skarmory|Drill Peck|p1a: Snorlax
|-damage|p1a: Snorlax|61/100
|move|p1a: Snorlax|Counter|p2a: Skarmory
|-damage|p2a: Skarmory|4/100
|
|-weather|Sandstorm|[upkeep]
|-damage|p1a: Snorlax|55/100|[from] Sandstorm
|-heal|p2a: Skarmory|10/100|[from] item: Leftovers
|-heal|p1a: Snorlax|61/100|[from] item: Leftovers
|upkeep
|turn|6
|
|t:|1728169792
|move|p2a: Skarmory|Drill Peck|p1a: Snorlax
|-damage|p1a: Snorlax|43/100
|move|p1a: Snorlax|Body Slam|p2a: Skarmory
|-resisted|p2a: Skarmory
|-damage|p2a: Skarmory|0 fnt
|faint|p2a: Skarmory
|
|t:|1728169805
|switch|p2a: Tyranitar|Tyranitar, M|100/100
|
|-weather|Sandstorm|[upkeep]
|-damage|p1a: Snorlax|37/100|[from] Sandstorm
|-heal|p1a: Snorlax|43/100|[from] item: Leftovers
|upkeep
|turn|7
|
|t:|1728169810
|move|p2a: Tyranitar|Fire Blast|p1a: Snorlax
|-damage|p1a: Snorlax|26/100
|move|p1a: Snorlax|Self-Destruct|p2a: Tyranitar
|-resisted|p2a: Tyranitar
|-damage|p2a: Tyranitar|15/100
|faint|p1a: Snorlax
|
|t:|1728169818
|switch|p1a: Medicham|Medicham, F|94/100
|-damage|p1a: Medicham|82/100|[from] Spikes
|
|-weather|Sandstorm|[upkeep]
|-damage|p1a: Medicham|76/100|[from] Sandstorm
|upkeep
|turn|8
|
|t:|1728169825
|move|p1a: Medicham|Brick Break|p2a: Tyranitar
|-supereffective|p2a: Tyranitar
|-crit|p2a: Tyranitar
|-damage|p2a: Tyranitar|0 fnt
|faint|p2a: Tyranitar
|
|t:|1728169830
|switch|p2a: Salamence|Salamence, F|71/100
|-ability|p2a: Salamence|Intimidate|boost
|-unboost|p1a: Medicham|atk|1
|
|-weather|Sandstorm|[upkeep]
|-damage|p2a: Salamence|65/100|[from] Sandstorm
|-damage|p1a: Medicham|70/100|[from] Sandstorm
|-heal|p2a: Salamence|71/100|[from] item: Leftovers
|upkeep
|turn|9
|
|t:|1728169837
|switch|p1a: Starmie|Starmie|100/100
|-damage|p1a: Starmie|88/100|[from] Spikes
|move|p2a: Salamence|Dragon Claw|p1a: Starmie
|-damage|p1a: Starmie|28/100
|
|-weather|Sandstorm|[upkeep]
|-damage|p1a: Starmie|22/100|[from] Sandstorm
|-damage|p2a: Salamence|65/100|[from] Sandstorm
|-heal|p1a: Starmie|28/100|[from] item: Leftovers
|-heal|p2a: Salamence|71/100|[from] item: Leftovers
|upkeep
|turn|10
|
|t:|1728169844
|switch|p2a: Aerodactyl|Aerodactyl, F|100/100
|move|p1a: Starmie|Rapid Spin|p2a: Aerodactyl
|-resisted|p2a: Aerodactyl
|-damage|p2a: Aerodactyl|98/100
|-sideend|p1: smollest brian|Spikes|[from] move: Rapid Spin|[of] p1a: Starmie
|
|-weather|Sandstorm|[upkeep]
|-damage|p1a: Starmie|22/100|[from] Sandstorm
|-heal|p1a: Starmie|28/100|[from] item: Leftovers
|upkeep
|turn|11
|
|t:|1728169850
|switch|p1a: Swampert|Swampert, F|100/100
|move|p2a: Aerodactyl|Double-Edge|p1a: Swampert
|-damage|p1a: Swampert|67/100
|
|-weather|Sandstorm|[upkeep]
|-heal|p1a: Swampert|73/100|[from] item: Leftovers
|upkeep
|turn|12
|
|t:|1728169855
|switch|p2a: Celebi|Celebi|100/100
|move|p1a: Swampert|Toxic|p2a: Celebi
|-status|p2a: Celebi|tox
|
|-weather|Sandstorm|[upkeep]
|-damage|p2a: Celebi|94/100 tox|[from] Sandstorm
|-heal|p2a: Celebi|100/100 tox|[from] item: Leftovers
|-damage|p2a: Celebi|94/100 tox|[from] psn
|-heal|p1a: Swampert|79/100|[from] item: Leftovers
|upkeep
|turn|13
|
|t:|1728169861
|switch|p1a: Houndoom|Houndoom, M|100/100
|move|p2a: Celebi|Giga Drain|p1a: Houndoom
|-resisted|p1a: Houndoom
|-damage|p1a: Houndoom|86/100
|-heal|p2a: Celebi|99/100 tox|[from] drain|[of] p1a: Houndoom
|
|-weather|Sandstorm|[upkeep]
|-damage|p2a: Celebi|94/100 tox|[from] Sandstorm
|-damage|p1a: Houndoom|80/100|[from] Sandstorm
|-heal|p2a: Celebi|99/100 tox|[from] item: Leftovers
|-damage|p2a: Celebi|87/100 tox|[from] psn
|-heal|p1a: Houndoom|86/100|[from] item: Leftovers
|upkeep
|turn|14
|
|t:|1728169867
|-activate|p2a: Celebi|move: Pursuit
|move|p1a: Houndoom|Pursuit|p2a: Celebi|[from]Pursuit
|-supereffective|p2a: Celebi
|-damage|p2a: Celebi|10/100 tox
|-curestatus|p2a: Celebi|tox|[from] ability: Natural Cure
|switch|p2a: Salamence|Salamence, F|71/100
|-ability|p2a: Salamence|Intimidate|boost
|-unboost|p1a: Houndoom|atk|1
|
|-weather|Sandstorm|[upkeep]
|-damage|p2a: Salamence|65/100|[from] Sandstorm
|-damage|p1a: Houndoom|80/100|[from] Sandstorm
|-heal|p2a: Salamence|71/100|[from] item: Leftovers
|-heal|p1a: Houndoom|86/100|[from] item: Leftovers
|upkeep
|turn|15
|
|t:|1728169875
|move|p2a: Salamence|Brick Break|p1a: Houndoom
|-supereffective|p1a: Houndoom
|-damage|p1a: Houndoom|0 fnt
|faint|p1a: Houndoom
|
|t:|1728169878
|switch|p1a: Starmie|Starmie|28/100
|
|-weather|Sandstorm|[upkeep]
|-damage|p1a: Starmie|22/100|[from] Sandstorm
|-damage|p2a: Salamence|65/100|[from] Sandstorm
|-heal|p1a: Starmie|28/100|[from] item: Leftovers
|-heal|p2a: Salamence|71/100|[from] item: Leftovers
|upkeep
|turn|16
|
|t:|1728169884
|switch|p2a: Swampert|Swampert, M|100/100
|move|p1a: Starmie|Ice Beam|p2a: Swampert
|-damage|p2a: Swampert|75/100
|
|-weather|Sandstorm|[upkeep]
|-damage|p1a: Starmie|22/100|[from] Sandstorm
|-heal|p1a: Starmie|28/100|[from] item: Leftovers
|-heal|p2a: Swampert|81/100|[from] item: Leftovers
|upkeep
|turn|17
|
|t:|1728169902
|switch|p1a: Swellow|Swellow, M|100/100
|move|p2a: Swampert|Earthquake|p1a: Swellow
|-immune|p1a: Swellow
|
|-weather|Sandstorm|[upkeep]
|-damage|p1a: Swellow|94/100|[from] Sandstorm
|-heal|p2a: Swampert|87/100|[from] item: Leftovers
|upkeep
|turn|18
|
|t:|1728169908
|switch|p2a: Aerodactyl|Aerodactyl, F|98/100
|move|p1a: Swellow|Double-Edge|p2a: Aerodactyl
|-resisted|p2a: Aerodactyl
|-damage|p2a: Aerodactyl|41/100
|-damage|p1a: Swellow|72/100|[from] Recoil|[of] p2a: Aerodactyl
|
|-weather|Sandstorm|[upkeep]
|-damage|p1a: Swellow|66/100|[from] Sandstorm
|upkeep
|turn|19
|
|t:|1728169918
|switch|p1a: Swampert|Swampert, F|79/100
|move|p2a: Aerodactyl|Double-Edge|p1a: Swampert
|-damage|p1a: Swampert|43/100
|
|-weather|Sandstorm|[upkeep]
|-heal|p1a: Swampert|49/100|[from] item: Leftovers
|upkeep
|turn|20
|
|t:|1728169923
|switch|p2a: Swampert|Swampert, M|87/100
|move|p1a: Swampert|Surf|p2a: Swampert
|-damage|p2a: Swampert|58/100
|
|-weather|Sandstorm|[upkeep]
|-heal|p1a: Swampert|56/100|[from] item: Leftovers
|-heal|p2a: Swampert|64/100|[from] item: Leftovers
|upkeep
|turn|21
|
|t:|1728169931
|move|p1a: Swampert|Protect|p1a: Swampert
|-singleturn|p1a: Swampert|Protect
|move|p2a: Swampert|Earthquake|p1a: Swampert
|-activate|p1a: Swampert|Protect
|
|-weather|Sandstorm|[upkeep]
|-heal|p1a: Swampert|62/100|[from] item: Leftovers
|-heal|p2a: Swampert|70/100|[from] item: Leftovers
|upkeep
|turn|22
|
|t:|1728169935
|move|p1a: Swampert|Toxic|p2a: Swampert
|-status|p2a: Swampert|tox
|move|p2a: Swampert|Hydro Pump|p1a: Swampert
|-damage|p1a: Swampert|23/100
|
|-weather|Sandstorm|[upkeep]
|-heal|p1a: Swampert|30/100|[from] item: Leftovers
|-heal|p2a: Swampert|77/100 tox|[from] item: Leftovers
|-damage|p2a: Swampert|70/100 tox|[from] psn
|upkeep
|turn|23
|
|t:|1728169941
|move|p1a: Swampert|Protect|p1a: Swampert
|-singleturn|p1a: Swampert|Protect
|move|p2a: Swampert|Hydro Pump|p1a: Swampert
|-activate|p1a: Swampert|Protect
|
|-weather|Sandstorm|[upkeep]
|-heal|p1a: Swampert|36/100|[from] item: Leftovers
|-heal|p2a: Swampert|77/100 tox|[from] item: Leftovers
|-damage|p2a: Swampert|64/100 tox|[from] psn
|upkeep
|turn|24
|
|t:|1728169949
|switch|p1a: Medicham|Medicham, F|70/100
|move|p2a: Swampert|Hydro Pump|p1a: Medicham
|-damage|p1a: Medicham|2/100
|
|-weather|Sandstorm|[upkeep]
|-damage|p1a: Medicham|0 fnt|[from] Sandstorm
|faint|p1a: Medicham
|-heal|p2a: Swampert|70/100 tox|[from] item: Leftovers
|-damage|p2a: Swampert|52/100 tox|[from] psn
|upkeep
|
|t:|1728169954
|switch|p1a: Swellow|Swellow, M|66/100
|turn|25
|
|t:|1728169964
|switch|p2a: Salamence|Salamence, F|71/100
|-ability|p2a: Salamence|Intimidate|boost
|-unboost|p1a: Swellow|atk|1
|move|p1a: Swellow|Double-Edge|p2a: Salamence
|-crit|p2a: Salamence
|-damage|p2a: Salamence|0 fnt
|-damage|p1a: Swellow|36/100|[from] Recoil|[of] p2a: Salamence
|faint|p2a: Salamence
|
|t:|1728169969
|switch|p2a: Aerodactyl|Aerodactyl, F|41/100
|
|-weather|Sandstorm|[upkeep]
|-damage|p1a: Swellow|30/100|[from] Sandstorm
|upkeep
|turn|26
|
|t:|1728169973
|move|p2a: Aerodactyl|Double-Edge|p1a: Swellow
|-damage|p1a: Swellow|0 fnt
|faint|p1a: Swellow
|
|t:|1728169975
|switch|p1a: Swampert|Swampert, F|36/100
|
|-weather|Sandstorm|[upkeep]
|-heal|p1a: Swampert|42/100|[from] item: Leftovers
|upkeep
|turn|27
|
|t:|1728169978
|switch|p2a: Swampert|Swampert, M|52/100 tox
|move|p1a: Swampert|Surf|p2a: Swampert
|-damage|p2a: Swampert|27/100 tox
|
|-weather|Sandstorm|[upkeep]
|-heal|p1a: Swampert|48/100|[from] item: Leftovers
|-heal|p2a: Swampert|33/100 tox|[from] item: Leftovers
|-damage|p2a: Swampert|27/100 tox|[from] psn
|upkeep
|turn|28
|
|t:|1728169991
|move|p1a: Swampert|Protect|p1a: Swampert
|-singleturn|p1a: Swampert|Protect
|move|p2a: Swampert|Earthquake|p1a: Swampert
|-activate|p1a: Swampert|Protect
|
|-weather|Sandstorm|[upkeep]
|-heal|p1a: Swampert|54/100|[from] item: Leftovers
|-heal|p2a: Swampert|33/100 tox|[from] item: Leftovers
|-damage|p2a: Swampert|21/100 tox|[from] psn
|upkeep
|turn|29
|
|t:|1728169996
|move|p1a: Swampert|Surf|p2a: Swampert
|-damage|p2a: Swampert|0 fnt
|faint|p2a: Swampert
|
|t:|1728169999
|switch|p2a: Celebi|Celebi|10/100
|
|-weather|Sandstorm|[upkeep]
|-damage|p2a: Celebi|4/100|[from] Sandstorm
|-heal|p2a: Celebi|10/100|[from] item: Leftovers
|-heal|p1a: Swampert|61/100|[from] item: Leftovers
|upkeep
|turn|30
|
|t:|1728170007
|move|p2a: Celebi|Giga Drain|p1a: Swampert
|-supereffective|p1a: Swampert
|-damage|p1a: Swampert|0 fnt
|-heal|p2a: Celebi|41/100|[from] drain|[of] p1a: Swampert
|faint|p1a: Swampert
|
|t:|1728170008
|switch|p1a: Starmie|Starmie|28/100
|
|-weather|Sandstorm|[upkeep]
|-damage|p1a: Starmie|22/100|[from] Sandstorm
|-damage|p2a: Celebi|35/100|[from] Sandstorm
|-heal|p1a: Starmie|28/100|[from] item: Leftovers
|-heal|p2a: Celebi|41/100|[from] item: Leftovers
|upkeep
|turn|31
|
|t:|1728170012
|move|p1a: Starmie|Ice Beam|p2a: Celebi
|-supereffective|p2a: Celebi
|-damage|p2a: Celebi|0 fnt
|faint|p2a: Celebi
|
|t:|1728170017
|switch|p2a: Aerodactyl|Aerodactyl, F|41/100
|
|-weather|Sandstorm|[upkeep]
|-damage|p1a: Starmie|22/100|[from] Sandstorm
|-heal|p1a: Starmie|28/100|[from] item: Leftovers
|upkeep
|turn|32
|
|t:|1728170021
|move|p2a: Aerodactyl|Double-Edge|p1a: Starmie
|-crit|p1a: Starmie
|-damage|p1a: Starmie|0 fnt
|faint|p1a: Starmie
|
|win|EG Sato
|c|☆smollest brian|gg
|player|p1|
|c|☆EG Sato|gg
|c|☆EG Sato|/log EG Sato made the replay of this battle unlisted.

</script>
<script type="application/json" class="data" id="replaydata-smogtours-gen3ou-795266">
{"id":"smogtours-gen3ou-795266","format":"[Gen 3] OU","players":["smollest brian","EG Sato"],"uploadtime":1728170021,"views":126,"formatid":"gen3ou","rating":null,"private":1,"password":null}
</script>

<script defer src="js/replays.js?9d40a366"></script>
