<!DOCTYPE html>
<meta charset="utf-8" />
<meta name="viewport" content="width=device-width" />

<title>[Gen 3] OU: cyberas vs. Sepulo - Replays - Pok&eacute;mon Showdown!</title>

<meta name="description" content="Watch a replay of a Pok&eacute;mon battle between cyberas and Sepulo! Format: [Gen 3] OU; Date: Oct 20, 2024" />
<!--

Hey, you! Looking in the source for the replay log?

You can find them in JSON format, just add `.json` at the end of a replay URL.

https://replay.pokemonshowdown.com/gen7randomdoublesbattle-865046831.json

Or, if you only need the log itself, add `.log` instead:

https://replay.pokemonshowdown.com/gen7randomdoublesbattle-865046831.log

-->

<link rel="stylesheet" href="//pokemonshowdown.com/style/global.css?0.023195364461161105" />
<link rel="stylesheet" href="//play.pokemonshowdown.com/style/font-awesome.css?0.13261647063804238" />
<link rel="stylesheet" href="//play.pokemonshowdown.com/style/battle.css?0.8753245789963631" />
<link rel="stylesheet" href="//play.pokemonshowdown.com/style/utilichart.css?0.8627959624976733" />

<!-- Global site tag (gtag.js) - Google Analytics -->
<script async src="https://www.googletagmanager.com/gtag/js?id=UA-26211653-1"></script>
<script>
  window.dataLayer = window.dataLayer || [];
  function gtag(){dataLayer.push(arguments);}
  gtag('js', new Date());

  gtag('config', 'UA-26211653-1');
</script>
<!-- End Google Analytics -->
<!-- Venatus Ad Manager - Install in <HEAD> of page -->
	<script src="https://hb.vntsm.com/v3/live/ad-manager.min.js" type="text/javascript" data-site-id="642aba63ec9a7b11c3c9c1be" data-mode="scan" async></script>
<!-- / Venatus Ad Manager -->

<style>
	@media (max-width:820px) {
		.battle {
			margin: 0 auto;
		}
		.battle-log {
			margin: 7px auto 0;
			max-width: 640px;
			height: 300px;
			position: static;
		}
	}
	.optgroup {
		display: inline-block;
		line-height: 22px;
		font-size: 10pt;
	}
	.optgroup .button {
		height: 25px;
		padding-top: 0;
		padding-bottom: 0;
	}
	.optgroup button.button {
		padding-left: 12px;
		padding-right: 12px;
	}
	.linklist {
		list-style: none;
		margin: 0.5em 0;
		padding: 0;
	}
	.linklist li {
		padding: 2px 0;
	}
	.sidebar {
		float: left;
		width: 320px;
	}
	.bar-wrapper {
		max-width: 1100px;
		margin: 0 auto;
	}
	.bar-wrapper.has-sidebar {
		max-width: 1430px;
	}
	.mainbar {
		margin: 0;
		padding-right: 1px;
	}
	.mainbar.has-sidebar {
		margin-left: 330px;
	}
	@media (min-width: 1511px) {
		.sidebar {
			width: 400px;
		}
		.bar-wrapper.has-sidebar {
			max-width: 1510px;
		}
		.mainbar.has-sidebar {
			margin-left: 410px;
		}
	}
	.section.first-section {
		margin-top: 9px;
	}
	.blocklink small {
		white-space: normal;
	}
	.button {
		vertical-align: middle;
	}
	.replay-controls {
		padding-top: 10px;
	}
	.replay-controls h1 {
		font-size: 16pt;
		font-weight: normal;
		color: #CCC;
	}
	.pagelink {
		text-align: center;
	}
	.pagelink a {
		width: 150px;
	}
	.textbox, .button {
		font-size: 11pt;
		vertical-align: middle;
	}
	@media (max-width: 450px) {
		.button {
			font-size: 9pt;
		}
	}
</style>

<div>

	<header>
		<div class="nav-wrapper"><ul class="nav">
			<li><a class="button nav-first" href="//pokemonshowdown.com/"><img src="//pokemonshowdown.com/images/pokemonshowdownbeta.png" srcset="//pokemonshowdown.com/images/pokemonshowdownbeta.png 1x, //pokemonshowdown.com/images/pokemonshowdownbeta@2x.png 2x" alt="Pok&eacute;mon Showdown" width="146" height="44" /> Home</a></li>
			<li><a class="button" href="//pokemonshowdown.com/dex/">Pok&eacute;dex</a></li>
			<li><a class="button cur" href="/">Replays</a></li>
			<li><a class="button" href="//pokemonshowdown.com/ladder/">Ladder</a></li>
			<li><a class="button nav-last" href="//pokemonshowdown.com/forums/">Forum</a></li>
			<li><a class="button greenbutton nav-first nav-last" href="//play.pokemonshowdown.com/">Play</a></li>
		</ul></div>
	</header>

	<div class="main" id="main">

		<noscript><section class="section">You need to enable JavaScript to use this page; sorry!</section></noscript>

	</div>

</div>

<script defer nomodule src="//play.pokemonshowdown.com/js/lib/ps-polyfill.js"></script>
<script defer src="//play.pokemonshowdown.com/js/lib/preact.min.js"></script>

<script defer src="//play.pokemonshowdown.com/config/config.js?2bddbc15"></script>
<script defer src="//play.pokemonshowdown.com/js/lib/jquery-1.11.0.min.js"></script>
<script defer src="//play.pokemonshowdown.com/js/lib/html-sanitizer-minified.js"></script>
<script defer src="//play.pokemonshowdown.com/js/battle-sound.js"></script>
<script defer src="//play.pokemonshowdown.com/js/battledata.js?0.7209276989879541"></script>
<script defer src="//play.pokemonshowdown.com/data/pokedex-mini.js?0.6111056340867951"></script>
<script defer src="//play.pokemonshowdown.com/data/pokedex-mini-bw.js?0.3532142036491459"></script>
<script defer src="//play.pokemonshowdown.com/data/graphics.js?0.24223875632456182"></script>
<script defer src="//play.pokemonshowdown.com/data/pokedex.js?0.38839984266356864"></script>
<script defer src="//play.pokemonshowdown.com/data/moves.js?0.21866028504024015"></script>
<script defer src="//play.pokemonshowdown.com/data/abilities.js?0.2005157953846628"></script>
<script defer src="//play.pokemonshowdown.com/data/items.js?0.9894211263848525"></script>
<script defer src="//play.pokemonshowdown.com/data/teambuilder-tables.js?0.6008791140282215"></script>
<script defer src="//play.pokemonshowdown.com/js/battle-tooltips.js?0.7580118955022959"></script>
<script defer src="//play.pokemonshowdown.com/js/battle.js?0.6057722274234274"></script>

<script defer src="js/utils.js?e31f9a17"></script>
<script defer src="js/replays-battle.js?7008c182"></script>

<!-- don't scrape this data! just add .json or .log after the URL!
Full API docs: https://github.com/smogon/pokemon-showdown-client/blob/master/WEB-API.md -->
<script type="text/plain" class="log" id="replaylog-smogtours-gen3ou-800590">
|inactive|Battle timer is ON: inactive players will automatically lose when time's up.
|t:|1729444899
|gametype|singles
|player|p1|cyberas|102|
|player|p2|Sepulo|pokemonbreeder|
|teamsize|p1|6
|teamsize|p2|6
|gen|3
|tier|[Gen 3] OU
|rule|Sleep Clause Mod: Limit one foe put to sleep
|rule|Switch Priority Clause Mod: Faster Pokémon switch first
|rule|Species Clause: Limit one of each Pokémon
|rule|OHKO Clause: OHKO moves are banned
|rule|Evasion Items Clause: Evasion items are banned
|rule|Evasion Moves Clause: Evasion moves are banned
|rule|Endless Battle Clause: Forcing endless battles is banned
|rule|HP Percentage Mod: HP is shown in percentages
|rule|One Boost Passer Clause: Limit one Baton Passer that has a way to boost its stats
|rule|Freeze Clause Mod: Limit one foe frozen
|
|t:|1729444899
|start
|switch|p1a: Zapdos|Zapdos|100/100
|switch|p2a: Breloom|Breloom, F|100/100
|turn|1
|
|t:|1729444914
|move|p1a: Zapdos|Thunder Wave|p2a: Breloom
|-status|p2a: Breloom|par
|move|p2a: Breloom|Hidden Power|p1a: Zapdos
|-supereffective|p1a: Zapdos
|-damage|p1a: Zapdos|56/100
|
|-heal|p1a: Zapdos|62/100|[from] item: Leftovers
|upkeep
|turn|2
|
|t:|1729444934
|move|p1a: Zapdos|Thunderbolt|p2a: Breloom
|-resisted|p2a: Breloom
|-damage|p2a: Breloom|67/100 par
|move|p2a: Breloom|Spore|p1a: Zapdos
|-status|p1a: Zapdos|slp|[from] move: Spore
|
|-heal|p1a: Zapdos|68/100 slp|[from] item: Leftovers
|-heal|p2a: Breloom|73/100 par|[from] item: Leftovers
|upkeep
|turn|3
|
|t:|1729444951
|-singleturn|p2a: Breloom|move: Focus Punch
|switch|p1a: Metagross|Metagross|100/100
|move|p2a: Breloom|Focus Punch|p1a: Metagross
|-damage|p1a: Metagross|36/100
|
|-heal|p2a: Breloom|80/100 par|[from] item: Leftovers
|upkeep
|turn|4
|inactive|Sepulo has 270 seconds left.
|
|t:|1729444994
|move|p1a: Metagross|Meteor Mash|p2a: Breloom
|-damage|p2a: Breloom|0 fnt
|faint|p2a: Breloom
|
|t:|1729444997
|switch|p2a: Dugtrio|Dugtrio, F|100/100
|
|upkeep
|turn|5
|
|t:|1729445004
|move|p2a: Dugtrio|Earthquake|p1a: Metagross
|-supereffective|p1a: Metagross
|-damage|p1a: Metagross|0 fnt
|faint|p1a: Metagross
|
|t:|1729445005
|switch|p1a: Zapdos|Zapdos|68/100 slp
|
|-heal|p1a: Zapdos|74/100 slp|[from] item: Leftovers
|upkeep
|turn|6
|
|t:|1729445015
|switch|p2a: Zapdos|Zapdos|100/100
|cant|p1a: Zapdos|slp
|
|-heal|p1a: Zapdos|80/100 slp|[from] item: Leftovers
|upkeep
|turn|7
|
|t:|1729445026
|switch|p1a: Swampert|Swampert, F|100/100
|move|p2a: Zapdos|Substitute|p2a: Zapdos
|-start|p2a: Zapdos|Substitute
|-damage|p2a: Zapdos|76/100
|
|-heal|p2a: Zapdos|82/100|[from] item: Leftovers
|upkeep
|turn|8
|
|t:|1729445032
|switch|p1a: Zapdos|Zapdos|80/100 slp
|move|p2a: Zapdos|Hidden Power|p1a: Zapdos
|-resisted|p1a: Zapdos
|-damage|p1a: Zapdos|70/100 slp
|
|-heal|p2a: Zapdos|88/100|[from] item: Leftovers
|-heal|p1a: Zapdos|76/100 slp|[from] item: Leftovers
|upkeep
|turn|9
|
|t:|1729445037
|move|p2a: Zapdos|Thunderbolt|p1a: Zapdos
|-damage|p1a: Zapdos|41/100 slp
|cant|p1a: Zapdos|slp
|
|-heal|p2a: Zapdos|94/100|[from] item: Leftovers
|-heal|p1a: Zapdos|47/100 slp|[from] item: Leftovers
|upkeep
|turn|10
|
|t:|1729445044
|move|p2a: Zapdos|Thunderbolt|p1a: Zapdos
|-damage|p1a: Zapdos|12/100 slp
|-curestatus|p1a: Zapdos|slp|[msg]
|move|p1a: Zapdos|Thunderbolt|p2a: Zapdos
|-end|p2a: Zapdos|Substitute
|
|-heal|p2a: Zapdos|99/100|[from] item: Leftovers
|-heal|p1a: Zapdos|18/100|[from] item: Leftovers
|upkeep
|turn|11
|
|t:|1729445062
|move|p2a: Zapdos|Thunderbolt|p1a: Zapdos
|-damage|p1a: Zapdos|0 fnt
|faint|p1a: Zapdos
|
|t:|1729445064
|switch|p1a: Jirachi|Jirachi|100/100
|
|-heal|p2a: Zapdos|100/100|[from] item: Leftovers
|upkeep
|turn|12
|
|t:|1729445077
|move|p1a: Jirachi|Calm Mind|p1a: Jirachi
|-boost|p1a: Jirachi|spa|1
|-boost|p1a: Jirachi|spd|1
|move|p2a: Zapdos|Substitute|p2a: Zapdos
|-start|p2a: Zapdos|Substitute
|-damage|p2a: Zapdos|76/100
|
|-heal|p2a: Zapdos|82/100|[from] item: Leftovers
|upkeep
|turn|13
|
|t:|1729445083
|move|p1a: Jirachi|Psychic|p2a: Zapdos
|-end|p2a: Zapdos|Substitute
|move|p2a: Zapdos|Baton Pass|p2a: Zapdos
|
|t:|1729445087
|switch|p2a: Houndoom|Houndoom, M|100/100|[from] Baton Pass
|
|upkeep
|turn|14
|
|t:|1729445096
|-activate|p1a: Jirachi|move: Pursuit
|move|p2a: Houndoom|Pursuit|p1a: Jirachi|[from]Pursuit
|-damage|p1a: Jirachi|71/100
|switch|p1a: Tyranitar|Tyranitar, M|100/100
|-weather|Sandstorm|[from] ability: Sand Stream|[of] p1a: Tyranitar
|
|-weather|Sandstorm|[upkeep]
|-damage|p2a: Houndoom|94/100|[from] Sandstorm
|-heal|p2a: Houndoom|100/100|[from] item: Leftovers
|upkeep
|turn|15
|
|t:|1729445124
|switch|p2a: Swampert|Swampert, F|100/100
|move|p1a: Tyranitar|Dragon Dance|p1a: Tyranitar
|-boost|p1a: Tyranitar|atk|1
|-boost|p1a: Tyranitar|spe|1
|
|-weather|Sandstorm|[upkeep]
|upkeep
|turn|16
|
|t:|1729445152
|move|p1a: Tyranitar|Earthquake|p2a: Swampert
|-damage|p2a: Swampert|56/100
|move|p2a: Swampert|Earthquake|p1a: Tyranitar
|-supereffective|p1a: Tyranitar
|-damage|p1a: Tyranitar|44/100
|
|-weather|Sandstorm|[upkeep]
|-heal|p2a: Swampert|62/100|[from] item: Leftovers
|upkeep
|turn|17
|
|t:|1729445158
|move|p1a: Tyranitar|Double-Edge|p2a: Swampert
|-damage|p2a: Swampert|9/100
|-damage|p1a: Tyranitar|27/100|[from] Recoil|[of] p2a: Swampert
|move|p2a: Swampert|Earthquake|p1a: Tyranitar
|-supereffective|p1a: Tyranitar
|-damage|p1a: Tyranitar|0 fnt
|faint|p1a: Tyranitar
|inactive|cyberas has 270 seconds left.
|
|t:|1729445178
|switch|p1a: Swampert|Swampert, F|100/100
|
|-weather|Sandstorm|[upkeep]
|-heal|p2a: Swampert|15/100|[from] item: Leftovers
|upkeep
|turn|18
|
|t:|1729445184
|move|p1a: Swampert|Earthquake|p2a: Swampert
|-crit|p2a: Swampert
|-damage|p2a: Swampert|0 fnt
|faint|p2a: Swampert
|
|t:|1729445191
|switch|p2a: Zapdos|Zapdos|82/100
|
|-weather|Sandstorm|[upkeep]
|-damage|p2a: Zapdos|76/100|[from] Sandstorm
|-heal|p2a: Zapdos|82/100|[from] item: Leftovers
|upkeep
|turn|19
|
|t:|1729445197
|move|p2a: Zapdos|Hidden Power|p1a: Swampert
|-supereffective|p1a: Swampert
|-damage|p1a: Swampert|24/100
|move|p1a: Swampert|Ice Beam|p2a: Zapdos
|-supereffective|p2a: Zapdos
|-damage|p2a: Zapdos|25/100
|
|-weather|Sandstorm|[upkeep]
|-damage|p2a: Zapdos|18/100|[from] Sandstorm
|-heal|p2a: Zapdos|25/100|[from] item: Leftovers
|-heal|p1a: Swampert|30/100|[from] item: Leftovers
|upkeep
|turn|20
|
|t:|1729445214
|switch|p2a: Snorlax|Snorlax, F|100/100
|switch|p1a: Jirachi|Jirachi|71/100
|
|-weather|Sandstorm|[upkeep]
|-damage|p2a: Snorlax|94/100|[from] Sandstorm
|-heal|p1a: Jirachi|77/100|[from] item: Leftovers
|-heal|p2a: Snorlax|100/100|[from] item: Leftovers
|upkeep
|turn|21
|
|t:|1729445223
|move|p1a: Jirachi|Calm Mind|p1a: Jirachi
|-boost|p1a: Jirachi|spa|1
|-boost|p1a: Jirachi|spd|1
|move|p2a: Snorlax|Body Slam|p1a: Jirachi
|-resisted|p1a: Jirachi
|-damage|p1a: Jirachi|57/100
|
|-weather|Sandstorm|[upkeep]
|-damage|p2a: Snorlax|94/100|[from] Sandstorm
|-heal|p1a: Jirachi|63/100|[from] item: Leftovers
|-heal|p2a: Snorlax|100/100|[from] item: Leftovers
|upkeep
|turn|22
|
|t:|1729445228
|switch|p2a: Houndoom|Houndoom, M|100/100
|move|p1a: Jirachi|Hidden Power|p2a: Houndoom
|-resisted|p2a: Houndoom
|-damage|p2a: Houndoom|81/100
|
|-weather|Sandstorm|[upkeep]
|-damage|p2a: Houndoom|74/100|[from] Sandstorm
|-heal|p1a: Jirachi|69/100|[from] item: Leftovers
|-heal|p2a: Houndoom|81/100|[from] item: Leftovers
|upkeep
|turn|23
|
|t:|1729445237
|move|p1a: Jirachi|Hidden Power|p2a: Houndoom
|-resisted|p2a: Houndoom
|-damage|p2a: Houndoom|59/100
|move|p2a: Houndoom|Crunch|p1a: Jirachi
|-damage|p1a: Jirachi|42/100
|
|-weather|Sandstorm|[upkeep]
|-damage|p2a: Houndoom|53/100|[from] Sandstorm
|-heal|p1a: Jirachi|49/100|[from] item: Leftovers
|-heal|p2a: Houndoom|59/100|[from] item: Leftovers
|upkeep
|turn|24
|inactive|cyberas has 270 seconds left.
|inactive|cyberas has 240 seconds left.
|
|t:|1729445302
|move|p1a: Jirachi|Hidden Power|p2a: Houndoom
|-resisted|p2a: Houndoom
|-damage|p2a: Houndoom|39/100
|move|p2a: Houndoom|Fire Blast|p1a: Jirachi|[miss]
|-miss|p2a: Houndoom|p1a: Jirachi
|
|-weather|Sandstorm|[upkeep]
|-damage|p2a: Houndoom|33/100|[from] Sandstorm
|-heal|p1a: Jirachi|55/100|[from] item: Leftovers
|-heal|p2a: Houndoom|39/100|[from] item: Leftovers
|upkeep
|turn|25
|
|t:|1729445307
|move|p1a: Jirachi|Hidden Power|p2a: Houndoom
|-resisted|p2a: Houndoom
|-damage|p2a: Houndoom|18/100
|move|p2a: Houndoom|Fire Blast|p1a: Jirachi
|-supereffective|p1a: Jirachi
|-damage|p1a: Jirachi|0 fnt
|faint|p1a: Jirachi
|
|t:|1729445317
|switch|p1a: Salamence|Salamence, F|100/100
|-ability|p1a: Salamence|Intimidate|boost
|-unboost|p2a: Houndoom|atk|1
|
|-weather|Sandstorm|[upkeep]
|-damage|p2a: Houndoom|12/100|[from] Sandstorm
|-damage|p1a: Salamence|95/100|[from] Sandstorm
|-heal|p2a: Houndoom|18/100|[from] item: Leftovers
|-heal|p1a: Salamence|100/100|[from] item: Leftovers
|upkeep
|turn|26
|
|t:|1729445324
|move|p2a: Houndoom|Crunch|p1a: Salamence
|-damage|p1a: Salamence|65/100
|move|p1a: Salamence|Dragon Dance|p1a: Salamence
|-boost|p1a: Salamence|atk|1
|-boost|p1a: Salamence|spe|1
|
|-weather|Sandstorm|[upkeep]
|-damage|p1a: Salamence|59/100|[from] Sandstorm
|-damage|p2a: Houndoom|12/100|[from] Sandstorm
|-heal|p1a: Salamence|65/100|[from] item: Leftovers
|-heal|p2a: Houndoom|18/100|[from] item: Leftovers
|upkeep
|turn|27
|
|t:|1729445334
|move|p1a: Salamence|Earthquake|p2a: Houndoom
|-supereffective|p2a: Houndoom
|-damage|p2a: Houndoom|0 fnt
|faint|p2a: Houndoom
|
|t:|1729445342
|switch|p2a: Snorlax|Snorlax, F|100/100
|
|-weather|Sandstorm|[upkeep]
|-damage|p1a: Salamence|59/100|[from] Sandstorm
|-damage|p2a: Snorlax|94/100|[from] Sandstorm
|-heal|p1a: Salamence|65/100|[from] item: Leftovers
|-heal|p2a: Snorlax|100/100|[from] item: Leftovers
|upkeep
|turn|28
|
|t:|1729445345
|switch|p1a: Swampert|Swampert, F|30/100
|move|p2a: Snorlax|Body Slam|p1a: Swampert
|-damage|p1a: Swampert|0 fnt
|faint|p1a: Swampert
|
|t:|1729445350
|switch|p1a: Salamence|Salamence, F|65/100
|-ability|p1a: Salamence|Intimidate|boost
|-unboost|p2a: Snorlax|atk|1
|
|-weather|Sandstorm|[upkeep]
|-damage|p1a: Salamence|59/100|[from] Sandstorm
|-damage|p2a: Snorlax|94/100|[from] Sandstorm
|-heal|p1a: Salamence|65/100|[from] item: Leftovers
|-heal|p2a: Snorlax|100/100|[from] item: Leftovers
|upkeep
|turn|29
|
|t:|1729445353
|move|p1a: Salamence|Dragon Dance|p1a: Salamence
|-boost|p1a: Salamence|atk|1
|-boost|p1a: Salamence|spe|1
|move|p2a: Snorlax|Self-Destruct|p1a: Salamence
|-damage|p1a: Salamence|0 fnt
|faint|p2a: Snorlax
|faint|p1a: Salamence
|
|win|Sepulo
|c|☆cyberas|gg
|c|☆Sepulo|gg
|player|p1|

</script>
<script type="application/json" class="data" id="replaydata-smogtours-gen3ou-800590">
{"id":"smogtours-gen3ou-800590","format":"[Gen 3] OU","players":["cyberas","Sepulo"],"uploadtime":1729445353,"views":90,"formatid":"gen3ou","rating":null,"private":0,"password":null}
</script>

<script defer src="js/replays.js?9d40a366"></script>
