<!DOCTYPE html>
<meta charset="utf-8" />
<meta name="viewport" content="width=device-width" />

<title>[Gen 3] OU: MadelinMorningStar vs. 4lowrey - Replays - Pok&eacute;mon Showdown!</title>

<meta name="description" content="Watch a replay of a Pok&eacute;mon battle between MadelinMorningStar and 4lowrey! Format: [Gen 3] OU; Date: Oct 20, 2024" />
<!--

Hey, you! Looking in the source for the replay log?

You can find them in JSON format, just add `.json` at the end of a replay URL.

https://replay.pokemonshowdown.com/gen7randomdoublesbattle-865046831.json

Or, if you only need the log itself, add `.log` instead:

https://replay.pokemonshowdown.com/gen7randomdoublesbattle-865046831.log

-->

<link rel="stylesheet" href="//pokemonshowdown.com/style/global.css?0.023195364461161105" />
<link rel="stylesheet" href="//play.pokemonshowdown.com/style/font-awesome.css?0.13261647063804238" />
<link rel="stylesheet" href="//play.pokemonshowdown.com/style/battle.css?0.8753245789963631" />
<link rel="stylesheet" href="//play.pokemonshowdown.com/style/utilichart.css?0.8627959624976733" />

<!-- Global site tag (gtag.js) - Google Analytics -->
<script async src="https://www.googletagmanager.com/gtag/js?id=UA-26211653-1"></script>
<script>
  window.dataLayer = window.dataLayer || [];
  function gtag(){dataLayer.push(arguments);}
  gtag('js', new Date());

  gtag('config', 'UA-26211653-1');
</script>
<!-- End Google Analytics -->
<!-- Venatus Ad Manager - Install in <HEAD> of page -->
	<script src="https://hb.vntsm.com/v3/live/ad-manager.min.js" type="text/javascript" data-site-id="642aba63ec9a7b11c3c9c1be" data-mode="scan" async></script>
<!-- / Venatus Ad Manager -->

<style>
	@media (max-width:820px) {
		.battle {
			margin: 0 auto;
		}
		.battle-log {
			margin: 7px auto 0;
			max-width: 640px;
			height: 300px;
			position: static;
		}
	}
	.optgroup {
		display: inline-block;
		line-height: 22px;
		font-size: 10pt;
	}
	.optgroup .button {
		height: 25px;
		padding-top: 0;
		padding-bottom: 0;
	}
	.optgroup button.button {
		padding-left: 12px;
		padding-right: 12px;
	}
	.linklist {
		list-style: none;
		margin: 0.5em 0;
		padding: 0;
	}
	.linklist li {
		padding: 2px 0;
	}
	.sidebar {
		float: left;
		width: 320px;
	}
	.bar-wrapper {
		max-width: 1100px;
		margin: 0 auto;
	}
	.bar-wrapper.has-sidebar {
		max-width: 1430px;
	}
	.mainbar {
		margin: 0;
		padding-right: 1px;
	}
	.mainbar.has-sidebar {
		margin-left: 330px;
	}
	@media (min-width: 1511px) {
		.sidebar {
			width: 400px;
		}
		.bar-wrapper.has-sidebar {
			max-width: 1510px;
		}
		.mainbar.has-sidebar {
			margin-left: 410px;
		}
	}
	.section.first-section {
		margin-top: 9px;
	}
	.blocklink small {
		white-space: normal;
	}
	.button {
		vertical-align: middle;
	}
	.replay-controls {
		padding-top: 10px;
	}
	.replay-controls h1 {
		font-size: 16pt;
		font-weight: normal;
		color: #CCC;
	}
	.pagelink {
		text-align: center;
	}
	.pagelink a {
		width: 150px;
	}
	.textbox, .button {
		font-size: 11pt;
		vertical-align: middle;
	}
	@media (max-width: 450px) {
		.button {
			font-size: 9pt;
		}
	}
</style>

<div>

	<header>
		<div class="nav-wrapper"><ul class="nav">
			<li><a class="button nav-first" href="//pokemonshowdown.com/"><img src="//pokemonshowdown.com/images/pokemonshowdownbeta.png" srcset="//pokemonshowdown.com/images/pokemonshowdownbeta.png 1x, //pokemonshowdown.com/images/pokemonshowdownbeta@2x.png 2x" alt="Pok&eacute;mon Showdown" width="146" height="44" /> Home</a></li>
			<li><a class="button" href="//pokemonshowdown.com/dex/">Pok&eacute;dex</a></li>
			<li><a class="button cur" href="/">Replays</a></li>
			<li><a class="button" href="//pokemonshowdown.com/ladder/">Ladder</a></li>
			<li><a class="button nav-last" href="//pokemonshowdown.com/forums/">Forum</a></li>
			<li><a class="button greenbutton nav-first nav-last" href="//play.pokemonshowdown.com/">Play</a></li>
		</ul></div>
	</header>

	<div class="main" id="main">

		<noscript><section class="section">You need to enable JavaScript to use this page; sorry!</section></noscript>

	</div>

</div>

<script defer nomodule src="//play.pokemonshowdown.com/js/lib/ps-polyfill.js"></script>
<script defer src="//play.pokemonshowdown.com/js/lib/preact.min.js"></script>

<script defer src="//play.pokemonshowdown.com/config/config.js?2bddbc15"></script>
<script defer src="//play.pokemonshowdown.com/js/lib/jquery-1.11.0.min.js"></script>
<script defer src="//play.pokemonshowdown.com/js/lib/html-sanitizer-minified.js"></script>
<script defer src="//play.pokemonshowdown.com/js/battle-sound.js"></script>
<script defer src="//play.pokemonshowdown.com/js/battledata.js?0.7209276989879541"></script>
<script defer src="//play.pokemonshowdown.com/data/pokedex-mini.js?0.6111056340867951"></script>
<script defer src="//play.pokemonshowdown.com/data/pokedex-mini-bw.js?0.3532142036491459"></script>
<script defer src="//play.pokemonshowdown.com/data/graphics.js?0.24223875632456182"></script>
<script defer src="//play.pokemonshowdown.com/data/pokedex.js?0.38839984266356864"></script>
<script defer src="//play.pokemonshowdown.com/data/moves.js?0.21866028504024015"></script>
<script defer src="//play.pokemonshowdown.com/data/abilities.js?0.2005157953846628"></script>
<script defer src="//play.pokemonshowdown.com/data/items.js?0.9894211263848525"></script>
<script defer src="//play.pokemonshowdown.com/data/teambuilder-tables.js?0.6008791140282215"></script>
<script defer src="//play.pokemonshowdown.com/js/battle-tooltips.js?0.7580118955022959"></script>
<script defer src="//play.pokemonshowdown.com/js/battle.js?0.6057722274234274"></script>

<script defer src="js/utils.js?e31f9a17"></script>
<script defer src="js/replays-battle.js?7008c182"></script>

<!-- don't scrape this data! just add .json or .log after the URL!
Full API docs: https://github.com/smogon/pokemon-showdown-client/blob/master/WEB-API.md -->
<script type="text/plain" class="log" id="replaylog-smogtours-gen3ou-800484">
|inactive|Battle timer is ON: inactive players will automatically lose when time's up.
|t:|1729440016
|gametype|singles
|player|p1|MadelinMorningStar|jasmine|
|player|p2|4lowrey|veteranf|
|teamsize|p1|6
|teamsize|p2|6
|gen|3
|tier|[Gen 3] OU
|rule|Sleep Clause Mod: Limit one foe put to sleep
|rule|Switch Priority Clause Mod: Faster Pokémon switch first
|rule|Species Clause: Limit one of each Pokémon
|rule|OHKO Clause: OHKO moves are banned
|rule|Evasion Items Clause: Evasion items are banned
|rule|Evasion Moves Clause: Evasion moves are banned
|rule|Endless Battle Clause: Forcing endless battles is banned
|rule|HP Percentage Mod: HP is shown in percentages
|rule|One Boost Passer Clause: Limit one Baton Passer that has a way to boost its stats
|rule|Freeze Clause Mod: Limit one foe frozen
|
|t:|1729440016
|start
|switch|p1a: Tyranocif|Tyranitar, M|100/100
|switch|p2a: Zapdos|Zapdos|100/100
|-weather|Sandstorm|[from] ability: Sand Stream|[of] p1a: Tyranocif
|turn|1
|c|☆MadelinMorningStar|glhf
|c|☆4lowrey|u 2
|
|t:|1729440043
|move|p2a: Zapdos|Baton Pass|p2a: Zapdos
|
|t:|1729440055
|switch|p2a: Metagross|Metagross|100/100|[from] Baton Pass
|move|p1a: Tyranocif|Rock Slide|p2a: Metagross
|-resisted|p2a: Metagross
|-damage|p2a: Metagross|86/100
|
|-weather|Sandstorm|[upkeep]
|-heal|p2a: Metagross|92/100|[from] item: Leftovers
|upkeep
|turn|2
|
|t:|1729440070
|switch|p1a: Enterprise|Skarmory, M|100/100
|move|p2a: Metagross|Meteor Mash|p1a: Enterprise
|-resisted|p1a: Enterprise
|-damage|p1a: Enterprise|78/100
|-boost|p2a: Metagross|atk|1
|
|-weather|Sandstorm|[upkeep]
|-heal|p2a: Metagross|98/100|[from] item: Leftovers
|-heal|p1a: Enterprise|84/100|[from] item: Leftovers
|upkeep
|turn|3
|
|t:|1729440078
|switch|p2a: Zapdos|Zapdos|100/100
|move|p1a: Enterprise|Roar|p2a: Zapdos
|drag|p2a: Dugtrio|Dugtrio, F|100/100
|
|-weather|Sandstorm|[upkeep]
|-heal|p1a: Enterprise|90/100|[from] item: Leftovers
|upkeep
|turn|4
|
|t:|1729440084
|switch|p2a: Zapdos|Zapdos|100/100
|move|p1a: Enterprise|Spikes|p2a: Zapdos
|-sidestart|p2: 4lowrey|Spikes
|
|-weather|Sandstorm|[upkeep]
|-damage|p2a: Zapdos|94/100|[from] Sandstorm
|-heal|p2a: Zapdos|100/100|[from] item: Leftovers
|-heal|p1a: Enterprise|96/100|[from] item: Leftovers
|upkeep
|turn|5
|
|t:|1729440088
|move|p1a: Enterprise|Protect|p1a: Enterprise
|-singleturn|p1a: Enterprise|Protect
|move|p2a: Zapdos|Thunderbolt|p1a: Enterprise
|-activate|p1a: Enterprise|Protect
|
|-weather|Sandstorm|[upkeep]
|-damage|p2a: Zapdos|94/100|[from] Sandstorm
|-heal|p2a: Zapdos|100/100|[from] item: Leftovers
|-heal|p1a: Enterprise|100/100|[from] item: Leftovers
|upkeep
|turn|6
|
|t:|1729440093
|switch|p1a: Titanic|Lanturn, F|100/100
|move|p2a: Zapdos|Thunderbolt|p1a: Titanic
|-immune|p1a: Titanic|[from] ability: Volt Absorb
|
|-weather|Sandstorm|[upkeep]
|-damage|p2a: Zapdos|94/100|[from] Sandstorm
|-damage|p1a: Titanic|94/100|[from] Sandstorm
|-heal|p2a: Zapdos|100/100|[from] item: Leftovers
|-heal|p1a: Titanic|100/100|[from] item: Leftovers
|upkeep
|turn|7
|
|t:|1729440115
|move|p2a: Zapdos|Baton Pass|p2a: Zapdos
|
|t:|1729440128
|switch|p2a: Metagross|Metagross|98/100|[from] Baton Pass
|-damage|p2a: Metagross|86/100|[from] Spikes
|move|p1a: Titanic|Ice Beam|p2a: Metagross
|-resisted|p2a: Metagross
|-damage|p2a: Metagross|73/100
|
|-weather|Sandstorm|[upkeep]
|-damage|p1a: Titanic|94/100|[from] Sandstorm
|-heal|p2a: Metagross|79/100|[from] item: Leftovers
|-heal|p1a: Titanic|100/100|[from] item: Leftovers
|upkeep
|turn|8
|inactive|4lowrey has 270 seconds left.
|
|t:|1729440146
|switch|p1a: Enterprise|Skarmory, M|100/100
|move|p2a: Metagross|Earthquake|p1a: Enterprise
|-immune|p1a: Enterprise
|
|-weather|Sandstorm|[upkeep]
|-heal|p2a: Metagross|85/100|[from] item: Leftovers
|upkeep
|turn|9
|
|t:|1729440161
|switch|p2a: Zapdos|Zapdos|100/100
|move|p1a: Enterprise|Toxic|p2a: Zapdos
|-status|p2a: Zapdos|tox
|
|-weather|Sandstorm|[upkeep]
|-damage|p2a: Zapdos|94/100 tox|[from] Sandstorm
|-heal|p2a: Zapdos|100/100 tox|[from] item: Leftovers
|-damage|p2a: Zapdos|94/100 tox|[from] psn
|upkeep
|turn|10
|
|t:|1729440172
|move|p1a: Enterprise|Protect|p1a: Enterprise
|-singleturn|p1a: Enterprise|Protect
|move|p2a: Zapdos|Thunderbolt|p1a: Enterprise
|-activate|p1a: Enterprise|Protect
|
|-weather|Sandstorm|[upkeep]
|-damage|p2a: Zapdos|88/100 tox|[from] Sandstorm
|-heal|p2a: Zapdos|94/100 tox|[from] item: Leftovers
|-damage|p2a: Zapdos|82/100 tox|[from] psn
|upkeep
|turn|11
|
|t:|1729440192
|switch|p1a: Claudia|Gengar, M|100/100
|move|p2a: Zapdos|Baton Pass|p2a: Zapdos
|inactive|4lowrey has 270 seconds left.
|
|t:|1729440226
|switch|p2a: Metagross|Metagross|85/100|[from] Baton Pass
|-damage|p2a: Metagross|73/100|[from] Spikes
|
|-weather|Sandstorm|[upkeep]
|-damage|p1a: Claudia|94/100|[from] Sandstorm
|-heal|p1a: Claudia|100/100|[from] item: Leftovers
|-heal|p2a: Metagross|79/100|[from] item: Leftovers
|upkeep
|turn|12
|
|t:|1729440232
|switch|p1a: Enterprise|Skarmory, M|100/100
|move|p2a: Metagross|Meteor Mash|p1a: Enterprise|[miss]
|-miss|p2a: Metagross|p1a: Enterprise
|
|-weather|Sandstorm|[upkeep]
|-heal|p2a: Metagross|85/100|[from] item: Leftovers
|upkeep
|turn|13
|
|t:|1729440251
|switch|p2a: Zapdos|Zapdos|82/100 tox
|move|p1a: Enterprise|Spikes|p2a: Zapdos
|-sidestart|p2: 4lowrey|Spikes
|
|-weather|Sandstorm|[upkeep]
|-damage|p2a: Zapdos|76/100 tox|[from] Sandstorm
|-heal|p2a: Zapdos|82/100 tox|[from] item: Leftovers
|-damage|p2a: Zapdos|76/100 tox|[from] psn
|upkeep
|turn|14
|
|t:|1729440267
|switch|p1a: Titanic|Lanturn, F|100/100
|move|p2a: Zapdos|Rain Dance|p2a: Zapdos
|-weather|RainDance
|
|-weather|RainDance|[upkeep]
|-heal|p2a: Zapdos|82/100 tox|[from] item: Leftovers
|-damage|p2a: Zapdos|69/100 tox|[from] psn
|upkeep
|turn|15
|
|t:|1729440279
|move|p2a: Zapdos|Baton Pass|p2a: Zapdos
|inactive|4lowrey has 240 seconds left.
|
|t:|1729440310
|switch|p2a: Metagross|Metagross|85/100|[from] Baton Pass
|-damage|p2a: Metagross|69/100|[from] Spikes
|move|p1a: Titanic|Ice Beam|p2a: Metagross
|-resisted|p2a: Metagross
|-damage|p2a: Metagross|56/100
|
|-weather|RainDance|[upkeep]
|-heal|p2a: Metagross|62/100|[from] item: Leftovers
|upkeep
|turn|16
|
|t:|1729440318
|switch|p1a: Enterprise|Skarmory, M|100/100
|move|p2a: Metagross|Explosion|p1a: Enterprise
|-resisted|p1a: Enterprise
|-damage|p1a: Enterprise|32/100
|faint|p2a: Metagross
|inactive|4lowrey has 210 seconds left.
|inactive|4lowrey has 180 seconds left.
|
|t:|1729440378
|switch|p2a: Suicune|Suicune|100/100
|-damage|p2a: Suicune|84/100|[from] Spikes
|
|-weather|RainDance|[upkeep]
|-heal|p2a: Suicune|90/100|[from] item: Leftovers
|-heal|p1a: Enterprise|38/100|[from] item: Leftovers
|upkeep
|turn|17
|
|t:|1729440388
|switch|p1a: Titanic|Lanturn, F|100/100
|move|p2a: Suicune|Hydro Pump|p1a: Titanic
|-resisted|p1a: Titanic
|-damage|p1a: Titanic|62/100
|
|-weather|RainDance|[upkeep]
|-heal|p2a: Suicune|96/100|[from] item: Leftovers
|-heal|p1a: Titanic|68/100|[from] item: Leftovers
|upkeep
|turn|18
|
|t:|1729440400
|move|p2a: Suicune|Hidden Power|p1a: Titanic
|-supereffective|p1a: Titanic
|-damage|p1a: Titanic|26/100
|move|p1a: Titanic|Ice Beam|p2a: Suicune
|-resisted|p2a: Suicune
|-damage|p2a: Suicune|86/100
|
|-weather|none
|-heal|p2a: Suicune|92/100|[from] item: Leftovers
|-heal|p1a: Titanic|32/100|[from] item: Leftovers
|upkeep
|turn|19
|
|t:|1729440423
|move|p1a: Titanic|Protect|p1a: Titanic
|-singleturn|p1a: Titanic|Protect
|move|p2a: Suicune|Hidden Power|p1a: Titanic
|-activate|p1a: Titanic|Protect
|
|-heal|p2a: Suicune|99/100|[from] item: Leftovers
|-heal|p1a: Titanic|38/100|[from] item: Leftovers
|upkeep
|turn|20
|
|t:|1729440436
|switch|p1a: Tyranocif|Tyranitar, M|100/100
|-weather|Sandstorm|[from] ability: Sand Stream|[of] p1a: Tyranocif
|move|p2a: Suicune|Calm Mind|p2a: Suicune
|-boost|p2a: Suicune|spa|1
|-boost|p2a: Suicune|spd|1
|
|-weather|Sandstorm|[upkeep]
|-damage|p2a: Suicune|92/100|[from] Sandstorm
|-heal|p2a: Suicune|99/100|[from] item: Leftovers
|upkeep
|turn|21
|
|t:|1729440439
|move|p2a: Suicune|Hydro Pump|p1a: Tyranocif
|-supereffective|p1a: Tyranocif
|-damage|p1a: Tyranocif|0 fnt
|faint|p1a: Tyranocif
|
|t:|1729440445
|switch|p1a: Android|Metagross|100/100
|
|-weather|Sandstorm|[upkeep]
|-damage|p2a: Suicune|92/100|[from] Sandstorm
|-heal|p2a: Suicune|99/100|[from] item: Leftovers
|upkeep
|turn|22
|inactive|4lowrey has 210 seconds left.
|
|t:|1729440485
|switch|p2a: Zapdos|Zapdos|69/100 tox
|move|p1a: Android|Explosion|p2a: Zapdos
|-damage|p2a: Zapdos|0 fnt
|faint|p1a: Android
|faint|p2a: Zapdos
|inactive|4lowrey has 180 seconds left.
|
|t:|1729440503
|switch|p2a: Kingdra|Kingdra, M, shiny|100/100
|switch|p1a: Claudia|Gengar, M|100/100
|-damage|p2a: Kingdra|84/100|[from] Spikes
|
|-weather|Sandstorm|[upkeep]
|-damage|p1a: Claudia|94/100|[from] Sandstorm
|-damage|p2a: Kingdra|78/100|[from] Sandstorm
|-heal|p1a: Claudia|100/100|[from] item: Leftovers
|upkeep
|turn|23
|
|t:|1729440511
|move|p1a: Claudia|Explosion|p2a: Kingdra
|-damage|p2a: Kingdra|0 fnt
|faint|p1a: Claudia
|faint|p2a: Kingdra
|
|t:|1729440531
|switch|p1a: Enterprise|Skarmory, M|38/100
|switch|p2a: Dugtrio|Dugtrio, F|100/100
|-damage|p2a: Dugtrio|84/100|[from] Spikes
|
|-weather|Sandstorm|[upkeep]
|-heal|p1a: Enterprise|44/100|[from] item: Leftovers
|upkeep
|turn|24
|
|t:|1729440542
|switch|p2a: Heracross|Heracross, M, shiny|100/100
|-damage|p2a: Heracross|84/100|[from] Spikes
|move|p1a: Enterprise|Protect||[still]
|-fail|p1a: Enterprise
|
|-weather|Sandstorm|[upkeep]
|-damage|p2a: Heracross|78/100|[from] Sandstorm
|-heal|p1a: Enterprise|50/100|[from] item: Leftovers
|upkeep
|turn|25
|
|t:|1729440554
|move|p2a: Heracross|Swords Dance|p2a: Heracross
|-boost|p2a: Heracross|atk|2
|move|p1a: Enterprise|Toxic|p2a: Heracross|[miss]
|-miss|p1a: Enterprise|p2a: Heracross
|
|-weather|Sandstorm|[upkeep]
|-damage|p2a: Heracross|72/100|[from] Sandstorm
|-heal|p1a: Enterprise|56/100|[from] item: Leftovers
|upkeep
|turn|26
|
|t:|1729440559
|move|p1a: Enterprise|Protect|p1a: Enterprise
|-singleturn|p1a: Enterprise|Protect
|move|p2a: Heracross|Megahorn|p1a: Enterprise
|-activate|p1a: Enterprise|Protect
|
|-weather|Sandstorm|[upkeep]
|-damage|p2a: Heracross|66/100|[from] Sandstorm
|-heal|p1a: Enterprise|62/100|[from] item: Leftovers
|upkeep
|turn|27
|
|t:|1729440562
|move|p2a: Heracross|Megahorn|p1a: Enterprise
|-resisted|p1a: Enterprise
|-damage|p1a: Enterprise|36/100
|move|p1a: Enterprise|Roar|p2a: Heracross
|drag|p2a: Suicune|Suicune|99/100
|-damage|p2a: Suicune|82/100|[from] Spikes
|
|-weather|Sandstorm|[upkeep]
|-damage|p2a: Suicune|76/100|[from] Sandstorm
|-heal|p2a: Suicune|82/100|[from] item: Leftovers
|-heal|p1a: Enterprise|42/100|[from] item: Leftovers
|upkeep
|turn|28
|inactive|4lowrey has 210 seconds left.
|
|t:|1729440569
|move|p2a: Suicune|Hydro Pump|p1a: Enterprise
|-damage|p1a: Enterprise|0 fnt
|faint|p1a: Enterprise
|
|t:|1729440576
|switch|p1a: Titanic|Lanturn, F|38/100
|
|-weather|Sandstorm|[upkeep]
|-damage|p2a: Suicune|76/100|[from] Sandstorm
|-damage|p1a: Titanic|32/100|[from] Sandstorm
|-heal|p2a: Suicune|82/100|[from] item: Leftovers
|-heal|p1a: Titanic|38/100|[from] item: Leftovers
|upkeep
|turn|29
|
|t:|1729440581
|switch|p2a: Heracross|Heracross, M, shiny|66/100
|-damage|p2a: Heracross|50/100|[from] Spikes
|move|p1a: Titanic|Thunderbolt|p2a: Heracross
|-damage|p2a: Heracross|0 fnt
|faint|p2a: Heracross
|
|t:|1729440584
|switch|p2a: Dugtrio|Dugtrio, F|84/100
|-damage|p2a: Dugtrio|67/100|[from] Spikes
|
|-weather|Sandstorm|[upkeep]
|-damage|p1a: Titanic|32/100|[from] Sandstorm
|-heal|p1a: Titanic|38/100|[from] item: Leftovers
|upkeep
|turn|30
|
|t:|1729440587
|move|p2a: Dugtrio|Earthquake|p1a: Titanic
|-supereffective|p1a: Titanic
|-damage|p1a: Titanic|0 fnt
|faint|p1a: Titanic
|
|t:|1729440589
|switch|p1a: Defiant|Aerodactyl, M|100/100
|
|-weather|Sandstorm|[upkeep]
|upkeep
|turn|31
|
|t:|1729440601
|move|p2a: Dugtrio|Earthquake|p1a: Defiant
|-immune|p1a: Defiant
|move|p1a: Defiant|Rock Slide|p2a: Dugtrio
|-resisted|p2a: Dugtrio
|-damage|p2a: Dugtrio|7/100
|
|-weather|Sandstorm|[upkeep]
|upkeep
|turn|32
|
|t:|1729440606
|move|p2a: Dugtrio|Earthquake|p1a: Defiant
|-immune|p1a: Defiant
|move|p1a: Defiant|Rock Slide|p2a: Dugtrio
|-resisted|p2a: Dugtrio
|-damage|p2a: Dugtrio|0 fnt
|faint|p2a: Dugtrio
|
|t:|1729440608
|switch|p2a: Suicune|Suicune|82/100
|-damage|p2a: Suicune|66/100|[from] Spikes
|
|-weather|Sandstorm|[upkeep]
|-damage|p2a: Suicune|60/100|[from] Sandstorm
|-heal|p2a: Suicune|66/100|[from] item: Leftovers
|upkeep
|turn|33
|inactive|4lowrey has 270 seconds left.
|
|t:|1729440618
|move|p1a: Defiant|Rock Slide|p2a: Suicune
|-damage|p2a: Suicune|19/100
|move|p2a: Suicune|Hydro Pump|p1a: Defiant
|-supereffective|p1a: Defiant
|-damage|p1a: Defiant|0 fnt
|faint|p1a: Defiant
|
|win|4lowrey
|c|☆MadelinMorningStar|gg
|player|p2|
|player|p2|4lowrey|veteranf|

</script>
<script type="application/json" class="data" id="replaydata-smogtours-gen3ou-800484">
{"id":"smogtours-gen3ou-800484","format":"[Gen 3] OU","players":["MadelinMorningStar","4lowrey"],"uploadtime":1729440618,"views":81,"formatid":"gen3ou","rating":null,"private":0,"password":null}
</script>

<script defer src="js/replays.js?9d40a366"></script>
