<!DOCTYPE html>
<meta charset="utf-8" />
<meta name="viewport" content="width=device-width" />

<title>[Gen 3] OU: DMONDThrice vs. SSBM Nicki - Replays - Pok&eacute;mon Showdown!</title>

<meta name="description" content="Watch a replay of a Pok&eacute;mon battle between DMONDThrice and SSBM Nicki! Format: [Gen 3] OU; Date: Oct 3, 2024" />
<!--

Hey, you! Looking in the source for the replay log?

You can find them in JSON format, just add `.json` at the end of a replay URL.

https://replay.pokemonshowdown.com/gen7randomdoublesbattle-865046831.json

Or, if you only need the log itself, add `.log` instead:

https://replay.pokemonshowdown.com/gen7randomdoublesbattle-865046831.log

-->

<link rel="stylesheet" href="//pokemonshowdown.com/style/global.css?0.767286132409787" />
<link rel="stylesheet" href="//play.pokemonshowdown.com/style/font-awesome.css?0.9266228007934947" />
<link rel="stylesheet" href="//play.pokemonshowdown.com/style/battle.css?0.7924700842790926" />
<link rel="stylesheet" href="//play.pokemonshowdown.com/style/utilichart.css?0.8777417872839479" />

<!-- Global site tag (gtag.js) - Google Analytics -->
<script async src="https://www.googletagmanager.com/gtag/js?id=UA-26211653-1"></script>
<script>
  window.dataLayer = window.dataLayer || [];
  function gtag(){dataLayer.push(arguments);}
  gtag('js', new Date());

  gtag('config', 'UA-26211653-1');
</script>
<!-- End Google Analytics -->
<!-- Venatus Ad Manager - Install in <HEAD> of page -->
	<script src="https://hb.vntsm.com/v3/live/ad-manager.min.js" type="text/javascript" data-site-id="642aba63ec9a7b11c3c9c1be" data-mode="scan" async></script>
<!-- / Venatus Ad Manager -->

<style>
	@media (max-width:820px) {
		.battle {
			margin: 0 auto;
		}
		.battle-log {
			margin: 7px auto 0;
			max-width: 640px;
			height: 300px;
			position: static;
		}
	}
	.optgroup {
		display: inline-block;
		line-height: 22px;
		font-size: 10pt;
	}
	.optgroup .button {
		height: 25px;
		padding-top: 0;
		padding-bottom: 0;
	}
	.optgroup button.button {
		padding-left: 12px;
		padding-right: 12px;
	}
	.linklist {
		list-style: none;
		margin: 0.5em 0;
		padding: 0;
	}
	.linklist li {
		padding: 2px 0;
	}
	.sidebar {
		float: left;
		width: 320px;
	}
	.bar-wrapper {
		max-width: 1100px;
		margin: 0 auto;
	}
	.bar-wrapper.has-sidebar {
		max-width: 1430px;
	}
	.mainbar {
		margin: 0;
		padding-right: 1px;
	}
	.mainbar.has-sidebar {
		margin-left: 330px;
	}
	@media (min-width: 1511px) {
		.sidebar {
			width: 400px;
		}
		.bar-wrapper.has-sidebar {
			max-width: 1510px;
		}
		.mainbar.has-sidebar {
			margin-left: 410px;
		}
	}
	.section.first-section {
		margin-top: 9px;
	}
	.blocklink small {
		white-space: normal;
	}
	.button {
		vertical-align: middle;
	}
	.replay-controls {
		padding-top: 10px;
	}
	.replay-controls h1 {
		font-size: 16pt;
		font-weight: normal;
		color: #CCC;
	}
	.pagelink {
		text-align: center;
	}
	.pagelink a {
		width: 150px;
	}
	.textbox, .button {
		font-size: 11pt;
		vertical-align: middle;
	}
	@media (max-width: 450px) {
		.button {
			font-size: 9pt;
		}
	}
</style>

<div>

	<header>
		<div class="nav-wrapper"><ul class="nav">
			<li><a class="button nav-first" href="//pokemonshowdown.com/"><img src="//pokemonshowdown.com/images/pokemonshowdownbeta.png" srcset="//pokemonshowdown.com/images/pokemonshowdownbeta.png 1x, //pokemonshowdown.com/images/pokemonshowdownbeta@2x.png 2x" alt="Pok&eacute;mon Showdown" width="146" height="44" /> Home</a></li>
			<li><a class="button" href="//pokemonshowdown.com/dex/">Pok&eacute;dex</a></li>
			<li><a class="button cur" href="/">Replays</a></li>
			<li><a class="button" href="//pokemonshowdown.com/ladder/">Ladder</a></li>
			<li><a class="button nav-last" href="//pokemonshowdown.com/forums/">Forum</a></li>
			<li><a class="button greenbutton nav-first nav-last" href="//play.pokemonshowdown.com/">Play</a></li>
		</ul></div>
	</header>

	<div class="main" id="main">

		<noscript><section class="section">You need to enable JavaScript to use this page; sorry!</section></noscript>

	</div>

</div>

<script defer nomodule src="//play.pokemonshowdown.com/js/lib/ps-polyfill.js"></script>
<script defer src="//play.pokemonshowdown.com/js/lib/preact.min.js"></script>

<script defer src="//play.pokemonshowdown.com/config/config.js?6dec07f6"></script>
<script defer src="//play.pokemonshowdown.com/js/lib/jquery-1.11.0.min.js"></script>
<script defer src="//play.pokemonshowdown.com/js/lib/html-sanitizer-minified.js"></script>
<script defer src="//play.pokemonshowdown.com/js/battle-sound.js"></script>
<script defer src="//play.pokemonshowdown.com/js/battledata.js?0.6315294753075389"></script>
<script defer src="//play.pokemonshowdown.com/data/pokedex-mini.js?0.7603743185311358"></script>
<script defer src="//play.pokemonshowdown.com/data/pokedex-mini-bw.js?0.030888842834281283"></script>
<script defer src="//play.pokemonshowdown.com/data/graphics.js?0.05593094747507488"></script>
<script defer src="//play.pokemonshowdown.com/data/pokedex.js?0.47064822249611904"></script>
<script defer src="//play.pokemonshowdown.com/data/moves.js?0.8583693120512459"></script>
<script defer src="//play.pokemonshowdown.com/data/abilities.js?0.16017181182386842"></script>
<script defer src="//play.pokemonshowdown.com/data/items.js?0.4163379185673943"></script>
<script defer src="//play.pokemonshowdown.com/data/teambuilder-tables.js?0.31075597372830477"></script>
<script defer src="//play.pokemonshowdown.com/js/battle-tooltips.js?0.6536193500708172"></script>
<script defer src="//play.pokemonshowdown.com/js/battle.js?0.1916591943277901"></script>

<script defer src="js/utils.js?e31f9a17"></script>
<script defer src="js/replays-battle.js?7008c182"></script>

<!-- don't scrape this data! just add .json or .log after the URL!
Full API docs: https://github.com/smogon/pokemon-showdown-client/blob/master/WEB-API.md -->
<script type="text/plain" class="log" id="replaylog-smogtours-gen3ou-794280">
|inactive|Battle timer is ON: inactive players will automatically lose when time's up.
|t:|1727978277
|gametype|singles
|player|p1|DMONDThrice|volkner|
|player|p2|SSBM Nicki|2|
|teamsize|p1|6
|teamsize|p2|6
|gen|3
|tier|[Gen 3] OU
|rule|Sleep Clause Mod: Limit one foe put to sleep
|rule|Switch Priority Clause Mod: Faster Pokémon switch first
|rule|Species Clause: Limit one of each Pokémon
|rule|OHKO Clause: OHKO moves are banned
|rule|Evasion Items Clause: Evasion items are banned
|rule|Evasion Moves Clause: Evasion moves are banned
|rule|Endless Battle Clause: Forcing endless battles is banned
|rule|HP Percentage Mod: HP is shown in percentages
|rule|One Boost Passer Clause: Limit one Baton Passer that has a way to boost its stats
|rule|Freeze Clause Mod: Limit one foe frozen
|
|t:|1727978277
|start
|switch|p1a: Zapdos|Zapdos|100/100
|switch|p2a: Aerodactyl|Aerodactyl, F|100/100
|turn|1
|inactive|DMONDThrice has 270 seconds left.
|inactive|SSBM Nicki has 270 seconds left.
|
|t:|1727978319
|switch|p1a: Suicune|Suicune|100/100
|move|p2a: Aerodactyl|Rock Slide|p1a: Suicune
|-damage|p1a: Suicune|71/100
|
|-heal|p1a: Suicune|77/100|[from] item: Leftovers
|upkeep
|turn|2
|
|t:|1727978328
|switch|p2a: Zapdos|Zapdos|100/100
|move|p1a: Suicune|Surf|p2a: Zapdos
|-damage|p2a: Zapdos|79/100
|
|-heal|p2a: Zapdos|86/100|[from] item: Leftovers
|-heal|p1a: Suicune|84/100|[from] item: Leftovers
|upkeep
|turn|3
|
|t:|1727978340
|switch|p1a: Celebi|Celebi|100/100
|move|p2a: Zapdos|Roar|p1a: Celebi
|drag|p1a: Metagross|Metagross|100/100
|
|-heal|p2a: Zapdos|92/100|[from] item: Leftovers
|upkeep
|turn|4
|
|t:|1727978362
|switch|p2a: Swampert|Swampert, M|100/100
|move|p1a: Metagross|Meteor Mash|p2a: Swampert
|-resisted|p2a: Swampert
|-damage|p2a: Swampert|84/100
|
|-heal|p2a: Swampert|90/100|[from] item: Leftovers
|upkeep
|turn|5
|inactive|SSBM Nicki has 270 seconds left.
|
|t:|1727978387
|switch|p1a: Skarmory|Skarmory, M|100/100
|move|p2a: Swampert|Toxic|p1a: Skarmory
|-immune|p1a: Skarmory
|
|-heal|p2a: Swampert|97/100|[from] item: Leftovers
|upkeep
|turn|6
|c|+Omfuga|lets go nicki!!
|
|t:|1727978395
|switch|p2a: Forretress|Forretress, F|100/100
|move|p1a: Skarmory|Spikes|p2a: Forretress
|-sidestart|p2: SSBM Nicki|Spikes
|
|upkeep
|turn|7
|c|☆SSBM Nicki|omg omfuga my goat
|
|t:|1727978412
|move|p1a: Skarmory|Spikes|p2a: Forretress
|-sidestart|p2: SSBM Nicki|Spikes
|move|p2a: Forretress|Rapid Spin|p1a: Skarmory
|-resisted|p1a: Skarmory
|-damage|p1a: Skarmory|99/100
|-sideend|p2: SSBM Nicki|Spikes|[from] move: Rapid Spin|[of] p2a: Forretress
|
|-heal|p1a: Skarmory|100/100|[from] item: Leftovers
|upkeep
|turn|8
|
|t:|1727978416
|move|p1a: Skarmory|Spikes|p2a: Forretress
|-sidestart|p2: SSBM Nicki|Spikes
|move|p2a: Forretress|Spikes|p1a: Skarmory
|-sidestart|p1: DMONDThrice|Spikes
|
|upkeep
|turn|9
|
|t:|1727978419
|switch|p1a: Zapdos|Zapdos|100/100
|move|p2a: Forretress|Rapid Spin|p1a: Zapdos
|-damage|p1a: Zapdos|95/100
|-sideend|p2: SSBM Nicki|Spikes|[from] move: Rapid Spin|[of] p2a: Forretress
|
|-heal|p1a: Zapdos|100/100|[from] item: Leftovers
|upkeep
|turn|10
|
|t:|1727978429
|switch|p2a: Blissey|Blissey, F|100/100
|move|p1a: Zapdos|Substitute|p1a: Zapdos
|-start|p1a: Zapdos|Substitute
|-damage|p1a: Zapdos|76/100
|
|-heal|p1a: Zapdos|82/100|[from] item: Leftovers
|upkeep
|turn|11
|
|t:|1727978452
|move|p1a: Zapdos|Baton Pass|p1a: Zapdos
|
|t:|1727978457
|switch|p1a: Celebi|Celebi|100/100|[from] Baton Pass
|-damage|p1a: Celebi|88/100|[from] Spikes
|move|p2a: Blissey|Thunderbolt|p1a: Celebi
|-resisted|p1a: Celebi
|-activate|p1a: Celebi|Substitute|[damage]
|
|-heal|p1a: Celebi|94/100|[from] item: Leftovers
|upkeep
|turn|12
|
|t:|1727978467
|move|p1a: Celebi|Leech Seed|p2a: Blissey
|-start|p2a: Blissey|move: Leech Seed
|move|p2a: Blissey|Ice Beam|p1a: Celebi
|-supereffective|p1a: Celebi
|-end|p1a: Celebi|Substitute
|
|-heal|p1a: Celebi|100/100|[from] item: Leftovers
|-damage|p2a: Blissey|88/100|[from] Leech Seed|[of] p1a: Celebi
|upkeep
|turn|13
|
|t:|1727978474
|switch|p2a: Zapdos|Zapdos|92/100
|move|p1a: Celebi|Baton Pass|p1a: Celebi
|
|t:|1727978482
|switch|p1a: Zapdos|Zapdos|82/100|[from] Baton Pass
|
|-heal|p1a: Zapdos|88/100|[from] item: Leftovers
|-heal|p2a: Zapdos|98/100|[from] item: Leftovers
|upkeep
|turn|14
|
|t:|1727978490
|move|p1a: Zapdos|Thunderbolt|p2a: Zapdos
|-damage|p2a: Zapdos|65/100
|move|p2a: Zapdos|Thunderbolt|p1a: Zapdos
|-damage|p1a: Zapdos|41/100
|
|-heal|p1a: Zapdos|47/100|[from] item: Leftovers
|-heal|p2a: Zapdos|71/100|[from] item: Leftovers
|upkeep
|turn|15
|inactive|DMONDThrice has 270 seconds left.
|
|t:|1727978521
|switch|p1a: Celebi|Celebi|100/100
|-damage|p1a: Celebi|88/100|[from] Spikes
|move|p2a: Zapdos|Roar|p1a: Celebi
|drag|p1a: Zapdos|Zapdos|47/100
|
|-heal|p1a: Zapdos|53/100|[from] item: Leftovers
|-heal|p2a: Zapdos|77/100|[from] item: Leftovers
|upkeep
|turn|16
|inactive|DMONDThrice has 270 seconds left.
|
|t:|1727978533
|move|p1a: Zapdos|Thunderbolt|p2a: Zapdos
|-damage|p2a: Zapdos|42/100
|-status|p2a: Zapdos|par
|cant|p2a: Zapdos|par
|
|-heal|p1a: Zapdos|59/100|[from] item: Leftovers
|-heal|p2a: Zapdos|49/100 par|[from] item: Leftovers
|upkeep
|turn|17
|c|☆DMONDThrice|oof
|inactive|DMONDThrice has 270 seconds left.
|
|t:|1727978546
|move|p1a: Zapdos|Thunderbolt|p2a: Zapdos
|-damage|p2a: Zapdos|17/100 par
|move|p2a: Zapdos|Rest|p2a: Zapdos
|-status|p2a: Zapdos|slp|[from] move: Rest
|-heal|p2a: Zapdos|100/100 slp|[silent]
|
|-heal|p1a: Zapdos|66/100|[from] item: Leftovers
|upkeep
|turn|18
|inactive|DMONDThrice has 270 seconds left.
|
|t:|1727978571
|move|p1a: Zapdos|Substitute|p1a: Zapdos
|-start|p1a: Zapdos|Substitute
|-damage|p1a: Zapdos|41/100
|cant|p2a: Zapdos|slp
|
|-heal|p1a: Zapdos|47/100|[from] item: Leftovers
|upkeep
|turn|19
|inactive|DMONDThrice has 270 seconds left.
|
|t:|1727978578
|move|p1a: Zapdos|Baton Pass|p1a: Zapdos
|inactive|DMONDThrice has 270 seconds left.
|
|t:|1727978584
|switch|p1a: Celebi|Celebi|88/100|[from] Baton Pass
|-damage|p1a: Celebi|76/100|[from] Spikes
|cant|p2a: Zapdos|slp
|
|-heal|p1a: Celebi|82/100|[from] item: Leftovers
|upkeep
|turn|20
|
|t:|1727978604
|move|p1a: Celebi|Leech Seed|p2a: Zapdos
|-start|p2a: Zapdos|move: Leech Seed
|-curestatus|p2a: Zapdos|slp|[msg]
|move|p2a: Zapdos|Roar|p1a: Celebi
|drag|p1a: Suicune|Suicune|84/100
|-damage|p1a: Suicune|71/100|[from] Spikes
|
|-damage|p2a: Zapdos|88/100|[from] Leech Seed|[of] p1a: Suicune
|-heal|p1a: Suicune|83/100|[silent]
|-heal|p1a: Suicune|89/100|[from] item: Leftovers
|upkeep
|turn|21
|inactive|DMONDThrice has 270 seconds left.
|inactive|SSBM Nicki has 270 seconds left.
|
|t:|1727978630
|switch|p2a: Forretress|Forretress, F|100/100
|switch|p1a: Celebi|Celebi|82/100
|-damage|p1a: Celebi|70/100|[from] Spikes
|
|-heal|p1a: Celebi|76/100|[from] item: Leftovers
|upkeep
|turn|22
|
|t:|1727978639
|move|p1a: Celebi|Leech Seed|p2a: Forretress
|-start|p2a: Forretress|move: Leech Seed
|move|p2a: Forretress|Spikes|p1a: Celebi
|-sidestart|p1: DMONDThrice|Spikes
|
|-heal|p1a: Celebi|82/100|[from] item: Leftovers
|-damage|p2a: Forretress|88/100|[from] Leech Seed|[of] p1a: Celebi
|-heal|p1a: Celebi|93/100|[silent]
|upkeep
|turn|23
|
|t:|1727978643
|move|p1a: Celebi|Baton Pass|p1a: Celebi
|
|t:|1727978651
|switch|p1a: Skarmory|Skarmory, M|100/100|[from] Baton Pass
|move|p2a: Forretress|Hidden Power|p1a: Skarmory
|-resisted|p1a: Skarmory
|-damage|p1a: Skarmory|97/100
|
|-heal|p1a: Skarmory|100/100|[from] item: Leftovers
|-heal|p2a: Forretress|94/100|[from] item: Leftovers
|-damage|p2a: Forretress|82/100|[from] Leech Seed|[of] p1a: Skarmory
|upkeep
|turn|24
|
|t:|1727978665
|switch|p2a: Zapdos|Zapdos|88/100
|move|p1a: Skarmory|Drill Peck|p2a: Zapdos
|-resisted|p2a: Zapdos
|-damage|p2a: Zapdos|76/100
|
|-heal|p2a: Zapdos|83/100|[from] item: Leftovers
|upkeep
|turn|25
|
|t:|1727978693
|switch|p2a: Forretress|Forretress, F|82/100
|switch|p1a: Celebi|Celebi|93/100
|-damage|p1a: Celebi|76/100|[from] Spikes
|
|-heal|p1a: Celebi|82/100|[from] item: Leftovers
|-heal|p2a: Forretress|88/100|[from] item: Leftovers
|upkeep
|turn|26
|
|t:|1727978698
|move|p1a: Celebi|Baton Pass|p1a: Celebi
|
|t:|1727978701
|switch|p1a: Skarmory|Skarmory, M|100/100|[from] Baton Pass
|move|p2a: Forretress|Spikes|p1a: Skarmory
|-sidestart|p1: DMONDThrice|Spikes
|
|-heal|p2a: Forretress|94/100|[from] item: Leftovers
|upkeep
|turn|27
|
|t:|1727978712
|switch|p2a: Zapdos|Zapdos|83/100
|move|p1a: Skarmory|Spikes|p2a: Zapdos
|-sidestart|p2: SSBM Nicki|Spikes
|
|-heal|p2a: Zapdos|89/100|[from] item: Leftovers
|upkeep
|turn|28
|
|t:|1727978723
|switch|p1a: Metagross|Metagross|100/100
|-damage|p1a: Metagross|75/100|[from] Spikes
|move|p2a: Zapdos|Roar|p1a: Metagross
|drag|p1a: Suicune|Suicune|89/100
|-damage|p1a: Suicune|64/100|[from] Spikes
|
|-heal|p2a: Zapdos|95/100|[from] item: Leftovers
|-heal|p1a: Suicune|71/100|[from] item: Leftovers
|upkeep
|turn|29
|
|t:|1727978732
|switch|p1a: Celebi|Celebi|82/100
|-damage|p1a: Celebi|57/100|[from] Spikes
|move|p2a: Zapdos|Thunderbolt|p1a: Celebi
|-resisted|p1a: Celebi
|-damage|p1a: Celebi|42/100
|
|-heal|p1a: Celebi|48/100|[from] item: Leftovers
|-heal|p2a: Zapdos|100/100|[from] item: Leftovers
|upkeep
|turn|30
|
|t:|1727978745
|switch|p2a: Forretress|Forretress, F|94/100
|-damage|p2a: Forretress|82/100|[from] Spikes
|move|p1a: Celebi|Leech Seed|p2a: Forretress
|-start|p2a: Forretress|move: Leech Seed
|
|-heal|p1a: Celebi|54/100|[from] item: Leftovers
|-heal|p2a: Forretress|88/100|[from] item: Leftovers
|-damage|p2a: Forretress|76/100|[from] Leech Seed|[of] p1a: Celebi
|-heal|p1a: Celebi|65/100|[silent]
|upkeep
|turn|31
|
|t:|1727978752
|move|p1a: Celebi|Baton Pass|p1a: Celebi
|
|t:|1727978755
|switch|p1a: Zapdos|Zapdos|47/100|[from] Baton Pass
|move|p2a: Forretress|Rapid Spin|p1a: Zapdos
|-damage|p1a: Zapdos|42/100
|-end|p2a: Forretress|Leech Seed|[from] move: Rapid Spin|[of] p2a: Forretress
|-sideend|p2: SSBM Nicki|Spikes|[from] move: Rapid Spin|[of] p2a: Forretress
|
|-heal|p1a: Zapdos|48/100|[from] item: Leftovers
|-heal|p2a: Forretress|82/100|[from] item: Leftovers
|upkeep
|turn|32
|
|t:|1727978766
|switch|p2a: Zapdos|Zapdos|100/100
|move|p1a: Zapdos|Baton Pass|p1a: Zapdos
|
|t:|1727978776
|switch|p1a: Metagross|Metagross|75/100|[from] Baton Pass
|-damage|p1a: Metagross|50/100|[from] Spikes
|
|-heal|p1a: Metagross|57/100|[from] item: Leftovers
|upkeep
|turn|33
|inactive|SSBM Nicki has 270 seconds left.
|
|t:|1727978816
|switch|p2a: Forretress|Forretress, F|82/100
|move|p1a: Metagross|Explosion|p2a: Forretress
|-resisted|p2a: Forretress
|-damage|p2a: Forretress|25/100
|faint|p1a: Metagross
|
|t:|1727978819
|switch|p1a: Dugtrio|Dugtrio, M|100/100
|-damage|p1a: Dugtrio|76/100|[from] Spikes
|
|-heal|p2a: Forretress|31/100|[from] item: Leftovers
|upkeep
|turn|34
|inactive|SSBM Nicki has 270 seconds left.
|
|t:|1727978839
|move|p1a: Dugtrio|Earthquake|p2a: Forretress
|-damage|p2a: Forretress|0 fnt
|faint|p2a: Forretress
|inactive|SSBM Nicki has 270 seconds left.
|
|t:|1727978856
|switch|p2a: Aerodactyl|Aerodactyl, F|100/100
|
|upkeep
|turn|35
|
|t:|1727978871
|switch|p1a: Skarmory|Skarmory, M|100/100
|move|p2a: Aerodactyl|Rock Slide|p1a: Skarmory
|-damage|p1a: Skarmory|57/100
|
|-heal|p1a: Skarmory|63/100|[from] item: Leftovers
|upkeep
|turn|36
|inactive|SSBM Nicki has 270 seconds left.
|
|t:|1727978910
|switch|p2a: Blissey|Blissey, F|88/100
|move|p1a: Skarmory|Toxic|p2a: Blissey
|-status|p2a: Blissey|tox
|
|-heal|p1a: Skarmory|69/100|[from] item: Leftovers
|-heal|p2a: Blissey|94/100 tox|[from] item: Leftovers
|-damage|p2a: Blissey|88/100 tox|[from] psn
|upkeep
|turn|37
|
|t:|1727978931
|switch|p1a: Celebi|Celebi|65/100
|-damage|p1a: Celebi|40/100|[from] Spikes
|move|p2a: Blissey|Ice Beam|p1a: Celebi
|-supereffective|p1a: Celebi
|-damage|p1a: Celebi|0 fnt
|faint|p1a: Celebi
|inactive|DMONDThrice has 270 seconds left.
|
|t:|1727978954
|switch|p1a: Dugtrio|Dugtrio, M|76/100
|-damage|p1a: Dugtrio|51/100|[from] Spikes
|
|-heal|p2a: Blissey|94/100 tox|[from] item: Leftovers
|-damage|p2a: Blissey|82/100 tox|[from] psn
|upkeep
|turn|38
|
|t:|1727978961
|move|p1a: Dugtrio|Earthquake|p2a: Blissey
|-damage|p2a: Blissey|27/100 tox
|move|p2a: Blissey|Ice Beam|p1a: Dugtrio
|-supereffective|p1a: Dugtrio
|-damage|p1a: Dugtrio|0 fnt
|faint|p1a: Dugtrio
|
|t:|1727978969
|switch|p1a: Zapdos|Zapdos|48/100
|
|-heal|p1a: Zapdos|54/100|[from] item: Leftovers
|-heal|p2a: Blissey|33/100 tox|[from] item: Leftovers
|-damage|p2a: Blissey|15/100 tox|[from] psn
|upkeep
|turn|39
|inactive|DMONDThrice has 270 seconds left.
|inactive|SSBM Nicki has 270 seconds left.
|
|t:|1727978980
|move|p1a: Zapdos|Substitute|p1a: Zapdos
|-start|p1a: Zapdos|Substitute
|-damage|p1a: Zapdos|29/100
|move|p2a: Blissey|Ice Beam|p1a: Zapdos
|-supereffective|p1a: Zapdos
|-end|p1a: Zapdos|Substitute
|
|-heal|p1a: Zapdos|36/100|[from] item: Leftovers
|-heal|p2a: Blissey|21/100 tox|[from] item: Leftovers
|-damage|p2a: Blissey|0 fnt|[from] psn
|faint|p2a: Blissey
|upkeep
|inactive|SSBM Nicki has 270 seconds left.
|
|t:|1727978987
|switch|p2a: Zapdos|Zapdos|100/100
|turn|40
|
|t:|1727978992
|move|p1a: Zapdos|Thunderbolt|p2a: Zapdos
|-damage|p2a: Zapdos|70/100
|move|p2a: Zapdos|Thunderbolt|p1a: Zapdos
|-damage|p1a: Zapdos|0 fnt
|faint|p1a: Zapdos
|
|t:|1727978999
|switch|p1a: Suicune|Suicune|71/100
|-damage|p1a: Suicune|46/100|[from] Spikes
|
|-heal|p2a: Zapdos|76/100|[from] item: Leftovers
|-heal|p1a: Suicune|52/100|[from] item: Leftovers
|upkeep
|turn|41
|
|t:|1727979003
|move|p2a: Zapdos|Thunderbolt|p1a: Suicune
|-supereffective|p1a: Suicune
|-damage|p1a: Suicune|0 fnt
|faint|p1a: Suicune
|c|☆DMONDThrice|gg
|
|t:|1727979008
|switch|p1a: Skarmory|Skarmory, M|69/100
|
|-heal|p2a: Zapdos|82/100|[from] item: Leftovers
|-heal|p1a: Skarmory|75/100|[from] item: Leftovers
|upkeep
|turn|42
|c|☆SSBM Nicki|gg
|
|t:|1727979012
|move|p2a: Zapdos|Thunderbolt|p1a: Skarmory
|-supereffective|p1a: Skarmory
|-damage|p1a: Skarmory|3/100
|move|p1a: Skarmory|Toxic|p2a: Zapdos
|-status|p2a: Zapdos|tox
|
|-heal|p2a: Zapdos|89/100 tox|[from] item: Leftovers
|-damage|p2a: Zapdos|82/100 tox|[from] psn
|-heal|p1a: Skarmory|9/100|[from] item: Leftovers
|upkeep
|turn|43
|
|t:|1727979022
|move|p2a: Zapdos|Thunderbolt|p1a: Skarmory
|-supereffective|p1a: Skarmory
|-damage|p1a: Skarmory|0 fnt
|faint|p1a: Skarmory
|
|win|SSBM Nicki

</script>
<script type="application/json" class="data" id="replaydata-smogtours-gen3ou-794280">
{"id":"smogtours-gen3ou-794280","format":"[Gen 3] OU","players":["DMONDThrice","SSBM Nicki"],"uploadtime":1727979022,"views":173,"formatid":"gen3ou","rating":null,"private":0,"password":null}
</script>

<script defer src="js/replays.js?9d40a366"></script>
